{"ticker": "HIG", "price": {"title": "Hartford Financial Services Historical Annual Stock Price Data", "value": 50.36, "historical": {"2021": {"Average Stock Price": "50.2682", "Year Open": "48.2900", "Year High": "52.6600", "Year Low": "47.9700", "Year Close": "50.3600", "Annual % Change": "2.82%"}, "2020": {"Average Stock Price": "43.2533", "Year Open": "60.9500", "Year High": "61.2200", "Year Low": "26.2500", "Year Close": "48.9800", "Annual % Change": "-19.40%"}, "2019": {"Average Stock Price": "54.7950", "Year Open": "43.4200", "Year High": "62.5900", "Year Low": "42.8200", "Year Close": "60.7700", "Annual % Change": "36.72%"}, "2018": {"Average Stock Price": "50.8408", "Year Open": "55.2700", "Year High": "59.1100", "Year Low": "40.7600", "Year Close": "44.4500", "Annual % Change": "-21.02%"}, "2017": {"Average Stock Price": "52.0448", "Year Open": "47.7500", "Year High": "57.6500", "Year Low": "47.0500", "Year Close": "56.2800", "Annual % Change": "18.11%"}, "2016": {"Average Stock Price": "43.6052", "Year Open": "42.6900", "Year High": "48.5800", "Year Low": "37.6300", "Year Close": "47.6500", "Annual % Change": "9.64%"}, "2015": {"Average Stock Price": "43.7339", "Year Open": "41.7900", "Year High": "49.5300", "Year Low": "38.9000", "Year Close": "43.4600", "Annual % Change": "4.25%"}, "2014": {"Average Stock Price": "36.4579", "Year Open": "35.4000", "Year High": "42.2700", "Year Low": "32.1800", "Year Close": "41.6900", "Annual % Change": "15.07%"}, "2013": {"Average Stock Price": "29.8683", "Year Open": "23.7100", "Year High": "36.6200", "Year Low": "23.0500", "Year Close": "36.2300", "Annual % Change": "61.45%"}, "2012": {"Average Stock Price": "19.3448", "Year Open": "16.8100", "Year High": "22.8800", "Year Low": "15.9300", "Year Close": "22.4400", "Annual % Change": "38.09%"}, "2011": {"Average Stock Price": "23.0431", "Year Open": "27.7700", "Year High": "30.8000", "Year Low": "14.9200", "Year Close": "16.2500", "Annual % Change": "-38.66%"}, "2010": {"Average Stock Price": "24.6465", "Year Open": "23.8600", "Year High": "29.6400", "Year Low": "19.0900", "Year Close": "26.4900", "Annual % Change": "13.89%"}, "2009": {"Average Stock Price": "17.0244", "Year Open": "17.0900", "Year High": "29.2000", "Year Low": "3.6200", "Year Close": "23.2600", "Annual % Change": "41.66%"}, "2008": {"Average Stock Price": "56.0278", "Year Open": "84.9300", "Year High": "84.9300", "Year Low": "4.9500", "Year Close": "16.4200", "Annual % Change": "-81.17%"}, "2007": {"Average Stock Price": "95.1054", "Year Open": "93.8800", "Year High": "106.0200", "Year Low": "85.4400", "Year Close": "87.1900", "Annual % Change": "-6.56%"}, "2006": {"Average Stock Price": "85.6143", "Year Open": "88.0600", "Year High": "93.6100", "Year Low": "79.2400", "Year Close": "93.3100", "Annual % Change": "8.64%"}, "2005": {"Average Stock Price": "75.4134", "Year Open": "68.8000", "Year High": "89.0000", "Year Low": "65.5100", "Year Close": "85.8900", "Annual % Change": "23.92%"}, "2004": {"Average Stock Price": "63.7457", "Year Open": "58.9800", "Year High": "69.3100", "Year Low": "53.2900", "Year Close": "69.3100", "Annual % Change": "17.41%"}, "2003": {"Average Stock Price": "48.3432", "Year Open": "46.9300", "Year High": "59.0300", "Year Low": "32.3000", "Year Close": "59.0300", "Annual % Change": "29.94%"}, "2002": {"Average Stock Price": "56.2669", "Year Open": "62.5000", "Year High": "69.9700", "Year Low": "37.3800", "Year Close": "45.4300", "Annual % Change": "-27.69%"}, "2001": {"Average Stock Price": "62.0407", "Year Open": "67.1900", "Year High": "70.4600", "Year Low": "50.1000", "Year Close": "62.8300", "Annual % Change": "-11.04%"}, "2000": {"Average Stock Price": "57.0929", "Year Open": "45.2500", "Year High": "79.3100", "Year Low": "29.3800", "Year Close": "70.6300", "Annual % Change": "49.07%"}, "1999": {"Average Stock Price": "52.7560", "Year Open": "55.2500", "Year High": "65.0600", "Year Low": "37.3100", "Year Close": "47.3800", "Annual % Change": "-13.67%"}, "1998": {"Average Stock Price": "51.8682", "Year Open": "46.1550", "Year High": "59.5500", "Year Low": "38.1900", "Year Close": "54.8800", "Annual % Change": "17.32%"}, "1997": {"Average Stock Price": "40.0693", "Year Open": "32.8150", "Year High": "46.7800", "Year Low": "32.8150", "Year Close": "46.7800", "Annual % Change": "38.61%"}, "1996": {"Average Stock Price": "27.3763", "Year Open": "24.2500", "Year High": "34.7500", "Year Low": "22.7500", "Year Close": "33.7500", "Annual % Change": "39.52%"}}}, "market cap": {"value": "$18B"}, "income statement": {"Revenue": {"2020-12-31": "20523.00000", "2019-12-31": "20740.00000", "2018-12-31": "18955.00000", "2017-12-31": "17162.00000", "2016-12-31": "16291.00000", "2015-12-31": "15997.00000", "2014-12-31": "18614.00000", "2013-12-31": "20673.00000", "2012-12-31": "22086.00000", "2011-12-31": "21733.00000", "2010-12-31": "22049.00000", "2009-12-31": "24433.00000", "2008-12-31": "9219.00000", "2007-12-31": "25916.00000", "2006-12-31": "26500.00000", "2005-12-31": "27083.00000"}, "Cost Of Goods Sold": {"2020-12-31": "11805.00000", "2019-12-31": "11472.00000", "2018-12-31": "11165.00000", "2017-12-31": "10174.00000", "2016-12-31": "9961.00000", "2015-12-31": "9325.00000", "2014-12-31": "10805.00000", "2013-12-31": "11048.00000", "2012-12-31": "13195.00000", "2011-12-31": "13282.00000", "2010-12-31": "12251.00000", "2009-12-31": "17019.00000", "2008-12-31": "3748.00000", "2007-12-31": "14064.00000", "2006-12-31": "15042.00000", "2005-12-31": "16776.00000"}, "Gross Profit": {"2020-12-31": "8718.00000", "2019-12-31": "9268.00000", "2018-12-31": "7790.00000", "2017-12-31": "6988.00000", "2016-12-31": "6330.00000", "2015-12-31": "6672.00000", "2014-12-31": "7809.00000", "2013-12-31": "9625.00000", "2012-12-31": "8891.00000", "2011-12-31": "8451.00000", "2010-12-31": "9798.00000", "2009-12-31": "7414.00000", "2008-12-31": "5471.00000", "2007-12-31": "11852.00000", "2006-12-31": "11458.00000", "2005-12-31": "10307.00000"}, "Research And Development Expenses": {"2020-12-31": "", "2019-12-31": "", "2018-12-31": "", "2017-12-31": "", "2016-12-31": "", "2015-12-31": "", "2014-12-31": "", "2013-12-31": "", "2012-12-31": "", "2011-12-31": "", "2010-12-31": "", "2009-12-31": "", "2008-12-31": "", "2007-12-31": "", "2006-12-31": "", "2005-12-31": ""}, "SG&A Expenses": {"2020-12-31": "1706.00000", "2019-12-31": "1622.00000", "2018-12-31": "1384.00000", "2017-12-31": "1372.00000", "2016-12-31": "1377.00000", "2015-12-31": "1364.00000", "2014-12-31": "1729.00000", "2013-12-31": "1794.00000", "2012-12-31": "1990.00000", "2011-12-31": "2444.00000", "2010-12-31": "1692.00000", "2009-12-31": "4257.00000", "2008-12-31": "4271.00000", "2007-12-31": "2989.00000", "2006-12-31": "3558.00000", "2005-12-31": "3169.00000"}, "Other Operating Income Or Expenses": {"2020-12-31": "-4480.00000", "2019-12-31": "-4671.00000", "2018-12-31": "-4281.00000", "2017-12-31": "-4563.00000", "2016-12-31": "-3525.00000", "2015-12-31": "-3459.00000", "2014-12-31": "-4028.00000", "2013-12-31": "-4176.00000", "2012-12-31": "-5090.00000", "2011-12-31": "-5269.00000", "2010-12-31": "-5326.00000", "2009-12-31": "-4370.00000", "2008-12-31": "-4703.00000", "2007-12-31": "-4595.00000", "2006-12-31": "-4021.00000", "2005-12-31": "-3901.00000"}, "Operating Expenses": {"2020-12-31": "18063.00000", "2019-12-31": "17831.00000", "2018-12-31": "16898.00000", "2017-12-31": "16123.00000", "2016-12-31": "14867.00000", "2015-12-31": "14152.00000", "2014-12-31": "16562.00000", "2013-12-31": "17018.00000", "2012-12-31": "20275.00000", "2011-12-31": "21025.00000", "2010-12-31": "19269.00000", "2009-12-31": "25678.00000", "2008-12-31": "13467.00000", "2007-12-31": "21648.00000", "2006-12-31": "22621.00000", "2005-12-31": "23846.00000"}, "Operating Income": {"2020-12-31": "2460.00000", "2019-12-31": "2909.00000", "2018-12-31": "2057.00000", "2017-12-31": "1039.00000", "2016-12-31": "1424.00000", "2015-12-31": "1845.00000", "2014-12-31": "2052.00000", "2013-12-31": "3655.00000", "2012-12-31": "1811.00000", "2011-12-31": "708.00000", "2010-12-31": "2780.00000", "2009-12-31": "-1245.00000", "2008-12-31": "-4248.00000", "2007-12-31": "4268.00000", "2006-12-31": "3879.00000", "2005-12-31": "3237.00000"}, "Total Non-Operating Income/Expense": {"2020-12-31": "-340.00000", "2019-12-31": "-349.00000", "2018-12-31": "-304.00000", "2017-12-31": "-316.00000", "2016-12-31": "-977.00000", "2015-12-31": "-367.00000", "2014-12-31": "-353.00000", "2013-12-31": "-2184.00000", "2012-12-31": "-1900.00000", "2011-12-31": "-508.00000", "2010-12-31": "-508.00000", "2009-12-31": "-476.00000", "2008-12-31": "-343.00000", "2007-12-31": "-263.00000", "2006-12-31": "-277.00000", "2005-12-31": "-252.00000"}, "Pre-Tax Income": {"2020-12-31": "2120.00000", "2019-12-31": "2560.00000", "2018-12-31": "1753.00000", "2017-12-31": "723.00000", "2016-12-31": "447.00000", "2015-12-31": "1478.00000", "2014-12-31": "1699.00000", "2013-12-31": "1471.00000", "2012-12-31": "-89.00000", "2011-12-31": "200.00000", "2010-12-31": "2272.00000", "2009-12-31": "-1721.00000", "2008-12-31": "-4591.00000", "2007-12-31": "4005.00000", "2006-12-31": "3602.00000", "2005-12-31": "2985.00000"}, "Income Taxes": {"2020-12-31": "383.00000", "2019-12-31": "475.00000", "2018-12-31": "268.00000", "2017-12-31": "985.00000", "2016-12-31": "-166.00000", "2015-12-31": "289.00000", "2014-12-31": "350.00000", "2013-12-31": "246.00000", "2012-12-31": "-309.00000", "2011-12-31": "-373.00000", "2010-12-31": "572.00000", "2009-12-31": "-838.00000", "2008-12-31": "-1842.00000", "2007-12-31": "1056.00000", "2006-12-31": "857.00000", "2005-12-31": "711.00000"}, "Income After Taxes": {"2020-12-31": "1737.00000", "2019-12-31": "2085.00000", "2018-12-31": "1485.00000", "2017-12-31": "-262.00000", "2016-12-31": "613.00000", "2015-12-31": "1189.00000", "2014-12-31": "1349.00000", "2013-12-31": "1225.00000", "2012-12-31": "220.00000", "2011-12-31": "573.00000", "2010-12-31": "1700.00000", "2009-12-31": "-883.00000", "2008-12-31": "-2749.00000", "2007-12-31": "2949.00000", "2006-12-31": "2745.00000", "2005-12-31": "2274.00000"}, "Other Income": {"2020-12-31": "", "2019-12-31": "", "2018-12-31": "", "2017-12-31": "", "2016-12-31": "", "2015-12-31": "", "2014-12-31": "", "2013-12-31": "", "2012-12-31": "", "2011-12-31": "", "2010-12-31": "", "2009-12-31": "", "2008-12-31": "", "2007-12-31": "", "2006-12-31": "", "2005-12-31": ""}, "Income From Continuous Operations": {"2020-12-31": "1737.00000", "2019-12-31": "2085.00000", "2018-12-31": "1485.00000", "2017-12-31": "-262.00000", "2016-12-31": "613.00000", "2015-12-31": "1189.00000", "2014-12-31": "1349.00000", "2013-12-31": "1225.00000", "2012-12-31": "220.00000", "2011-12-31": "573.00000", "2010-12-31": "1700.00000", "2009-12-31": "-883.00000", "2008-12-31": "-2749.00000", "2007-12-31": "2949.00000", "2006-12-31": "2745.00000", "2005-12-31": "2274.00000"}, "Income From Discontinued Operations": {"2020-12-31": "", "2019-12-31": "0.00000", "2018-12-31": "322.00000", "2017-12-31": "-2869.00000", "2016-12-31": "283.00000", "2015-12-31": "493.00000", "2014-12-31": "-551.00000", "2013-12-31": "-1049.00000", "2012-12-31": "-258.00000", "2011-12-31": "139.00000", "2010-12-31": "-64.00000", "2009-12-31": "-4.00000", "2008-12-31": "", "2007-12-31": "", "2006-12-31": "", "2005-12-31": ""}, "Net Income": {"2020-12-31": "1716.00000", "2019-12-31": "2064.00000", "2018-12-31": "1801.00000", "2017-12-31": "-3131.00000", "2016-12-31": "896.00000", "2015-12-31": "1682.00000", "2014-12-31": "798.00000", "2013-12-31": "166.00000", "2012-12-31": "-80.00000", "2011-12-31": "670.00000", "2010-12-31": "1121.00000", "2009-12-31": "-1014.00000", "2008-12-31": "-2757.00000", "2007-12-31": "2949.00000", "2006-12-31": "2745.00000", "2005-12-31": "2274.00000"}, "EBITDA": {"2020-12-31": "2460.00000", "2019-12-31": "3347.00000", "2018-12-31": "2562.00000", "2017-12-31": "1472.00000", "2016-12-31": "1955.00000", "2015-12-31": "2330.00000", "2014-12-31": "2693.00000", "2013-12-31": "5215.00000", "2012-12-31": "4266.00000", "2011-12-31": "2154.00000", "2010-12-31": "3509.00000", "2009-12-31": "671.00000", "2008-12-31": "-2546.00000", "2007-12-31": "3857.00000", "2006-12-31": "3951.00000", "2005-12-31": "2836.00000"}, "EBIT": {"2020-12-31": "2460.00000", "2019-12-31": "2909.00000", "2018-12-31": "2057.00000", "2017-12-31": "1039.00000", "2016-12-31": "1424.00000", "2015-12-31": "1845.00000", "2014-12-31": "2052.00000", "2013-12-31": "3655.00000", "2012-12-31": "1811.00000", "2011-12-31": "708.00000", "2010-12-31": "2780.00000", "2009-12-31": "-1245.00000", "2008-12-31": "-4248.00000", "2007-12-31": "4268.00000", "2006-12-31": "3879.00000", "2005-12-31": "3237.00000"}, "Basic Shares Outstanding": {"2020-12-31": "358.30000", "2019-12-31": "360.90000", "2018-12-31": "358.40000", "2017-12-31": "363.70000", "2016-12-31": "387.70000", "2015-12-31": "415.50000", "2014-12-31": "441.80000", "2013-12-31": "447.70000", "2012-12-31": "437.70000", "2011-12-31": "445.00000", "2010-12-31": "431.50000", "2009-12-31": "346.30000", "2008-12-31": "306.70000", "2007-12-31": "316.30000", "2006-12-31": "308.80000", "2005-12-31": "298.00000"}, "Shares Outstanding": {"2020-12-31": "360.60000", "2019-12-31": "364.90000", "2018-12-31": "364.10000", "2017-12-31": "363.70000", "2016-12-31": "394.80000", "2015-12-31": "425.20000", "2014-12-31": "460.20000", "2013-12-31": "490.60000", "2012-12-31": "465.90000", "2011-12-31": "478.00000", "2010-12-31": "481.50000", "2009-12-31": "346.30000", "2008-12-31": "306.70000", "2007-12-31": "319.10000", "2006-12-31": "315.90000", "2005-12-31": "305.60000"}, "Basic EPS": {"2020-12-31": "4.79000", "2019-12-31": "5.72000", "2018-12-31": "5.03000", "2017-12-31": "-8.61000", "2016-12-31": "2.31000", "2015-12-31": "4.05000", "2014-12-31": "1.81000", "2013-12-31": "0.37000", "2012-12-31": "-0.18000", "2011-12-31": "1.51000", "2010-12-31": "2.60000", "2009-12-31": "-2.93000", "2008-12-31": "-8.99000", "2007-12-31": "9.32000", "2006-12-31": "8.89000", "2005-12-31": "7.63000"}, "EPS - Earnings Per Share": {"2020-12-31": "4.76000", "2019-12-31": "5.66000", "2018-12-31": "4.95000", "2017-12-31": "-8.61000", "2016-12-31": "2.27000", "2015-12-31": "3.96000", "2014-12-31": "1.73000", "2013-12-31": "0.36000", "2012-12-31": "-0.18000", "2011-12-31": "1.40000", "2010-12-31": "2.40000", "2009-12-31": "-2.93000", "2008-12-31": "-8.99000", "2007-12-31": "9.24000", "2006-12-31": "8.69000", "2005-12-31": "7.44000"}}, "income statement, quarterly": {"Revenue": {"2020-12-31": "5328.00000", "2020-09-30": "5171.00000", "2020-06-30": "5068.00000", "2020-03-31": "4956.00000", "2019-12-31": "5361.00000", "2019-09-30": "5347.00000", "2019-06-30": "5092.00000", "2019-03-31": "4940.00000", "2018-12-31": "4633.00000", "2018-09-30": "4842.00000", "2018-06-30": "4789.00000", "2018-03-31": "4691.00000", "2017-12-31": "4587.00000", "2017-09-30": "4192.00000", "2017-06-30": "4214.00000", "2017-03-31": "4169.00000", "2016-12-31": "2470.00000", "2016-09-30": "4715.00000", "2016-06-30": "4696.00000", "2016-03-31": "4410.00000", "2015-12-31": "2133.00000", "2015-09-30": "4562.00000", "2015-06-30": "4685.00000", "2015-03-31": "4617.00000", "2014-12-31": "4617.00000", "2014-09-30": "4769.00000", "2014-06-30": "4616.00000", "2014-03-31": "4612.00000", "2013-12-31": "2053.00000", "2013-09-30": "4862.00000", "2013-06-30": "4734.00000", "2013-03-31": "9024.00000", "2012-12-31": "3528.00000", "2012-09-30": "6332.00000", "2012-06-30": "4565.00000", "2012-03-31": "7661.00000", "2011-12-31": "5512.00000", "2011-09-30": "4520.00000", "2011-06-30": "5401.00000", "2011-03-31": "6300.00000", "2010-12-31": "5925.00000", "2010-09-30": "6602.00000", "2010-06-30": "3265.00000", "2010-03-31": "6257.00000", "2009-12-31": "6172.00000", "2009-09-30": "5230.00000", "2009-06-30": "7637.00000", "2009-03-31": "5394.00000", "2008-12-31": "565.00000", "2008-09-30": "-393.00000", "2008-06-30": "7503.00000", "2008-03-31": "1544.00000", "2007-12-31": "5674.00000", "2007-09-30": "5823.00000", "2007-06-30": "7660.00000", "2007-03-31": "6759.00000", "2006-12-31": "7579.00000", "2006-09-30": "7407.00000", "2006-06-30": "4971.00000", "2006-03-31": "6543.00000", "2005-12-31": "7710.00000", "2005-09-30": "7307.00000", "2005-06-30": "6064.00000", "2005-03-31": "6002.00000"}, "Cost Of Goods Sold": {"2020-12-31": "3080.00000", "2020-09-30": "2962.00000", "2020-06-30": "2847.00000", "2020-03-31": "2916.00000", "2019-12-31": "2939.00000", "2019-09-30": "2914.00000", "2019-06-30": "2934.00000", "2019-03-31": "2685.00000", "2018-12-31": "2946.00000", "2018-09-30": "2786.00000", "2018-06-30": "2738.00000", "2018-03-31": "2695.00000", "2017-12-31": "2692.00000", "2017-09-30": "2638.00000", "2017-06-30": "2420.00000", "2017-03-31": "2424.00000", "2016-12-31": "1398.00000", "2016-09-30": "2780.00000", "2016-06-30": "3142.00000", "2016-03-31": "2641.00000", "2015-12-31": "1240.00000", "2015-09-30": "2710.00000", "2015-06-30": "2812.00000", "2015-03-31": "2563.00000", "2014-12-31": "2582.00000", "2014-09-30": "2624.00000", "2014-06-30": "3023.00000", "2014-03-31": "2576.00000", "2013-12-31": "136.00000", "2013-09-30": "2764.00000", "2013-06-30": "2922.00000", "2013-03-31": "5226.00000", "2012-12-31": "1429.00000", "2012-09-30": "3905.00000", "2012-06-30": "1959.00000", "2012-03-31": "5902.00000", "2011-12-31": "3805.00000", "2011-09-30": "2117.00000", "2011-06-30": "3379.00000", "2011-03-31": "3981.00000", "2010-12-31": "3394.00000", "2010-09-30": "4080.00000", "2010-06-30": "943.00000", "2010-03-31": "3834.00000", "2009-12-31": "3783.00000", "2009-09-30": "3708.00000", "2009-06-30": "5615.00000", "2009-03-31": "3913.00000", "2008-12-31": "-1349.00000", "2008-09-30": "579.00000", "2008-06-30": "4739.00000", "2008-03-31": "-221.00000", "2007-12-31": "2775.00000", "2007-09-30": "2968.00000", "2007-06-30": "4778.00000", "2007-03-31": "3543.00000", "2006-12-31": "4301.00000", "2006-09-30": "4491.00000", "2006-06-30": "2471.00000", "2006-03-31": "3779.00000", "2005-12-31": "5206.00000", "2005-09-30": "4769.00000", "2005-06-30": "3446.00000", "2005-03-31": "3355.00000"}, "Gross Profit": {"2020-12-31": "2248.00000", "2020-09-30": "2209.00000", "2020-06-30": "2221.00000", "2020-03-31": "2040.00000", "2019-12-31": "2422.00000", "2019-09-30": "2433.00000", "2019-06-30": "2158.00000", "2019-03-31": "2255.00000", "2018-12-31": "1687.00000", "2018-09-30": "2056.00000", "2018-06-30": "2051.00000", "2018-03-31": "1996.00000", "2017-12-31": "1895.00000", "2017-09-30": "1554.00000", "2017-06-30": "1794.00000", "2017-03-31": "1745.00000", "2016-12-31": "1072.00000", "2016-09-30": "1935.00000", "2016-06-30": "1554.00000", "2016-03-31": "1769.00000", "2015-12-31": "893.00000", "2015-09-30": "1852.00000", "2015-06-30": "1873.00000", "2015-03-31": "2054.00000", "2014-12-31": "2035.00000", "2014-09-30": "2145.00000", "2014-06-30": "1593.00000", "2014-03-31": "2036.00000", "2013-12-31": "1917.00000", "2013-09-30": "2098.00000", "2013-06-30": "1812.00000", "2013-03-31": "3798.00000", "2012-12-31": "2099.00000", "2012-09-30": "2427.00000", "2012-06-30": "2606.00000", "2012-03-31": "1759.00000", "2011-12-31": "1707.00000", "2011-09-30": "2403.00000", "2011-06-30": "2022.00000", "2011-03-31": "2319.00000", "2010-12-31": "2531.00000", "2010-09-30": "2522.00000", "2010-06-30": "2322.00000", "2010-03-31": "2423.00000", "2009-12-31": "2389.00000", "2009-09-30": "1522.00000", "2009-06-30": "2022.00000", "2009-03-31": "1481.00000", "2008-12-31": "1914.00000", "2008-09-30": "-972.00000", "2008-06-30": "2764.00000", "2008-03-31": "1765.00000", "2007-12-31": "2899.00000", "2007-09-30": "2855.00000", "2007-06-30": "2882.00000", "2007-03-31": "3216.00000", "2006-12-31": "3278.00000", "2006-09-30": "2916.00000", "2006-06-30": "2500.00000", "2006-03-31": "2764.00000", "2005-12-31": "2504.00000", "2005-09-30": "2538.00000", "2005-06-30": "2618.00000", "2005-03-31": "2647.00000"}, "Research And Development Expenses": {"2020-12-31": "", "2020-09-30": "", "2020-06-30": "", "2020-03-31": "", "2019-12-31": "", "2019-09-30": "", "2019-06-30": "", "2019-03-31": "", "2018-12-31": "", "2018-09-30": "", "2018-06-30": "", "2018-03-31": "", "2017-12-31": "", "2017-09-30": "", "2017-06-30": "", "2017-03-31": "", "2016-12-31": "", "2016-09-30": "", "2016-06-30": "", "2016-03-31": "", "2015-12-31": "", "2015-09-30": "", "2015-06-30": "", "2015-03-31": "", "2014-12-31": "", "2014-09-30": "", "2014-06-30": "", "2014-03-31": "", "2013-12-31": "", "2013-09-30": "", "2013-06-30": "", "2013-03-31": "", "2012-12-31": "", "2012-09-30": "", "2012-06-30": "", "2012-03-31": "", "2011-12-31": "", "2011-09-30": "", "2011-06-30": "", "2011-03-31": "", "2010-12-31": "", "2010-09-30": "", "2010-06-30": "", "2010-03-31": "", "2009-12-31": "", "2009-09-30": "", "2009-06-30": "", "2009-03-31": "", "2008-12-31": "", "2008-09-30": "", "2008-06-30": "", "2008-03-31": "", "2007-12-31": "", "2007-09-30": "", "2007-06-30": "", "2007-03-31": "", "2006-12-31": "", "2006-09-30": "", "2006-06-30": "", "2006-03-31": "", "2005-12-31": "", "2005-09-30": "", "2005-06-30": "", "2005-03-31": ""}, "SG&A Expenses": {"2020-12-31": "419.00000", "2020-09-30": "421.00000", "2020-06-30": "429.00000", "2020-03-31": "437.00000", "2019-12-31": "438.00000", "2019-09-30": "437.00000", "2019-06-30": "392.00000", "2019-03-31": "355.00000", "2018-12-31": "350.00000", "2018-09-30": "348.00000", "2018-06-30": "344.00000", "2018-03-31": "342.00000", "2017-12-31": "342.00000", "2017-09-30": "341.00000", "2017-06-30": "345.00000", "2017-03-31": "344.00000", "2016-12-31": "232.00000", "2016-09-30": "403.00000", "2016-06-30": "368.00000", "2016-03-31": "374.00000", "2015-12-31": "152.00000", "2015-09-30": "434.00000", "2015-06-30": "391.00000", "2015-03-31": "387.00000", "2014-12-31": "381.00000", "2014-09-30": "580.00000", "2014-06-30": "372.00000", "2014-03-31": "396.00000", "2013-12-31": "-527.00000", "2013-09-30": "594.00000", "2013-06-30": "391.00000", "2013-03-31": "1336.00000", "2012-12-31": "549.00000", "2012-09-30": "566.00000", "2012-06-30": "554.00000", "2012-03-31": "321.00000", "2011-12-31": "397.00000", "2011-09-30": "1005.00000", "2011-06-30": "592.00000", "2011-03-31": "450.00000", "2010-12-31": "-321.00000", "2010-09-30": "431.00000", "2010-06-30": "935.00000", "2010-03-31": "647.00000", "2009-12-31": "637.00000", "2009-09-30": "687.00000", "2009-06-30": "674.00000", "2009-03-31": "2259.00000", "2008-12-31": "1070.00000", "2008-09-30": "1927.00000", "2008-06-30": "806.00000", "2008-03-31": "468.00000", "2007-12-31": "804.00000", "2007-09-30": "476.00000", "2007-06-30": "837.00000", "2007-03-31": "872.00000", "2006-12-31": "1073.00000", "2006-09-30": "839.00000", "2006-06-30": "829.00000", "2006-03-31": "817.00000", "2005-12-31": "792.00000", "2005-09-30": "821.00000", "2005-06-30": "773.00000", "2005-03-31": "783.00000"}, "Other Operating Income Or Expenses": {"2020-12-31": "-1086.00000", "2020-09-30": "-1093.00000", "2020-06-30": "-1125.00000", "2020-03-31": "-1176.00000", "2019-12-31": "-1224.00000", "2019-09-30": "-1167.00000", "2019-06-30": "-1232.00000", "2019-03-31": "-1048.00000", "2018-12-31": "-1086.00000", "2018-09-30": "-1091.00000", "2018-06-30": "-1067.00000", "2018-03-31": "-1037.00000", "2017-12-31": "-1042.00000", "2017-09-30": "-952.00000", "2017-06-30": "-1650.00000", "2017-03-31": "-919.00000", "2016-12-31": "-748.00000", "2016-09-30": "-918.00000", "2016-06-30": "-931.00000", "2016-03-31": "-928.00000", "2015-12-31": "-630.00000", "2015-09-30": "-971.00000", "2015-06-30": "-910.00000", "2015-03-31": "-948.00000", "2014-12-31": "-1139.00000", "2014-09-30": "-976.00000", "2014-06-30": "-977.00000", "2014-03-31": "-936.00000", "2013-12-31": "-1123.00000", "2013-09-30": "-964.00000", "2013-06-30": "-1084.00000", "2013-03-31": "-1005.00000", "2012-12-31": "-1210.00000", "2012-09-30": "-1267.00000", "2012-06-30": "-1301.00000", "2012-03-31": "-1312.00000", "2011-12-31": "-1176.00000", "2011-09-30": "-1287.00000", "2011-06-30": "-1452.00000", "2011-03-31": "-1354.00000", "2010-12-31": "-2048.00000", "2010-09-30": "-1046.00000", "2010-06-30": "-1111.00000", "2010-03-31": "-1121.00000", "2009-12-31": "-898.00000", "2009-09-30": "-1174.00000", "2009-06-30": "-1211.00000", "2009-03-31": "-1087.00000", "2008-12-31": "-1135.00000", "2008-09-30": "-1200.00000", "2008-06-30": "-1229.00000", "2008-03-31": "-1139.00000", "2007-12-31": "-1247.00000", "2007-09-30": "-1137.00000", "2007-06-30": "-1142.00000", "2007-03-31": "-1069.00000", "2006-12-31": "-1133.00000", "2006-09-30": "-996.00000", "2006-06-30": "-995.00000", "2006-03-31": "-897.00000", "2005-12-31": "-1101.00000", "2005-09-30": "-959.00000", "2005-06-30": "-954.00000", "2005-03-31": "-887.00000"}, "Operating Expenses": {"2020-12-31": "4602.00000", "2020-09-30": "4494.00000", "2020-06-30": "4419.00000", "2020-03-31": "4548.00000", "2019-12-31": "4620.00000", "2019-09-30": "4537.00000", "2019-06-30": "4573.00000", "2019-03-31": "4101.00000", "2018-12-31": "4396.00000", "2018-09-30": "4243.00000", "2018-06-30": "4167.00000", "2018-03-31": "4092.00000", "2017-12-31": "4087.00000", "2017-09-30": "3932.00000", "2017-06-30": "4416.00000", "2017-03-31": "3688.00000", "2016-12-31": "2382.00000", "2016-09-30": "4101.00000", "2016-06-30": "4441.00000", "2016-03-31": "3943.00000", "2015-12-31": "2026.00000", "2015-09-30": "4115.00000", "2015-06-30": "4113.00000", "2015-03-31": "3898.00000", "2014-12-31": "4102.00000", "2014-09-30": "4180.00000", "2014-06-30": "4372.00000", "2014-03-31": "3908.00000", "2013-12-31": "732.00000", "2013-09-30": "4322.00000", "2013-06-30": "4397.00000", "2013-03-31": "7567.00000", "2012-12-31": "3188.00000", "2012-09-30": "5738.00000", "2012-06-30": "3814.00000", "2012-03-31": "7535.00000", "2011-12-31": "5408.00000", "2011-09-30": "4409.00000", "2011-06-30": "5423.00000", "2011-03-31": "5785.00000", "2010-12-31": "5121.00000", "2010-09-30": "5557.00000", "2010-06-30": "2989.00000", "2010-03-31": "5602.00000", "2009-12-31": "5318.00000", "2009-09-30": "5569.00000", "2009-06-30": "7500.00000", "2009-03-31": "7291.00000", "2008-12-31": "1601.00000", "2008-09-30": "3706.00000", "2008-06-30": "6774.00000", "2008-03-31": "1386.00000", "2007-12-31": "4826.00000", "2007-09-30": "4581.00000", "2007-06-30": "6757.00000", "2007-03-31": "5484.00000", "2006-12-31": "6507.00000", "2006-09-30": "6326.00000", "2006-06-30": "4295.00000", "2006-03-31": "5493.00000", "2005-12-31": "7099.00000", "2005-09-30": "6549.00000", "2005-06-30": "5173.00000", "2005-03-31": "5025.00000"}, "Operating Income": {"2020-12-31": "726.00000", "2020-09-30": "677.00000", "2020-06-30": "649.00000", "2020-03-31": "408.00000", "2019-12-31": "741.00000", "2019-09-30": "810.00000", "2019-06-30": "519.00000", "2019-03-31": "839.00000", "2018-12-31": "237.00000", "2018-09-30": "599.00000", "2018-06-30": "622.00000", "2018-03-31": "599.00000", "2017-12-31": "500.00000", "2017-09-30": "260.00000", "2017-06-30": "-202.00000", "2017-03-31": "481.00000", "2016-12-31": "88.00000", "2016-09-30": "614.00000", "2016-06-30": "255.00000", "2016-03-31": "467.00000", "2015-12-31": "107.00000", "2015-09-30": "447.00000", "2015-06-30": "572.00000", "2015-03-31": "719.00000", "2014-12-31": "515.00000", "2014-09-30": "589.00000", "2014-06-30": "244.00000", "2014-03-31": "704.00000", "2013-12-31": "1321.00000", "2013-09-30": "540.00000", "2013-06-30": "337.00000", "2013-03-31": "1457.00000", "2012-12-31": "340.00000", "2012-09-30": "594.00000", "2012-06-30": "751.00000", "2012-03-31": "126.00000", "2011-12-31": "104.00000", "2011-09-30": "111.00000", "2011-06-30": "-22.00000", "2011-03-31": "515.00000", "2010-12-31": "804.00000", "2010-09-30": "1045.00000", "2010-06-30": "276.00000", "2010-03-31": "655.00000", "2009-12-31": "854.00000", "2009-09-30": "-339.00000", "2009-06-30": "137.00000", "2009-03-31": "-1897.00000", "2008-12-31": "-1036.00000", "2008-09-30": "-4099.00000", "2008-06-30": "729.00000", "2008-03-31": "158.00000", "2007-12-31": "848.00000", "2007-09-30": "1242.00000", "2007-06-30": "903.00000", "2007-03-31": "1275.00000", "2006-12-31": "1072.00000", "2006-09-30": "1081.00000", "2006-06-30": "676.00000", "2006-03-31": "1050.00000", "2005-12-31": "611.00000", "2005-09-30": "758.00000", "2005-06-30": "891.00000", "2005-03-31": "977.00000"}, "Total Non-Operating Income/Expense": {"2020-12-31": "-74.00000", "2020-09-30": "-145.00000", "2020-06-30": "-57.00000", "2020-03-31": "-64.00000", "2019-12-31": "-65.00000", "2019-09-30": "-157.00000", "2019-06-30": "-63.00000", "2019-03-31": "-64.00000", "2018-12-31": "-70.00000", "2018-09-30": "-69.00000", "2018-06-30": "-85.00000", "2018-03-31": "-80.00000", "2017-12-31": "-78.00000", "2017-09-30": "-79.00000", "2017-06-30": "-79.00000", "2017-03-31": "-80.00000", "2016-12-31": "-720.00000", "2016-09-30": "-86.00000", "2016-06-30": "-85.00000", "2016-03-31": "-86.00000", "2015-12-31": "-103.00000", "2015-09-30": "-68.00000", "2015-06-30": "-102.00000", "2015-03-31": "-94.00000", "2014-12-31": "-71.00000", "2014-09-30": "-93.00000", "2014-06-30": "-94.00000", "2014-03-31": "-95.00000", "2013-12-31": "-96.00000", "2013-09-30": "-94.00000", "2013-06-30": "-100.00000", "2013-03-31": "-1894.00000", "2012-12-31": "-109.00000", "2012-09-30": "-642.00000", "2012-06-30": "-1025.00000", "2012-03-31": "-124.00000", "2011-12-31": "-124.00000", "2011-09-30": "-128.00000", "2011-06-30": "-128.00000", "2011-03-31": "-128.00000", "2010-12-31": "-128.00000", "2010-09-30": "-128.00000", "2010-06-30": "-132.00000", "2010-03-31": "-120.00000", "2009-12-31": "-119.00000", "2009-09-30": "-118.00000", "2009-06-30": "-119.00000", "2009-03-31": "-120.00000", "2008-12-31": "-115.00000", "2008-09-30": "-84.00000", "2008-06-30": "-77.00000", "2008-03-31": "-67.00000", "2007-12-31": "-67.00000", "2007-09-30": "-67.00000", "2007-06-30": "-66.00000", "2007-03-31": "-63.00000", "2006-12-31": "-70.00000", "2006-09-30": "-70.00000", "2006-06-30": "-71.00000", "2006-03-31": "-66.00000", "2005-12-31": "-63.00000", "2005-09-30": "-62.00000", "2005-06-30": "-64.00000", "2005-03-31": "-63.00000"}, "Pre-Tax Income": {"2020-12-31": "652.00000", "2020-09-30": "532.00000", "2020-06-30": "592.00000", "2020-03-31": "344.00000", "2019-12-31": "676.00000", "2019-09-30": "653.00000", "2019-06-30": "456.00000", "2019-03-31": "775.00000", "2018-12-31": "167.00000", "2018-09-30": "530.00000", "2018-06-30": "537.00000", "2018-03-31": "519.00000", "2017-12-31": "422.00000", "2017-09-30": "181.00000", "2017-06-30": "-281.00000", "2017-03-31": "401.00000", "2016-12-31": "-632.00000", "2016-09-30": "528.00000", "2016-06-30": "170.00000", "2016-03-31": "381.00000", "2015-12-31": "4.00000", "2015-09-30": "379.00000", "2015-06-30": "470.00000", "2015-03-31": "625.00000", "2014-12-31": "444.00000", "2014-09-30": "496.00000", "2014-06-30": "150.00000", "2014-03-31": "609.00000", "2013-12-31": "1225.00000", "2013-09-30": "446.00000", "2013-06-30": "237.00000", "2013-03-31": "-437.00000", "2012-12-31": "231.00000", "2012-09-30": "-48.00000", "2012-06-30": "-274.00000", "2012-03-31": "2.00000", "2011-12-31": "-20.00000", "2011-09-30": "-17.00000", "2011-06-30": "-150.00000", "2011-03-31": "387.00000", "2010-12-31": "676.00000", "2010-09-30": "917.00000", "2010-06-30": "144.00000", "2010-03-31": "535.00000", "2009-12-31": "735.00000", "2009-09-30": "-457.00000", "2009-06-30": "18.00000", "2009-03-31": "-2017.00000", "2008-12-31": "-1151.00000", "2008-09-30": "-4183.00000", "2008-06-30": "652.00000", "2008-03-31": "91.00000", "2007-12-31": "781.00000", "2007-09-30": "1175.00000", "2007-06-30": "837.00000", "2007-03-31": "1212.00000", "2006-12-31": "1002.00000", "2006-09-30": "1011.00000", "2006-06-30": "605.00000", "2006-03-31": "984.00000", "2005-12-31": "548.00000", "2005-09-30": "696.00000", "2005-06-30": "827.00000", "2005-03-31": "914.00000"}, "Income Taxes": {"2020-12-31": "115.00000", "2020-09-30": "73.00000", "2020-06-30": "124.00000", "2020-03-31": "71.00000", "2019-12-31": "128.00000", "2019-09-30": "118.00000", "2019-06-30": "84.00000", "2019-03-31": "145.00000", "2018-12-31": "-29.00000", "2018-09-30": "103.00000", "2018-06-30": "103.00000", "2018-03-31": "91.00000", "2017-12-31": "980.00000", "2017-09-30": "36.00000", "2017-06-30": "-129.00000", "2017-03-31": "98.00000", "2016-12-31": "-268.00000", "2016-09-30": "90.00000", "2016-06-30": "-46.00000", "2016-03-31": "58.00000", "2015-12-31": "67.00000", "2015-09-30": "7.00000", "2015-06-30": "57.00000", "2015-03-31": "158.00000", "2014-12-31": "99.00000", "2014-09-30": "108.00000", "2014-06-30": "0.00000", "2014-03-31": "143.00000", "2013-12-31": "358.00000", "2013-09-30": "81.00000", "2013-06-30": "4.00000", "2013-03-31": "-197.00000", "2012-12-31": "-7.00000", "2012-09-30": "-41.00000", "2012-06-30": "-166.00000", "2012-03-31": "-95.00000", "2011-12-31": "-84.00000", "2011-09-30": "-74.00000", "2011-06-30": "-263.00000", "2011-03-31": "48.00000", "2010-12-31": "135.00000", "2010-09-30": "252.00000", "2010-06-30": "-31.00000", "2010-03-31": "216.00000", "2009-12-31": "174.00000", "2009-09-30": "-237.00000", "2009-06-30": "33.00000", "2009-03-31": "-808.00000", "2008-12-31": "-345.00000", "2008-09-30": "-1552.00000", "2008-06-30": "109.00000", "2008-03-31": "-54.00000", "2007-12-31": "186.00000", "2007-09-30": "324.00000", "2007-06-30": "210.00000", "2007-03-31": "336.00000", "2006-12-31": "219.00000", "2006-09-30": "253.00000", "2006-06-30": "129.00000", "2006-03-31": "256.00000", "2005-12-31": "81.00000", "2005-09-30": "157.00000", "2005-06-30": "225.00000", "2005-03-31": "248.00000"}, "Income After Taxes": {"2020-12-31": "537.00000", "2020-09-30": "459.00000", "2020-06-30": "468.00000", "2020-03-31": "273.00000", "2019-12-31": "548.00000", "2019-09-30": "535.00000", "2019-06-30": "372.00000", "2019-03-31": "630.00000", "2018-12-31": "196.00000", "2018-09-30": "427.00000", "2018-06-30": "434.00000", "2018-03-31": "428.00000", "2017-12-31": "-558.00000", "2017-09-30": "145.00000", "2017-06-30": "-152.00000", "2017-03-31": "303.00000", "2016-12-31": "-364.00000", "2016-09-30": "438.00000", "2016-06-30": "216.00000", "2016-03-31": "323.00000", "2015-12-31": "-63.00000", "2015-09-30": "372.00000", "2015-06-30": "413.00000", "2015-03-31": "467.00000", "2014-12-31": "345.00000", "2014-09-30": "388.00000", "2014-06-30": "150.00000", "2014-03-31": "466.00000", "2013-12-31": "867.00000", "2013-09-30": "365.00000", "2013-06-30": "233.00000", "2013-03-31": "-240.00000", "2012-12-31": "238.00000", "2012-09-30": "-7.00000", "2012-06-30": "-108.00000", "2012-03-31": "97.00000", "2011-12-31": "64.00000", "2011-09-30": "57.00000", "2011-06-30": "113.00000", "2011-03-31": "339.00000", "2010-12-31": "541.00000", "2010-09-30": "665.00000", "2010-06-30": "175.00000", "2010-03-31": "319.00000", "2009-12-31": "561.00000", "2009-09-30": "-220.00000", "2009-06-30": "-15.00000", "2009-03-31": "-1209.00000", "2008-12-31": "-806.00000", "2008-09-30": "-2631.00000", "2008-06-30": "543.00000", "2008-03-31": "145.00000", "2007-12-31": "595.00000", "2007-09-30": "851.00000", "2007-06-30": "627.00000", "2007-03-31": "876.00000", "2006-12-31": "783.00000", "2006-09-30": "758.00000", "2006-06-30": "476.00000", "2006-03-31": "728.00000", "2005-12-31": "467.00000", "2005-09-30": "539.00000", "2005-06-30": "602.00000", "2005-03-31": "666.00000"}, "Other Income": {"2020-12-31": "", "2020-09-30": "", "2020-06-30": "", "2020-03-31": "", "2019-12-31": "", "2019-09-30": "", "2019-06-30": "", "2019-03-31": "", "2018-12-31": "", "2018-09-30": "", "2018-06-30": "", "2018-03-31": "", "2017-12-31": "", "2017-09-30": "", "2017-06-30": "", "2017-03-31": "", "2016-12-31": "", "2016-09-30": "", "2016-06-30": "", "2016-03-31": "", "2015-12-31": "", "2015-09-30": "", "2015-06-30": "", "2015-03-31": "", "2014-12-31": "", "2014-09-30": "", "2014-06-30": "", "2014-03-31": "", "2013-12-31": "", "2013-09-30": "", "2013-06-30": "", "2013-03-31": "", "2012-12-31": "", "2012-09-30": "", "2012-06-30": "", "2012-03-31": "", "2011-12-31": "", "2011-09-30": "", "2011-06-30": "", "2011-03-31": "", "2010-12-31": "", "2010-09-30": "", "2010-06-30": "", "2010-03-31": "", "2009-12-31": "", "2009-09-30": "", "2009-06-30": "", "2009-03-31": "", "2008-12-31": "", "2008-09-30": "", "2008-06-30": "", "2008-03-31": "", "2007-12-31": "", "2007-09-30": "", "2007-06-30": "", "2007-03-31": "", "2006-12-31": "", "2006-09-30": "", "2006-06-30": "", "2006-03-31": "", "2005-12-31": "", "2005-09-30": "", "2005-06-30": "", "2005-03-31": ""}, "Income From Continuous Operations": {"2020-12-31": "537.00000", "2020-09-30": "459.00000", "2020-06-30": "468.00000", "2020-03-31": "273.00000", "2019-12-31": "548.00000", "2019-09-30": "535.00000", "2019-06-30": "372.00000", "2019-03-31": "630.00000", "2018-12-31": "196.00000", "2018-09-30": "427.00000", "2018-06-30": "434.00000", "2018-03-31": "428.00000", "2017-12-31": "-558.00000", "2017-09-30": "145.00000", "2017-06-30": "-152.00000", "2017-03-31": "303.00000", "2016-12-31": "-364.00000", "2016-09-30": "438.00000", "2016-06-30": "216.00000", "2016-03-31": "323.00000", "2015-12-31": "-63.00000", "2015-09-30": "372.00000", "2015-06-30": "413.00000", "2015-03-31": "467.00000", "2014-12-31": "345.00000", "2014-09-30": "388.00000", "2014-06-30": "150.00000", "2014-03-31": "466.00000", "2013-12-31": "867.00000", "2013-09-30": "365.00000", "2013-06-30": "233.00000", "2013-03-31": "-240.00000", "2012-12-31": "238.00000", "2012-09-30": "-7.00000", "2012-06-30": "-108.00000", "2012-03-31": "97.00000", "2011-12-31": "64.00000", "2011-09-30": "57.00000", "2011-06-30": "113.00000", "2011-03-31": "339.00000", "2010-12-31": "541.00000", "2010-09-30": "665.00000", "2010-06-30": "175.00000", "2010-03-31": "319.00000", "2009-12-31": "561.00000", "2009-09-30": "-220.00000", "2009-06-30": "-15.00000", "2009-03-31": "-1209.00000", "2008-12-31": "-806.00000", "2008-09-30": "-2631.00000", "2008-06-30": "543.00000", "2008-03-31": "145.00000", "2007-12-31": "595.00000", "2007-09-30": "851.00000", "2007-06-30": "627.00000", "2007-03-31": "876.00000", "2006-12-31": "783.00000", "2006-09-30": "758.00000", "2006-06-30": "476.00000", "2006-03-31": "728.00000", "2005-12-31": "467.00000", "2005-09-30": "539.00000", "2005-06-30": "602.00000", "2005-03-31": "666.00000"}, "Income From Discontinued Operations": {"2020-12-31": "", "2020-09-30": "", "2020-06-30": "", "2020-03-31": "", "2019-12-31": "", "2019-09-30": "", "2019-06-30": "", "2019-03-31": "", "2018-12-31": "", "2018-09-30": "5.00000", "2018-06-30": "148.00000", "2018-03-31": "169.00000", "2017-12-31": "-3145.00000", "2017-09-30": "89.00000", "2017-06-30": "112.00000", "2017-03-31": "75.00000", "2016-12-31": "", "2016-09-30": "", "2016-06-30": "", "2016-03-31": "", "2015-12-31": "484.00000", "2015-09-30": "9.00000", "2015-06-30": "", "2015-03-31": "", "2014-12-31": "37.00000", "2014-09-30": "", "2014-06-30": "-617.00000", "2014-03-31": "29.00000", "2013-12-31": "-553.00000", "2013-09-30": "-72.00000", "2013-06-30": "-423.00000", "2013-03-31": "-1.00000", "2012-12-31": "-284.00000", "2012-09-30": "20.00000", "2012-06-30": "7.00000", "2012-03-31": "-1.00000", "2011-12-31": "54.00000", "2011-09-30": "3.00000", "2011-06-30": "-80.00000", "2011-03-31": "162.00000", "2010-12-31": "34.00000", "2010-09-30": "1.00000", "2010-06-30": "-99.00000", "2010-03-31": "", "2009-12-31": "", "2009-09-30": "", "2009-06-30": "", "2009-03-31": "", "2008-12-31": "", "2008-09-30": "", "2008-06-30": "", "2008-03-31": "", "2007-12-31": "", "2007-09-30": "", "2007-06-30": "", "2007-03-31": "", "2006-12-31": "", "2006-09-30": "", "2006-06-30": "", "2006-03-31": "", "2005-12-31": "", "2005-09-30": "", "2005-06-30": "", "2005-03-31": ""}, "Net Income": {"2020-12-31": "532.00000", "2020-09-30": "453.00000", "2020-06-30": "463.00000", "2020-03-31": "268.00000", "2019-12-31": "543.00000", "2019-09-30": "524.00000", "2019-06-30": "372.00000", "2019-03-31": "625.00000", "2018-12-31": "190.00000", "2018-09-30": "432.00000", "2018-06-30": "582.00000", "2018-03-31": "597.00000", "2017-12-31": "-3703.00000", "2017-09-30": "234.00000", "2017-06-30": "-40.00000", "2017-03-31": "378.00000", "2016-12-31": "-81.00000", "2016-09-30": "438.00000", "2016-06-30": "216.00000", "2016-03-31": "323.00000", "2015-12-31": "421.00000", "2015-09-30": "381.00000", "2015-06-30": "413.00000", "2015-03-31": "467.00000", "2014-12-31": "382.00000", "2014-09-30": "388.00000", "2014-06-30": "-467.00000", "2014-03-31": "495.00000", "2013-12-31": "314.00000", "2013-09-30": "293.00000", "2013-06-30": "-190.00000", "2013-03-31": "-251.00000", "2012-12-31": "-57.00000", "2012-09-30": "3.00000", "2012-06-30": "-112.00000", "2012-03-31": "86.00000", "2011-12-31": "107.00000", "2011-09-30": "50.00000", "2011-06-30": "22.00000", "2011-03-31": "491.00000", "2010-12-31": "564.00000", "2010-09-30": "656.00000", "2010-06-30": "65.00000", "2010-03-31": "-164.00000", "2009-12-31": "495.00000", "2009-09-30": "-282.00000", "2009-06-30": "-18.00000", "2009-03-31": "-1209.00000", "2008-12-31": "-814.00000", "2008-09-30": "-2631.00000", "2008-06-30": "543.00000", "2008-03-31": "145.00000", "2007-12-31": "595.00000", "2007-09-30": "851.00000", "2007-06-30": "627.00000", "2007-03-31": "876.00000", "2006-12-31": "783.00000", "2006-09-30": "758.00000", "2006-06-30": "476.00000", "2006-03-31": "728.00000", "2005-12-31": "467.00000", "2005-09-30": "539.00000", "2005-06-30": "602.00000", "2005-03-31": "666.00000"}, "EBITDA": {"2020-12-31": "", "2020-09-30": "828.00000", "2020-06-30": "804.00000", "2020-03-31": "532.00000", "2019-12-31": "884.00000", "2019-09-30": "936.00000", "2019-06-30": "598.00000", "2019-03-31": "929.00000", "2018-12-31": "348.00000", "2018-09-30": "713.00000", "2018-06-30": "759.00000", "2018-03-31": "742.00000", "2017-12-31": "584.00000", "2017-09-30": "382.00000", "2017-06-30": "-82.00000", "2017-03-31": "588.00000", "2016-12-31": "230.00000", "2016-09-30": "785.00000", "2016-06-30": "358.00000", "2016-03-31": "582.00000", "2015-12-31": "190.00000", "2015-09-30": "601.00000", "2015-06-30": "686.00000", "2015-03-31": "853.00000", "2014-12-31": "688.00000", "2014-09-30": "918.00000", "2014-06-30": "277.00000", "2014-03-31": "810.00000", "2013-12-31": "420.00000", "2013-09-30": "1885.00000", "2013-06-30": "397.00000", "2013-03-31": "2513.00000", "2012-12-31": "2239.00000", "2012-09-30": "877.00000", "2012-06-30": "1044.00000", "2012-03-31": "106.00000", "2011-12-31": "242.00000", "2011-09-30": "-7.00000", "2011-06-30": "826.00000", "2011-03-31": "1093.00000", "2010-12-31": "903.00000", "2010-09-30": "956.00000", "2010-06-30": "200.00000", "2010-03-31": "1450.00000", "2009-12-31": "-1242.00000", "2009-09-30": "449.00000", "2009-06-30": "933.00000", "2009-03-31": "531.00000", "2008-12-31": "-2798.00000", "2008-09-30": "-2385.00000", "2008-06-30": "1821.00000", "2008-03-31": "816.00000", "2007-12-31": "-2232.00000", "2007-09-30": "1920.00000", "2007-06-30": "1910.00000", "2007-03-31": "2259.00000", "2006-12-31": "-1728.00000", "2006-09-30": "1989.00000", "2006-06-30": "1779.00000", "2006-03-31": "1911.00000", "2005-12-31": "-2535.00000", "2005-09-30": "1735.00000", "2005-06-30": "1847.00000", "2005-03-31": "1789.00000"}, "EBIT": {"2020-12-31": "726.00000", "2020-09-30": "677.00000", "2020-06-30": "649.00000", "2020-03-31": "408.00000", "2019-12-31": "741.00000", "2019-09-30": "810.00000", "2019-06-30": "519.00000", "2019-03-31": "839.00000", "2018-12-31": "237.00000", "2018-09-30": "599.00000", "2018-06-30": "622.00000", "2018-03-31": "599.00000", "2017-12-31": "500.00000", "2017-09-30": "260.00000", "2017-06-30": "-202.00000", "2017-03-31": "481.00000", "2016-12-31": "88.00000", "2016-09-30": "614.00000", "2016-06-30": "255.00000", "2016-03-31": "467.00000", "2015-12-31": "107.00000", "2015-09-30": "447.00000", "2015-06-30": "572.00000", "2015-03-31": "719.00000", "2014-12-31": "515.00000", "2014-09-30": "589.00000", "2014-06-30": "244.00000", "2014-03-31": "704.00000", "2013-12-31": "1321.00000", "2013-09-30": "540.00000", "2013-06-30": "337.00000", "2013-03-31": "1457.00000", "2012-12-31": "340.00000", "2012-09-30": "594.00000", "2012-06-30": "751.00000", "2012-03-31": "126.00000", "2011-12-31": "104.00000", "2011-09-30": "111.00000", "2011-06-30": "-22.00000", "2011-03-31": "515.00000", "2010-12-31": "804.00000", "2010-09-30": "1045.00000", "2010-06-30": "276.00000", "2010-03-31": "655.00000", "2009-12-31": "854.00000", "2009-09-30": "-339.00000", "2009-06-30": "137.00000", "2009-03-31": "-1897.00000", "2008-12-31": "-1036.00000", "2008-09-30": "-4099.00000", "2008-06-30": "729.00000", "2008-03-31": "158.00000", "2007-12-31": "848.00000", "2007-09-30": "1242.00000", "2007-06-30": "903.00000", "2007-03-31": "1275.00000", "2006-12-31": "1072.00000", "2006-09-30": "1081.00000", "2006-06-30": "676.00000", "2006-03-31": "1050.00000", "2005-12-31": "611.00000", "2005-09-30": "758.00000", "2005-06-30": "891.00000", "2005-03-31": "977.00000"}, "Basic Shares Outstanding": {"2020-12-31": "358.40000", "2020-09-30": "358.30000", "2020-06-30": "358.10000", "2020-03-31": "358.50000", "2019-12-31": "360.90000", "2019-09-30": "361.40000", "2019-06-30": "361.40000", "2019-03-31": "360.00000", "2018-12-31": "358.40000", "2018-09-30": "358.60000", "2018-06-30": "358.30000", "2018-03-31": "357.50000", "2017-12-31": "363.70000", "2017-09-30": "360.20000", "2017-06-30": "366.00000", "2017-03-31": "371.40000", "2016-12-31": "387.70000", "2016-09-30": "383.80000", "2016-06-30": "391.80000", "2016-03-31": "398.50000", "2015-12-31": "415.50000", "2015-09-30": "413.80000", "2015-06-30": "418.70000", "2015-03-31": "422.60000", "2014-12-31": "441.80000", "2014-09-30": "437.20000", "2014-06-30": "450.60000", "2014-03-31": "449.80000", "2013-12-31": "447.70000", "2013-09-30": "452.10000", "2013-06-30": "451.40000", "2013-03-31": "436.30000", "2012-12-31": "437.70000", "2012-09-30": "435.80000", "2012-06-30": "438.20000", "2012-03-31": "440.70000", "2011-12-31": "445.00000", "2011-09-30": "445.30000", "2011-06-30": "445.10000", "2011-03-31": "444.60000", "2010-12-31": "431.50000", "2010-09-30": "444.10000", "2010-06-30": "443.90000", "2010-03-31": "393.70000", "2009-12-31": "346.30000", "2009-09-30": "356.10000", "2009-06-30": "325.40000", "2009-03-31": "320.80000", "2008-12-31": "306.70000", "2008-09-30": "301.10000", "2008-06-30": "311.70000", "2008-03-31": "313.80000", "2007-12-31": "316.30000", "2007-09-30": "315.40000", "2007-06-30": "316.80000", "2007-03-31": "319.60000", "2006-12-31": "308.80000", "2006-09-30": "310.00000", "2006-06-30": "303.30000", "2006-03-31": "302.20000", "2005-12-31": "298.00000", "2005-09-30": "299.20000", "2005-06-30": "297.10000", "2005-03-31": "294.80000"}, "Shares Outstanding": {"2020-12-31": "361.50000", "2020-09-30": "360.50000", "2020-06-30": "359.30000", "2020-03-31": "361.10000", "2019-12-31": "364.90000", "2019-09-30": "365.40000", "2019-06-30": "365.10000", "2019-03-31": "364.70000", "2018-12-31": "364.10000", "2018-09-30": "364.10000", "2018-06-30": "364.20000", "2018-03-31": "363.90000", "2017-12-31": "363.70000", "2017-09-30": "367.00000", "2017-06-30": "366.00000", "2017-03-31": "378.60000", "2016-12-31": "394.80000", "2016-09-30": "390.50000", "2016-06-30": "398.60000", "2016-03-31": "406.30000", "2015-12-31": "425.20000", "2015-09-30": "423.00000", "2015-06-30": "428.10000", "2015-03-31": "433.70000", "2014-12-31": "460.20000", "2014-09-30": "450.80000", "2014-06-30": "467.90000", "2014-03-31": "478.60000", "2013-12-31": "490.60000", "2013-09-30": "490.60000", "2013-06-30": "489.00000", "2013-03-31": "436.30000", "2012-12-31": "465.90000", "2012-09-30": "461.70000", "2012-06-30": "438.20000", "2012-03-31": "469.00000", "2011-12-31": "478.00000", "2011-09-30": "473.40000", "2011-06-30": "482.40000", "2011-03-31": "508.20000", "2010-12-31": "481.50000", "2010-09-30": "495.30000", "2010-06-30": "480.20000", "2010-03-31": "393.70000", "2009-12-31": "346.30000", "2009-09-30": "356.10000", "2009-06-30": "325.40000", "2009-03-31": "320.80000", "2008-12-31": "306.70000", "2008-09-30": "301.10000", "2008-06-30": "313.10000", "2008-03-31": "315.70000", "2007-12-31": "319.10000", "2007-09-30": "318.00000", "2007-06-30": "319.60000", "2007-03-31": "322.70000", "2006-12-31": "315.90000", "2006-09-30": "316.70000", "2006-06-30": "312.30000", "2006-03-31": "310.90000", "2005-12-31": "305.60000", "2005-09-30": "307.00000", "2005-06-30": "303.90000", "2005-03-31": "301.30000"}, "Basic EPS": {"2020-12-31": "1.48000", "2020-09-30": "1.26000", "2020-06-30": "1.29000", "2020-03-31": "0.75000", "2019-12-31": "1.50000", "2019-09-30": "1.45000", "2019-06-30": "1.03000", "2019-03-31": "1.74000", "2018-12-31": "0.54000", "2018-09-30": "1.20000", "2018-06-30": "1.62000", "2018-03-31": "1.67000", "2017-12-31": "-10.17000", "2017-09-30": "0.65000", "2017-06-30": "-0.11000", "2017-03-31": "1.02000", "2016-12-31": "-0.19000", "2016-09-30": "1.14000", "2016-06-30": "0.55000", "2016-03-31": "0.81000", "2015-12-31": "1.03000", "2015-09-30": "0.92000", "2015-06-30": "0.99000", "2015-03-31": "1.11000", "2014-12-31": "0.86000", "2014-09-30": "0.89000", "2014-06-30": "-1.04000", "2014-03-31": "1.10000", "2013-12-31": "0.72000", "2013-09-30": "0.65000", "2013-06-30": "-0.42000", "2013-03-31": "-0.58000", "2012-12-31": "-0.13000", "2012-09-30": "0.01000", "2012-06-30": "-0.26000", "2012-03-31": "0.20000", "2011-12-31": "0.25000", "2011-09-30": "0.11000", "2011-06-30": "0.05000", "2011-03-31": "1.10000", "2010-12-31": "1.39000", "2010-09-30": "1.48000", "2010-06-30": "0.15000", "2010-03-31": "-0.42000", "2009-12-31": "1.69000", "2009-09-30": "-0.79000", "2009-06-30": "-0.06000", "2009-03-31": "-3.77000", "2008-12-31": "-2.45000", "2008-09-30": "-8.74000", "2008-06-30": "1.74000", "2008-03-31": "0.46000", "2007-12-31": "1.90000", "2007-09-30": "2.70000", "2007-06-30": "1.98000", "2007-03-31": "2.74000", "2006-12-31": "2.46000", "2006-09-30": "2.45000", "2006-06-30": "1.57000", "2006-03-31": "2.41000", "2005-12-31": "1.54000", "2005-09-30": "1.80000", "2005-06-30": "2.03000", "2005-03-31": "2.26000"}, "EPS - Earnings Per Share": {"2020-12-31": "1.47000", "2020-09-30": "1.26000", "2020-06-30": "1.29000", "2020-03-31": "0.74000", "2019-12-31": "1.50000", "2019-09-30": "1.43000", "2019-06-30": "1.02000", "2019-03-31": "1.71000", "2018-12-31": "0.52000", "2018-09-30": "1.19000", "2018-06-30": "1.60000", "2018-03-31": "1.64000", "2017-12-31": "-10.14000", "2017-09-30": "0.64000", "2017-06-30": "-0.11000", "2017-03-31": "1.00000", "2016-12-31": "-0.18000", "2016-09-30": "1.12000", "2016-06-30": "0.54000", "2016-03-31": "0.79000", "2015-12-31": "1.02000", "2015-09-30": "0.90000", "2015-06-30": "0.96000", "2015-03-31": "1.08000", "2014-12-31": "0.88000", "2014-09-30": "0.86000", "2014-06-30": "-1.04000", "2014-03-31": "1.03000", "2013-12-31": "0.76000", "2013-09-30": "0.60000", "2013-06-30": "-0.42000", "2013-03-31": "-0.58000", "2012-12-31": "-0.11000", "2012-09-30": "0.01000", "2012-06-30": "-0.26000", "2012-03-31": "0.18000", "2011-12-31": "0.25000", "2011-09-30": "0.11000", "2011-06-30": "0.05000", "2011-03-31": "0.99000", "2010-12-31": "1.34000", "2010-09-30": "1.34000", "2010-06-30": "0.14000", "2010-03-31": "-0.42000", "2009-12-31": "1.69000", "2009-09-30": "-0.79000", "2009-06-30": "-0.06000", "2009-03-31": "-3.77000", "2008-12-31": "-2.44000", "2008-09-30": "-8.74000", "2008-06-30": "1.73000", "2008-03-31": "0.46000", "2007-12-31": "1.89000", "2007-09-30": "2.68000", "2007-06-30": "1.96000", "2007-03-31": "2.71000", "2006-12-31": "2.44000", "2006-09-30": "2.39000", "2006-06-30": "1.52000", "2006-03-31": "2.34000", "2005-12-31": "1.46000", "2005-09-30": "1.79000", "2005-06-30": "1.98000", "2005-03-31": "2.21000"}}, "balance sheet": {"Cash On Hand": {"2020-12-31": "239.00000", "2019-12-31": "262.00000", "2018-12-31": "121.00000", "2017-12-31": "180.00000", "2016-12-31": "328.00000", "2015-12-31": "448.00000", "2014-12-31": "399.00000", "2013-12-31": "1428.00000", "2012-12-31": "2421.00000", "2011-12-31": "2581.00000", "2010-12-31": "2062.00000", "2009-12-31": "2142.00000", "2008-12-31": "1811.00000", "2007-12-31": "2011.00000", "2006-12-31": "1424.00000", "2005-12-31": "1273.00000"}, "Receivables": {"2020-12-31": "10279.00000", "2019-12-31": "9911.00000", "2018-12-31": "8352.00000", "2017-12-31": "7971.00000", "2016-12-31": "7389.00000", "2015-12-31": "26726.00000", "2014-12-31": "26349.00000", "2013-12-31": "26795.00000", "2012-12-31": "8208.00000", "2011-12-31": "8214.00000", "2010-12-31": "8135.00000", "2009-12-31": "8788.00000", "2008-12-31": "9961.00000", "2007-12-31": "8831.00000", "2006-12-31": "9246.00000", "2005-12-31": "10094.00000"}, "Inventory": {"2020-12-31": "", "2019-12-31": "", "2018-12-31": "", "2017-12-31": "", "2016-12-31": "", "2015-12-31": "", "2014-12-31": "", "2013-12-31": "", "2012-12-31": "", "2011-12-31": "", "2010-12-31": "", "2009-12-31": "", "2008-12-31": "", "2007-12-31": "", "2006-12-31": "", "2005-12-31": ""}, "Pre-Paid Expenses": {"2020-12-31": "", "2019-12-31": "", "2018-12-31": "", "2017-12-31": "", "2016-12-31": "", "2015-12-31": "", "2014-12-31": "", "2013-12-31": "", "2012-12-31": "", "2011-12-31": "", "2010-12-31": "", "2009-12-31": "", "2008-12-31": "", "2007-12-31": "", "2006-12-31": "", "2005-12-31": ""}, "Other Current Assets": {"2020-12-31": "", "2019-12-31": "", "2018-12-31": "", "2017-12-31": "", "2016-12-31": "", "2015-12-31": "", "2014-12-31": "", "2013-12-31": "", "2012-12-31": "", "2011-12-31": "", "2010-12-31": "", "2009-12-31": "", "2008-12-31": "", "2007-12-31": "", "2006-12-31": "", "2005-12-31": ""}, "Total Current Assets": {"2020-12-31": "10518.00000", "2019-12-31": "10173.00000", "2018-12-31": "8473.00000", "2017-12-31": "8151.00000", "2016-12-31": "7717.00000", "2015-12-31": "27174.00000", "2014-12-31": "26748.00000", "2013-12-31": "28223.00000", "2012-12-31": "10629.00000", "2011-12-31": "10795.00000", "2010-12-31": "10197.00000", "2009-12-31": "10930.00000", "2008-12-31": "11772.00000", "2007-12-31": "10842.00000", "2006-12-31": "10670.00000", "2005-12-31": "11367.00000"}, "Property, Plant, And Equipment": {"2020-12-31": "1122.00000", "2019-12-31": "1181.00000", "2018-12-31": "1006.00000", "2017-12-31": "1034.00000", "2016-12-31": "991.00000", "2015-12-31": "974.00000", "2014-12-31": "831.00000", "2013-12-31": "877.00000", "2012-12-31": "977.00000", "2011-12-31": "1029.00000", "2010-12-31": "1150.00000", "2009-12-31": "1026.00000", "2008-12-31": "1075.00000", "2007-12-31": "972.00000", "2006-12-31": "791.00000", "2005-12-31": "683.00000"}, "Long-Term Investments": {"2020-12-31": "56532.00000", "2019-12-31": "53030.00000", "2018-12-31": "46790.00000", "2017-12-31": "45146.00000", "2016-12-31": "39757.00000", "2015-12-31": "72918.00000", "2014-12-31": "76278.00000", "2013-12-31": "98401.00000", "2012-12-31": "134250.00000", "2011-12-31": "134948.00000", "2010-12-31": "130995.00000", "2009-12-31": "125556.00000", "2008-12-31": "120107.00000", "2007-12-31": "131086.00000", "2006-12-31": "119171.00000", "2005-12-31": "106935.00000"}, "Goodwill And Intangible Assets": {"2020-12-31": "2861.00000", "2019-12-31": "2983.00000", "2018-12-31": "1947.00000", "2017-12-31": "1949.00000", "2016-12-31": "611.00000", "2015-12-31": "498.00000", "2014-12-31": "498.00000", "2013-12-31": "498.00000", "2012-12-31": "654.00000", "2011-12-31": "1006.00000", "2010-12-31": "1051.00000", "2009-12-31": "1204.00000", "2008-12-31": "1060.00000", "2007-12-31": "1726.00000", "2006-12-31": "1717.00000", "2005-12-31": "1720.00000"}, "Other Long-Term Assets": {"2020-12-31": "2243.00000", "2019-12-31": "2366.00000", "2018-12-31": "2173.00000", "2017-12-31": "167166.00000", "2016-12-31": "171856.00000", "2015-12-31": "121762.00000", "2014-12-31": "135938.00000", "2013-12-31": "143884.00000", "2012-12-31": "144336.00000", "2011-12-31": "146144.00000", "2010-12-31": "161371.00000", "2009-12-31": "154375.00000", "2008-12-31": "135082.00000", "2007-12-31": "203685.00000", "2006-12-31": "183643.00000", "2005-12-31": "154475.00000"}, "Total Long-Term Assets": {"2020-12-31": "63593.00000", "2019-12-31": "60644.00000", "2018-12-31": "53834.00000", "2017-12-31": "217109.00000", "2016-12-31": "216859.00000", "2015-12-31": "201174.00000", "2014-12-31": "218265.00000", "2013-12-31": "249661.00000", "2012-12-31": "287884.00000", "2011-12-31": "291814.00000", "2010-12-31": "308149.00000", "2009-12-31": "296787.00000", "2008-12-31": "275811.00000", "2007-12-31": "349519.00000", "2006-12-31": "315874.00000", "2005-12-31": "274190.00000"}, "Total Assets": {"2020-12-31": "74111.00000", "2019-12-31": "70817.00000", "2018-12-31": "62307.00000", "2017-12-31": "225260.00000", "2016-12-31": "224576.00000", "2015-12-31": "228348.00000", "2014-12-31": "245013.00000", "2013-12-31": "277884.00000", "2012-12-31": "298513.00000", "2011-12-31": "302609.00000", "2010-12-31": "318346.00000", "2009-12-31": "307717.00000", "2008-12-31": "287583.00000", "2007-12-31": "360361.00000", "2006-12-31": "326544.00000", "2005-12-31": "285557.00000"}, "Total Current Liabilities": {"2020-12-31": "45823.00000", "2019-12-31": "45042.00000", "2018-12-31": "40133.00000", "2017-12-31": "39458.00000", "2016-12-31": "35049.00000", "2015-12-31": "78902.00000", "2014-12-31": "79687.00000", "2013-12-31": "105799.00000", "2012-12-31": "117358.00000", "2011-12-31": "122311.00000", "2010-12-31": "122517.00000", "2009-12-31": "123343.00000", "2008-12-31": "129009.00000", "2007-12-31": "124736.00000", "2006-12-31": "113537.00000", "2005-12-31": "105990.00000"}, "Long Term Debt": {"2020-12-31": "4352.00000", "2019-12-31": "4348.00000", "2018-12-31": "4265.00000", "2017-12-31": "4678.00000", "2016-12-31": "4494.00000", "2015-12-31": "5084.00000", "2014-12-31": "5653.00000", "2013-12-31": "6106.00000", "2012-12-31": "6967.00000", "2011-12-31": "6530.00000", "2010-12-31": "6589.00000", "2009-12-31": "6632.00000", "2008-12-31": "7033.00000", "2007-12-31": "3951.00000", "2006-12-31": "3762.00000", "2005-12-31": "4048.00000"}, "Other Non-Current Liabilities": {"2020-12-31": "5380.00000", "2019-12-31": "5157.00000", "2018-12-31": "4808.00000", "2017-12-31": "167630.00000", "2016-12-31": "168130.00000", "2015-12-31": "126720.00000", "2014-12-31": "140953.00000", "2013-12-31": "147074.00000", "2012-12-31": "151741.00000", "2011-12-31": "152282.00000", "2010-12-31": "168929.00000", "2009-12-31": "159848.00000", "2008-12-31": "142181.00000", "2007-12-31": "212470.00000", "2006-12-31": "190369.00000", "2005-12-31": "160194.00000"}, "Total Long Term Liabilities": {"2020-12-31": "9732.00000", "2019-12-31": "9505.00000", "2018-12-31": "9073.00000", "2017-12-31": "172308.00000", "2016-12-31": "172624.00000", "2015-12-31": "131804.00000", "2014-12-31": "146606.00000", "2013-12-31": "153180.00000", "2012-12-31": "158708.00000", "2011-12-31": "158812.00000", "2010-12-31": "175518.00000", "2009-12-31": "166480.00000", "2008-12-31": "149214.00000", "2007-12-31": "216421.00000", "2006-12-31": "194131.00000", "2005-12-31": "164242.00000"}, "Total Liabilities": {"2020-12-31": "55555.00000", "2019-12-31": "54547.00000", "2018-12-31": "49206.00000", "2017-12-31": "211766.00000", "2016-12-31": "207673.00000", "2015-12-31": "210706.00000", "2014-12-31": "226293.00000", "2013-12-31": "258979.00000", "2012-12-31": "276066.00000", "2011-12-31": "281123.00000", "2010-12-31": "298035.00000", "2009-12-31": "289823.00000", "2008-12-31": "278223.00000", "2007-12-31": "341157.00000", "2006-12-31": "307668.00000", "2005-12-31": "270232.00000"}, "Common Stock Net": {"2020-12-31": "17052.00000", "2019-12-31": "4.00000", "2018-12-31": "4.00000", "2017-12-31": "4.00000", "2016-12-31": "4.00000", "2015-12-31": "5.00000", "2014-12-31": "5.00000", "2013-12-31": "5.00000", "2012-12-31": "5.00000", "2011-12-31": "5.00000", "2010-12-31": "5.00000", "2009-12-31": "4.00000", "2008-12-31": "3.00000", "2007-12-31": "3.00000", "2006-12-31": "3.00000", "2005-12-31": "3.00000"}, "Retained Earnings (Accumulated Deficit)": {"2020-12-31": "", "2019-12-31": "12685.00000", "2018-12-31": "11055.00000", "2017-12-31": "9642.00000", "2016-12-31": "13114.00000", "2015-12-31": "12550.00000", "2014-12-31": "11191.00000", "2013-12-31": "10683.00000", "2012-12-31": "10745.00000", "2011-12-31": "11001.00000", "2010-12-31": "12077.00000", "2009-12-31": "11164.00000", "2008-12-31": "11336.00000", "2007-12-31": "14686.00000", "2006-12-31": "12421.00000", "2005-12-31": "10207.00000"}, "Comprehensive Income": {"2020-12-31": "1170.00000", "2019-12-31": "52.00000", "2018-12-31": "-1579.00000", "2017-12-31": "663.00000", "2016-12-31": "-337.00000", "2015-12-31": "-329.00000", "2014-12-31": "928.00000", "2013-12-31": "-79.00000", "2012-12-31": "2843.00000", "2011-12-31": "1251.00000", "2010-12-31": "-1001.00000", "2009-12-31": "-3312.00000", "2008-12-31": "-7520.00000", "2007-12-31": "-858.00000", "2006-12-31": "178.00000", "2005-12-31": "90.00000"}, "Other Share Holders Equity": {"2020-12-31": "", "2019-12-31": "", "2018-12-31": "", "2017-12-31": "", "2016-12-31": "", "2015-12-31": "", "2014-12-31": "", "2013-12-31": "", "2012-12-31": "", "2011-12-31": "", "2010-12-31": "", "2009-12-31": "", "2008-12-31": "", "2007-12-31": "", "2006-12-31": "", "2005-12-31": ""}, "Share Holder Equity": {"2020-12-31": "18556.00000", "2019-12-31": "16270.00000", "2018-12-31": "13101.00000", "2017-12-31": "13494.00000", "2016-12-31": "16903.00000", "2015-12-31": "17642.00000", "2014-12-31": "18720.00000", "2013-12-31": "18905.00000", "2012-12-31": "22447.00000", "2011-12-31": "21486.00000", "2010-12-31": "20311.00000", "2009-12-31": "17894.00000", "2008-12-31": "9360.00000", "2007-12-31": "19204.00000", "2006-12-31": "18876.00000", "2005-12-31": "15325.00000"}, "Total Liabilities And Share Holders Equity": {"2020-12-31": "74111.00000", "2019-12-31": "70817.00000", "2018-12-31": "62307.00000", "2017-12-31": "225260.00000", "2016-12-31": "224576.00000", "2015-12-31": "228348.00000", "2014-12-31": "245013.00000", "2013-12-31": "277884.00000", "2012-12-31": "298513.00000", "2011-12-31": "302609.00000", "2010-12-31": "318346.00000", "2009-12-31": "307717.00000", "2008-12-31": "287583.00000", "2007-12-31": "360361.00000", "2006-12-31": "326544.00000", "2005-12-31": "285557.00000"}}, "balance sheet, quarterly": {"Cash On Hand": {"2020-12-31": "239.00000", "2020-09-30": "270.00000", "2020-06-30": "372.00000", "2020-03-31": "301.00000", "2019-12-31": "262.00000", "2019-09-30": "290.00000", "2019-06-30": "283.00000", "2019-03-31": "104.00000", "2018-12-31": "121.00000", "2018-09-30": "102.00000", "2018-06-30": "147.00000", "2018-03-31": "228.00000", "2017-12-31": "180.00000", "2017-09-30": "333.00000", "2017-06-30": "362.00000", "2017-03-31": "337.00000", "2016-12-31": "328.00000", "2016-09-30": "810.00000", "2016-06-30": "461.00000", "2016-03-31": "479.00000", "2015-12-31": "448.00000", "2015-09-30": "665.00000", "2015-06-30": "493.00000", "2015-03-31": "500.00000", "2014-12-31": "399.00000", "2014-09-30": "440.00000", "2014-06-30": "1512.00000", "2014-03-31": "1285.00000", "2013-12-31": "1428.00000", "2013-09-30": "1422.00000", "2013-06-30": "1740.00000", "2013-03-31": "1985.00000", "2012-12-31": "2421.00000", "2012-09-30": "2705.00000", "2012-06-30": "2338.00000", "2012-03-31": "2059.00000", "2011-12-31": "2581.00000", "2011-09-30": "2589.00000", "2011-06-30": "1898.00000", "2011-03-31": "2317.00000", "2010-12-31": "2062.00000", "2010-09-30": "1707.00000", "2010-06-30": "2998.00000", "2010-03-31": "2079.00000", "2009-12-31": "2142.00000", "2009-09-30": "2417.00000", "2009-06-30": "2558.00000", "2009-03-31": "1851.00000", "2008-12-31": "1811.00000", "2008-09-30": "1963.00000", "2008-06-30": "2084.00000", "2008-03-31": "2248.00000", "2007-12-31": "2011.00000", "2007-09-30": "1952.00000", "2007-06-30": "1624.00000", "2007-03-31": "1790.00000", "2006-12-31": "1424.00000", "2006-09-30": "1355.00000", "2006-06-30": "1081.00000", "2006-03-31": "1394.00000", "2005-12-31": "1273.00000", "2005-09-30": "1481.00000", "2005-06-30": "1027.00000", "2005-03-31": "1439.00000"}, "Receivables": {"2020-12-31": "10279.00000", "2020-09-30": "10118.00000", "2020-06-30": "10235.00000", "2020-03-31": "10154.00000", "2019-12-31": "9911.00000", "2019-09-30": "9913.00000", "2019-06-30": "10120.00000", "2019-03-31": "8501.00000", "2018-12-31": "8352.00000", "2018-09-30": "7956.00000", "2018-06-30": "7913.00000", "2018-03-31": "8033.00000", "2017-12-31": "7971.00000", "2017-09-30": "27127.00000", "2017-06-30": "27111.00000", "2017-03-31": "27169.00000", "2016-12-31": "7389.00000", "2016-09-30": "26789.00000", "2016-06-30": "26777.00000", "2016-03-31": "26730.00000", "2015-12-31": "26726.00000", "2015-09-30": "26688.00000", "2015-06-30": "26479.00000", "2015-03-31": "26234.00000", "2014-12-31": "26349.00000", "2014-09-30": "26354.00000", "2014-06-30": "26516.00000", "2014-03-31": "26605.00000", "2013-12-31": "26795.00000", "2013-09-30": "26788.00000", "2013-06-30": "26301.00000", "2013-03-31": "25979.00000", "2012-12-31": "8208.00000", "2012-09-30": "8372.00000", "2012-06-30": "8480.00000", "2012-03-31": "8124.00000", "2011-12-31": "8214.00000", "2011-09-30": "8778.00000", "2011-06-30": "8269.00000", "2011-03-31": "8377.00000", "2010-12-31": "8135.00000", "2010-09-30": "8612.00000", "2010-06-30": "8856.00000", "2010-03-31": "8581.00000", "2009-12-31": "8788.00000", "2009-09-30": "9086.00000", "2009-06-30": "9358.00000", "2009-03-31": "10082.00000", "2008-12-31": "9961.00000", "2008-09-30": "9302.00000", "2008-06-30": "8773.00000", "2008-03-31": "8886.00000", "2007-12-31": "8831.00000", "2007-09-30": "8929.00000", "2007-06-30": "8980.00000", "2007-03-31": "9252.00000", "2006-12-31": "9246.00000", "2006-09-30": "8723.00000", "2006-06-30": "8978.00000", "2006-03-31": "9795.00000", "2005-12-31": "10094.00000", "2005-09-30": "9246.00000", "2005-06-30": "9029.00000", "2005-03-31": "9249.00000"}, "Inventory": {"2020-12-31": "", "2020-09-30": "", "2020-06-30": "", "2020-03-31": "", "2019-12-31": "", "2019-09-30": "", "2019-06-30": "", "2019-03-31": "", "2018-12-31": "", "2018-09-30": "", "2018-06-30": "", "2018-03-31": "", "2017-12-31": "", "2017-09-30": "", "2017-06-30": "", "2017-03-31": "", "2016-12-31": "", "2016-09-30": "", "2016-06-30": "", "2016-03-31": "", "2015-12-31": "", "2015-09-30": "", "2015-06-30": "", "2015-03-31": "", "2014-12-31": "", "2014-09-30": "", "2014-06-30": "", "2014-03-31": "", "2013-12-31": "", "2013-09-30": "", "2013-06-30": "", "2013-03-31": "", "2012-12-31": "", "2012-09-30": "", "2012-06-30": "", "2012-03-31": "", "2011-12-31": "", "2011-09-30": "", "2011-06-30": "", "2011-03-31": "", "2010-12-31": "", "2010-09-30": "", "2010-06-30": "", "2010-03-31": "", "2009-12-31": "", "2009-09-30": "", "2009-06-30": "", "2009-03-31": "", "2008-12-31": "", "2008-09-30": "", "2008-06-30": "", "2008-03-31": "", "2007-12-31": "", "2007-09-30": "", "2007-06-30": "", "2007-03-31": "", "2006-12-31": "", "2006-09-30": "", "2006-06-30": "", "2006-03-31": "", "2005-12-31": "", "2005-09-30": "", "2005-06-30": "", "2005-03-31": ""}, "Pre-Paid Expenses": {"2020-12-31": "", "2020-09-30": "", "2020-06-30": "", "2020-03-31": "", "2019-12-31": "", "2019-09-30": "", "2019-06-30": "", "2019-03-31": "", "2018-12-31": "", "2018-09-30": "", "2018-06-30": "", "2018-03-31": "", "2017-12-31": "", "2017-09-30": "", "2017-06-30": "", "2017-03-31": "", "2016-12-31": "", "2016-09-30": "", "2016-06-30": "", "2016-03-31": "", "2015-12-31": "", "2015-09-30": "", "2015-06-30": "", "2015-03-31": "", "2014-12-31": "", "2014-09-30": "", "2014-06-30": "", "2014-03-31": "", "2013-12-31": "", "2013-09-30": "", "2013-06-30": "", "2013-03-31": "", "2012-12-31": "", "2012-09-30": "", "2012-06-30": "", "2012-03-31": "", "2011-12-31": "", "2011-09-30": "", "2011-06-30": "", "2011-03-31": "", "2010-12-31": "", "2010-09-30": "", "2010-06-30": "", "2010-03-31": "", "2009-12-31": "", "2009-09-30": "", "2009-06-30": "", "2009-03-31": "", "2008-12-31": "", "2008-09-30": "", "2008-06-30": "", "2008-03-31": "", "2007-12-31": "", "2007-09-30": "", "2007-06-30": "", "2007-03-31": "", "2006-12-31": "", "2006-09-30": "", "2006-06-30": "", "2006-03-31": "", "2005-12-31": "", "2005-09-30": "", "2005-06-30": "", "2005-03-31": ""}, "Other Current Assets": {"2020-12-31": "", "2020-09-30": "", "2020-06-30": "", "2020-03-31": "", "2019-12-31": "", "2019-09-30": "", "2019-06-30": "", "2019-03-31": "", "2018-12-31": "", "2018-09-30": "", "2018-06-30": "", "2018-03-31": "", "2017-12-31": "", "2017-09-30": "", "2017-06-30": "", "2017-03-31": "", "2016-12-31": "", "2016-09-30": "", "2016-06-30": "", "2016-03-31": "", "2015-12-31": "", "2015-09-30": "", "2015-06-30": "", "2015-03-31": "", "2014-12-31": "", "2014-09-30": "", "2014-06-30": "", "2014-03-31": "", "2013-12-31": "", "2013-09-30": "", "2013-06-30": "", "2013-03-31": "", "2012-12-31": "", "2012-09-30": "", "2012-06-30": "", "2012-03-31": "", "2011-12-31": "", "2011-09-30": "", "2011-06-30": "", "2011-03-31": "", "2010-12-31": "", "2010-09-30": "", "2010-06-30": "", "2010-03-31": "", "2009-12-31": "", "2009-09-30": "", "2009-06-30": "", "2009-03-31": "", "2008-12-31": "", "2008-09-30": "", "2008-06-30": "", "2008-03-31": "", "2007-12-31": "", "2007-09-30": "", "2007-06-30": "", "2007-03-31": "", "2006-12-31": "", "2006-09-30": "", "2006-06-30": "", "2006-03-31": "", "2005-12-31": "", "2005-09-30": "", "2005-06-30": "", "2005-03-31": ""}, "Total Current Assets": {"2020-12-31": "10518.00000", "2020-09-30": "10388.00000", "2020-06-30": "10607.00000", "2020-03-31": "10455.00000", "2019-12-31": "10173.00000", "2019-09-30": "10203.00000", "2019-06-30": "10403.00000", "2019-03-31": "8605.00000", "2018-12-31": "8473.00000", "2018-09-30": "8058.00000", "2018-06-30": "8060.00000", "2018-03-31": "8261.00000", "2017-12-31": "8151.00000", "2017-09-30": "27460.00000", "2017-06-30": "27473.00000", "2017-03-31": "27506.00000", "2016-12-31": "7717.00000", "2016-09-30": "27599.00000", "2016-06-30": "27238.00000", "2016-03-31": "27209.00000", "2015-12-31": "27174.00000", "2015-09-30": "27353.00000", "2015-06-30": "26972.00000", "2015-03-31": "26734.00000", "2014-12-31": "26748.00000", "2014-09-30": "26794.00000", "2014-06-30": "28028.00000", "2014-03-31": "27890.00000", "2013-12-31": "28223.00000", "2013-09-30": "28210.00000", "2013-06-30": "28041.00000", "2013-03-31": "27964.00000", "2012-12-31": "10629.00000", "2012-09-30": "11077.00000", "2012-06-30": "10818.00000", "2012-03-31": "10183.00000", "2011-12-31": "10795.00000", "2011-09-30": "11367.00000", "2011-06-30": "10167.00000", "2011-03-31": "10694.00000", "2010-12-31": "10197.00000", "2010-09-30": "10319.00000", "2010-06-30": "11854.00000", "2010-03-31": "10660.00000", "2009-12-31": "10930.00000", "2009-09-30": "11503.00000", "2009-06-30": "11916.00000", "2009-03-31": "11933.00000", "2008-12-31": "11772.00000", "2008-09-30": "11265.00000", "2008-06-30": "10857.00000", "2008-03-31": "11134.00000", "2007-12-31": "10842.00000", "2007-09-30": "10881.00000", "2007-06-30": "10604.00000", "2007-03-31": "11042.00000", "2006-12-31": "10670.00000", "2006-09-30": "10078.00000", "2006-06-30": "10059.00000", "2006-03-31": "11189.00000", "2005-12-31": "11367.00000", "2005-09-30": "10727.00000", "2005-06-30": "10056.00000", "2005-03-31": "10688.00000"}, "Property, Plant, And Equipment": {"2020-12-31": "1122.00000", "2020-09-30": "1144.00000", "2020-06-30": "1135.00000", "2020-03-31": "1161.00000", "2019-12-31": "1181.00000", "2019-09-30": "1194.00000", "2019-06-30": "1222.00000", "2019-03-31": "1145.00000", "2018-12-31": "1006.00000", "2018-09-30": "997.00000", "2018-06-30": "1013.00000", "2018-03-31": "1018.00000", "2017-12-31": "1034.00000", "2017-09-30": "962.00000", "2017-06-30": "974.00000", "2017-03-31": "984.00000", "2016-12-31": "991.00000", "2016-09-30": "1001.00000", "2016-06-30": "1005.00000", "2016-03-31": "995.00000", "2015-12-31": "974.00000", "2015-09-30": "932.00000", "2015-06-30": "874.00000", "2015-03-31": "848.00000", "2014-12-31": "831.00000", "2014-09-30": "816.00000", "2014-06-30": "807.00000", "2014-03-31": "870.00000", "2013-12-31": "877.00000", "2013-09-30": "895.00000", "2013-06-30": "911.00000", "2013-03-31": "921.00000", "2012-12-31": "977.00000", "2012-09-30": "979.00000", "2012-06-30": "1001.00000", "2012-03-31": "1017.00000", "2011-12-31": "1029.00000", "2011-09-30": "1029.00000", "2011-06-30": "1020.00000", "2011-03-31": "1132.00000", "2010-12-31": "1150.00000", "2010-09-30": "1143.00000", "2010-06-30": "1150.00000", "2010-03-31": "1032.00000", "2009-12-31": "1026.00000", "2009-09-30": "1032.00000", "2009-06-30": "1024.00000", "2009-03-31": "1062.00000", "2008-12-31": "1075.00000", "2008-09-30": "1038.00000", "2008-06-30": "1022.00000", "2008-03-31": "994.00000", "2007-12-31": "972.00000", "2007-09-30": "941.00000", "2007-06-30": "910.00000", "2007-03-31": "815.00000", "2006-12-31": "791.00000", "2006-09-30": "753.00000", "2006-06-30": "717.00000", "2006-03-31": "691.00000", "2005-12-31": "683.00000", "2005-09-30": "675.00000", "2005-06-30": "657.00000", "2005-03-31": "658.00000"}, "Long-Term Investments": {"2020-12-31": "56532.00000", "2020-09-30": "54778.00000", "2020-06-30": "53028.00000", "2020-03-31": "50359.00000", "2019-12-31": "53030.00000", "2019-09-30": "52577.00000", "2019-06-30": "50769.00000", "2019-03-31": "47895.00000", "2018-12-31": "46790.00000", "2018-09-30": "46134.00000", "2018-06-30": "45648.00000", "2018-03-31": "44432.00000", "2017-12-31": "45146.00000", "2017-09-30": "72993.00000", "2017-06-30": "73780.00000", "2017-03-31": "72189.00000", "2016-12-31": "39757.00000", "2016-09-30": "73719.00000", "2016-06-30": "75144.00000", "2016-03-31": "73910.00000", "2015-12-31": "72918.00000", "2015-09-30": "74405.00000", "2015-06-30": "74440.00000", "2015-03-31": "76576.00000", "2014-12-31": "76278.00000", "2014-09-30": "76231.00000", "2014-06-30": "76239.00000", "2014-03-31": "97084.00000", "2013-12-31": "98401.00000", "2013-09-30": "103064.00000", "2013-06-30": "105520.00000", "2013-03-31": "114838.00000", "2012-12-31": "134250.00000", "2012-09-30": "137168.00000", "2012-06-30": "134935.00000", "2012-03-31": "133600.00000", "2011-12-31": "134948.00000", "2011-09-30": "136178.00000", "2011-06-30": "132072.00000", "2011-03-31": "129689.00000", "2010-12-31": "130995.00000", "2010-09-30": "133590.00000", "2010-06-30": "128071.00000", "2010-03-31": "127351.00000", "2009-12-31": "125556.00000", "2009-09-30": "129439.00000", "2009-06-30": "121361.00000", "2009-03-31": "116333.00000", "2008-12-31": "120107.00000", "2008-09-30": "123437.00000", "2008-06-30": "131493.00000", "2008-03-31": "131475.00000", "2007-12-31": "131086.00000", "2007-09-30": "129192.00000", "2007-06-30": "125317.00000", "2007-03-31": "122943.00000", "2006-12-31": "119171.00000", "2006-09-30": "114724.00000", "2006-06-30": "110831.00000", "2006-03-31": "108819.00000", "2005-12-31": "106935.00000", "2005-09-30": "103617.00000", "2005-06-30": "100624.00000", "2005-03-31": "96508.00000"}, "Goodwill And Intangible Assets": {"2020-12-31": "2861.00000", "2020-09-30": "2884.00000", "2020-06-30": "2907.00000", "2020-03-31": "2941.00000", "2019-12-31": "2983.00000", "2019-09-30": "3039.00000", "2019-06-30": "3104.00000", "2019-03-31": "1934.00000", "2018-12-31": "1947.00000", "2018-09-30": "1941.00000", "2018-06-30": "1959.00000", "2018-03-31": "1977.00000", "2017-12-31": "1949.00000", "2017-09-30": "567.00000", "2017-06-30": "567.00000", "2017-03-31": "567.00000", "2016-12-31": "611.00000", "2016-09-30": "567.00000", "2016-06-30": "498.00000", "2016-03-31": "498.00000", "2015-12-31": "498.00000", "2015-09-30": "498.00000", "2015-06-30": "498.00000", "2015-03-31": "498.00000", "2014-12-31": "498.00000", "2014-09-30": "498.00000", "2014-06-30": "498.00000", "2014-03-31": "498.00000", "2013-12-31": "498.00000", "2013-09-30": "498.00000", "2013-06-30": "498.00000", "2013-03-31": "498.00000", "2012-12-31": "654.00000", "2012-09-30": "664.00000", "2012-06-30": "1006.00000", "2012-03-31": "1006.00000", "2011-12-31": "1006.00000", "2011-09-30": "1036.00000", "2011-06-30": "1036.00000", "2011-03-31": "1051.00000", "2010-12-31": "1051.00000", "2010-09-30": "1051.00000", "2010-06-30": "1051.00000", "2010-03-31": "1204.00000", "2009-12-31": "1204.00000", "2009-09-30": "1204.00000", "2009-06-30": "1204.00000", "2009-03-31": "1036.00000", "2008-12-31": "1060.00000", "2008-09-30": "1801.00000", "2008-06-30": "1788.00000", "2008-03-31": "1788.00000", "2007-12-31": "1726.00000", "2007-09-30": "1726.00000", "2007-06-30": "1726.00000", "2007-03-31": "1726.00000", "2006-12-31": "1717.00000", "2006-09-30": "1720.00000", "2006-06-30": "1720.00000", "2006-03-31": "1720.00000", "2005-12-31": "1720.00000", "2005-09-30": "1720.00000", "2005-06-30": "1720.00000", "2005-03-31": "1720.00000"}, "Other Long-Term Assets": {"2020-12-31": "2243.00000", "2020-09-30": "2268.00000", "2020-06-30": "2371.00000", "2020-03-31": "2488.00000", "2019-12-31": "2366.00000", "2019-09-30": "2095.00000", "2019-06-30": "2637.00000", "2019-03-31": "2136.00000", "2018-12-31": "2173.00000", "2018-09-30": "2393.00000", "2018-06-30": "2151.00000", "2018-03-31": "159100.00000", "2017-12-31": "167166.00000", "2017-09-30": "117828.00000", "2017-06-30": "118553.00000", "2017-03-31": "119344.00000", "2016-12-31": "171856.00000", "2016-09-30": "121422.00000", "2016-06-30": "119532.00000", "2016-03-31": "120319.00000", "2015-12-31": "121762.00000", "2015-09-30": "123493.00000", "2015-06-30": "133394.00000", "2015-03-31": "137904.00000", "2014-12-31": "135938.00000", "2014-09-30": "138003.00000", "2014-06-30": "144079.00000", "2014-03-31": "141278.00000", "2013-12-31": "143884.00000", "2013-09-30": "145138.00000", "2013-06-30": "153659.00000", "2013-03-31": "147702.00000", "2012-12-31": "144336.00000", "2012-09-30": "151493.00000", "2012-06-30": "148073.00000", "2012-03-31": "155790.00000", "2011-12-31": "146144.00000", "2011-09-30": "145648.00000", "2011-06-30": "160228.00000", "2011-03-31": "166728.00000", "2010-12-31": "161371.00000", "2010-09-30": "156716.00000", "2010-06-30": "159507.00000", "2010-03-31": "163443.00000", "2009-12-31": "154375.00000", "2009-09-30": "158682.00000", "2009-06-30": "137094.00000", "2009-03-31": "127427.00000", "2008-12-31": "135082.00000", "2008-09-30": "158112.00000", "2008-06-30": "174469.00000", "2008-03-31": "185002.00000", "2007-12-31": "203685.00000", "2007-09-30": "201937.00000", "2007-06-30": "195802.00000", "2007-03-31": "185683.00000", "2006-12-31": "183643.00000", "2006-09-30": "166719.00000", "2006-06-30": "159949.00000", "2006-03-31": "161873.00000", "2005-12-31": "154475.00000", "2005-09-30": "153903.00000", "2005-06-30": "146335.00000", "2005-03-31": "142307.00000"}, "Total Long-Term Assets": {"2020-12-31": "63593.00000", "2020-09-30": "61931.00000", "2020-06-30": "60383.00000", "2020-03-31": "58269.00000", "2019-12-31": "60644.00000", "2019-09-30": "60053.00000", "2019-06-30": "59069.00000", "2019-03-31": "54719.00000", "2018-12-31": "53834.00000", "2018-09-30": "53379.00000", "2018-06-30": "52715.00000", "2018-03-31": "208405.00000", "2017-12-31": "217109.00000", "2017-09-30": "196751.00000", "2017-06-30": "198390.00000", "2017-03-31": "197882.00000", "2016-12-31": "216859.00000", "2016-09-30": "200831.00000", "2016-06-30": "200378.00000", "2016-03-31": "200284.00000", "2015-12-31": "201174.00000", "2015-09-30": "204100.00000", "2015-06-30": "214048.00000", "2015-03-31": "220226.00000", "2014-12-31": "218265.00000", "2014-09-30": "220306.00000", "2014-06-30": "226685.00000", "2014-03-31": "245033.00000", "2013-12-31": "249661.00000", "2013-09-30": "255737.00000", "2013-06-30": "266792.00000", "2013-03-31": "269057.00000", "2012-12-31": "287884.00000", "2012-09-30": "297644.00000", "2012-06-30": "293159.00000", "2012-03-31": "300365.00000", "2011-12-31": "291814.00000", "2011-09-30": "294231.00000", "2011-06-30": "307302.00000", "2011-03-31": "311844.00000", "2010-12-31": "308149.00000", "2010-09-30": "303607.00000", "2010-06-30": "302296.00000", "2010-03-31": "306622.00000", "2009-12-31": "296787.00000", "2009-09-30": "305217.00000", "2009-06-30": "277784.00000", "2009-03-31": "264235.00000", "2008-12-31": "275811.00000", "2008-09-30": "300220.00000", "2008-06-30": "322983.00000", "2008-03-31": "333034.00000", "2007-12-31": "349519.00000", "2007-09-30": "345574.00000", "2007-06-30": "335042.00000", "2007-03-31": "321669.00000", "2006-12-31": "315874.00000", "2006-09-30": "294716.00000", "2006-06-30": "284879.00000", "2006-03-31": "284186.00000", "2005-12-31": "274190.00000", "2005-09-30": "269738.00000", "2005-06-30": "258326.00000", "2005-03-31": "250732.00000"}, "Total Assets": {"2020-12-31": "74111.00000", "2020-09-30": "72319.00000", "2020-06-30": "70990.00000", "2020-03-31": "68724.00000", "2019-12-31": "70817.00000", "2019-09-30": "70256.00000", "2019-06-30": "69472.00000", "2019-03-31": "63324.00000", "2018-12-31": "62307.00000", "2018-09-30": "61437.00000", "2018-06-30": "60775.00000", "2018-03-31": "216666.00000", "2017-12-31": "225260.00000", "2017-09-30": "224211.00000", "2017-06-30": "225863.00000", "2017-03-31": "225388.00000", "2016-12-31": "224576.00000", "2016-09-30": "228430.00000", "2016-06-30": "227616.00000", "2016-03-31": "227493.00000", "2015-12-31": "228348.00000", "2015-09-30": "231453.00000", "2015-06-30": "241020.00000", "2015-03-31": "246960.00000", "2014-12-31": "245013.00000", "2014-09-30": "247100.00000", "2014-06-30": "254713.00000", "2014-03-31": "272923.00000", "2013-12-31": "277884.00000", "2013-09-30": "283947.00000", "2013-06-30": "294833.00000", "2013-03-31": "297021.00000", "2012-12-31": "298513.00000", "2012-09-30": "308721.00000", "2012-06-30": "303977.00000", "2012-03-31": "310548.00000", "2011-12-31": "302609.00000", "2011-09-30": "305598.00000", "2011-06-30": "317469.00000", "2011-03-31": "322538.00000", "2010-12-31": "318346.00000", "2010-09-30": "313926.00000", "2010-06-30": "314150.00000", "2010-03-31": "317282.00000", "2009-12-31": "307717.00000", "2009-09-30": "316720.00000", "2009-06-30": "289700.00000", "2009-03-31": "276168.00000", "2008-12-31": "287583.00000", "2008-09-30": "311485.00000", "2008-06-30": "333840.00000", "2008-03-31": "344168.00000", "2007-12-31": "360361.00000", "2007-09-30": "356455.00000", "2007-06-30": "345646.00000", "2007-03-31": "332711.00000", "2006-12-31": "326544.00000", "2006-09-30": "304794.00000", "2006-06-30": "294938.00000", "2006-03-31": "295375.00000", "2005-12-31": "285557.00000", "2005-09-30": "280465.00000", "2005-06-30": "268382.00000", "2005-03-31": "261420.00000"}, "Total Current Liabilities": {"2020-12-31": "45823.00000", "2020-09-30": "45428.00000", "2020-06-30": "45144.00000", "2020-03-31": "44779.00000", "2019-12-31": "45042.00000", "2019-09-30": "44917.00000", "2019-06-30": "44871.00000", "2019-03-31": "40344.00000", "2018-12-31": "40133.00000", "2018-09-30": "39529.00000", "2018-06-30": "39391.00000", "2018-03-31": "39554.00000", "2017-12-31": "39458.00000", "2017-09-30": "78478.00000", "2017-06-30": "78354.00000", "2017-03-31": "78530.00000", "2016-12-31": "35049.00000", "2016-09-30": "79409.00000", "2016-06-30": "79790.00000", "2016-03-31": "79554.00000", "2015-12-31": "78902.00000", "2015-09-30": "79283.00000", "2015-06-30": "79001.00000", "2015-03-31": "79174.00000", "2014-12-31": "79687.00000", "2014-09-30": "79868.00000", "2014-06-30": "80794.00000", "2014-03-31": "103155.00000", "2013-12-31": "105799.00000", "2013-09-30": "109423.00000", "2013-06-30": "110793.00000", "2013-03-31": "116120.00000", "2012-12-31": "117358.00000", "2012-09-30": "119706.00000", "2012-06-30": "119446.00000", "2012-03-31": "120614.00000", "2011-12-31": "122311.00000", "2011-09-30": "123445.00000", "2011-06-30": "122209.00000", "2011-03-31": "121322.00000", "2010-12-31": "122517.00000", "2010-09-30": "123545.00000", "2010-06-30": "121854.00000", "2010-03-31": "122533.00000", "2009-12-31": "123343.00000", "2009-09-30": "126952.00000", "2009-06-30": "125780.00000", "2009-03-31": "126896.00000", "2008-12-31": "129009.00000", "2008-09-30": "126494.00000", "2008-06-30": "128355.00000", "2008-03-31": "128445.00000", "2007-12-31": "124736.00000", "2007-09-30": "122628.00000", "2007-06-30": "117519.00000", "2007-03-31": "115832.00000", "2006-12-31": "113537.00000", "2006-09-30": "111472.00000", "2006-06-30": "110035.00000", "2006-03-31": "108132.00000", "2005-12-31": "105990.00000", "2005-09-30": "101648.00000", "2005-06-30": "96710.00000", "2005-03-31": "94698.00000"}, "Long Term Debt": {"2020-12-31": "4352.00000", "2020-09-30": "4351.00000", "2020-06-30": "4350.00000", "2020-03-31": "4349.00000", "2019-12-31": "4348.00000", "2019-09-30": "4346.00000", "2019-06-30": "4050.00000", "2019-03-31": "3767.00000", "2018-12-31": "4265.00000", "2018-09-30": "4263.00000", "2018-06-30": "4262.00000", "2018-03-31": "4755.00000", "2017-12-31": "4678.00000", "2017-09-30": "4818.00000", "2017-06-30": "4817.00000", "2017-03-31": "4817.00000", "2016-12-31": "4494.00000", "2016-09-30": "4635.00000", "2016-06-30": "4634.00000", "2016-03-31": "4633.00000", "2015-12-31": "5084.00000", "2015-09-30": "5359.00000", "2015-06-30": "5358.00000", "2015-03-31": "5653.00000", "2014-12-31": "5653.00000", "2014-09-30": "5819.00000", "2014-06-30": "5819.00000", "2014-03-31": "5818.00000", "2013-12-31": "6106.00000", "2013-09-30": "6389.00000", "2013-06-30": "6735.00000", "2013-03-31": "6459.00000", "2012-12-31": "6967.00000", "2012-09-30": "6996.00000", "2012-06-30": "7379.00000", "2012-03-31": "6530.00000", "2011-12-31": "6530.00000", "2011-09-30": "6566.00000", "2011-06-30": "6582.00000", "2011-03-31": "6592.00000", "2010-12-31": "6589.00000", "2010-09-30": "6987.00000", "2010-06-30": "7052.00000", "2010-03-31": "7431.00000", "2009-12-31": "6632.00000", "2009-09-30": "6686.00000", "2009-06-30": "6689.00000", "2009-03-31": "6959.00000", "2008-12-31": "7033.00000", "2008-09-30": "5845.00000", "2008-06-30": "5731.00000", "2008-03-31": "4589.00000", "2007-12-31": "3951.00000", "2007-09-30": "4393.00000", "2007-06-30": "4707.00000", "2007-03-31": "4439.00000", "2006-12-31": "3762.00000", "2006-09-30": "3081.00000", "2006-06-30": "3380.00000", "2006-03-31": "4045.00000", "2005-12-31": "4048.00000", "2005-09-30": "4053.00000", "2005-06-30": "4061.00000", "2005-03-31": "4300.00000"}, "Other Non-Current Liabilities": {"2020-12-31": "5380.00000", "2020-09-30": "4738.00000", "2020-06-30": "4424.00000", "2020-03-31": "4330.00000", "2019-12-31": "5157.00000", "2019-09-30": "4915.00000", "2019-06-30": "5259.00000", "2019-03-31": "4873.00000", "2018-12-31": "4808.00000", "2018-09-30": "4916.00000", "2018-06-30": "4576.00000", "2018-03-31": "159214.00000", "2017-12-31": "167630.00000", "2017-09-30": "123682.00000", "2017-06-30": "125404.00000", "2017-03-31": "125032.00000", "2016-12-31": "168130.00000", "2016-09-30": "125728.00000", "2016-06-30": "124633.00000", "2016-03-31": "125194.00000", "2015-12-31": "126720.00000", "2015-09-30": "128607.00000", "2015-06-30": "138434.00000", "2015-03-31": "143056.00000", "2014-12-31": "140953.00000", "2014-09-30": "142578.00000", "2014-06-30": "148672.00000", "2014-03-31": "144176.00000", "2013-12-31": "147074.00000", "2013-09-30": "149207.00000", "2013-06-30": "158292.00000", "2013-03-31": "153522.00000", "2012-12-31": "151741.00000", "2012-09-30": "159037.00000", "2012-06-30": "155191.00000", "2012-03-31": "162130.00000", "2011-12-31": "152282.00000", "2011-09-30": "152806.00000", "2011-06-30": "167003.00000", "2011-03-31": "173625.00000", "2010-12-31": "168929.00000", "2010-09-30": "162485.00000", "2010-06-30": "166353.00000", "2010-03-31": "169478.00000", "2009-12-31": "159848.00000", "2009-09-30": "165601.00000", "2009-06-30": "143769.00000", "2009-03-31": "134426.00000", "2008-12-31": "142181.00000", "2008-09-30": "166589.00000", "2008-06-30": "182930.00000", "2008-03-31": "193298.00000", "2007-12-31": "212470.00000", "2007-09-30": "210484.00000", "2007-06-30": "204772.00000", "2007-03-31": "193589.00000", "2006-12-31": "190369.00000", "2006-09-30": "172508.00000", "2006-06-30": "166140.00000", "2006-03-31": "167788.00000", "2005-12-31": "160194.00000", "2005-09-30": "159454.00000", "2005-06-30": "152021.00000", "2005-03-31": "148211.00000"}, "Total Long Term Liabilities": {"2020-12-31": "9732.00000", "2020-09-30": "9089.00000", "2020-06-30": "8774.00000", "2020-03-31": "8679.00000", "2019-12-31": "9505.00000", "2019-09-30": "9261.00000", "2019-06-30": "9309.00000", "2019-03-31": "8640.00000", "2018-12-31": "9073.00000", "2018-09-30": "9179.00000", "2018-06-30": "8838.00000", "2018-03-31": "163969.00000", "2017-12-31": "172308.00000", "2017-09-30": "128500.00000", "2017-06-30": "130221.00000", "2017-03-31": "129849.00000", "2016-12-31": "172624.00000", "2016-09-30": "130363.00000", "2016-06-30": "129267.00000", "2016-03-31": "129827.00000", "2015-12-31": "131804.00000", "2015-09-30": "133966.00000", "2015-06-30": "143792.00000", "2015-03-31": "148709.00000", "2014-12-31": "146606.00000", "2014-09-30": "148397.00000", "2014-06-30": "154491.00000", "2014-03-31": "149994.00000", "2013-12-31": "153180.00000", "2013-09-30": "155596.00000", "2013-06-30": "165027.00000", "2013-03-31": "159981.00000", "2012-12-31": "158708.00000", "2012-09-30": "166033.00000", "2012-06-30": "162570.00000", "2012-03-31": "168660.00000", "2011-12-31": "158812.00000", "2011-09-30": "159372.00000", "2011-06-30": "173585.00000", "2011-03-31": "180217.00000", "2010-12-31": "175518.00000", "2010-09-30": "169472.00000", "2010-06-30": "173405.00000", "2010-03-31": "176909.00000", "2009-12-31": "166480.00000", "2009-09-30": "172287.00000", "2009-06-30": "150458.00000", "2009-03-31": "141385.00000", "2008-12-31": "149214.00000", "2008-09-30": "172434.00000", "2008-06-30": "188661.00000", "2008-03-31": "197887.00000", "2007-12-31": "216421.00000", "2007-09-30": "214877.00000", "2007-06-30": "209479.00000", "2007-03-31": "198028.00000", "2006-12-31": "194131.00000", "2006-09-30": "175589.00000", "2006-06-30": "169520.00000", "2006-03-31": "171833.00000", "2005-12-31": "164242.00000", "2005-09-30": "163507.00000", "2005-06-30": "156082.00000", "2005-03-31": "152511.00000"}, "Total Liabilities": {"2020-12-31": "55555.00000", "2020-09-30": "54517.00000", "2020-06-30": "53918.00000", "2020-03-31": "53458.00000", "2019-12-31": "54547.00000", "2019-09-30": "54178.00000", "2019-06-30": "54180.00000", "2019-03-31": "48984.00000", "2018-12-31": "49206.00000", "2018-09-30": "48708.00000", "2018-06-30": "48229.00000", "2018-03-31": "203523.00000", "2017-12-31": "211766.00000", "2017-09-30": "206978.00000", "2017-06-30": "208575.00000", "2017-03-31": "208379.00000", "2016-12-31": "207673.00000", "2016-09-30": "209772.00000", "2016-06-30": "209057.00000", "2016-03-31": "209381.00000", "2015-12-31": "210706.00000", "2015-09-30": "213249.00000", "2015-06-30": "222793.00000", "2015-03-31": "227883.00000", "2014-12-31": "226293.00000", "2014-09-30": "228265.00000", "2014-06-30": "235285.00000", "2014-03-31": "253149.00000", "2013-12-31": "258979.00000", "2013-09-30": "265019.00000", "2013-06-30": "275820.00000", "2013-03-31": "276101.00000", "2012-12-31": "276066.00000", "2012-09-30": "285739.00000", "2012-06-30": "282016.00000", "2012-03-31": "289274.00000", "2011-12-31": "281123.00000", "2011-09-30": "282817.00000", "2011-06-30": "295794.00000", "2011-03-31": "301539.00000", "2010-12-31": "298035.00000", "2010-09-30": "293017.00000", "2010-06-30": "295259.00000", "2010-03-31": "299442.00000", "2009-12-31": "289823.00000", "2009-09-30": "299239.00000", "2009-06-30": "276238.00000", "2009-03-31": "268281.00000", "2008-12-31": "278223.00000", "2008-09-30": "298928.00000", "2008-06-30": "317016.00000", "2008-03-31": "326332.00000", "2007-12-31": "341157.00000", "2007-09-30": "337505.00000", "2007-06-30": "326998.00000", "2007-03-31": "313860.00000", "2006-12-31": "307668.00000", "2006-09-30": "287061.00000", "2006-06-30": "279555.00000", "2006-03-31": "279965.00000", "2005-12-31": "270232.00000", "2005-09-30": "265155.00000", "2005-06-30": "252792.00000", "2005-03-31": "247209.00000"}, "Common Stock Net": {"2020-12-31": "17052.00000", "2020-09-30": "4.00000", "2020-06-30": "4.00000", "2020-03-31": "4.00000", "2019-12-31": "4.00000", "2019-09-30": "4.00000", "2019-06-30": "4.00000", "2019-03-31": "4.00000", "2018-12-31": "4.00000", "2018-09-30": "4.00000", "2018-06-30": "4.00000", "2018-03-31": "4.00000", "2017-12-31": "4.00000", "2017-09-30": "4.00000", "2017-06-30": "4.00000", "2017-03-31": "4.00000", "2016-12-31": "4.00000", "2016-09-30": "5.00000", "2016-06-30": "5.00000", "2016-03-31": "5.00000", "2015-12-31": "5.00000", "2015-09-30": "5.00000", "2015-06-30": "5.00000", "2015-03-31": "5.00000", "2014-12-31": "5.00000", "2014-09-30": "5.00000", "2014-06-30": "5.00000", "2014-03-31": "5.00000", "2013-12-31": "5.00000", "2013-09-30": "5.00000", "2013-06-30": "5.00000", "2013-03-31": "5.00000", "2012-12-31": "5.00000", "2012-09-30": "5.00000", "2012-06-30": "5.00000", "2012-03-31": "5.00000", "2011-12-31": "5.00000", "2011-09-30": "5.00000", "2011-06-30": "5.00000", "2011-03-31": "5.00000", "2010-12-31": "5.00000", "2010-09-30": "5.00000", "2010-06-30": "5.00000", "2010-03-31": "5.00000", "2009-12-31": "4.00000", "2009-09-30": "4.00000", "2009-06-30": "4.00000", "2009-03-31": "4.00000", "2008-12-31": "3.00000", "2008-09-30": "3.00000", "2008-06-30": "3.00000", "2008-03-31": "3.00000", "2007-12-31": "3.00000", "2007-09-30": "3.00000", "2007-06-30": "3.00000", "2007-03-31": "3.00000", "2006-12-31": "3.00000", "2006-09-30": "3.00000", "2006-06-30": "3.00000", "2006-03-31": "3.00000", "2005-12-31": "3.00000", "2005-09-30": "3.00000", "2005-06-30": "3.00000", "2005-03-31": "3.00000"}, "Retained Earnings (Accumulated Deficit)": {"2020-12-31": "", "2020-09-30": "13503.00000", "2020-06-30": "13167.00000", "2020-03-31": "12819.00000", "2019-12-31": "12685.00000", "2019-09-30": "12251.00000", "2019-06-30": "11836.00000", "2019-03-31": "11572.00000", "2018-12-31": "11055.00000", "2018-09-30": "10973.00000", "2018-06-30": "10649.00000", "2018-03-31": "10156.00000", "2017-12-31": "9642.00000", "2017-09-30": "13434.00000", "2017-06-30": "13282.00000", "2017-03-31": "13406.00000", "2016-12-31": "13114.00000", "2016-09-30": "13282.00000", "2016-06-30": "12923.00000", "2016-03-31": "12789.00000", "2015-12-31": "12550.00000", "2015-09-30": "12215.00000", "2015-06-30": "11921.00000", "2015-03-31": "11583.00000", "2014-12-31": "11191.00000", "2014-09-30": "10886.00000", "2014-06-30": "10577.00000", "2014-03-31": "11111.00000", "2013-12-31": "10683.00000", "2013-09-30": "10439.00000", "2013-06-30": "10213.00000", "2013-03-31": "10449.00000", "2012-12-31": "10745.00000", "2012-09-30": "10847.00000", "2012-06-30": "10887.00000", "2012-03-31": "11042.00000", "2011-12-31": "11001.00000", "2011-09-30": "12447.00000", "2011-06-30": "12503.00000", "2011-03-31": "12533.00000", "2010-12-31": "12077.00000", "2010-09-30": "11488.00000", "2010-06-30": "11049.00000", "2010-03-31": "11006.00000", "2009-12-31": "11164.00000", "2009-09-30": "10689.00000", "2009-06-30": "10991.00000", "2009-03-31": "10111.00000", "2008-12-31": "11336.00000", "2008-09-30": "12249.00000", "2008-06-30": "15039.00000", "2008-03-31": "14661.00000", "2007-12-31": "14686.00000", "2007-09-30": "14260.00000", "2007-06-30": "13564.00000", "2007-03-31": "13095.00000", "2006-12-31": "12421.00000", "2006-09-30": "11800.00000", "2006-06-30": "11167.00000", "2006-03-31": "10814.00000", "2005-12-31": "10207.00000", "2005-09-30": "9831.00000", "2005-06-30": "9379.00000", "2005-03-31": "8863.00000"}, "Comprehensive Income": {"2020-12-31": "1170.00000", "2020-09-30": "856.00000", "2020-06-30": "479.00000", "2020-03-31": "-957.00000", "2019-12-31": "52.00000", "2019-09-30": "214.00000", "2019-06-30": "-198.00000", "2019-03-31": "-885.00000", "2018-12-31": "-1579.00000", "2018-09-30": "-1519.00000", "2018-06-30": "-1353.00000", "2018-03-31": "-239.00000", "2017-12-31": "663.00000", "2017-09-30": "585.00000", "2017-06-30": "494.00000", "2017-03-31": "-207.00000", "2016-12-31": "-337.00000", "2016-09-30": "987.00000", "2016-06-30": "900.00000", "2016-03-31": "254.00000", "2015-12-31": "-329.00000", "2015-09-30": "140.00000", "2015-06-30": "188.00000", "2015-03-31": "1150.00000", "2014-12-31": "928.00000", "2014-09-30": "1077.00000", "2014-06-30": "1162.00000", "2014-03-31": "659.00000", "2013-12-31": "-79.00000", "2013-09-30": "-17.00000", "2013-06-30": "74.00000", "2013-03-31": "1649.00000", "2012-12-31": "2843.00000", "2012-09-30": "3295.00000", "2012-06-30": "2256.00000", "2012-03-31": "1328.00000", "2011-12-31": "1251.00000", "2011-09-30": "1065.00000", "2011-06-30": "-77.00000", "2011-03-31": "-764.00000", "2010-12-31": "-1001.00000", "2010-09-30": "194.00000", "2010-06-30": "-1379.00000", "2010-03-31": "-2377.00000", "2009-12-31": "-3312.00000", "2009-09-30": "-3217.00000", "2009-06-30": "-6610.00000", "2009-03-31": "-7801.00000", "2008-12-31": "-7520.00000", "2008-09-30": "-4155.00000", "2008-06-30": "-2780.00000", "2008-03-31": "-2225.00000", "2007-12-31": "-858.00000", "2007-09-30": "-666.00000", "2007-06-30": "-601.00000", "2007-03-31": "177.00000", "2006-12-31": "178.00000", "2006-09-30": "64.00000", "2006-06-30": "-924.00000", "2006-03-31": "-457.00000", "2005-12-31": "90.00000", "2005-09-30": "593.00000", "2005-06-30": "1419.00000", "2005-03-31": "690.00000"}, "Other Share Holders Equity": {"2020-12-31": "", "2020-09-30": "", "2020-06-30": "", "2020-03-31": "", "2019-12-31": "", "2019-09-30": "", "2019-06-30": "", "2019-03-31": "", "2018-12-31": "", "2018-09-30": "", "2018-06-30": "", "2018-03-31": "", "2017-12-31": "", "2017-09-30": "", "2017-06-30": "", "2017-03-31": "", "2016-12-31": "", "2016-09-30": "", "2016-06-30": "", "2016-03-31": "", "2015-12-31": "", "2015-09-30": "", "2015-06-30": "", "2015-03-31": "", "2014-12-31": "", "2014-09-30": "", "2014-06-30": "", "2014-03-31": "", "2013-12-31": "", "2013-09-30": "", "2013-06-30": "", "2013-03-31": "", "2012-12-31": "", "2012-09-30": "", "2012-06-30": "", "2012-03-31": "", "2011-12-31": "", "2011-09-30": "", "2011-06-30": "", "2011-03-31": "", "2010-12-31": "", "2010-09-30": "", "2010-06-30": "", "2010-03-31": "", "2009-12-31": "", "2009-09-30": "", "2009-06-30": "", "2009-03-31": "", "2008-12-31": "", "2008-09-30": "", "2008-06-30": "", "2008-03-31": "", "2007-12-31": "", "2007-09-30": "", "2007-06-30": "", "2007-03-31": "", "2006-12-31": "", "2006-09-30": "", "2006-06-30": "", "2006-03-31": "", "2005-12-31": "", "2005-09-30": "", "2005-06-30": "", "2005-03-31": ""}, "Share Holder Equity": {"2020-12-31": "18556.00000", "2020-09-30": "17802.00000", "2020-06-30": "17072.00000", "2020-03-31": "15266.00000", "2019-12-31": "16270.00000", "2019-09-30": "16078.00000", "2019-06-30": "15292.00000", "2019-03-31": "14340.00000", "2018-12-31": "13101.00000", "2018-09-30": "12729.00000", "2018-06-30": "12546.00000", "2018-03-31": "13143.00000", "2017-12-31": "13494.00000", "2017-09-30": "17233.00000", "2017-06-30": "17288.00000", "2017-03-31": "17009.00000", "2016-12-31": "16903.00000", "2016-09-30": "18658.00000", "2016-06-30": "18559.00000", "2016-03-31": "18112.00000", "2015-12-31": "17642.00000", "2015-09-30": "18204.00000", "2015-06-30": "18227.00000", "2015-03-31": "19077.00000", "2014-12-31": "18720.00000", "2014-09-30": "18835.00000", "2014-06-30": "19428.00000", "2014-03-31": "19774.00000", "2013-12-31": "18905.00000", "2013-09-30": "18928.00000", "2013-06-30": "19013.00000", "2013-03-31": "20920.00000", "2012-12-31": "22447.00000", "2012-09-30": "22982.00000", "2012-06-30": "21961.00000", "2012-03-31": "21274.00000", "2011-12-31": "21486.00000", "2011-09-30": "22781.00000", "2011-06-30": "21675.00000", "2011-03-31": "20999.00000", "2010-12-31": "20311.00000", "2010-09-30": "20909.00000", "2010-06-30": "18891.00000", "2010-03-31": "17840.00000", "2009-12-31": "17894.00000", "2009-09-30": "17481.00000", "2009-06-30": "13462.00000", "2009-03-31": "7887.00000", "2008-12-31": "9360.00000", "2008-09-30": "12557.00000", "2008-06-30": "16824.00000", "2008-03-31": "17836.00000", "2007-12-31": "19204.00000", "2007-09-30": "18950.00000", "2007-06-30": "18648.00000", "2007-03-31": "18851.00000", "2006-12-31": "18876.00000", "2006-09-30": "17733.00000", "2006-06-30": "15383.00000", "2006-03-31": "15410.00000", "2005-12-31": "15325.00000", "2005-09-30": "15310.00000", "2005-06-30": "15590.00000", "2005-03-31": "14211.00000"}, "Total Liabilities And Share Holders Equity": {"2020-12-31": "74111.00000", "2020-09-30": "72319.00000", "2020-06-30": "70990.00000", "2020-03-31": "68724.00000", "2019-12-31": "70817.00000", "2019-09-30": "70256.00000", "2019-06-30": "69472.00000", "2019-03-31": "63324.00000", "2018-12-31": "62307.00000", "2018-09-30": "61437.00000", "2018-06-30": "60775.00000", "2018-03-31": "216666.00000", "2017-12-31": "225260.00000", "2017-09-30": "224211.00000", "2017-06-30": "225863.00000", "2017-03-31": "225388.00000", "2016-12-31": "224576.00000", "2016-09-30": "228430.00000", "2016-06-30": "227616.00000", "2016-03-31": "227493.00000", "2015-12-31": "228348.00000", "2015-09-30": "231453.00000", "2015-06-30": "241020.00000", "2015-03-31": "246960.00000", "2014-12-31": "245013.00000", "2014-09-30": "247100.00000", "2014-06-30": "254713.00000", "2014-03-31": "272923.00000", "2013-12-31": "277884.00000", "2013-09-30": "283947.00000", "2013-06-30": "294833.00000", "2013-03-31": "297021.00000", "2012-12-31": "298513.00000", "2012-09-30": "308721.00000", "2012-06-30": "303977.00000", "2012-03-31": "310548.00000", "2011-12-31": "302609.00000", "2011-09-30": "305598.00000", "2011-06-30": "317469.00000", "2011-03-31": "322538.00000", "2010-12-31": "318346.00000", "2010-09-30": "313926.00000", "2010-06-30": "314150.00000", "2010-03-31": "317282.00000", "2009-12-31": "307717.00000", "2009-09-30": "316720.00000", "2009-06-30": "289700.00000", "2009-03-31": "276168.00000", "2008-12-31": "287583.00000", "2008-09-30": "311485.00000", "2008-06-30": "333840.00000", "2008-03-31": "344168.00000", "2007-12-31": "360361.00000", "2007-09-30": "356455.00000", "2007-06-30": "345646.00000", "2007-03-31": "332711.00000", "2006-12-31": "326544.00000", "2006-09-30": "304794.00000", "2006-06-30": "294938.00000", "2006-03-31": "295375.00000", "2005-12-31": "285557.00000", "2005-09-30": "280465.00000", "2005-06-30": "268382.00000", "2005-03-31": "261420.00000"}}, "cash flow statement": {"Net Income/Loss": {"2020-12-31": "0.00000", "2019-12-31": "2085.00000", "2018-12-31": "1807.00000", "2017-12-31": "-3131.00000", "2016-12-31": "896.00000", "2015-12-31": "1682.00000", "2014-12-31": "798.00000", "2013-12-31": "176.00000", "2012-12-31": "-38.00000", "2011-12-31": "712.00000", "2010-12-31": "1636.00000", "2009-12-31": "-887.00000", "2008-12-31": "-2749.00000", "2007-12-31": "2949.00000", "2006-12-31": "2745.00000", "2005-12-31": "2274.00000"}, "Total Depreciation And Amortization - Cash Flow": {"2020-12-31": "", "2019-12-31": "438.00000", "2018-12-31": "505.00000", "2017-12-31": "433.00000", "2016-12-31": "531.00000", "2015-12-31": "485.00000", "2014-12-31": "641.00000", "2013-12-31": "1560.00000", "2012-12-31": "2455.00000", "2011-12-31": "1446.00000", "2010-12-31": "729.00000", "2009-12-31": "1916.00000", "2008-12-31": "1702.00000", "2007-12-31": "-411.00000", "2006-12-31": "72.00000", "2005-12-31": "-401.00000"}, "Other Non-Cash Items": {"2020-12-31": "", "2019-12-31": "-229.00000", "2018-12-31": "377.00000", "2017-12-31": "4301.00000", "2016-12-31": "446.00000", "2015-12-31": "303.00000", "2014-12-31": "1325.00000", "2013-12-31": "69.00000", "2012-12-31": "-686.00000", "2011-12-31": "-602.00000", "2010-12-31": "859.00000", "2009-12-31": "2042.00000", "2008-12-31": "4020.00000", "2007-12-31": "1175.00000", "2006-12-31": "1096.00000", "2005-12-31": "1006.00000"}, "Total Non-Cash Items": {"2020-12-31": "", "2019-12-31": "209.00000", "2018-12-31": "882.00000", "2017-12-31": "4734.00000", "2016-12-31": "977.00000", "2015-12-31": "788.00000", "2014-12-31": "1966.00000", "2013-12-31": "1629.00000", "2012-12-31": "1769.00000", "2011-12-31": "844.00000", "2010-12-31": "1588.00000", "2009-12-31": "3958.00000", "2008-12-31": "5722.00000", "2007-12-31": "764.00000", "2006-12-31": "1168.00000", "2005-12-31": "605.00000"}, "Change In Accounts Receivable": {"2020-12-31": "", "2019-12-31": "-81.00000", "2018-12-31": "-323.00000", "2017-12-31": "-935.00000", "2016-12-31": "272.00000", "2015-12-31": "176.00000", "2014-12-31": "-22.00000", "2013-12-31": "-970.00000", "2012-12-31": "-608.00000", "2011-12-31": "-242.00000", "2010-12-31": "790.00000", "2009-12-31": "616.00000", "2008-12-31": "296.00000", "2007-12-31": "615.00000", "2006-12-31": "1037.00000", "2005-12-31": "-1043.00000"}, "Change In Inventories": {"2020-12-31": "", "2019-12-31": "", "2018-12-31": "", "2017-12-31": "", "2016-12-31": "", "2015-12-31": "", "2014-12-31": "", "2013-12-31": "", "2012-12-31": "", "2011-12-31": "", "2010-12-31": "", "2009-12-31": "", "2008-12-31": "", "2007-12-31": "", "2006-12-31": "", "2005-12-31": ""}, "Change In Accounts Payable": {"2020-12-31": "", "2019-12-31": "", "2018-12-31": "", "2017-12-31": "", "2016-12-31": "", "2015-12-31": "", "2014-12-31": "", "2013-12-31": "497.00000", "2012-12-31": "874.00000", "2011-12-31": "-491.00000", "2010-12-31": "-612.00000", "2009-12-31": "-1271.00000", "2008-12-31": "-103.00000", "2007-12-31": "306.00000", "2006-12-31": "-287.00000", "2005-12-31": "-267.00000"}, "Change In Assets/Liabilities": {"2020-12-31": "", "2019-12-31": "390.00000", "2018-12-31": "580.00000", "2017-12-31": "471.00000", "2016-12-31": "171.00000", "2015-12-31": "-253.00000", "2014-12-31": "-856.00000", "2013-12-31": "-95.00000", "2012-12-31": "684.00000", "2011-12-31": "1451.00000", "2010-12-31": "-93.00000", "2009-12-31": "558.00000", "2008-12-31": "1026.00000", "2007-12-31": "1357.00000", "2006-12-31": "975.00000", "2005-12-31": "2163.00000"}, "Total Change In Assets/Liabilities": {"2020-12-31": "", "2019-12-31": "1195.00000", "2018-12-31": "154.00000", "2017-12-31": "583.00000", "2016-12-31": "193.00000", "2015-12-31": "286.00000", "2014-12-31": "-878.00000", "2013-12-31": "-568.00000", "2012-12-31": "950.00000", "2011-12-31": "718.00000", "2010-12-31": "85.00000", "2009-12-31": "-97.00000", "2008-12-31": "1219.00000", "2007-12-31": "2278.00000", "2006-12-31": "1725.00000", "2005-12-31": "853.00000"}, "Cash Flow From Operating Activities": {"2020-12-31": "", "2019-12-31": "3489.00000", "2018-12-31": "2843.00000", "2017-12-31": "2186.00000", "2016-12-31": "2066.00000", "2015-12-31": "2756.00000", "2014-12-31": "1886.00000", "2013-12-31": "1237.00000", "2012-12-31": "2681.00000", "2011-12-31": "2274.00000", "2010-12-31": "3309.00000", "2009-12-31": "2974.00000", "2008-12-31": "4192.00000", "2007-12-31": "5991.00000", "2006-12-31": "5638.00000", "2005-12-31": "3732.00000"}, "Net Change In Property, Plant, And Equipment": {"2020-12-31": "", "2019-12-31": "-105.00000", "2018-12-31": "-122.00000", "2017-12-31": "-250.00000", "2016-12-31": "-224.00000", "2015-12-31": "-307.00000", "2014-12-31": "-121.00000", "2013-12-31": "-64.00000", "2012-12-31": "-66.00000", "2011-12-31": "", "2010-12-31": "", "2009-12-31": "", "2008-12-31": "", "2007-12-31": "", "2006-12-31": "-195.00000", "2005-12-31": "-211.00000"}, "Net Change In Intangible Assets": {"2020-12-31": "", "2019-12-31": "", "2018-12-31": "", "2017-12-31": "", "2016-12-31": "", "2015-12-31": "", "2014-12-31": "", "2013-12-31": "", "2012-12-31": "", "2011-12-31": "", "2010-12-31": "", "2009-12-31": "", "2008-12-31": "", "2007-12-31": "", "2006-12-31": "", "2005-12-31": ""}, "Net Acquisitions/Divestitures": {"2020-12-31": "", "2019-12-31": "-1901.00000", "2018-12-31": "", "2017-12-31": "-1423.00000", "2016-12-31": "-175.00000", "2015-12-31": "", "2014-12-31": "963.00000", "2013-12-31": "815.00000", "2012-12-31": "58.00000", "2011-12-31": "278.00000", "2010-12-31": "241.00000", "2009-12-31": "-7.00000", "2008-12-31": "-94.00000", "2007-12-31": "", "2006-12-31": "-112.00000", "2005-12-31": "8.00000"}, "Net Change In Short-term Investments": {"2020-12-31": "", "2019-12-31": "1523.00000", "2018-12-31": "-3684.00000", "2017-12-31": "-458.00000", "2016-12-31": "-1624.00000", "2015-12-31": "2898.00000", "2014-12-31": "-1804.00000", "2013-12-31": "-1890.00000", "2012-12-31": "-1265.00000", "2011-12-31": "374.00000", "2010-12-31": "-338.00000", "2009-12-31": "-561.00000", "2008-12-31": "909.00000", "2007-12-31": "-271.00000", "2006-12-31": "-65.00000", "2005-12-31": ""}, "Net Change In Long-Term Investments": {"2020-12-31": "", "2019-12-31": "-1678.00000", "2018-12-31": "1847.00000", "2017-12-31": "668.00000", "2016-12-31": "3101.00000", "2015-12-31": "-2077.00000", "2014-12-31": "2687.00000", "2013-12-31": "4819.00000", "2012-12-31": "-1273.00000", "2011-12-31": "-1857.00000", "2010-12-31": "-94.00000", "2009-12-31": "347.00000", "2008-12-31": "-8032.00000", "2007-12-31": "-7486.00000", "2006-12-31": "-7583.00000", "2005-12-31": "-4948.00000"}, "Net Change In Investments - Total": {"2020-12-31": "", "2019-12-31": "-155.00000", "2018-12-31": "-1837.00000", "2017-12-31": "210.00000", "2016-12-31": "1477.00000", "2015-12-31": "821.00000", "2014-12-31": "883.00000", "2013-12-31": "2929.00000", "2012-12-31": "-2538.00000", "2011-12-31": "-1483.00000", "2010-12-31": "-432.00000", "2009-12-31": "-214.00000", "2008-12-31": "-7123.00000", "2007-12-31": "-7757.00000", "2006-12-31": "-7648.00000", "2005-12-31": "-4948.00000"}, "Investing Activities - Other": {"2020-12-31": "", "2019-12-31": "13.00000", "2018-12-31": "-3.00000", "2017-12-31": "21.00000", "2016-12-31": "-129.00000", "2015-12-31": "-29.00000", "2014-12-31": "-29.00000", "2013-12-31": "65.00000", "2012-12-31": "-11.00000", "2011-12-31": "23.00000", "2010-12-31": "-243.00000", "2009-12-31": "-2902.00000", "2008-12-31": "-1610.00000", "2007-12-31": "1581.00000", "2006-12-31": "545.00000", "2005-12-31": "291.00000"}, "Cash Flow From Investing Activities": {"2020-12-31": "", "2019-12-31": "-2148.00000", "2018-12-31": "-1962.00000", "2017-12-31": "-1442.00000", "2016-12-31": "949.00000", "2015-12-31": "485.00000", "2014-12-31": "1696.00000", "2013-12-31": "3745.00000", "2012-12-31": "-2557.00000", "2011-12-31": "-1182.00000", "2010-12-31": "-434.00000", "2009-12-31": "-3123.00000", "2008-12-31": "-8827.00000", "2007-12-31": "-6176.00000", "2006-12-31": "-7410.00000", "2005-12-31": "-4860.00000"}, "Net Long-Term Debt": {"2020-12-31": "", "2019-12-31": "-530.00000", "2018-12-31": "-957.00000", "2017-12-31": "1404.00000", "2016-12-31": "-87.00000", "2015-12-31": "-266.00000", "2014-12-31": "-200.00000", "2013-12-31": "-2793.00000", "2012-12-31": "1978.00000", "2011-12-31": "-405.00000", "2010-12-31": "747.00000", "2009-12-31": "-24.00000", "2008-12-31": "1678.00000", "2007-12-31": "195.00000", "2006-12-31": "-425.00000", "2005-12-31": "-250.00000"}, "Net Current Debt": {"2020-12-31": "", "2019-12-31": "", "2018-12-31": "-2.00000", "2017-12-31": "-13.00000", "2016-12-31": "-17.00000", "2015-12-31": "-33.00000", "2014-12-31": "-13.00000", "2013-12-31": "-77.00000", "2012-12-31": "-153.00000", "2011-12-31": "-68.00000", "2010-12-31": "-754.00000", "2009-12-31": "-449.00000", "2008-12-31": "401.00000", "2007-12-31": "626.00000", "2006-12-31": "85.00000", "2005-12-31": "100.00000"}, "Debt Issuance/Retirement Net - Total": {"2020-12-31": "", "2019-12-31": "-530.00000", "2018-12-31": "-959.00000", "2017-12-31": "1391.00000", "2016-12-31": "-104.00000", "2015-12-31": "-299.00000", "2014-12-31": "-213.00000", "2013-12-31": "-2870.00000", "2012-12-31": "1825.00000", "2011-12-31": "-473.00000", "2010-12-31": "-7.00000", "2009-12-31": "-473.00000", "2008-12-31": "2079.00000", "2007-12-31": "821.00000", "2006-12-31": "-340.00000", "2005-12-31": "-150.00000"}, "Net Common Equity Issued/Repurchased": {"2020-12-31": "", "2019-12-31": "-206.00000", "2018-12-31": "-16.00000", "2017-12-31": "-1038.00000", "2016-12-31": "-1321.00000", "2015-12-31": "-1208.00000", "2014-12-31": "-1766.00000", "2013-12-31": "-613.00000", "2012-12-31": "-440.00000", "2011-12-31": "-36.00000", "2010-12-31": "1625.00000", "2009-12-31": "904.00000", "2008-12-31": "-959.00000", "2007-12-31": "-976.00000", "2006-12-31": "1162.00000", "2005-12-31": "388.00000"}, "Net Total Equity Issued/Repurchased": {"2020-12-31": "", "2019-12-31": "-206.00000", "2018-12-31": "318.00000", "2017-12-31": "-1038.00000", "2016-12-31": "-1321.00000", "2015-12-31": "-1208.00000", "2014-12-31": "-1766.00000", "2013-12-31": "-613.00000", "2012-12-31": "-440.00000", "2011-12-31": "-36.00000", "2010-12-31": "-1219.00000", "2009-12-31": "4304.00000", "2008-12-31": "280.00000", "2007-12-31": "-976.00000", "2006-12-31": "1162.00000", "2005-12-31": "388.00000"}, "Total Common And Preferred Stock Dividends Paid": {"2020-12-31": "", "2019-12-31": "-454.00000", "2018-12-31": "-379.00000", "2017-12-31": "-341.00000", "2016-12-31": "-334.00000", "2015-12-31": "-316.00000", "2014-12-31": "-282.00000", "2013-12-31": "-223.00000", "2012-12-31": "-217.00000", "2011-12-31": "-195.00000", "2010-12-31": "-170.00000", "2009-12-31": "-222.00000", "2008-12-31": "-660.00000", "2007-12-31": "-636.00000", "2006-12-31": "-460.00000", "2005-12-31": "-345.00000"}, "Financial Activities - Other": {"2020-12-31": "", "2019-12-31": "-1.00000", "2018-12-31": "-447.00000", "2017-12-31": "-991.00000", "2016-12-31": "-782.00000", "2015-12-31": "-1321.00000", "2014-12-31": "-2215.00000", "2013-12-31": "-2114.00000", "2012-12-31": "-1396.00000", "2011-12-31": "95.00000", "2010-12-31": "-1559.00000", "2009-12-31": "-3086.00000", "2008-12-31": "2575.00000", "2007-12-31": "1290.00000", "2006-12-31": "1553.00000", "2005-12-31": "1387.00000"}, "Cash Flow From Financial Activities": {"2020-12-31": "", "2019-12-31": "-1191.00000", "2018-12-31": "-1467.00000", "2017-12-31": "-979.00000", "2016-12-31": "-2541.00000", "2015-12-31": "-3144.00000", "2014-12-31": "-4476.00000", "2013-12-31": "-5820.00000", "2012-12-31": "-228.00000", "2011-12-31": "-609.00000", "2010-12-31": "-2955.00000", "2009-12-31": "523.00000", "2008-12-31": "4274.00000", "2007-12-31": "499.00000", "2006-12-31": "1915.00000", "2005-12-31": "1280.00000"}, "Net Cash Flow": {"2020-12-31": "", "2019-12-31": "141.00000", "2018-12-31": "-59.00000", "2017-12-31": "-148.00000", "2016-12-31": "185.00000", "2015-12-31": "2.00000", "2014-12-31": "-1029.00000", "2013-12-31": "-993.00000", "2012-12-31": "-160.00000", "2011-12-31": "519.00000", "2010-12-31": "-80.00000", "2009-12-31": "331.00000", "2008-12-31": "-200.00000", "2007-12-31": "587.00000", "2006-12-31": "151.00000", "2005-12-31": "125.00000"}, "Stock-Based Compensation": {"2020-12-31": "", "2019-12-31": "", "2018-12-31": "", "2017-12-31": "", "2016-12-31": "", "2015-12-31": "", "2014-12-31": "", "2013-12-31": "", "2012-12-31": "", "2011-12-31": "", "2010-12-31": "", "2009-12-31": "", "2008-12-31": "", "2007-12-31": "", "2006-12-31": "", "2005-12-31": ""}, "Common Stock Dividends Paid": {"2020-12-31": "", "2019-12-31": "-433.00000", "2018-12-31": "-379.00000", "2017-12-31": "-341.00000", "2016-12-31": "-334.00000", "2015-12-31": "-316.00000", "2014-12-31": "-282.00000", "2013-12-31": "-202.00000", "2012-12-31": "-175.00000", "2011-12-31": "-153.00000", "2010-12-31": "-85.00000", "2009-12-31": "-149.00000", "2008-12-31": "-660.00000", "2007-12-31": "-636.00000", "2006-12-31": "-460.00000", "2005-12-31": "-345.00000"}}, "cash flow statement, quarterly": {"Net Income/Loss": {"2020-12-31": -1200, "2020-09-30": 459, "2020-06-30": 468, "2020-03-31": "273.00000", "2019-12-31": 548, "2019-09-30": 535, "2019-06-30": 372, "2019-03-31": "630.00000", "2018-12-31": 196, "2018-09-30": 432, "2018-06-30": 582, "2018-03-31": "597.00000", "2017-12-31": -3703, "2017-09-30": 234, "2017-06-30": -40, "2017-03-31": "378.00000", "2016-12-31": -81, "2016-09-30": 438, "2016-06-30": 216, "2016-03-31": "323.00000", "2015-12-31": 421, "2015-09-30": 381, "2015-06-30": 413, "2015-03-31": "467.00000", "2014-12-31": 382, "2014-09-30": 388, "2014-06-30": -467, "2014-03-31": "495.00000", "2013-12-31": 314, "2013-09-30": 293, "2013-06-30": -190, "2013-03-31": "-241.00000", "2012-12-31": -46, "2012-09-30": 13, "2012-06-30": -101, "2012-03-31": "96.00000", "2011-12-31": 118, "2011-09-30": 60, "2011-06-30": 33, "2011-03-31": "501.00000", "2010-12-31": 575, "2010-09-30": 666, "2010-06-30": 76, "2010-03-31": "319.00000", "2009-12-31": 557, "2009-09-30": -220, "2009-06-30": -15, "2009-03-31": "-1209.00000", "2008-12-31": -806, "2008-09-30": -2631, "2008-06-30": 543, "2008-03-31": "145.00000", "2007-12-31": 595, "2007-09-30": 851, "2007-06-30": 627, "2007-03-31": "876.00000", "2006-12-31": 783, "2006-09-30": 758, "2006-06-30": 476, "2006-03-31": "728.00000", "2005-12-31": 467, "2005-09-30": 539, "2005-06-30": 602, "2005-03-31": "666.00000"}, "Total Depreciation And Amortization - Cash Flow": {"2020-12-31": -430, "2020-09-30": 151, "2020-06-30": 155, "2020-03-31": "124.00000", "2019-12-31": 143, "2019-09-30": 126, "2019-06-30": 79, "2019-03-31": "90.00000", "2018-12-31": 111, "2018-09-30": 114, "2018-06-30": 137, "2018-03-31": "143.00000", "2017-12-31": 84, "2017-09-30": 122, "2017-06-30": 120, "2017-03-31": "107.00000", "2016-12-31": 142, "2016-09-30": 171, "2016-06-30": 103, "2016-03-31": "115.00000", "2015-12-31": 83, "2015-09-30": 154, "2015-06-30": 114, "2015-03-31": "134.00000", "2014-12-31": 173, "2014-09-30": 329, "2014-06-30": 33, "2014-03-31": "106.00000", "2013-12-31": -901, "2013-09-30": 1345, "2013-06-30": 60, "2013-03-31": "1056.00000", "2012-12-31": 1899, "2012-09-30": 283, "2012-06-30": 293, "2012-03-31": "-20.00000", "2011-12-31": 138, "2011-09-30": -118, "2011-06-30": 848, "2011-03-31": "578.00000", "2010-12-31": 99, "2010-09-30": -89, "2010-06-30": -76, "2010-03-31": "795.00000", "2009-12-31": -2096, "2009-09-30": 788, "2009-06-30": 796, "2009-03-31": "2428.00000", "2008-12-31": -1762, "2008-09-30": 1714, "2008-06-30": 1092, "2008-03-31": "658.00000", "2007-12-31": -3080, "2007-09-30": 678, "2007-06-30": 1007, "2007-03-31": "984.00000", "2006-12-31": -2800, "2006-09-30": 908, "2006-06-30": 1103, "2006-03-31": "861.00000", "2005-12-31": -3146, "2005-09-30": 977, "2005-06-30": 956, "2005-03-31": "812.00000"}, "Other Non-Cash Items": {"2020-12-31": -245, "2020-09-30": 28, "2020-06-30": -18, "2020-03-31": "235.00000", "2019-12-31": 28, "2019-09-30": -78, "2019-06-30": -69, "2019-03-31": "-110.00000", "2018-12-31": 240, "2018-09-30": 28, "2018-06-30": -162, "2018-03-31": "271.00000", "2017-12-31": 3278, "2017-09-30": 40, "2017-06-30": 852, "2017-03-31": "131.00000", "2016-12-31": 259, "2016-09-30": 121, "2016-06-30": -156, "2016-03-31": "222.00000", "2015-12-31": -31, "2015-09-30": 120, "2015-06-30": 29, "2015-03-31": "185.00000", "2014-12-31": 550, "2014-09-30": -587, "2014-06-30": 1256, "2014-03-31": "106.00000", "2013-12-31": 1101, "2013-09-30": -1291, "2013-06-30": 518, "2013-03-31": "-259.00000", "2012-12-31": -1267, "2012-09-30": 600, "2012-06-30": -1011, "2012-03-31": "992.00000", "2011-12-31": 361, "2011-09-30": 399, "2011-06-30": -809, "2011-03-31": "-553.00000", "2010-12-31": 414, "2010-09-30": 451, "2010-06-30": 409, "2010-03-31": "-415.00000", "2009-12-31": 2532, "2009-09-30": 606, "2009-06-30": 62, "2009-03-31": "-1158.00000", "2008-12-31": 4246, "2008-09-30": 314, "2008-06-30": -646, "2008-03-31": "106.00000", "2007-12-31": 3467, "2007-09-30": -586, "2007-06-30": -826, "2007-03-31": "-880.00000", "2006-12-31": 3220, "2006-09-30": -785, "2006-06-30": -1052, "2006-03-31": "-287.00000", "2005-12-31": 3528, "2005-09-30": -864, "2005-06-30": -894, "2005-03-31": "-764.00000"}, "Total Non-Cash Items": {"2020-12-31": -675, "2020-09-30": 179, "2020-06-30": 137, "2020-03-31": "359.00000", "2019-12-31": 171, "2019-09-30": 48, "2019-06-30": 10, "2019-03-31": "-20.00000", "2018-12-31": 351, "2018-09-30": 142, "2018-06-30": -25, "2018-03-31": "414.00000", "2017-12-31": 3362, "2017-09-30": 162, "2017-06-30": 972, "2017-03-31": "238.00000", "2016-12-31": 401, "2016-09-30": 292, "2016-06-30": -53, "2016-03-31": "337.00000", "2015-12-31": 52, "2015-09-30": 274, "2015-06-30": 143, "2015-03-31": "319.00000", "2014-12-31": 723, "2014-09-30": -258, "2014-06-30": 1289, "2014-03-31": "212.00000", "2013-12-31": 200, "2013-09-30": 54, "2013-06-30": 578, "2013-03-31": "797.00000", "2012-12-31": 632, "2012-09-30": 883, "2012-06-30": -718, "2012-03-31": "972.00000", "2011-12-31": 499, "2011-09-30": 281, "2011-06-30": 39, "2011-03-31": "25.00000", "2010-12-31": 513, "2010-09-30": 362, "2010-06-30": 333, "2010-03-31": "380.00000", "2009-12-31": 436, "2009-09-30": 1394, "2009-06-30": 858, "2009-03-31": "1270.00000", "2008-12-31": 2484, "2008-09-30": 2028, "2008-06-30": 446, "2008-03-31": "764.00000", "2007-12-31": 387, "2007-09-30": 92, "2007-06-30": 181, "2007-03-31": "104.00000", "2006-12-31": 420, "2006-09-30": 123, "2006-06-30": 51, "2006-03-31": "574.00000", "2005-12-31": 382, "2005-09-30": 113, "2005-06-30": 62, "2005-03-31": "48.00000"}, "Change In Accounts Receivable": {"2020-12-31": 186, "2020-09-30": -63, "2020-06-30": -123, "2020-03-31": "", "2019-12-31": -196, "2019-09-30": 58, "2019-06-30": 57, "2019-03-31": "", "2018-12-31": -434, "2018-09-30": -25, "2018-06-30": 117, "2018-03-31": "19.00000", "2017-12-31": -978, "2017-09-30": 18, "2017-06-30": 32, "2017-03-31": "-7.00000", "2016-12-31": -77, "2016-09-30": 287, "2016-06-30": 9, "2016-03-31": "53.00000", "2015-12-31": 15, "2015-09-30": 197, "2015-06-30": -73, "2015-03-31": "37.00000", "2014-12-31": 307, "2014-09-30": -535, "2014-06-30": 272, "2014-03-31": "-66.00000", "2013-12-31": 99, "2013-09-30": 54, "2013-06-30": -970, "2013-03-31": "-153.00000", "2012-12-31": 166, "2012-09-30": -209, "2012-06-30": -77, "2012-03-31": "-488.00000", "2011-12-31": 241, "2011-09-30": -111, "2011-06-30": -382, "2011-03-31": "10.00000", "2010-12-31": 572, "2010-09-30": -16, "2010-06-30": 369, "2010-03-31": "-135.00000", "2009-12-31": 252, "2009-09-30": 226, "2009-06-30": 493, "2009-03-31": "-355.00000", "2008-12-31": -331, "2008-09-30": 150, "2008-06-30": 483, "2008-03-31": "-6.00000", "2007-12-31": 432, "2007-09-30": -299, "2007-06-30": 527, "2007-03-31": "-45.00000", "2006-12-31": -321, "2006-09-30": 301, "2006-06-30": 737, "2006-03-31": "320.00000", "2005-12-31": -953, "2005-09-30": -305, "2005-06-30": 287, "2005-03-31": "-72.00000"}, "Change In Inventories": {"2020-12-31": 0, "2020-09-30": 0, "2020-06-30": 0, "2020-03-31": "", "2019-12-31": 0, "2019-09-30": 0, "2019-06-30": 0, "2019-03-31": "", "2018-12-31": 0, "2018-09-30": 0, "2018-06-30": 0, "2018-03-31": "", "2017-12-31": 0, "2017-09-30": 0, "2017-06-30": 0, "2017-03-31": "", "2016-12-31": 0, "2016-09-30": 0, "2016-06-30": 0, "2016-03-31": "", "2015-12-31": 0, "2015-09-30": 0, "2015-06-30": 0, "2015-03-31": "", "2014-12-31": 0, "2014-09-30": 0, "2014-06-30": 0, "2014-03-31": "", "2013-12-31": 0, "2013-09-30": 0, "2013-06-30": 0, "2013-03-31": "", "2012-12-31": 0, "2012-09-30": 0, "2012-06-30": 0, "2012-03-31": "", "2011-12-31": 0, "2011-09-30": 0, "2011-06-30": 0, "2011-03-31": "", "2010-12-31": 0, "2010-09-30": 0, "2010-06-30": 0, "2010-03-31": "", "2009-12-31": 0, "2009-09-30": 0, "2009-06-30": 0, "2009-03-31": "", "2008-12-31": 0, "2008-09-30": 0, "2008-06-30": 0, "2008-03-31": "", "2007-12-31": 0, "2007-09-30": 0, "2007-06-30": 0, "2007-03-31": "", "2006-12-31": 0, "2006-09-30": 0, "2006-06-30": 0, "2006-03-31": "", "2005-12-31": 0, "2005-09-30": 0, "2005-06-30": 0, "2005-03-31": ""}, "Change In Accounts Payable": {"2020-12-31": 0, "2020-09-30": 0, "2020-06-30": 0, "2020-03-31": "", "2019-12-31": 0, "2019-09-30": 0, "2019-06-30": 0, "2019-03-31": "", "2018-12-31": 0, "2018-09-30": 0, "2018-06-30": 0, "2018-03-31": "", "2017-12-31": 0, "2017-09-30": 0, "2017-06-30": 0, "2017-03-31": "", "2016-12-31": 0, "2016-09-30": 0, "2016-06-30": 0, "2016-03-31": "", "2015-12-31": 0, "2015-09-30": 0, "2015-06-30": 0, "2015-03-31": "", "2014-12-31": 840, "2014-09-30": 928, "2014-06-30": -1369, "2014-03-31": "-399.00000", "2013-12-31": -75, "2013-09-30": -35, "2013-06-30": 691, "2013-03-31": "-84.00000", "2012-12-31": 96, "2012-09-30": 163, "2012-06-30": -569, "2012-03-31": "1184.00000", "2011-12-31": -350, "2011-09-30": -228, "2011-06-30": 110, "2011-03-31": "-23.00000", "2010-12-31": -520, "2010-09-30": 250, "2010-06-30": -233, "2010-03-31": "-109.00000", "2009-12-31": -671, "2009-09-30": -211, "2009-06-30": 7, "2009-03-31": "-396.00000", "2008-12-31": 570, "2008-09-30": 17, "2008-06-30": -165, "2008-03-31": "-525.00000", "2007-12-31": -131, "2007-09-30": 437, "2007-06-30": -120, "2007-03-31": "120.00000", "2006-12-31": 395, "2006-09-30": -212, "2006-06-30": -18, "2006-03-31": "-452.00000", "2005-12-31": -181, "2005-09-30": 296, "2005-06-30": -185, "2005-03-31": "-197.00000"}, "Change In Assets/Liabilities": {"2020-12-31": -529, "2020-09-30": 551, "2020-06-30": 365, "2020-03-31": "-387.00000", "2019-12-31": 418, "2019-09-30": 294, "2019-06-30": 125, "2019-03-31": "-447.00000", "2018-12-31": 917, "2018-09-30": -15, "2018-06-30": 118, "2018-03-31": "-440.00000", "2017-12-31": 998, "2017-09-30": 192, "2017-06-30": -79, "2017-03-31": "-640.00000", "2016-12-31": 668, "2016-09-30": -428, "2016-06-30": 246, "2016-03-31": "-315.00000", "2015-12-31": -95, "2015-09-30": 39, "2015-06-30": 179, "2015-03-31": "-376.00000", "2014-12-31": -1261, "2014-09-30": -138, "2014-06-30": 436, "2014-03-31": "107.00000", "2013-12-31": -204, "2013-09-30": 129, "2013-06-30": 113, "2013-03-31": "-133.00000", "2012-12-31": -379, "2012-09-30": 126, "2012-06-30": 1561, "2012-03-31": "-624.00000", "2011-12-31": 142, "2011-09-30": 658, "2011-06-30": 690, "2011-03-31": "-39.00000", "2010-12-31": -76, "2010-09-30": -217, "2010-06-30": 167, "2010-03-31": "33.00000", "2009-12-31": -345, "2009-09-30": -430, "2009-06-30": -367, "2009-03-31": "1700.00000", "2008-12-31": -663, "2008-09-30": 1113, "2008-06-30": 387, "2008-03-31": "189.00000", "2007-12-31": 141, "2007-09-30": 539, "2007-06-30": 427, "2007-03-31": "250.00000", "2006-12-31": 575, "2006-09-30": 292, "2006-06-30": -90, "2006-03-31": "198.00000", "2005-12-31": 1070, "2005-09-30": 875, "2005-06-30": -3, "2005-03-31": "221.00000"}, "Total Change In Assets/Liabilities": {"2020-12-31": -780, "2020-09-30": 750, "2020-06-30": 364, "2020-03-31": "-334.00000", "2019-12-31": 324, "2019-09-30": 859, "2019-06-30": 343, "2019-03-31": "-331.00000", "2018-12-31": 454, "2018-09-30": -2, "2018-06-30": 1, "2018-03-31": "-299.00000", "2017-12-31": 1003, "2017-09-30": 234, "2017-06-30": -263, "2017-03-31": "-391.00000", "2016-12-31": 341, "2016-09-30": -141, "2016-06-30": 255, "2016-03-31": "-262.00000", "2015-12-31": 283, "2015-09-30": 236, "2015-06-30": 106, "2015-03-31": "-339.00000", "2014-12-31": -114, "2014-09-30": 255, "2014-06-30": -661, "2014-03-31": "-358.00000", "2013-12-31": -180, "2013-09-30": 148, "2013-06-30": -166, "2013-03-31": "-370.00000", "2012-12-31": -117, "2012-09-30": 80, "2012-06-30": 915, "2012-03-31": "72.00000", "2011-12-31": 33, "2011-09-30": 319, "2011-06-30": 418, "2011-03-31": "-52.00000", "2010-12-31": -24, "2010-09-30": 17, "2010-06-30": 303, "2010-03-31": "-211.00000", "2009-12-31": -764, "2009-09-30": -415, "2009-06-30": 133, "2009-03-31": "949.00000", "2008-12-31": -424, "2008-09-30": 1280, "2008-06-30": 705, "2008-03-31": "-342.00000", "2007-12-31": 442, "2007-09-30": 677, "2007-06-30": 834, "2007-03-31": "325.00000", "2006-12-31": 649, "2006-09-30": 381, "2006-06-30": 629, "2006-03-31": "66.00000", "2005-12-31": -64, "2005-09-30": 866, "2005-06-30": 99, "2005-03-31": "-48.00000"}, "Cash Flow From Operating Activities": {"2020-12-31": -2655, "2020-09-30": 1388, "2020-06-30": 969, "2020-03-31": "298.00000", "2019-12-31": 1043, "2019-09-30": 1442, "2019-06-30": 725, "2019-03-31": "279.00000", "2018-12-31": 1001, "2018-09-30": 572, "2018-06-30": 558, "2018-03-31": "712.00000", "2017-12-31": 662, "2017-09-30": 630, "2017-06-30": 669, "2017-03-31": "225.00000", "2016-12-31": 661, "2016-09-30": 589, "2016-06-30": 418, "2016-03-31": "398.00000", "2015-12-31": 756, "2015-09-30": 891, "2015-06-30": 662, "2015-03-31": "447.00000", "2014-12-31": 991, "2014-09-30": 385, "2014-06-30": 161, "2014-03-31": "349.00000", "2013-12-31": 334, "2013-09-30": 495, "2013-06-30": 222, "2013-03-31": "186.00000", "2012-12-31": 469, "2012-09-30": 976, "2012-06-30": 96, "2012-03-31": "1140.00000", "2011-12-31": 650, "2011-09-30": 660, "2011-06-30": 490, "2011-03-31": "474.00000", "2010-12-31": 1064, "2010-09-30": 1045, "2010-06-30": 712, "2010-03-31": "488.00000", "2009-12-31": 229, "2009-09-30": 759, "2009-06-30": 976, "2009-03-31": "1010.00000", "2008-12-31": 1254, "2008-09-30": 677, "2008-06-30": 1694, "2008-03-31": "567.00000", "2007-12-31": 1424, "2007-09-30": 1620, "2007-06-30": 1642, "2007-03-31": "1305.00000", "2006-12-31": 1852, "2006-09-30": 1262, "2006-06-30": 1156, "2006-03-31": "1368.00000", "2005-12-31": 785, "2005-09-30": 1518, "2005-06-30": 763, "2005-03-31": "666.00000"}, "Net Change In Property, Plant, And Equipment": {"2020-12-31": 78, "2020-09-30": -27, "2020-06-30": -28, "2020-03-31": "-23.00000", "2019-12-31": -30, "2019-09-30": -31, "2019-06-30": -24, "2019-03-31": "-20.00000", "2018-12-31": -52, "2018-09-30": -11, "2018-06-30": -20, "2018-03-31": "-39.00000", "2017-12-31": -121, "2017-09-30": -37, "2017-06-30": -51, "2017-03-31": "-41.00000", "2016-12-31": -41, "2016-09-30": -46, "2016-06-30": -53, "2016-03-31": "-84.00000", "2015-12-31": -113, "2015-09-30": -92, "2015-06-30": -44, "2015-03-31": "-58.00000", "2014-12-31": -64, "2014-09-30": -43, "2014-06-30": 19, "2014-03-31": "-33.00000", "2013-12-31": -64, "2013-09-30": 0, "2013-06-30": 0, "2013-03-31": "", "2012-12-31": -66, "2012-09-30": 0, "2012-06-30": 0, "2012-03-31": "", "2011-12-31": 0, "2011-09-30": 0, "2011-06-30": 0, "2011-03-31": "", "2010-12-31": 0, "2010-09-30": 0, "2010-06-30": 0, "2010-03-31": "", "2009-12-31": 0, "2009-09-30": 0, "2009-06-30": 0, "2009-03-31": "", "2008-12-31": 0, "2008-09-30": 185, "2008-06-30": -118, "2008-03-31": "-67.00000", "2007-12-31": 251, "2007-09-30": -161, "2007-06-30": -29, "2007-03-31": "-61.00000", "2006-12-31": -79, "2006-09-30": -51, "2006-06-30": -44, "2006-03-31": "-21.00000", "2005-12-31": -42, "2005-09-30": -53, "2005-06-30": -101, "2005-03-31": "-15.00000"}, "Net Change In Intangible Assets": {"2020-12-31": 0, "2020-09-30": 0, "2020-06-30": 0, "2020-03-31": "", "2019-12-31": 0, "2019-09-30": 0, "2019-06-30": 0, "2019-03-31": "", "2018-12-31": 0, "2018-09-30": 0, "2018-06-30": 0, "2018-03-31": "", "2017-12-31": 0, "2017-09-30": 0, "2017-06-30": 0, "2017-03-31": "", "2016-12-31": 0, "2016-09-30": 0, "2016-06-30": 0, "2016-03-31": "", "2015-12-31": 0, "2015-09-30": 0, "2015-06-30": 0, "2015-03-31": "", "2014-12-31": 0, "2014-09-30": 0, "2014-06-30": 0, "2014-03-31": "", "2013-12-31": 0, "2013-09-30": 0, "2013-06-30": 0, "2013-03-31": "", "2012-12-31": 0, "2012-09-30": 0, "2012-06-30": 0, "2012-03-31": "", "2011-12-31": 0, "2011-09-30": 0, "2011-06-30": 0, "2011-03-31": "", "2010-12-31": 0, "2010-09-30": 0, "2010-06-30": 0, "2010-03-31": "", "2009-12-31": 0, "2009-09-30": 0, "2009-06-30": 0, "2009-03-31": "", "2008-12-31": 0, "2008-09-30": 0, "2008-06-30": 0, "2008-03-31": "", "2007-12-31": 0, "2007-09-30": 0, "2007-06-30": 0, "2007-03-31": "", "2006-12-31": 0, "2006-09-30": 0, "2006-06-30": 0, "2006-03-31": "", "2005-12-31": 0, "2005-09-30": 0, "2005-06-30": 0, "2005-03-31": ""}, "Net Acquisitions/Divestitures": {"2020-12-31": 0, "2020-09-30": 0, "2020-06-30": 0, "2020-03-31": "", "2019-12-31": 0, "2019-09-30": 0, "2019-06-30": -1901, "2019-03-31": "", "2018-12-31": -1115, "2018-09-30": 0, "2018-06-30": 1115, "2018-03-31": "", "2017-12-31": -1645, "2017-09-30": 0, "2017-06-30": 222, "2017-03-31": "", "2016-12-31": 0, "2016-09-30": -175, "2016-06-30": 0, "2016-03-31": "", "2015-12-31": 0, "2015-09-30": 0, "2015-06-30": 0, "2015-03-31": "", "2014-12-31": 0, "2014-09-30": 0, "2014-06-30": 963, "2014-03-31": "", "2013-12-31": 330, "2013-09-30": 0, "2013-06-30": 0, "2013-03-31": "485.00000", "2012-12-31": 58, "2012-09-30": 0, "2012-06-30": 0, "2012-03-31": "", "2011-12-31": 0, "2011-09-30": 0, "2011-06-30": 0, "2011-03-31": "278.00000", "2010-12-31": 111, "2010-09-30": 0, "2010-06-30": 130, "2010-03-31": "", "2009-12-31": -14, "2009-09-30": 0, "2009-06-30": 7, "2009-03-31": "", "2008-12-31": 0, "2008-09-30": 0, "2008-06-30": 0, "2008-03-31": "-94.00000", "2007-12-31": 0, "2007-09-30": 0, "2007-06-30": 0, "2007-03-31": "", "2006-12-31": -112, "2006-09-30": 0, "2006-06-30": 0, "2006-03-31": "", "2005-12-31": 16, "2005-09-30": -8, "2005-06-30": 0, "2005-03-31": ""}, "Net Change In Short-term Investments": {"2020-12-31": 344, "2020-09-30": 400, "2020-06-30": -1312, "2020-03-31": "568.00000", "2019-12-31": -17, "2019-09-30": -595, "2019-06-30": 2027, "2019-03-31": "108.00000", "2018-12-31": -767, "2018-09-30": -256, "2018-06-30": -1864, "2018-03-31": "-797.00000", "2017-12-31": 163, "2017-09-30": 872, "2017-06-30": -120, "2017-03-31": "-1373.00000", "2016-12-31": -1390, "2016-09-30": 137, "2016-06-30": -531, "2016-03-31": "160.00000", "2015-12-31": 1362, "2015-09-30": 88, "2015-06-30": 78, "2015-03-31": "1370.00000", "2014-12-31": 0, "2014-09-30": -263, "2014-06-30": -1480, "2014-03-31": "-61.00000", "2013-12-31": -781, "2013-09-30": 291, "2013-06-30": -1009, "2013-03-31": "-391.00000", "2012-12-31": 328, "2012-09-30": -777, "2012-06-30": 1201, "2012-03-31": "-2017.00000", "2011-12-31": -1229, "2011-09-30": 1903, "2011-06-30": 165, "2011-03-31": "-465.00000", "2010-12-31": -842, "2010-09-30": -80, "2010-06-30": 836, "2010-03-31": "-252.00000", "2009-12-31": 2508, "2009-09-30": -1069, "2009-06-30": -1444, "2009-03-31": "-556.00000", "2008-12-31": 1305, "2008-09-30": 22, "2008-06-30": -655, "2008-03-31": "237.00000", "2007-12-31": -2317, "2007-09-30": 317, "2007-06-30": 530, "2007-03-31": "1199.00000", "2006-12-31": -485, "2006-09-30": 12, "2006-06-30": 72, "2006-03-31": "336.00000", "2005-12-31": 268, "2005-09-30": -237, "2005-06-30": 245, "2005-03-31": "-276.00000"}, "Net Change In Long-Term Investments": {"2020-12-31": 573, "2020-09-30": -1555, "2020-06-30": 745, "2020-03-31": "237.00000", "2019-12-31": -800, "2019-09-30": -719, "2019-06-30": -199, "2019-03-31": "40.00000", "2018-12-31": 733, "2018-09-30": -288, "2018-06-30": 777, "2018-03-31": "625.00000", "2017-12-31": 1635, "2017-09-30": -860, "2017-06-30": -329, "2017-03-31": "222.00000", "2016-12-31": 1610, "2016-09-30": 679, "2016-06-30": 706, "2016-03-31": "106.00000", "2015-12-31": -1351, "2015-09-30": 130, "2015-06-30": 138, "2015-03-31": "-994.00000", "2014-12-31": -135, "2014-09-30": 499, "2014-06-30": 2040, "2014-03-31": "283.00000", "2013-12-31": 2552, "2013-09-30": -91, "2013-06-30": 2149, "2013-03-31": "209.00000", "2012-12-31": -1054, "2012-09-30": 533, "2012-06-30": -1375, "2012-03-31": "623.00000", "2011-12-31": 806, "2011-09-30": -1972, "2011-06-30": -1178, "2011-03-31": "487.00000", "2010-12-31": 669, "2010-09-30": -1659, "2010-06-30": 461, "2010-03-31": "435.00000", "2009-12-31": 866, "2009-09-30": 850, "2009-06-30": -1092, "2009-03-31": "-277.00000", "2008-12-31": -5233, "2008-09-30": 180, "2008-06-30": -1603, "2008-03-31": "-1376.00000", "2007-12-31": -1165, "2007-09-30": -1879, "2007-06-30": -2278, "2007-03-31": "-2164.00000", "2006-12-31": -2907, "2006-09-30": -1519, "2006-06-30": -1728, "2006-03-31": "-1429.00000", "2005-12-31": -956, "2005-09-30": -1591, "2005-06-30": -1209, "2005-03-31": "-1192.00000"}, "Net Change In Investments - Total": {"2020-12-31": 917, "2020-09-30": -1155, "2020-06-30": -567, "2020-03-31": "805.00000", "2019-12-31": -817, "2019-09-30": -1314, "2019-06-30": 1828, "2019-03-31": "148.00000", "2018-12-31": -34, "2018-09-30": -544, "2018-06-30": -1087, "2018-03-31": "-172.00000", "2017-12-31": 1798, "2017-09-30": 12, "2017-06-30": -449, "2017-03-31": "-1151.00000", "2016-12-31": 220, "2016-09-30": 816, "2016-06-30": 175, "2016-03-31": "266.00000", "2015-12-31": 11, "2015-09-30": 218, "2015-06-30": 216, "2015-03-31": "376.00000", "2014-12-31": -135, "2014-09-30": 236, "2014-06-30": 560, "2014-03-31": "222.00000", "2013-12-31": 1771, "2013-09-30": 200, "2013-06-30": 1140, "2013-03-31": "-182.00000", "2012-12-31": -726, "2012-09-30": -244, "2012-06-30": -174, "2012-03-31": "-1394.00000", "2011-12-31": -423, "2011-09-30": -69, "2011-06-30": -1013, "2011-03-31": "22.00000", "2010-12-31": -173, "2010-09-30": -1739, "2010-06-30": 1297, "2010-03-31": "183.00000", "2009-12-31": 3374, "2009-09-30": -219, "2009-06-30": -2536, "2009-03-31": "-833.00000", "2008-12-31": -3928, "2008-09-30": 202, "2008-06-30": -2258, "2008-03-31": "-1139.00000", "2007-12-31": -3482, "2007-09-30": -1562, "2007-06-30": -1748, "2007-03-31": "-965.00000", "2006-12-31": -3392, "2006-09-30": -1507, "2006-06-30": -1656, "2006-03-31": "-1093.00000", "2005-12-31": -688, "2005-09-30": -1828, "2005-06-30": -964, "2005-03-31": "-1468.00000"}, "Investing Activities - Other": {"2020-12-31": 12, "2020-09-30": -40, "2020-06-30": 33, "2020-03-31": "-5.00000", "2019-12-31": 19, "2019-09-30": -5, "2019-06-30": -2, "2019-03-31": "1.00000", "2018-12-31": 1, "2018-09-30": 0, "2018-06-30": 27, "2018-03-31": "-31.00000", "2017-12-31": 11, "2017-09-30": 16, "2017-06-30": 10, "2017-03-31": "-16.00000", "2016-12-31": -175, "2016-09-30": 9, "2016-06-30": 25, "2016-03-31": "12.00000", "2015-12-31": -16, "2015-09-30": 9, "2015-06-30": 1, "2015-03-31": "-23.00000", "2014-12-31": -24, "2014-09-30": -3, "2014-06-30": -9, "2014-03-31": "7.00000", "2013-12-31": 20, "2013-09-30": -31, "2013-06-30": 72, "2013-03-31": "4.00000", "2012-12-31": 39, "2012-09-30": -67, "2012-06-30": -10, "2012-03-31": "27.00000", "2011-12-31": 137, "2011-09-30": -20, "2011-06-30": -48, "2011-03-31": "-46.00000", "2010-12-31": -86, "2010-09-30": -147, "2010-06-30": 74, "2010-03-31": "-84.00000", "2009-12-31": -2662, "2009-09-30": -45, "2009-06-30": -17, "2009-03-31": "-178.00000", "2008-12-31": -850, "2008-09-30": -119, "2008-06-30": -121, "2008-03-31": "-520.00000", "2007-12-31": 1959, "2007-09-30": -23, "2007-06-30": -185, "2007-03-31": "-170.00000", "2006-12-31": 1003, "2006-09-30": 117, "2006-06-30": -443, "2006-03-31": "-132.00000", "2005-12-31": -471, "2005-09-30": 113, "2005-06-30": 113, "2005-03-31": "536.00000"}, "Cash Flow From Investing Activities": {"2020-12-31": 1007, "2020-09-30": -1222, "2020-06-30": -562, "2020-03-31": "777.00000", "2019-12-31": -828, "2019-09-30": -1350, "2019-06-30": -99, "2019-03-31": "129.00000", "2018-12-31": -1200, "2018-09-30": -555, "2018-06-30": 35, "2018-03-31": "-242.00000", "2017-12-31": 43, "2017-09-30": -9, "2017-06-30": -268, "2017-03-31": "-1208.00000", "2016-12-31": 4, "2016-09-30": 604, "2016-06-30": 147, "2016-03-31": "194.00000", "2015-12-31": -118, "2015-09-30": 135, "2015-06-30": 173, "2015-03-31": "295.00000", "2014-12-31": -223, "2014-09-30": 190, "2014-06-30": 1533, "2014-03-31": "196.00000", "2013-12-31": 2057, "2013-09-30": 169, "2013-06-30": 1212, "2013-03-31": "307.00000", "2012-12-31": -695, "2012-09-30": -311, "2012-06-30": -184, "2012-03-31": "-1367.00000", "2011-12-31": -286, "2011-09-30": -89, "2011-06-30": -1061, "2011-03-31": "254.00000", "2010-12-31": -148, "2010-09-30": -1886, "2010-06-30": 1501, "2010-03-31": "99.00000", "2009-12-31": 698, "2009-09-30": -264, "2009-06-30": -2546, "2009-03-31": "-1011.00000", "2008-12-31": -4778, "2008-09-30": 268, "2008-06-30": -2497, "2008-03-31": "-1820.00000", "2007-12-31": -1272, "2007-09-30": -1746, "2007-06-30": -1962, "2007-03-31": "-1196.00000", "2006-12-31": -2580, "2006-09-30": -1441, "2006-06-30": -2143, "2006-03-31": "-1246.00000", "2005-12-31": -1185, "2005-09-30": -1776, "2005-06-30": -952, "2005-03-31": "-947.00000"}, "Net Long-Term Debt": {"2020-12-31": 1011, "2020-09-30": -93, "2020-06-30": -681, "2020-03-31": "-237.00000", "2019-12-31": -32, "2019-09-30": 93, "2019-06-30": -743, "2019-03-31": "152.00000", "2018-12-31": 25, "2018-09-30": 25, "2018-06-30": -1129, "2018-03-31": "122.00000", "2017-12-31": -114, "2017-09-30": 88, "2017-06-30": -185, "2017-03-31": "1615.00000", "2016-12-31": -49, "2016-09-30": -174, "2016-06-30": 72, "2016-03-31": "64.00000", "2015-12-31": 6, "2015-09-30": 2, "2015-06-30": -308, "2015-03-31": "34.00000", "2014-12-31": 0, "2014-09-30": -299, "2014-06-30": 152, "2014-03-31": "-53.00000", "2013-12-31": -714, "2013-09-30": -509, "2013-06-30": -1024, "2013-03-31": "-546.00000", "2012-12-31": 403, "2012-09-30": 25, "2012-06-30": 1550, "2012-03-31": "", "2011-12-31": -405, "2011-09-30": 0, "2011-06-30": 0, "2011-03-31": "", "2010-12-31": 0, "2010-09-30": 0, "2010-06-30": -275, "2010-03-31": "1022.00000", "2009-12-31": 0, "2009-09-30": 0, "2009-06-30": 0, "2009-03-31": "-24.00000", "2008-12-31": 653, "2008-09-30": -425, "2008-06-30": 980, "2008-03-31": "470.00000", "2007-12-31": 0, "2007-09-30": -300, "2007-06-30": 0, "2007-03-31": "495.00000", "2006-12-31": 290, "2006-09-30": -200, "2006-06-30": -515, "2006-03-31": "", "2005-12-31": 0, "2005-09-30": 0, "2005-06-30": -250, "2005-03-31": ""}, "Net Current Debt": {"2020-12-31": 0, "2020-09-30": 0, "2020-06-30": 500, "2020-03-31": "-500.00000", "2019-12-31": 0, "2019-09-30": 0, "2019-06-30": 413, "2019-03-31": "-413.00000", "2018-12-31": 0, "2018-09-30": 0, "2018-06-30": 322, "2018-03-31": "-324.00000", "2017-12-31": -1, "2017-09-30": -1, "2017-06-30": 412, "2017-03-31": "-423.00000", "2016-12-31": -3, "2016-09-30": -8, "2016-06-30": -1, "2016-03-31": "-5.00000", "2015-12-31": -2, "2015-09-30": -18, "2015-06-30": -11, "2015-03-31": "-2.00000", "2014-12-31": 0, "2014-09-30": 193, "2014-06-30": -200, "2014-03-31": "-6.00000", "2013-12-31": 1, "2013-09-30": -27, "2013-06-30": -22, "2013-03-31": "-29.00000", "2012-12-31": -29, "2012-09-30": -64, "2012-06-30": -56, "2012-03-31": "-4.00000", "2011-12-31": -35, "2011-09-30": -19, "2011-06-30": -14, "2011-03-31": "", "2010-12-31": -2, "2010-09-30": -68, "2010-06-30": -382, "2010-03-31": "-302.00000", "2009-12-31": -57, "2009-09-30": -6, "2009-06-30": -357, "2009-03-31": "-29.00000", "2008-12-31": -15, "2008-09-30": 112, "2008-06-30": 142, "2008-03-31": "162.00000", "2007-12-31": 86, "2007-09-30": 410, "2007-06-30": 84, "2007-03-31": "46.00000", "2006-12-31": 19, "2006-09-30": -449, "2006-06-30": 515, "2006-03-31": "", "2005-12-31": 100, "2005-09-30": 0, "2005-06-30": 0, "2005-03-31": ""}, "Debt Issuance/Retirement Net - Total": {"2020-12-31": 1011, "2020-09-30": -93, "2020-06-30": -181, "2020-03-31": "-737.00000", "2019-12-31": -32, "2019-09-30": 93, "2019-06-30": -330, "2019-03-31": "-261.00000", "2018-12-31": 25, "2018-09-30": 25, "2018-06-30": -807, "2018-03-31": "-202.00000", "2017-12-31": -115, "2017-09-30": 87, "2017-06-30": 227, "2017-03-31": "1192.00000", "2016-12-31": -52, "2016-09-30": -182, "2016-06-30": 71, "2016-03-31": "59.00000", "2015-12-31": 4, "2015-09-30": -16, "2015-06-30": -319, "2015-03-31": "32.00000", "2014-12-31": 0, "2014-09-30": -106, "2014-06-30": -48, "2014-03-31": "-59.00000", "2013-12-31": -713, "2013-09-30": -536, "2013-06-30": -1046, "2013-03-31": "-575.00000", "2012-12-31": 374, "2012-09-30": -39, "2012-06-30": 1494, "2012-03-31": "-4.00000", "2011-12-31": -440, "2011-09-30": -19, "2011-06-30": -14, "2011-03-31": "", "2010-12-31": -2, "2010-09-30": -68, "2010-06-30": -657, "2010-03-31": "720.00000", "2009-12-31": -57, "2009-09-30": -6, "2009-06-30": -357, "2009-03-31": "-53.00000", "2008-12-31": 638, "2008-09-30": -313, "2008-06-30": 1122, "2008-03-31": "632.00000", "2007-12-31": 86, "2007-09-30": 110, "2007-06-30": 84, "2007-03-31": "541.00000", "2006-12-31": 309, "2006-09-30": -649, "2006-06-30": 0, "2006-03-31": "", "2005-12-31": 100, "2005-09-30": 0, "2005-06-30": -250, "2005-03-31": ""}, "Net Common Equity Issued/Repurchased": {"2020-12-31": 177, "2020-09-30": 1, "2020-06-30": 4, "2020-03-31": "-182.00000", "2019-12-31": -98, "2019-09-30": -42, "2019-06-30": -38, "2019-03-31": "-28.00000", "2018-12-31": -26, "2018-09-30": 5, "2018-06-30": 4, "2018-03-31": "1.00000", "2017-12-31": -47, "2017-09-30": -319, "2017-06-30": -321, "2017-03-31": "-351.00000", "2016-12-31": -281, "2016-09-30": -350, "2016-06-30": -350, "2016-03-31": "-340.00000", "2015-12-31": -448, "2015-09-30": -278, "2015-06-30": -207, "2015-03-31": "-275.00000", "2014-12-31": -282, "2014-09-30": -834, "2014-06-30": -380, "2014-03-31": "-270.00000", "2013-12-31": -222, "2013-09-30": -240, "2013-06-30": -108, "2013-03-31": "-43.00000", "2012-12-31": 4, "2012-09-30": 9, "2012-06-30": -401, "2012-03-31": "-52.00000", "2011-12-31": -42, "2011-09-30": 4, "2011-06-30": 4, "2011-03-31": "-2.00000", "2010-12-31": 8, "2010-09-30": 3, "2010-06-30": 6, "2010-03-31": "1608.00000", "2009-12-31": -1, "2009-09-30": 887, "2009-06-30": 25, "2009-03-31": "-7.00000", "2008-12-31": 7, "2008-09-30": -172, "2008-06-30": -796, "2008-03-31": "2.00000", "2007-12-31": 43, "2007-09-30": -351, "2007-06-30": 70, "2007-03-31": "-738.00000", "2006-12-31": 376, "2006-09-30": 715, "2006-06-30": 53, "2006-03-31": "18.00000", "2005-12-31": 106, "2005-09-30": 70, "2005-06-30": 107, "2005-03-31": "105.00000"}, "Net Total Equity Issued/Repurchased": {"2020-12-31": 177, "2020-09-30": 1, "2020-06-30": 4, "2020-03-31": "-182.00000", "2019-12-31": -98, "2019-09-30": -42, "2019-06-30": -38, "2019-03-31": "-28.00000", "2018-12-31": 308, "2018-09-30": 5, "2018-06-30": 4, "2018-03-31": "1.00000", "2017-12-31": -47, "2017-09-30": -319, "2017-06-30": -321, "2017-03-31": "-351.00000", "2016-12-31": -281, "2016-09-30": -350, "2016-06-30": -350, "2016-03-31": "-340.00000", "2015-12-31": -448, "2015-09-30": -278, "2015-06-30": -207, "2015-03-31": "-275.00000", "2014-12-31": -282, "2014-09-30": -834, "2014-06-30": -380, "2014-03-31": "-270.00000", "2013-12-31": -222, "2013-09-30": -240, "2013-06-30": -108, "2013-03-31": "-43.00000", "2012-12-31": 4, "2012-09-30": 9, "2012-06-30": -401, "2012-03-31": "-52.00000", "2011-12-31": -42, "2011-09-30": 4, "2011-06-30": 4, "2011-03-31": "-2.00000", "2010-12-31": 8, "2010-09-30": 3, "2010-06-30": 6, "2010-03-31": "-1236.00000", "2009-12-31": -1, "2009-09-30": 887, "2009-06-30": 3425, "2009-03-31": "-7.00000", "2008-12-31": 1246, "2008-09-30": -172, "2008-06-30": -796, "2008-03-31": "2.00000", "2007-12-31": 43, "2007-09-30": -351, "2007-06-30": 70, "2007-03-31": "-738.00000", "2006-12-31": 376, "2006-09-30": 715, "2006-06-30": 53, "2006-03-31": "18.00000", "2005-12-31": 106, "2005-09-30": 70, "2005-06-30": 107, "2005-03-31": "105.00000"}, "Total Common And Preferred Stock Dividends Paid": {"2020-12-31": 357, "2020-09-30": -123, "2020-06-30": -121, "2020-03-31": "-113.00000", "2019-12-31": -111, "2019-09-30": -116, "2019-06-30": -112, "2019-03-31": "-115.00000", "2018-12-31": -109, "2018-09-30": -90, "2018-06-30": -90, "2018-03-31": "-90.00000", "2017-12-31": -83, "2017-09-30": -85, "2017-06-30": -86, "2017-03-31": "-87.00000", "2016-12-31": -81, "2016-09-30": -83, "2016-06-30": -85, "2016-03-31": "-85.00000", "2015-12-31": -87, "2015-09-30": -76, "2015-06-30": -75, "2015-03-31": "-78.00000", "2014-12-31": -69, "2014-09-30": -79, "2014-06-30": -67, "2014-03-31": "-67.00000", "2013-12-31": -68, "2013-09-30": -47, "2013-06-30": -53, "2013-03-31": "-55.00000", "2012-12-31": -53, "2012-09-30": -54, "2012-06-30": -55, "2012-03-31": "-55.00000", "2011-12-31": -56, "2011-09-30": -54, "2011-06-30": -55, "2011-03-31": "-30.00000", "2010-12-31": -33, "2010-09-30": -33, "2010-06-30": -20, "2010-03-31": "-84.00000", "2009-12-31": -62, "2009-09-30": -37, "2009-06-30": -16, "2009-03-31": "-107.00000", "2008-12-31": -159, "2008-09-30": -165, "2008-06-30": -167, "2008-03-31": "-169.00000", "2007-12-31": -155, "2007-09-30": -158, "2007-06-30": -161, "2007-03-31": "-162.00000", "2006-12-31": -125, "2006-09-30": -123, "2006-06-30": -121, "2006-03-31": "-91.00000", "2005-12-31": -87, "2005-09-30": -86, "2005-06-30": -86, "2005-03-31": "-86.00000"}, "Financial Activities - Other": {"2020-12-31": 34, "2020-09-30": -37, "2020-06-30": -2, "2020-03-31": "5.00000", "2019-12-31": -7, "2019-09-30": -23, "2019-06-30": 53, "2019-03-31": "-24.00000", "2018-12-31": 0, "2018-09-30": -4, "2018-06-30": -57, "2018-03-31": "-386.00000", "2017-12-31": -76, "2017-09-30": -341, "2017-06-30": -256, "2017-03-31": "-318.00000", "2016-12-31": -160, "2016-09-30": -220, "2016-06-30": -203, "2016-03-31": "-199.00000", "2015-12-31": -307, "2015-09-30": -468, "2015-06-30": -248, "2015-03-31": "-298.00000", "2014-12-31": -449, "2014-09-30": -617, "2014-06-30": -860, "2014-03-31": "-289.00000", "2013-12-31": -1363, "2013-09-30": -260, "2013-06-30": -312, "2013-03-31": "-179.00000", "2012-12-31": -336, "2012-09-30": -242, "2012-06-30": -696, "2012-03-31": "-122.00000", "2011-12-31": 168, "2011-09-30": 149, "2011-06-30": 197, "2011-03-31": "-419.00000", "2010-12-31": -533, "2010-09-30": -330, "2010-06-30": -644, "2010-03-31": "-52.00000", "2009-12-31": -1049, "2009-09-30": -1490, "2009-06-30": -840, "2009-03-31": "293.00000", "2008-12-31": 1515, "2008-09-30": -318, "2008-06-30": 493, "2008-03-31": "885.00000", "2007-12-31": -150, "2007-09-30": 592, "2007-06-30": 217, "2007-03-31": "631.00000", "2006-12-31": 248, "2006-09-30": 547, "2006-06-30": 701, "2006-03-31": "57.00000", "2005-12-31": 86, "2005-09-30": 717, "2005-06-30": 36, "2005-03-31": "548.00000"}, "Cash Flow From Financial Activities": {"2020-12-31": 1579, "2020-09-30": -252, "2020-06-30": -300, "2020-03-31": "-1027.00000", "2019-12-31": -248, "2019-09-30": -88, "2019-06-30": -427, "2019-03-31": "-428.00000", "2018-12-31": 224, "2018-09-30": -64, "2018-06-30": -950, "2018-03-31": "-677.00000", "2017-12-31": -321, "2017-09-30": -658, "2017-06-30": -436, "2017-03-31": "436.00000", "2016-12-31": -574, "2016-09-30": -835, "2016-06-30": -567, "2016-03-31": "-565.00000", "2015-12-31": -838, "2015-09-30": -838, "2015-06-30": -849, "2015-03-31": "-619.00000", "2014-12-31": -800, "2014-09-30": -1636, "2014-06-30": -1355, "2014-03-31": "-685.00000", "2013-12-31": -2366, "2013-09-30": -1083, "2013-06-30": -1519, "2013-03-31": "-852.00000", "2012-12-31": -11, "2012-09-30": -326, "2012-06-30": 342, "2012-03-31": "-233.00000", "2011-12-31": -370, "2011-09-30": 80, "2011-06-30": 132, "2011-03-31": "-451.00000", "2010-12-31": -560, "2010-09-30": -428, "2010-06-30": -1315, "2010-03-31": "-652.00000", "2009-12-31": -1169, "2009-09-30": -646, "2009-06-30": 2212, "2009-03-31": "126.00000", "2008-12-31": 3240, "2008-09-30": -968, "2008-06-30": 652, "2008-03-31": "1350.00000", "2007-12-31": -176, "2007-09-30": 193, "2007-06-30": 210, "2007-03-31": "272.00000", "2006-12-31": 808, "2006-09-30": 490, "2006-06-30": 633, "2006-03-31": "-16.00000", "2005-12-31": 205, "2005-09-30": 701, "2005-06-30": -193, "2005-03-31": "567.00000"}, "Net Cash Flow": {"2020-12-31": -8, "2020-09-30": -102, "2020-06-30": 71, "2020-03-31": "39.00000", "2019-12-31": -28, "2019-09-30": 7, "2019-06-30": 179, "2019-03-31": "-17.00000", "2018-12-31": 19, "2018-09-30": -45, "2018-06-30": -81, "2018-03-31": "48.00000", "2017-12-31": 86, "2017-09-30": -7, "2017-06-30": 0, "2017-03-31": "-227.00000", "2016-12-31": -177, "2016-09-30": 349, "2016-06-30": -18, "2016-03-31": "31.00000", "2015-12-31": -264, "2015-09-30": 172, "2015-06-30": -7, "2015-03-31": "101.00000", "2014-12-31": -41, "2014-09-30": -1072, "2014-06-30": 227, "2014-03-31": "-143.00000", "2013-12-31": 6, "2013-09-30": -318, "2013-06-30": -245, "2013-03-31": "-436.00000", "2012-12-31": -284, "2012-09-30": 367, "2012-06-30": 279, "2012-03-31": "-522.00000", "2011-12-31": -8, "2011-09-30": 691, "2011-06-30": -419, "2011-03-31": "255.00000", "2010-12-31": 355, "2010-09-30": -1291, "2010-06-30": 919, "2010-03-31": "-63.00000", "2009-12-31": -275, "2009-09-30": -141, "2009-06-30": 707, "2009-03-31": "40.00000", "2008-12-31": -152, "2008-09-30": -121, "2008-06-30": -164, "2008-03-31": "237.00000", "2007-12-31": 59, "2007-09-30": 328, "2007-06-30": -166, "2007-03-31": "366.00000", "2006-12-31": 69, "2006-09-30": 274, "2006-06-30": -313, "2006-03-31": "121.00000", "2005-12-31": -208, "2005-09-30": 454, "2005-06-30": -412, "2005-03-31": "291.00000"}, "Stock-Based Compensation": {"2020-12-31": 0, "2020-09-30": 0, "2020-06-30": 0, "2020-03-31": "", "2019-12-31": 0, "2019-09-30": 0, "2019-06-30": 0, "2019-03-31": "", "2018-12-31": 0, "2018-09-30": 0, "2018-06-30": 0, "2018-03-31": "", "2017-12-31": 0, "2017-09-30": 0, "2017-06-30": 0, "2017-03-31": "", "2016-12-31": 0, "2016-09-30": 0, "2016-06-30": 0, "2016-03-31": "", "2015-12-31": 0, "2015-09-30": 0, "2015-06-30": 0, "2015-03-31": "", "2014-12-31": 0, "2014-09-30": 0, "2014-06-30": 0, "2014-03-31": "", "2013-12-31": 0, "2013-09-30": 0, "2013-06-30": 0, "2013-03-31": "", "2012-12-31": 0, "2012-09-30": 0, "2012-06-30": 0, "2012-03-31": "", "2011-12-31": 0, "2011-09-30": 0, "2011-06-30": 0, "2011-03-31": "", "2010-12-31": 0, "2010-09-30": 0, "2010-06-30": 0, "2010-03-31": "", "2009-12-31": 0, "2009-09-30": 0, "2009-06-30": 0, "2009-03-31": "", "2008-12-31": 0, "2008-09-30": 0, "2008-06-30": 0, "2008-03-31": "", "2007-12-31": 0, "2007-09-30": 0, "2007-06-30": 0, "2007-03-31": "", "2006-12-31": 0, "2006-09-30": 0, "2006-06-30": 0, "2006-03-31": "", "2005-12-31": 0, "2005-09-30": 0, "2005-06-30": 0, "2005-03-31": ""}, "Common Stock Dividends Paid": {"2020-12-31": 341, "2020-09-30": -117, "2020-06-30": -116, "2020-03-31": "-108.00000", "2019-12-31": -106, "2019-09-30": -111, "2019-06-30": -107, "2019-03-31": "-109.00000", "2018-12-31": -109, "2018-09-30": -90, "2018-06-30": -90, "2018-03-31": "-90.00000", "2017-12-31": -83, "2017-09-30": -85, "2017-06-30": -86, "2017-03-31": "-87.00000", "2016-12-31": -81, "2016-09-30": -83, "2016-06-30": -85, "2016-03-31": "-85.00000", "2015-12-31": -87, "2015-09-30": -76, "2015-06-30": -75, "2015-03-31": "-78.00000", "2014-12-31": -69, "2014-09-30": -79, "2014-06-30": -67, "2014-03-31": "-67.00000", "2013-12-31": -68, "2013-09-30": -47, "2013-06-30": -43, "2013-03-31": "-44.00000", "2012-12-31": -43, "2012-09-30": -43, "2012-06-30": -45, "2012-03-31": "-44.00000", "2011-12-31": -46, "2011-09-30": -43, "2011-06-30": -45, "2011-03-31": "-19.00000", "2010-12-31": -23, "2010-09-30": -22, "2010-06-30": -20, "2010-03-31": "-20.00000", "2009-12-31": -20, "2009-09-30": -14, "2009-06-30": -16, "2009-03-31": "-99.00000", "2008-12-31": -159, "2008-09-30": -165, "2008-06-30": -167, "2008-03-31": "-169.00000", "2007-12-31": -155, "2007-09-30": -158, "2007-06-30": -161, "2007-03-31": "-162.00000", "2006-12-31": -125, "2006-09-30": -123, "2006-06-30": -121, "2006-03-31": "-91.00000", "2005-12-31": -87, "2005-09-30": -86, "2005-06-30": -86, "2005-03-31": "-86.00000"}}, "financial ratios": {"Current Ratio": {"2019-12-31": "", "2018-12-31": "", "2017-12-31": "", "2016-12-31": "", "2015-12-31": "", "2014-12-31": "", "2013-12-31": "", "2012-12-31": "", "2011-12-31": "", "2010-12-31": "", "2009-12-31": "", "2008-12-31": "", "2007-12-31": "", "2006-12-31": "", "2005-12-31": ""}, "Long-term Debt / Capital": {"2019-12-31": "0.21090", "2018-12-31": "0.24560", "2017-12-31": "0.25740", "2016-12-31": "0.21000", "2015-12-31": "0.22370", "2014-12-31": "0.23190", "2013-12-31": "0.24410", "2012-12-31": "0.23690", "2011-12-31": "0.23310", "2010-12-31": "0.24490", "2009-12-31": "0.27040", "2008-12-31": "0.42900", "2007-12-31": "0.17060", "2006-12-31": "0.16620", "2005-12-31": "0.20900"}, "Debt/Equity Ratio": {"2019-12-31": "0.29800", "2018-12-31": "0.35710", "2017-12-31": "0.37040", "2016-12-31": "0.29050", "2015-12-31": "0.30380", "2014-12-31": "0.32630", "2013-12-31": "0.34620", "2012-12-31": "0.32460", "2011-12-31": "0.30390", "2010-12-31": "0.34410", "2009-12-31": "0.38980", "2008-12-31": "0.79390", "2007-12-31": "0.27680", "2006-12-31": "0.23100", "2005-12-31": "0.31110"}, "Gross Margin": {"2019-12-31": "", "2018-12-31": "", "2017-12-31": "", "2016-12-31": "", "2015-12-31": "", "2014-12-31": "", "2013-12-31": "", "2012-12-31": "", "2011-12-31": "", "2010-12-31": "", "2009-12-31": "", "2008-12-31": "", "2007-12-31": "", "2006-12-31": "", "2005-12-31": ""}, "Operating Margin": {"2019-12-31": "14.02600", "2018-12-31": "10.85200", "2017-12-31": "6.05410", "2016-12-31": "8.74100", "2015-12-31": "11.53340", "2014-12-31": "11.02400", "2013-12-31": "17.68010", "2012-12-31": "8.19980", "2011-12-31": "3.25770", "2010-12-31": "12.60830", "2009-12-31": "-5.09560", "2008-12-31": "-46.07880", "2007-12-31": "16.46860", "2006-12-31": "14.63770", "2005-12-31": "11.95220"}, "EBIT Margin": {"2019-12-31": "14.02600", "2018-12-31": "10.85200", "2017-12-31": "6.05410", "2016-12-31": "8.74100", "2015-12-31": "11.53340", "2014-12-31": "11.02400", "2013-12-31": "17.68010", "2012-12-31": "8.19980", "2011-12-31": "3.25770", "2010-12-31": "12.60830", "2009-12-31": "-5.09560", "2008-12-31": "-46.07880", "2007-12-31": "16.46860", "2006-12-31": "14.63770", "2005-12-31": "11.95220"}, "EBITDA Margin": {"2019-12-31": "16.13790", "2018-12-31": "13.51620", "2017-12-31": "8.57710", "2016-12-31": "12.00050", "2015-12-31": "14.56520", "2014-12-31": "14.46760", "2013-12-31": "25.22610", "2012-12-31": "19.31540", "2011-12-31": "9.91120", "2010-12-31": "15.91460", "2009-12-31": "2.74630", "2008-12-31": "-27.61690", "2007-12-31": "14.88270", "2006-12-31": "14.90940", "2005-12-31": "10.47150"}, "Pre-Tax Profit Margin": {"2019-12-31": "12.34330", "2018-12-31": "9.24820", "2017-12-31": "4.21280", "2016-12-31": "2.74380", "2015-12-31": "9.23920", "2014-12-31": "9.12750", "2013-12-31": "7.11560", "2012-12-31": "-0.40300", "2011-12-31": "0.92030", "2010-12-31": "10.30430", "2009-12-31": "-7.04380", "2008-12-31": "-49.79930", "2007-12-31": "15.45380", "2006-12-31": "13.59250", "2005-12-31": "11.02170"}, "Net Profit Margin": {"2019-12-31": "9.95180", "2018-12-31": "9.50150", "2017-12-31": "-18.24380", "2016-12-31": "5.50000", "2015-12-31": "10.51450", "2014-12-31": "4.28710", "2013-12-31": "0.80300", "2012-12-31": "-0.36220", "2011-12-31": "3.08290", "2010-12-31": "5.08410", "2009-12-31": "-4.15010", "2008-12-31": "-29.90560", "2007-12-31": "11.37910", "2006-12-31": "10.35850", "2005-12-31": "8.39640"}, "Asset Turnover": {"2019-12-31": "0.29290", "2018-12-31": "0.30420", "2017-12-31": "0.07620", "2016-12-31": "0.07250", "2015-12-31": "0.07010", "2014-12-31": "0.07600", "2013-12-31": "0.07440", "2012-12-31": "0.07400", "2011-12-31": "0.07180", "2010-12-31": "0.06930", "2009-12-31": "0.07940", "2008-12-31": "0.03210", "2007-12-31": "0.07190", "2006-12-31": "0.08120", "2005-12-31": "0.09480"}, "Inventory Turnover Ratio": {"2019-12-31": "", "2018-12-31": "", "2017-12-31": "", "2016-12-31": "", "2015-12-31": "", "2014-12-31": "", "2013-12-31": "", "2012-12-31": "", "2011-12-31": "", "2010-12-31": "", "2009-12-31": "", "2008-12-31": "", "2007-12-31": "", "2006-12-31": "", "2005-12-31": ""}, "Receiveable Turnover": {"2019-12-31": "", "2018-12-31": "", "2017-12-31": "", "2016-12-31": "", "2015-12-31": "", "2014-12-31": "", "2013-12-31": "", "2012-12-31": "", "2011-12-31": "", "2010-12-31": "", "2009-12-31": "", "2008-12-31": "", "2007-12-31": "", "2006-12-31": "", "2005-12-31": ""}, "Days Sales In Receivables": {"2019-12-31": "", "2018-12-31": "", "2017-12-31": "", "2016-12-31": "", "2015-12-31": "", "2014-12-31": "", "2013-12-31": "", "2012-12-31": "", "2011-12-31": "", "2010-12-31": "", "2009-12-31": "", "2008-12-31": "", "2007-12-31": "", "2006-12-31": "", "2005-12-31": ""}, "ROE - Return On Equity": {"2019-12-31": "13.08360", "2018-12-31": "11.63160", "2017-12-31": "-1.94160", "2016-12-31": "3.62660", "2015-12-31": "6.73960", "2014-12-31": "7.20620", "2013-12-31": "6.47980", "2012-12-31": "1.00500", "2011-12-31": "2.73770", "2010-12-31": "8.60540", "2009-12-31": "-5.91270", "2008-12-31": "-29.36970", "2007-12-31": "15.35620", "2006-12-31": "14.54230", "2005-12-31": "14.83850"}, "Return On Tangible Equity": {"2019-12-31": "15.69200", "2018-12-31": "13.31360", "2017-12-31": "-2.26940", "2016-12-31": "3.76260", "2015-12-31": "6.93540", "2014-12-31": "7.40310", "2013-12-31": "6.65510", "2012-12-31": "1.00950", "2011-12-31": "2.79790", "2010-12-31": "8.82660", "2009-12-31": "-5.29060", "2008-12-31": "-33.12050", "2007-12-31": "16.87260", "2006-12-31": "15.99740", "2005-12-31": "16.71440"}, "ROA - Return On Assets": {"2019-12-31": "2.94420", "2018-12-31": "2.38340", "2017-12-31": "-0.11630", "2016-12-31": "0.27300", "2015-12-31": "0.52070", "2014-12-31": "0.55060", "2013-12-31": "0.44080", "2012-12-31": "0.07370", "2011-12-31": "0.18940", "2010-12-31": "0.53400", "2009-12-31": "-0.28700", "2008-12-31": "-0.95590", "2007-12-31": "0.81830", "2006-12-31": "0.84060", "2005-12-31": "0.79630"}, "ROI - Return On Investment": {"2019-12-31": "10.11250", "2018-12-31": "8.55120", "2017-12-31": "-1.44180", "2016-12-31": "2.86490", "2015-12-31": "5.23190", "2014-12-31": "5.53480", "2013-12-31": "4.89780", "2012-12-31": "0.74790", "2011-12-31": "2.04530", "2010-12-31": "6.31970", "2009-12-31": "-3.60030", "2008-12-31": "-16.76940", "2007-12-31": "12.73590", "2006-12-31": "12.12560", "2005-12-31": "11.73800"}, "Book Value Per Share": {"2019-12-31": "45.24850", "2018-12-31": "36.47770", "2017-12-31": "37.81580", "2016-12-31": "45.20140", "2015-12-31": "43.90510", "2014-12-31": "44.10770", "2013-12-31": "41.70620", "2012-12-31": "51.44780", "2011-12-31": "48.55170", "2010-12-31": "45.68900", "2009-12-31": "46.71980", "2008-12-31": "31.13990", "2007-12-31": "61.19000", "2006-12-31": "58.38270", "2005-12-31": "50.71950"}, "Operating Cash Flow Per Share": {"2019-12-31": 1.7532, "2018-12-31": 1.7979, "2017-12-31": 0.7774, "2016-12-31": -1.2487, "2015-12-31": 2.3835, "2014-12-31": 1.5768, "2013-12-31": -3.2331, "2012-12-31": 0.9972, "2011-12-31": -2.115, "2010-12-31": -1.7156, "2009-12-31": -5.0802, "2008-12-31": -5.1066, "2007-12-31": 0.9273, "2006-12-31": 5.6354, "2005-12-31": 12.212}, "Free Cash Flow Per Share": {"2019-12-31": 1.8006, "2018-12-31": 2.1501, "2017-12-31": 0.6574, "2016-12-31": -1.0939, "2015-12-31": 1.9243, "2014-12-31": 1.4443, "2013-12-31": -3.2218, "2012-12-31": 0.8555, "2011-12-31": -2.115, "2010-12-31": -1.7156, "2009-12-31": -5.0802, "2008-12-31": -5.1066, "2007-12-31": 1.5446, "2006-12-31": 5.7085, "2005-12-31": 11.5216}}, "financial ratios, quarterly": {"Current Ratio": {"2020-09-30": "", "2020-06-30": "", "2020-03-31": "", "2019-12-31": "", "2019-09-30": "", "2019-06-30": "", "2019-03-31": "", "2018-12-31": "", "2018-09-30": "", "2018-06-30": "", "2018-03-31": "", "2017-12-31": "", "2017-09-30": "", "2017-06-30": "", "2017-03-31": "", "2016-12-31": "", "2016-09-30": "", "2016-06-30": "", "2016-03-31": "", "2015-12-31": "", "2015-09-30": "", "2015-06-30": "", "2015-03-31": "", "2014-12-31": "", "2014-09-30": "", "2014-06-30": "", "2014-03-31": "", "2013-12-31": "", "2013-09-30": "", "2013-06-30": "", "2013-03-31": "", "2012-12-31": "", "2012-09-30": "", "2012-06-30": "", "2012-03-31": "", "2011-12-31": "", "2011-09-30": "", "2011-06-30": "", "2011-03-31": "", "2010-12-31": "", "2010-09-30": "", "2010-06-30": "", "2010-03-31": "", "2009-12-31": "", "2009-09-30": "", "2009-06-30": "", "2009-03-31": "", "2008-12-31": "", "2008-09-30": "", "2008-06-30": "", "2008-03-31": "", "2007-12-31": "", "2007-09-30": "", "2007-06-30": "", "2007-03-31": "", "2006-12-31": "", "2006-09-30": "", "2006-06-30": "", "2006-03-31": "", "2005-12-31": "", "2005-09-30": "", "2005-06-30": "", "2005-03-31": ""}, "Long-term Debt / Capital": {"2020-09-30": "0.19640", "2020-06-30": "0.20310", "2020-03-31": "0.22170", "2019-12-31": "0.21090", "2019-09-30": "0.21280", "2019-06-30": "0.20940", "2019-03-31": "0.20800", "2018-12-31": "0.24560", "2018-09-30": "0.25090", "2018-06-30": "0.25360", "2018-03-31": "0.26570", "2017-12-31": "0.25740", "2017-09-30": "0.21850", "2017-06-30": "0.21790", "2017-03-31": "0.22070", "2016-12-31": "0.21000", "2016-09-30": "0.19900", "2016-06-30": "0.19980", "2016-03-31": "0.20370", "2015-12-31": "0.22370", "2015-09-30": "0.22740", "2015-06-30": "0.22720", "2015-03-31": "0.22860", "2014-12-31": "0.23190", "2014-09-30": "0.23600", "2014-06-30": "0.23050", "2014-03-31": "0.22730", "2013-12-31": "0.24410", "2013-09-30": "0.25240", "2013-06-30": "0.26160", "2013-03-31": "0.23590", "2012-12-31": "0.23690", "2012-09-30": "0.23340", "2012-06-30": "0.25150", "2012-03-31": "0.23490", "2011-12-31": "0.23310", "2011-09-30": "0.22370", "2011-06-30": "0.23290", "2011-03-31": "0.23890", "2010-12-31": "0.24490", "2010-09-30": "0.25050", "2010-06-30": "0.27180", "2010-03-31": "0.29410", "2009-12-31": "0.27040", "2009-09-30": "0.27670", "2009-06-30": "0.33190", "2009-03-31": "0.46870", "2008-12-31": "0.42900", "2008-09-30": "0.31760", "2008-06-30": "0.25410", "2008-03-31": "0.20460", "2007-12-31": "0.17060", "2007-09-30": "0.18820", "2007-06-30": "0.20150", "2007-03-31": "0.19060", "2006-12-31": "0.16620", "2006-09-30": "0.14800", "2006-06-30": "0.18010", "2006-03-31": "0.20790", "2005-12-31": "0.20900", "2005-09-30": "0.20930", "2005-06-30": "0.20670", "2005-03-31": "0.23230"}, "Debt/Equity Ratio": {"2020-09-30": "0.24440", "2020-06-30": "0.25480", "2020-03-31": "0.28490", "2019-12-31": "0.29800", "2019-09-30": "0.30140", "2019-06-30": "0.29750", "2019-03-31": "0.29750", "2018-12-31": "0.35710", "2018-09-30": "0.36740", "2018-06-30": "0.37260", "2018-03-31": "0.39320", "2017-12-31": "0.37040", "2017-09-30": "0.29810", "2017-06-30": "0.29710", "2017-03-31": "0.30200", "2016-12-31": "0.29050", "2016-09-30": "0.28540", "2016-06-30": "0.28690", "2016-03-31": "0.29390", "2015-12-31": "0.30380", "2015-09-30": "0.30360", "2015-06-30": "0.30310", "2015-03-31": "0.30510", "2014-12-31": "0.32630", "2014-09-30": "0.32430", "2014-06-30": "0.31440", "2014-03-31": "0.32110", "2013-12-31": "0.34620", "2013-09-30": "0.33750", "2013-06-30": "0.35420", "2013-03-31": "0.30870", "2012-12-31": "0.32460", "2012-09-30": "0.31830", "2012-06-30": "0.33600", "2012-03-31": "0.30690", "2011-12-31": "0.30390", "2011-09-30": "0.30580", "2011-06-30": "0.32210", "2011-03-31": "0.33300", "2010-12-31": "0.34410", "2010-09-30": "0.33420", "2010-06-30": "0.37330", "2010-03-31": "0.43200", "2009-12-31": "0.38980", "2009-09-30": "0.40200", "2009-06-30": "0.52230", "2009-03-31": "0.93550", "2008-12-31": "0.79390", "2008-09-30": "0.53930", "2008-06-30": "0.42110", "2008-03-31": "0.33380", "2007-12-31": "0.27680", "2007-09-30": "0.27520", "2007-06-30": "0.27380", "2007-03-31": "0.26030", "2006-12-31": "0.23100", "2006-09-30": "0.22990", "2006-06-30": "0.30970", "2006-03-31": "0.30930", "2005-12-31": "0.31110", "2005-09-30": "0.30520", "2005-06-30": "0.30030", "2005-03-31": "0.34640"}, "Gross Margin": {"2020-09-30": "", "2020-06-30": "", "2020-03-31": "", "2019-12-31": "", "2019-09-30": "", "2019-06-30": "", "2019-03-31": "", "2018-12-31": "", "2018-09-30": "", "2018-06-30": "", "2018-03-31": "", "2017-12-31": "", "2017-09-30": "", "2017-06-30": "", "2017-03-31": "", "2016-12-31": "", "2016-09-30": "", "2016-06-30": "", "2016-03-31": "", "2015-12-31": "", "2015-09-30": "", "2015-06-30": "", "2015-03-31": "", "2014-12-31": "", "2014-09-30": "", "2014-06-30": "", "2014-03-31": "", "2013-12-31": "", "2013-09-30": "", "2013-06-30": "", "2013-03-31": "", "2012-12-31": "", "2012-09-30": "", "2012-06-30": "", "2012-03-31": "", "2011-12-31": "", "2011-09-30": "", "2011-06-30": "", "2011-03-31": "", "2010-12-31": "", "2010-09-30": "", "2010-06-30": "", "2010-03-31": "", "2009-12-31": "", "2009-09-30": "", "2009-06-30": "", "2009-03-31": "", "2008-12-31": "", "2008-09-30": "", "2008-06-30": "", "2008-03-31": "", "2007-12-31": "", "2007-09-30": "", "2007-06-30": "", "2007-03-31": "", "2006-12-31": "", "2006-09-30": "", "2006-06-30": "", "2006-03-31": "", "2005-12-31": "", "2005-09-30": "", "2005-06-30": "", "2005-03-31": ""}, "Operating Margin": {"2020-09-30": "13.09230", "2020-06-30": "12.80580", "2020-03-31": "8.23240", "2019-12-31": "13.82210", "2019-09-30": "15.14870", "2019-06-30": "10.19250", "2019-03-31": "16.98380", "2018-12-31": "5.11550", "2018-09-30": "12.37090", "2018-06-30": "12.98810", "2018-03-31": "12.76910", "2017-12-31": "10.90040", "2017-09-30": "6.20230", "2017-06-30": "-4.79350", "2017-03-31": "11.53750", "2016-12-31": "3.56280", "2016-09-30": "13.02230", "2016-06-30": "5.43020", "2016-03-31": "10.58960", "2015-12-31": "5.01640", "2015-09-30": "9.79830", "2015-06-30": "12.20920", "2015-03-31": "15.57290", "2014-12-31": "11.15440", "2014-09-30": "12.35060", "2014-06-30": "5.28600", "2014-03-31": "15.26450", "2013-12-31": "64.34490", "2013-09-30": "11.10650", "2013-06-30": "7.11870", "2013-03-31": "16.14580", "2012-12-31": "9.63720", "2012-09-30": "9.38090", "2012-06-30": "16.45130", "2012-03-31": "1.64470", "2011-12-31": "1.88680", "2011-09-30": "2.45580", "2011-06-30": "-0.40730", "2011-03-31": "8.17460", "2010-12-31": "13.56960", "2010-09-30": "15.82850", "2010-06-30": "8.45330", "2010-03-31": "10.46830", "2009-12-31": "13.83670", "2009-09-30": "-6.48180", "2009-06-30": "1.79390", "2009-03-31": "-35.16870", "2008-12-31": "-183.36280", "2008-09-30": "1043.00300", "2008-06-30": "9.71610", "2008-03-31": "10.23320", "2007-12-31": "14.94540", "2007-09-30": "21.32920", "2007-06-30": "11.78850", "2007-03-31": "18.86370", "2006-12-31": "14.14440", "2006-09-30": "14.59430", "2006-06-30": "13.59890", "2006-03-31": "16.04770", "2005-12-31": "7.92480", "2005-09-30": "10.37360", "2005-06-30": "14.69330", "2005-03-31": "16.27790"}, "EBIT Margin": {"2020-09-30": "13.09230", "2020-06-30": "12.80580", "2020-03-31": "8.23240", "2019-12-31": "13.82210", "2019-09-30": "15.14870", "2019-06-30": "10.19250", "2019-03-31": "16.98380", "2018-12-31": "5.11550", "2018-09-30": "12.37090", "2018-06-30": "12.98810", "2018-03-31": "12.76910", "2017-12-31": "10.90040", "2017-09-30": "6.20230", "2017-06-30": "-4.79350", "2017-03-31": "11.53750", "2016-12-31": "3.56280", "2016-09-30": "13.02230", "2016-06-30": "5.43020", "2016-03-31": "10.58960", "2015-12-31": "5.01640", "2015-09-30": "9.79830", "2015-06-30": "12.20920", "2015-03-31": "15.57290", "2014-12-31": "11.15440", "2014-09-30": "12.35060", "2014-06-30": "5.28600", "2014-03-31": "15.26450", "2013-12-31": "64.34490", "2013-09-30": "11.10650", "2013-06-30": "7.11870", "2013-03-31": "16.14580", "2012-12-31": "9.63720", "2012-09-30": "9.38090", "2012-06-30": "16.45130", "2012-03-31": "1.64470", "2011-12-31": "1.88680", "2011-09-30": "2.45580", "2011-06-30": "-0.40730", "2011-03-31": "8.17460", "2010-12-31": "13.56960", "2010-09-30": "15.82850", "2010-06-30": "8.45330", "2010-03-31": "10.46830", "2009-12-31": "13.83670", "2009-09-30": "-6.48180", "2009-06-30": "1.79390", "2009-03-31": "-35.16870", "2008-12-31": "-183.36280", "2008-09-30": "1043.00300", "2008-06-30": "9.71610", "2008-03-31": "10.23320", "2007-12-31": "14.94540", "2007-09-30": "21.32920", "2007-06-30": "11.78850", "2007-03-31": "18.86370", "2006-12-31": "14.14440", "2006-09-30": "14.59430", "2006-06-30": "13.59890", "2006-03-31": "16.04770", "2005-12-31": "7.92480", "2005-09-30": "10.37360", "2005-06-30": "14.69330", "2005-03-31": "16.27790"}, "EBITDA Margin": {"2020-09-30": "", "2020-06-30": "", "2020-03-31": "", "2019-12-31": "", "2019-09-30": "", "2019-06-30": "", "2019-03-31": "", "2018-12-31": "", "2018-09-30": "", "2018-06-30": "", "2018-03-31": "", "2017-12-31": "", "2017-09-30": "", "2017-06-30": "", "2017-03-31": "", "2016-12-31": "", "2016-09-30": "", "2016-06-30": "", "2016-03-31": "", "2015-12-31": "", "2015-09-30": "", "2015-06-30": "", "2015-03-31": "", "2014-12-31": "", "2014-09-30": "", "2014-06-30": "", "2014-03-31": "", "2013-12-31": "", "2013-09-30": "", "2013-06-30": "", "2013-03-31": "", "2012-12-31": "", "2012-09-30": "", "2012-06-30": "", "2012-03-31": "", "2011-12-31": "", "2011-09-30": "", "2011-06-30": "", "2011-03-31": "", "2010-12-31": "", "2010-09-30": "", "2010-06-30": "", "2010-03-31": "", "2009-12-31": "", "2009-09-30": "", "2009-06-30": "", "2009-03-31": "", "2008-12-31": "", "2008-09-30": "", "2008-06-30": "", "2008-03-31": "", "2007-12-31": "", "2007-09-30": "", "2007-06-30": "", "2007-03-31": "", "2006-12-31": "", "2006-09-30": "", "2006-06-30": "", "2006-03-31": "", "2005-12-31": "", "2005-09-30": "", "2005-06-30": "", "2005-03-31": ""}, "Pre-Tax Profit Margin": {"2020-09-30": "10.28820", "2020-06-30": "11.68110", "2020-03-31": "6.94110", "2019-12-31": "12.60960", "2019-09-30": "12.21250", "2019-06-30": "8.95520", "2019-03-31": "15.68830", "2018-12-31": "3.60460", "2018-09-30": "10.94590", "2018-06-30": "11.21320", "2018-03-31": "11.06370", "2017-12-31": "9.19990", "2017-09-30": "4.31770", "2017-06-30": "-6.66820", "2017-03-31": "9.61860", "2016-12-31": "-25.58700", "2016-09-30": "11.19830", "2016-06-30": "3.62010", "2016-03-31": "8.63950", "2015-12-31": "0.18750", "2015-09-30": "8.30780", "2015-06-30": "10.03200", "2015-03-31": "13.53690", "2014-12-31": "9.61660", "2014-09-30": "10.40050", "2014-06-30": "3.24960", "2014-03-31": "13.20470", "2013-12-31": "59.66880", "2013-09-30": "9.17320", "2013-06-30": "5.00630", "2013-03-31": "-4.84260", "2012-12-31": "6.54760", "2012-09-30": "-0.75810", "2012-06-30": "-6.00220", "2012-03-31": "0.02610", "2011-12-31": "-0.36280", "2011-09-30": "-0.37610", "2011-06-30": "-2.77730", "2011-03-31": "6.14290", "2010-12-31": "11.40930", "2010-09-30": "13.88970", "2010-06-30": "4.41040", "2010-03-31": "8.55040", "2009-12-31": "11.90860", "2009-09-30": "-8.73810", "2009-06-30": "0.23570", "2009-03-31": "-37.39340", "2008-12-31": "-203.71680", "2008-09-30": "1064.37700", "2008-06-30": "8.68990", "2008-03-31": "5.89380", "2007-12-31": "13.76450", "2007-09-30": "20.17860", "2007-06-30": "10.92690", "2007-03-31": "17.93170", "2006-12-31": "13.22070", "2006-09-30": "13.64930", "2006-06-30": "12.17060", "2006-03-31": "15.03900", "2005-12-31": "7.10770", "2005-09-30": "9.52510", "2005-06-30": "13.63790", "2005-03-31": "15.22830"}, "Net Profit Margin": {"2020-09-30": "8.76040", "2020-06-30": "9.13580", "2020-03-31": "5.40760", "2019-12-31": "10.12870", "2019-09-30": "9.79990", "2019-06-30": "7.30560", "2019-03-31": "12.65180", "2018-12-31": "4.10100", "2018-09-30": "8.92190", "2018-06-30": "12.15290", "2018-03-31": "12.72650", "2017-12-31": "-80.72810", "2017-09-30": "5.58210", "2017-06-30": "-0.94920", "2017-03-31": "9.06690", "2016-12-31": "-3.27940", "2016-09-30": "9.28950", "2016-06-30": "4.59970", "2016-03-31": "7.32430", "2015-12-31": "19.73750", "2015-09-30": "8.35160", "2015-06-30": "8.81540", "2015-03-31": "10.11480", "2014-12-31": "8.27380", "2014-09-30": "8.13590", "2014-06-30": "-10.11700", "2014-03-31": "10.73290", "2013-12-31": "15.29470", "2013-09-30": "6.02630", "2013-06-30": "-4.01350", "2013-03-31": "-2.78150", "2012-12-31": "-1.61560", "2012-09-30": "0.04740", "2012-06-30": "-2.45350", "2012-03-31": "1.12260", "2011-12-31": "1.94120", "2011-09-30": "1.10620", "2011-06-30": "0.40730", "2011-03-31": "7.79370", "2010-12-31": "9.51900", "2010-09-30": "9.93640", "2010-06-30": "1.99080", "2010-03-31": "-2.62110", "2009-12-31": "8.02010", "2009-09-30": "-5.39200", "2009-06-30": "-0.23570", "2009-03-31": "-22.41380", "2008-12-31": "-144.07080", "2008-09-30": "669.46560", "2008-06-30": "7.23710", "2008-03-31": "9.39120", "2007-12-31": "10.48640", "2007-09-30": "14.61450", "2007-06-30": "8.18540", "2007-03-31": "12.96050", "2006-12-31": "10.33120", "2006-09-30": "10.23360", "2006-06-30": "9.57550", "2006-03-31": "11.12640", "2005-12-31": "6.05710", "2005-09-30": "7.37650", "2005-06-30": "9.92740", "2005-03-31": "11.09630"}, "Asset Turnover": {"2020-09-30": "0.07150", "2020-06-30": "0.07140", "2020-03-31": "0.07210", "2019-12-31": "0.07570", "2019-09-30": "0.07610", "2019-06-30": "0.07330", "2019-03-31": "0.07800", "2018-12-31": "0.07440", "2018-09-30": "0.07880", "2018-06-30": "0.07880", "2018-03-31": "0.02170", "2017-12-31": "0.02040", "2017-09-30": "0.01870", "2017-06-30": "0.01870", "2017-03-31": "0.01850", "2016-12-31": "0.01100", "2016-09-30": "0.02060", "2016-06-30": "0.02060", "2016-03-31": "0.01940", "2015-12-31": "0.00930", "2015-09-30": "0.01970", "2015-06-30": "0.01940", "2015-03-31": "0.01870", "2014-12-31": "0.01880", "2014-09-30": "0.01930", "2014-06-30": "0.01810", "2014-03-31": "0.01690", "2013-12-31": "0.00740", "2013-09-30": "0.01710", "2013-06-30": "0.01610", "2013-03-31": "0.03040", "2012-12-31": "0.01180", "2012-09-30": "0.02050", "2012-06-30": "0.01500", "2012-03-31": "0.02470", "2011-12-31": "0.01820", "2011-09-30": "0.01480", "2011-06-30": "0.01700", "2011-03-31": "0.01950", "2010-12-31": "0.01860", "2010-09-30": "0.02100", "2010-06-30": "0.01040", "2010-03-31": "0.01970", "2009-12-31": "0.02010", "2009-09-30": "0.01650", "2009-06-30": "0.02640", "2009-03-31": "0.01950", "2008-12-31": "0.00200", "2008-09-30": "-0.00130", "2008-06-30": "0.02250", "2008-03-31": "0.00450", "2007-12-31": "0.01570", "2007-09-30": "0.01630", "2007-06-30": "0.02220", "2007-03-31": "0.02030", "2006-12-31": "0.02320", "2006-09-30": "0.02430", "2006-06-30": "0.01690", "2006-03-31": "0.02220", "2005-12-31": "0.02700", "2005-09-30": "0.02610", "2005-06-30": "0.02260", "2005-03-31": "0.02300"}, "Inventory Turnover Ratio": {"2020-09-30": "", "2020-06-30": "", "2020-03-31": "", "2019-12-31": "", "2019-09-30": "", "2019-06-30": "", "2019-03-31": "", "2018-12-31": "", "2018-09-30": "", "2018-06-30": "", "2018-03-31": "", "2017-12-31": "", "2017-09-30": "", "2017-06-30": "", "2017-03-31": "", "2016-12-31": "", "2016-09-30": "", "2016-06-30": "", "2016-03-31": "", "2015-12-31": "", "2015-09-30": "", "2015-06-30": "", "2015-03-31": "", "2014-12-31": "", "2014-09-30": "", "2014-06-30": "", "2014-03-31": "", "2013-12-31": "", "2013-09-30": "", "2013-06-30": "", "2013-03-31": "", "2012-12-31": "", "2012-09-30": "", "2012-06-30": "", "2012-03-31": "", "2011-12-31": "", "2011-09-30": "", "2011-06-30": "", "2011-03-31": "", "2010-12-31": "", "2010-09-30": "", "2010-06-30": "", "2010-03-31": "", "2009-12-31": "", "2009-09-30": "", "2009-06-30": "", "2009-03-31": "", "2008-12-31": "", "2008-09-30": "", "2008-06-30": "", "2008-03-31": "", "2007-12-31": "", "2007-09-30": "", "2007-06-30": "", "2007-03-31": "", "2006-12-31": "", "2006-09-30": "", "2006-06-30": "", "2006-03-31": "", "2005-12-31": "", "2005-09-30": "", "2005-06-30": "", "2005-03-31": ""}, "Receiveable Turnover": {"2020-09-30": "", "2020-06-30": "", "2020-03-31": "", "2019-12-31": "", "2019-09-30": "", "2019-06-30": "", "2019-03-31": "", "2018-12-31": "", "2018-09-30": "", "2018-06-30": "", "2018-03-31": "", "2017-12-31": "", "2017-09-30": "", "2017-06-30": "", "2017-03-31": "", "2016-12-31": "", "2016-09-30": "", "2016-06-30": "", "2016-03-31": "", "2015-12-31": "", "2015-09-30": "", "2015-06-30": "", "2015-03-31": "", "2014-12-31": "", "2014-09-30": "", "2014-06-30": "", "2014-03-31": "", "2013-12-31": "", "2013-09-30": "", "2013-06-30": "", "2013-03-31": "", "2012-12-31": "", "2012-09-30": "", "2012-06-30": "", "2012-03-31": "", "2011-12-31": "", "2011-09-30": "", "2011-06-30": "", "2011-03-31": "", "2010-12-31": "", "2010-09-30": "", "2010-06-30": "", "2010-03-31": "", "2009-12-31": "", "2009-09-30": "", "2009-06-30": "", "2009-03-31": "", "2008-12-31": "", "2008-09-30": "", "2008-06-30": "", "2008-03-31": "", "2007-12-31": "", "2007-09-30": "", "2007-06-30": "", "2007-03-31": "", "2006-12-31": "", "2006-09-30": "", "2006-06-30": "", "2006-03-31": "", "2005-12-31": "", "2005-09-30": "", "2005-06-30": "", "2005-03-31": ""}, "Days Sales In Receivables": {"2020-09-30": "", "2020-06-30": "", "2020-03-31": "", "2019-12-31": "", "2019-09-30": "", "2019-06-30": "", "2019-03-31": "", "2018-12-31": "", "2018-09-30": "", "2018-06-30": "", "2018-03-31": "", "2017-12-31": "", "2017-09-30": "", "2017-06-30": "", "2017-03-31": "", "2016-12-31": "", "2016-09-30": "", "2016-06-30": "", "2016-03-31": "", "2015-12-31": "", "2015-09-30": "", "2015-06-30": "", "2015-03-31": "", "2014-12-31": "", "2014-09-30": "", "2014-06-30": "", "2014-03-31": "", "2013-12-31": "", "2013-09-30": "", "2013-06-30": "", "2013-03-31": "", "2012-12-31": "", "2012-09-30": "", "2012-06-30": "", "2012-03-31": "", "2011-12-31": "", "2011-09-30": "", "2011-06-30": "", "2011-03-31": "", "2010-12-31": "", "2010-09-30": "", "2010-06-30": "", "2010-03-31": "", "2009-12-31": "", "2009-09-30": "", "2009-06-30": "", "2009-03-31": "", "2008-12-31": "", "2008-09-30": "", "2008-06-30": "", "2008-03-31": "", "2007-12-31": "", "2007-09-30": "", "2007-06-30": "", "2007-03-31": "", "2006-12-31": "", "2006-09-30": "", "2006-06-30": "", "2006-03-31": "", "2005-12-31": "", "2005-09-30": "", "2005-06-30": "", "2005-03-31": ""}, "ROE - Return On Equity": {"2020-09-30": "2.62770", "2020-06-30": "2.79600", "2020-03-31": "1.82830", "2019-12-31": "3.43880", "2019-09-30": "3.39810", "2019-06-30": "2.48700", "2019-03-31": "4.49810", "2018-12-31": "1.53520", "2018-09-30": "3.35450", "2018-06-30": "3.45930", "2018-03-31": "3.25650", "2017-12-31": "-4.13520", "2017-09-30": "0.84140", "2017-06-30": "-0.87920", "2017-03-31": "1.78140", "2016-12-31": "-2.15350", "2016-09-30": "2.34750", "2016-06-30": "1.16390", "2016-03-31": "1.78330", "2015-12-31": "-0.35710", "2015-09-30": "2.04350", "2015-06-30": "2.26590", "2015-03-31": "2.44800", "2014-12-31": "1.84290", "2014-09-30": "2.06000", "2014-06-30": "0.77210", "2014-03-31": "2.35660", "2013-12-31": "4.58610", "2013-09-30": "1.92840", "2013-06-30": "1.22550", "2013-03-31": "-1.17860", "2012-12-31": "1.08720", "2012-09-30": "-0.03120", "2012-06-30": "-0.50460", "2012-03-31": "0.46820", "2011-12-31": "0.30580", "2011-09-30": "0.25650", "2011-06-30": "0.53510", "2011-03-31": "1.65830", "2010-12-31": "2.73850", "2010-09-30": "3.26730", "2010-06-30": "0.95450", "2010-03-31": "1.84560", "2009-12-31": "3.75650", "2009-09-30": "-1.51300", "2009-06-30": "-0.14230", "2009-03-31": "-15.32900", "2008-12-31": "-8.61110", "2008-09-30": "-20.95250", "2008-06-30": "3.22750", "2008-03-31": "0.81300", "2007-12-31": "3.09830", "2007-09-30": "4.49080", "2007-06-30": "3.36230", "2007-03-31": "4.64700", "2006-12-31": "4.14810", "2006-09-30": "4.27450", "2006-06-30": "3.09430", "2006-03-31": "4.72420", "2005-12-31": "3.04730", "2005-09-30": "3.52060", "2005-06-30": "3.86150", "2005-03-31": "4.68650"}, "Return On Tangible Equity": {"2020-09-30": "3.07680", "2020-06-30": "3.30390", "2020-03-31": "2.21500", "2019-12-31": "4.12430", "2019-09-30": "4.10310", "2019-06-30": "3.05220", "2019-03-31": "5.07820", "2018-12-31": "1.75720", "2018-09-30": "3.95810", "2018-06-30": "4.09940", "2018-03-31": "3.83310", "2017-12-31": "-4.83330", "2017-09-30": "0.87000", "2017-06-30": "-0.90900", "2017-03-31": "1.84280", "2016-12-31": "-2.23420", "2016-09-30": "2.42110", "2016-06-30": "1.19590", "2016-03-31": "1.83380", "2015-12-31": "-0.36750", "2015-09-30": "2.10100", "2015-06-30": "2.32950", "2015-03-31": "2.51360", "2014-12-31": "1.89330", "2014-09-30": "2.11590", "2014-06-30": "0.79240", "2014-03-31": "2.41750", "2013-12-31": "4.71020", "2013-09-30": "1.98050", "2013-06-30": "1.25840", "2013-03-31": "-1.17520", "2012-12-31": "1.09210", "2012-09-30": "-0.03140", "2012-06-30": "-0.51540", "2012-03-31": "0.47860", "2011-12-31": "0.31250", "2011-09-30": "0.26210", "2011-06-30": "0.54750", "2011-03-31": "1.69940", "2010-12-31": "2.80890", "2010-09-30": "3.34880", "2010-06-30": "0.98090", "2010-03-31": "1.91750", "2009-12-31": "3.36130", "2009-09-30": "-1.35160", "2009-06-30": "-0.12240", "2009-03-31": "-17.64710", "2008-12-31": "-9.71080", "2008-09-30": "-24.46080", "2008-06-30": "3.61130", "2008-03-31": "0.90350", "2007-12-31": "3.40430", "2007-09-30": "4.94080", "2007-06-30": "3.70520", "2007-03-31": "5.11530", "2006-12-31": "4.56320", "2006-09-30": "4.73370", "2006-06-30": "3.48390", "2006-03-31": "5.31780", "2005-12-31": "3.43260", "2005-09-30": "3.96620", "2005-06-30": "4.34030", "2005-03-31": "5.33180"}, "ROA - Return On Assets": {"2020-09-30": "0.63470", "2020-06-30": "0.65920", "2020-03-31": "0.39720", "2019-12-31": "0.77380", "2019-09-30": "0.76150", "2019-06-30": "0.53550", "2019-03-31": "0.99490", "2018-12-31": "0.31460", "2018-09-30": "0.69500", "2018-06-30": "0.71410", "2018-03-31": "0.19750", "2017-12-31": "-0.24770", "2017-09-30": "0.06470", "2017-06-30": "-0.06730", "2017-03-31": "0.13440", "2016-12-31": "-0.16210", "2016-09-30": "0.19170", "2016-06-30": "0.09490", "2016-03-31": "0.14200", "2015-12-31": "-0.02760", "2015-09-30": "0.16070", "2015-06-30": "0.17140", "2015-03-31": "0.18910", "2014-12-31": "0.14080", "2014-09-30": "0.15700", "2014-06-30": "0.05890", "2014-03-31": "0.17070", "2013-12-31": "0.31200", "2013-09-30": "0.12850", "2013-06-30": "0.07900", "2013-03-31": "-0.08080", "2012-12-31": "0.07970", "2012-09-30": "-0.00230", "2012-06-30": "-0.03550", "2012-03-31": "0.03120", "2011-12-31": "0.02110", "2011-09-30": "0.01870", "2011-06-30": "0.03560", "2011-03-31": "0.10510", "2010-12-31": "0.16990", "2010-09-30": "0.21180", "2010-06-30": "0.05570", "2010-03-31": "0.10050", "2009-12-31": "0.18230", "2009-09-30": "-0.06950", "2009-06-30": "-0.00520", "2009-03-31": "-0.43780", "2008-12-31": "-0.28030", "2008-09-30": "-0.84470", "2008-06-30": "0.16270", "2008-03-31": "0.04210", "2007-12-31": "0.16510", "2007-09-30": "0.23870", "2007-06-30": "0.18140", "2007-03-31": "0.26330", "2006-12-31": "0.23980", "2006-09-30": "0.24870", "2006-06-30": "0.16140", "2006-03-31": "0.24650", "2005-12-31": "0.16350", "2005-09-30": "0.19220", "2005-06-30": "0.22430", "2005-03-31": "0.25480"}, "ROI - Return On Investment": {"2020-09-30": "2.07200", "2020-06-30": "2.18470", "2020-03-31": "1.39180", "2019-12-31": "2.65790", "2019-09-30": "2.61950", "2019-06-30": "1.92330", "2019-03-31": "3.47930", "2018-12-31": "1.12860", "2018-09-30": "2.51290", "2018-06-30": "2.58210", "2018-03-31": "2.39130", "2017-12-31": "-3.07070", "2017-09-30": "0.65760", "2017-06-30": "-0.68760", "2017-03-31": "1.38830", "2016-12-31": "-1.70120", "2016-09-30": "1.88040", "2016-06-30": "0.93130", "2016-03-31": "1.42010", "2015-12-31": "-0.27720", "2015-09-30": "1.57870", "2015-06-30": "1.75110", "2015-03-31": "1.88840", "2014-12-31": "1.41550", "2014-09-30": "1.57380", "2014-06-30": "0.59410", "2014-03-31": "1.82090", "2013-12-31": "3.46650", "2013-09-30": "1.44170", "2013-06-30": "0.90490", "2013-03-31": "-0.87660", "2012-12-31": "0.80910", "2012-09-30": "-0.02340", "2012-06-30": "-0.36810", "2012-03-31": "0.34890", "2011-12-31": "0.22840", "2011-09-30": "0.19420", "2011-06-30": "0.39990", "2011-03-31": "1.22870", "2010-12-31": "2.01120", "2010-09-30": "2.38390", "2010-06-30": "0.67460", "2010-03-31": "1.26230", "2009-12-31": "2.28740", "2009-09-30": "-0.91030", "2009-06-30": "-0.07440", "2009-03-31": "-8.14360", "2008-12-31": "-4.91670", "2008-09-30": "-14.29740", "2008-06-30": "2.40740", "2008-03-31": "0.64660", "2007-12-31": "2.56960", "2007-09-30": "3.64560", "2007-06-30": "2.68470", "2007-03-31": "3.76130", "2006-12-31": "3.45880", "2006-09-30": "3.64180", "2006-06-30": "2.53690", "2006-03-31": "3.74200", "2005-12-31": "2.41060", "2005-09-30": "2.78370", "2005-06-30": "3.06350", "2005-03-31": "3.59790"}, "Book Value Per Share": {"2020-09-30": "49.69380", "2020-06-30": "47.67400", "2020-03-31": "42.65030", "2019-12-31": "45.24850", "2019-09-30": "44.53950", "2019-06-30": "42.28920", "2019-03-31": "37.25420", "2018-12-31": "36.47770", "2018-09-30": "35.48890", "2018-06-30": "35.00960", "2018-03-31": "36.70440", "2017-12-31": "37.81580", "2017-09-30": "48.19880", "2017-06-30": "47.64900", "2017-03-31": "46.07040", "2016-12-31": "45.20140", "2016-09-30": "49.14550", "2016-06-30": "47.84280", "2016-03-31": "45.78330", "2015-12-31": "43.90510", "2015-09-30": "44.25820", "2015-06-30": "43.77860", "2015-03-31": "45.27170", "2014-12-31": "44.10770", "2014-09-30": "43.44170", "2014-06-30": "43.10140", "2014-03-31": "43.70080", "2013-12-31": "41.70620", "2013-09-30": "42.20360", "2013-06-30": "41.88560", "2013-03-31": "48.05480", "2012-12-31": "51.44780", "2012-09-30": "52.70300", "2012-06-30": "50.41560", "2012-03-31": "48.25510", "2011-12-31": "48.55170", "2011-09-30": "51.13420", "2011-06-30": "48.67660", "2011-03-31": "47.17730", "2010-12-31": "45.68900", "2010-09-30": "47.05360", "2010-06-30": "42.53670", "2010-03-31": "40.18680", "2009-12-31": "46.71980", "2009-09-30": "45.63870", "2009-06-30": "41.20230", "2009-03-31": "24.23530", "2008-12-31": "31.13990", "2008-09-30": "41.80730", "2008-06-30": "55.49860", "2008-03-31": "56.70590", "2007-12-31": "61.19000", "2007-09-30": "60.40380", "2007-06-30": "58.71980", "2007-03-31": "59.58510", "2006-12-31": "58.38270", "2006-09-30": "56.01040", "2006-06-30": "50.58020", "2006-03-31": "50.86550", "2005-12-31": "50.71950", "2005-09-30": "51.00970", "2005-06-30": "52.18520", "2005-03-31": "47.93000"}, "Operating Cash Flow Per Share": {"2020-09-30": 3.8385, "2020-06-30": 2.701, "2020-03-31": "0.82530", "2019-12-31": 2.8675, "2019-09-30": 3.9441, "2019-06-30": 1.9849, "2019-03-31": "0.76500", "2018-12-31": 2.7492, "2018-09-30": 1.572, "2018-06-30": 1.5305, "2018-03-31": "1.95660", "2017-12-31": 1.8578, "2017-09-30": 1.71, "2017-06-30": 1.8483, "2017-03-31": "0.59430", "2016-12-31": 1.635, "2016-09-30": 1.5508, "2016-06-30": 1.0676, "2016-03-31": "0.97960", "2015-12-31": 1.7536, "2015-09-30": 2.1376, "2015-06-30": 1.5598, "2015-03-31": "1.03070", "2014-12-31": 2.1128, "2014-09-30": 0.8954, "2014-06-30": 0.3608, "2014-03-31": "0.72920", "2013-12-31": 0.6808, "2013-09-30": 1.0062, "2013-06-30": 0.4081, "2013-03-31": "0.42630", "2012-12-31": 0.9635, "2012-09-30": 1.9704, "2012-06-30": 0.3899, "2012-03-31": "2.43070", "2011-12-31": 1.3268, "2011-09-30": 1.4322, "2011-06-30": 1.0656, "2011-03-31": "0.93270", "2010-12-31": 2.3397, "2010-09-30": 2.0336, "2010-06-30": 1.2595, "2010-03-31": "1.23950", "2009-12-31": 0.8794, "2009-09-30": 1.6052, "2009-06-30": 2.9549, "2009-03-31": "3.14840", "2008-12-31": 3.9105, "2008-09-30": 2.5363, "2008-06-30": 5.4253, "2008-03-31": "1.79600", "2007-12-31": 4.4131, "2007-09-30": 5.1407, "2007-06-30": 5.1769, "2007-03-31": "4.04400", "2006-12-31": 5.8929, "2006-09-30": 3.8725, "2006-06-30": 3.6819, "2006-03-31": "4.40010", "2005-12-31": 2.6127, "2005-09-30": 4.8971, "2005-06-30": 2.4918, "2005-03-31": "2.21040"}, "Free Cash Flow Per Share": {"2020-09-30": 3.764, "2020-06-30": 2.6228, "2020-03-31": "0.76160", "2019-12-31": 2.785, "2019-09-30": 3.8594, "2019-06-30": 1.9192, "2019-03-31": "0.71020", "2018-12-31": 2.6064, "2018-09-30": 1.5417, "2018-06-30": 1.4757, "2018-03-31": "1.84940", "2017-12-31": 1.522, "2017-09-30": 1.6098, "2017-06-30": 1.7053, "2017-03-31": "0.48600", "2016-12-31": 1.5364, "2016-09-30": 1.4258, "2016-06-30": 0.9307, "2016-03-31": "0.77280", "2015-12-31": 1.4901, "2015-09-30": 1.9172, "2015-06-30": 1.4554, "2015-03-31": "0.89690", "2014-12-31": 1.9764, "2014-09-30": 0.7988, "2014-06-30": 0.3998, "2014-03-31": "0.66030", "2013-12-31": 0.5504, "2013-09-30": 1.0062, "2013-06-30": 0.4081, "2013-03-31": "0.42630", "2012-12-31": 0.8218, "2012-09-30": 1.9704, "2012-06-30": 0.3899, "2012-03-31": "2.43070", "2011-12-31": 1.3268, "2011-09-30": 1.4322, "2011-06-30": 1.0656, "2011-03-31": "0.93270", "2010-12-31": 2.3397, "2010-09-30": 2.0336, "2010-06-30": 1.2595, "2010-03-31": "1.23950", "2009-12-31": 0.8794, "2009-09-30": 1.6052, "2009-06-30": 2.9549, "2009-03-31": "3.14840", "2008-12-31": 3.9105, "2008-09-30": 3.1271, "2008-06-30": 5.0467, "2008-03-31": "1.58380", "2007-12-31": 5.2024, "2007-09-30": 4.633, "2007-06-30": 5.0843, "2007-03-31": "3.85500", "2006-12-31": 5.6418, "2006-09-30": 3.7145, "2006-06-30": 3.5412, "2006-03-31": "4.33260", "2005-12-31": 2.4727, "2005-09-30": 4.7284, "2005-06-30": 2.1599, "2005-03-31": "2.16060"}}, "revenue": {"Hartford Financial Services Annual Revenue (Millions of US $)": {"2020": "$20,523", "2019": "$20,740", "2018": "$18,955", "2017": "$17,162", "2016": "$16,291", "2015": "$15,997", "2014": "$18,614", "2013": "$20,673", "2012": "$22,086", "2011": "$21,733", "2010": "$22,049", "2009": "$24,433", "2008": "$9,219", "2007": "$25,916", "2006": "$26,500", "2005": "$27,083"}, "Hartford Financial Services Quarterly Revenue (Millions of US $)": {"2020-12-31": "$5,328", "2020-09-30": "$5,171", "2020-06-30": "$5,068", "2020-03-31": "$4,956", "2019-12-31": "$5,361", "2019-09-30": "$5,347", "2019-06-30": "$5,092", "2019-03-31": "$4,940", "2018-12-31": "$4,633", "2018-09-30": "$4,842", "2018-06-30": "$4,789", "2018-03-31": "$4,691", "2017-12-31": "$4,587", "2017-09-30": "$4,192", "2017-06-30": "$4,214", "2017-03-31": "$4,169", "2016-12-31": "$2,470", "2016-09-30": "$4,715", "2016-06-30": "$4,696", "2016-03-31": "$4,410", "2015-12-31": "$2,133", "2015-09-30": "$4,562", "2015-06-30": "$4,685", "2015-03-31": "$4,617", "2014-12-31": "$4,617", "2014-09-30": "$4,769", "2014-06-30": "$4,616", "2014-03-31": "$4,612", "2013-12-31": "$2,053", "2013-09-30": "$4,862", "2013-06-30": "$4,734", "2013-03-31": "$9,024", "2012-12-31": "$3,528", "2012-09-30": "$6,332", "2012-06-30": "$4,565", "2012-03-31": "$7,661", "2011-12-31": "$5,512", "2011-09-30": "$4,520", "2011-06-30": "$5,401", "2011-03-31": "$6,300", "2010-12-31": "$5,925", "2010-09-30": "$6,602", "2010-06-30": "$3,265", "2010-03-31": "$6,257", "2009-12-31": "$6,172", "2009-09-30": "$5,230", "2009-06-30": "$7,637", "2009-03-31": "$5,394", "2008-12-31": "$565", "2008-09-30": "$-393", "2008-06-30": "$7,503", "2008-03-31": "$1,544", "2007-12-31": "$5,674", "2007-09-30": "$5,823", "2007-06-30": "$7,660", "2007-03-31": "$6,759", "2006-12-31": "$7,579", "2006-09-30": "$7,407", "2006-06-30": "$4,971", "2006-03-31": "$6,543", "2005-12-31": "$7,710", "2005-09-30": "$7,307", "2005-06-30": "$6,064", "2005-03-31": "$6,002"}}, "gross-profit": {"Hartford Financial Services Annual Gross Profit (Millions of US $)": {"2020": "$8,718", "2019": "$9,268", "2018": "$7,790", "2017": "$6,988", "2016": "$6,330", "2015": "$6,672", "2014": "$7,809", "2013": "$9,625", "2012": "$8,891", "2011": "$8,451", "2010": "$9,798", "2009": "$7,414", "2008": "$5,471", "2007": "$11,852", "2006": "$11,458", "2005": "$10,307"}, "Hartford Financial Services Quarterly Gross Profit (Millions of US $)": {"2020-12-31": "$2,248", "2020-09-30": "$2,209", "2020-06-30": "$2,221", "2020-03-31": "$2,040", "2019-12-31": "$2,422", "2019-09-30": "$2,433", "2019-06-30": "$2,158", "2019-03-31": "$2,255", "2018-12-31": "$1,687", "2018-09-30": "$2,056", "2018-06-30": "$2,051", "2018-03-31": "$1,996", "2017-12-31": "$1,895", "2017-09-30": "$1,554", "2017-06-30": "$1,794", "2017-03-31": "$1,745", "2016-12-31": "$1,072", "2016-09-30": "$1,935", "2016-06-30": "$1,554", "2016-03-31": "$1,769", "2015-12-31": "$893", "2015-09-30": "$1,852", "2015-06-30": "$1,873", "2015-03-31": "$2,054", "2014-12-31": "$2,035", "2014-09-30": "$2,145", "2014-06-30": "$1,593", "2014-03-31": "$2,036", "2013-12-31": "$1,917", "2013-09-30": "$2,098", "2013-06-30": "$1,812", "2013-03-31": "$3,798", "2012-12-31": "$2,099", "2012-09-30": "$2,427", "2012-06-30": "$2,606", "2012-03-31": "$1,759", "2011-12-31": "$1,707", "2011-09-30": "$2,403", "2011-06-30": "$2,022", "2011-03-31": "$2,319", "2010-12-31": "$2,531", "2010-09-30": "$2,522", "2010-06-30": "$2,322", "2010-03-31": "$2,423", "2009-12-31": "$2,389", "2009-09-30": "$1,522", "2009-06-30": "$2,022", "2009-03-31": "$1,481", "2008-12-31": "$1,914", "2008-09-30": "$-972", "2008-06-30": "$2,764", "2008-03-31": "$1,765", "2007-12-31": "$2,899", "2007-09-30": "$2,855", "2007-06-30": "$2,882", "2007-03-31": "$3,216", "2006-12-31": "$3,278", "2006-09-30": "$2,916", "2006-06-30": "$2,500", "2006-03-31": "$2,764", "2005-12-31": "$2,504", "2005-09-30": "$2,538", "2005-06-30": "$2,618", "2005-03-31": "$2,647"}}, "operating-income": {"Hartford Financial Services Annual Operating Income (Millions of US $)": {"2020": "$2,460", "2019": "$2,909", "2018": "$2,057", "2017": "$1,039", "2016": "$1,424", "2015": "$1,845", "2014": "$2,052", "2013": "$3,655", "2012": "$1,811", "2011": "$708", "2010": "$2,780", "2009": "$-1,245", "2008": "$-4,248", "2007": "$4,268", "2006": "$3,879", "2005": "$3,237"}, "Hartford Financial Services Quarterly Operating Income (Millions of US $)": {"2020-12-31": "$726", "2020-09-30": "$677", "2020-06-30": "$649", "2020-03-31": "$408", "2019-12-31": "$741", "2019-09-30": "$810", "2019-06-30": "$519", "2019-03-31": "$839", "2018-12-31": "$237", "2018-09-30": "$599", "2018-06-30": "$622", "2018-03-31": "$599", "2017-12-31": "$500", "2017-09-30": "$260", "2017-06-30": "$-202", "2017-03-31": "$481", "2016-12-31": "$88", "2016-09-30": "$614", "2016-06-30": "$255", "2016-03-31": "$467", "2015-12-31": "$107", "2015-09-30": "$447", "2015-06-30": "$572", "2015-03-31": "$719", "2014-12-31": "$515", "2014-09-30": "$589", "2014-06-30": "$244", "2014-03-31": "$704", "2013-12-31": "$1,321", "2013-09-30": "$540", "2013-06-30": "$337", "2013-03-31": "$1,457", "2012-12-31": "$340", "2012-09-30": "$594", "2012-06-30": "$751", "2012-03-31": "$126", "2011-12-31": "$104", "2011-09-30": "$111", "2011-06-30": "$-22", "2011-03-31": "$515", "2010-12-31": "$804", "2010-09-30": "$1,045", "2010-06-30": "$276", "2010-03-31": "$655", "2009-12-31": "$854", "2009-09-30": "$-339", "2009-06-30": "$137", "2009-03-31": "$-1,897", "2008-12-31": "$-1,036", "2008-09-30": "$-4,099", "2008-06-30": "$729", "2008-03-31": "$158", "2007-12-31": "$848", "2007-09-30": "$1,242", "2007-06-30": "$903", "2007-03-31": "$1,275", "2006-12-31": "$1,072", "2006-09-30": "$1,081", "2006-06-30": "$676", "2006-03-31": "$1,050", "2005-12-31": "$611", "2005-09-30": "$758", "2005-06-30": "$891", "2005-03-31": "$977"}}, "ebitda": {"Hartford Financial Services Annual EBITDA (Millions of US $)": {"2019": "$3,347", "2018": "$2,562", "2017": "$1,472", "2016": "$1,955", "2015": "$2,330", "2014": "$2,693", "2013": "$5,215", "2012": "$4,266", "2011": "$2,154", "2010": "$3,509", "2009": "$671", "2008": "$-2,546", "2007": "$3,857", "2006": "$3,951", "2005": "$2,836"}, "Hartford Financial Services Quarterly EBITDA (Millions of US $)": {"2020-09-30": "$828", "2020-06-30": "$804", "2020-03-31": "$532", "2019-12-31": "$884", "2019-09-30": "$936", "2019-06-30": "$598", "2019-03-31": "$929", "2018-12-31": "$348", "2018-09-30": "$713", "2018-06-30": "$759", "2018-03-31": "$742", "2017-12-31": "$584", "2017-09-30": "$382", "2017-06-30": "$-82", "2017-03-31": "$588", "2016-12-31": "$230", "2016-09-30": "$785", "2016-06-30": "$358", "2016-03-31": "$582", "2015-12-31": "$190", "2015-09-30": "$601", "2015-06-30": "$686", "2015-03-31": "$853", "2014-12-31": "$688", "2014-09-30": "$918", "2014-06-30": "$277", "2014-03-31": "$810", "2013-12-31": "$420", "2013-09-30": "$1,885", "2013-06-30": "$397", "2013-03-31": "$2,513", "2012-12-31": "$2,239", "2012-09-30": "$877", "2012-06-30": "$1,044", "2012-03-31": "$106", "2011-12-31": "$242", "2011-09-30": "$-7", "2011-06-30": "$826", "2011-03-31": "$1,093", "2010-12-31": "$903", "2010-09-30": "$956", "2010-06-30": "$200", "2010-03-31": "$1,450", "2009-12-31": "$-1,242", "2009-09-30": "$449", "2009-06-30": "$933", "2009-03-31": "$531", "2008-12-31": "$-2,798", "2008-09-30": "$-2,385", "2008-06-30": "$1,821", "2008-03-31": "$816", "2007-12-31": "$-2,232", "2007-09-30": "$1,920", "2007-06-30": "$1,910", "2007-03-31": "$2,259", "2006-12-31": "$-1,728", "2006-09-30": "$1,989", "2006-06-30": "$1,779", "2006-03-31": "$1,911", "2005-12-31": "$-2,535", "2005-09-30": "$1,735", "2005-06-30": "$1,847", "2005-03-31": "$1,789"}}, "net-income": {"Hartford Financial Services Annual Net Income (Millions of US $)": {"2020": "$1,716", "2019": "$2,064", "2018": "$1,801", "2017": "$-3,131", "2016": "$896", "2015": "$1,682", "2014": "$798", "2013": "$166", "2012": "$-80", "2011": "$670", "2010": "$1,121", "2009": "$-1,014", "2008": "$-2,757", "2007": "$2,949", "2006": "$2,745", "2005": "$2,274"}, "Hartford Financial Services Quarterly Net Income (Millions of US $)": {"2020-12-31": "$532", "2020-09-30": "$453", "2020-06-30": "$463", "2020-03-31": "$268", "2019-12-31": "$543", "2019-09-30": "$524", "2019-06-30": "$372", "2019-03-31": "$625", "2018-12-31": "$190", "2018-09-30": "$432", "2018-06-30": "$582", "2018-03-31": "$597", "2017-12-31": "$-3,703", "2017-09-30": "$234", "2017-06-30": "$-40", "2017-03-31": "$378", "2016-12-31": "$-81", "2016-09-30": "$438", "2016-06-30": "$216", "2016-03-31": "$323", "2015-12-31": "$421", "2015-09-30": "$381", "2015-06-30": "$413", "2015-03-31": "$467", "2014-12-31": "$382", "2014-09-30": "$388", "2014-06-30": "$-467", "2014-03-31": "$495", "2013-12-31": "$314", "2013-09-30": "$293", "2013-06-30": "$-190", "2013-03-31": "$-251", "2012-12-31": "$-57", "2012-09-30": "$3", "2012-06-30": "$-112", "2012-03-31": "$86", "2011-12-31": "$107", "2011-09-30": "$50", "2011-06-30": "$22", "2011-03-31": "$491", "2010-12-31": "$564", "2010-09-30": "$656", "2010-06-30": "$65", "2010-03-31": "$-164", "2009-12-31": "$495", "2009-09-30": "$-282", "2009-06-30": "$-18", "2009-03-31": "$-1,209", "2008-12-31": "$-814", "2008-09-30": "$-2,631", "2008-06-30": "$543", "2008-03-31": "$145", "2007-12-31": "$595", "2007-09-30": "$851", "2007-06-30": "$627", "2007-03-31": "$876", "2006-12-31": "$783", "2006-09-30": "$758", "2006-06-30": "$476", "2006-03-31": "$728", "2005-12-31": "$467", "2005-09-30": "$539", "2005-06-30": "$602", "2005-03-31": "$666"}}, "eps-earnings-per-share-diluted": {"Hartford Financial Services Annual EPS": {"2020": "$4.76", "2019": "$5.66", "2018": "$4.95", "2017": "$-8.61", "2016": "$2.27", "2015": "$3.96", "2014": "$1.73", "2013": "$0.36", "2012": "$-0.18", "2011": "$1.40", "2010": "$2.40", "2009": "$-2.93", "2008": "$-8.99", "2007": "$9.24", "2006": "$8.69", "2005": "$7.44"}, "Hartford Financial Services Quarterly EPS": {"2020-12-31": "$1.47", "2020-09-30": "$1.26", "2020-06-30": "$1.29", "2020-03-31": "$0.74", "2019-12-31": "$1.50", "2019-09-30": "$1.43", "2019-06-30": "$1.02", "2019-03-31": "$1.71", "2018-12-31": "$0.52", "2018-09-30": "$1.19", "2018-06-30": "$1.60", "2018-03-31": "$1.64", "2017-12-31": "$-10.14", "2017-09-30": "$0.64", "2017-06-30": "$-0.11", "2017-03-31": "$1.00", "2016-12-31": "$-0.18", "2016-09-30": "$1.12", "2016-06-30": "$0.54", "2016-03-31": "$0.79", "2015-12-31": "$1.02", "2015-09-30": "$0.90", "2015-06-30": "$0.96", "2015-03-31": "$1.08", "2014-12-31": "$0.88", "2014-09-30": "$0.86", "2014-06-30": "$-1.04", "2014-03-31": "$1.03", "2013-12-31": "$0.76", "2013-09-30": "$0.60", "2013-06-30": "$-0.42", "2013-03-31": "$-0.58", "2012-12-31": "$-0.11", "2012-09-30": "$0.01", "2012-06-30": "$-0.26", "2012-03-31": "$0.18", "2011-12-31": "$0.25", "2011-09-30": "$0.11", "2011-06-30": "$0.05", "2011-03-31": "$0.99", "2010-12-31": "$1.34", "2010-09-30": "$1.34", "2010-06-30": "$0.14", "2010-03-31": "$-0.42", "2009-12-31": "$1.69", "2009-09-30": "$-0.79", "2009-06-30": "$-0.06", "2009-03-31": "$-3.77", "2008-12-31": "$-2.44", "2008-09-30": "$-8.74", "2008-06-30": "$1.73", "2008-03-31": "$0.46", "2007-12-31": "$1.89", "2007-09-30": "$2.68", "2007-06-30": "$1.96", "2007-03-31": "$2.71", "2006-12-31": "$2.44", "2006-09-30": "$2.39", "2006-06-30": "$1.52", "2006-03-31": "$2.34", "2005-12-31": "$1.46", "2005-09-30": "$1.79", "2005-06-30": "$1.98", "2005-03-31": "$2.21"}}, "shares-outstanding": {"Hartford Financial Services Annual Shares Outstanding (Millions of Shares)": {"2020": "361", "2019": "365", "2018": "364", "2017": "364", "2016": "395", "2015": "425", "2014": "460", "2013": "491", "2012": "466", "2011": "478", "2010": "482", "2009": "346", "2008": "307", "2007": "319", "2006": "316", "2005": "306"}, "Hartford Financial Services Quarterly Shares Outstanding (Millions of Shares)": {"2020-12-31": "362", "2020-09-30": "361", "2020-06-30": "359", "2020-03-31": "361", "2019-12-31": "365", "2019-09-30": "365", "2019-06-30": "365", "2019-03-31": "365", "2018-12-31": "364", "2018-09-30": "364", "2018-06-30": "364", "2018-03-31": "364", "2017-12-31": "364", "2017-09-30": "367", "2017-06-30": "366", "2017-03-31": "379", "2016-12-31": "395", "2016-09-30": "391", "2016-06-30": "399", "2016-03-31": "406", "2015-12-31": "425", "2015-09-30": "423", "2015-06-30": "428", "2015-03-31": "434", "2014-12-31": "460", "2014-09-30": "451", "2014-06-30": "468", "2014-03-31": "479", "2013-12-31": "491", "2013-09-30": "491", "2013-06-30": "489", "2013-03-31": "436", "2012-12-31": "466", "2012-09-30": "462", "2012-06-30": "438", "2012-03-31": "469", "2011-12-31": "478", "2011-09-30": "473", "2011-06-30": "482", "2011-03-31": "508", "2010-12-31": "482", "2010-09-30": "495", "2010-06-30": "480", "2010-03-31": "394", "2009-12-31": "346", "2009-09-30": "356", "2009-06-30": "325", "2009-03-31": "321", "2008-12-31": "307", "2008-09-30": "301", "2008-06-30": "313", "2008-03-31": "316", "2007-12-31": "319", "2007-09-30": "318", "2007-06-30": "320", "2007-03-31": "323", "2006-12-31": "316", "2006-09-30": "317", "2006-06-30": "312", "2006-03-31": "311", "2005-12-31": "306", "2005-09-30": "307", "2005-06-30": "304", "2005-03-31": "301"}}, "total-assets": {"Hartford Financial Services Annual Total Assets (Millions of US $)": {"2019": "$70,817", "2018": "$62,307", "2017": "$225,260", "2016": "$224,576", "2015": "$228,348", "2014": "$245,013", "2013": "$277,884", "2012": "$298,513", "2011": "$302,609", "2010": "$318,346", "2009": "$307,717", "2008": "$287,583", "2007": "$360,361", "2006": "$326,544", "2005": "$285,557"}, "Hartford Financial Services Quarterly Total Assets (Millions of US $)": {"2020-09-30": "$72,319", "2020-06-30": "$70,990", "2020-03-31": "$68,724", "2019-12-31": "$70,817", "2019-09-30": "$70,256", "2019-06-30": "$69,472", "2019-03-31": "$63,324", "2018-12-31": "$62,307", "2018-09-30": "$61,437", "2018-06-30": "$60,775", "2018-03-31": "$216,666", "2017-12-31": "$225,260", "2017-09-30": "$224,211", "2017-06-30": "$225,863", "2017-03-31": "$225,388", "2016-12-31": "$224,576", "2016-09-30": "$228,430", "2016-06-30": "$227,616", "2016-03-31": "$227,493", "2015-12-31": "$228,348", "2015-09-30": "$231,453", "2015-06-30": "$241,020", "2015-03-31": "$246,960", "2014-12-31": "$245,013", "2014-09-30": "$247,100", "2014-06-30": "$254,713", "2014-03-31": "$272,923", "2013-12-31": "$277,884", "2013-09-30": "$283,947", "2013-06-30": "$294,833", "2013-03-31": "$297,021", "2012-12-31": "$298,513", "2012-09-30": "$308,721", "2012-06-30": "$303,977", "2012-03-31": "$310,548", "2011-12-31": "$302,609", "2011-09-30": "$305,598", "2011-06-30": "$317,469", "2011-03-31": "$322,538", "2010-12-31": "$318,346", "2010-09-30": "$313,926", "2010-06-30": "$314,150", "2010-03-31": "$317,282", "2009-12-31": "$307,717", "2009-09-30": "$316,720", "2009-06-30": "$289,700", "2009-03-31": "$276,168", "2008-12-31": "$287,583", "2008-09-30": "$311,485", "2008-06-30": "$333,840", "2008-03-31": "$344,168", "2007-12-31": "$360,361", "2007-09-30": "$356,455", "2007-06-30": "$345,646", "2007-03-31": "$332,711", "2006-12-31": "$326,544", "2006-09-30": "$304,794", "2006-06-30": "$294,938", "2006-03-31": "$295,375", "2005-12-31": "$285,557", "2005-09-30": "$280,465", "2005-06-30": "$268,382", "2005-03-31": "$261,420"}}, "cash-on-hand": {"Hartford Financial Services Annual Cash on Hand (Millions of US $)": {"2019": "$262", "2018": "$121", "2017": "$180", "2016": "$328", "2015": "$448", "2014": "$399", "2013": "$1,428", "2012": "$2,421", "2011": "$2,581", "2010": "$2,062", "2009": "$2,142", "2008": "$1,811", "2007": "$2,011", "2006": "$1,424", "2005": "$1,273"}, "Hartford Financial Services Quarterly Cash on Hand (Millions of US $)": {"2020-09-30": "$270", "2020-06-30": "$372", "2020-03-31": "$301", "2019-12-31": "$262", "2019-09-30": "$290", "2019-06-30": "$283", "2019-03-31": "$104", "2018-12-31": "$121", "2018-09-30": "$102", "2018-06-30": "$147", "2018-03-31": "$228", "2017-12-31": "$180", "2017-09-30": "$333", "2017-06-30": "$362", "2017-03-31": "$337", "2016-12-31": "$328", "2016-09-30": "$810", "2016-06-30": "$461", "2016-03-31": "$479", "2015-12-31": "$448", "2015-09-30": "$665", "2015-06-30": "$493", "2015-03-31": "$500", "2014-12-31": "$399", "2014-09-30": "$440", "2014-06-30": "$1,512", "2014-03-31": "$1,285", "2013-12-31": "$1,428", "2013-09-30": "$1,422", "2013-06-30": "$1,740", "2013-03-31": "$1,985", "2012-12-31": "$2,421", "2012-09-30": "$2,705", "2012-06-30": "$2,338", "2012-03-31": "$2,059", "2011-12-31": "$2,581", "2011-09-30": "$2,589", "2011-06-30": "$1,898", "2011-03-31": "$2,317", "2010-12-31": "$2,062", "2010-09-30": "$1,707", "2010-06-30": "$2,998", "2010-03-31": "$2,079", "2009-12-31": "$2,142", "2009-09-30": "$2,417", "2009-06-30": "$2,558", "2009-03-31": "$1,851", "2008-12-31": "$1,811", "2008-09-30": "$1,963", "2008-06-30": "$2,084", "2008-03-31": "$2,248", "2007-12-31": "$2,011", "2007-09-30": "$1,952", "2007-06-30": "$1,624", "2007-03-31": "$1,790", "2006-12-31": "$1,424", "2006-09-30": "$1,355", "2006-06-30": "$1,081", "2006-03-31": "$1,394", "2005-12-31": "$1,273", "2005-09-30": "$1,481", "2005-06-30": "$1,027", "2005-03-31": "$1,439"}}, "long-term-debt": {"Hartford Financial Services Annual Long Term Debt (Millions of US $)": {"2019": "$4,348", "2018": "$4,265", "2017": "$4,678", "2016": "$4,494", "2015": "$5,084", "2014": "$5,653", "2013": "$6,106", "2012": "$6,967", "2011": "$6,530", "2010": "$6,589", "2009": "$6,632", "2008": "$7,033", "2007": "$3,951", "2006": "$3,762", "2005": "$4,048"}, "Hartford Financial Services Quarterly Long Term Debt (Millions of US $)": {"2020-09-30": "$4,351", "2020-06-30": "$4,350", "2020-03-31": "$4,349", "2019-12-31": "$4,348", "2019-09-30": "$4,346", "2019-06-30": "$4,050", "2019-03-31": "$3,767", "2018-12-31": "$4,265", "2018-09-30": "$4,263", "2018-06-30": "$4,262", "2018-03-31": "$4,755", "2017-12-31": "$4,678", "2017-09-30": "$4,818", "2017-06-30": "$4,817", "2017-03-31": "$4,817", "2016-12-31": "$4,494", "2016-09-30": "$4,635", "2016-06-30": "$4,634", "2016-03-31": "$4,633", "2015-12-31": "$5,084", "2015-09-30": "$5,359", "2015-06-30": "$5,358", "2015-03-31": "$5,653", "2014-12-31": "$5,653", "2014-09-30": "$5,819", "2014-06-30": "$5,819", "2014-03-31": "$5,818", "2013-12-31": "$6,106", "2013-09-30": "$6,389", "2013-06-30": "$6,735", "2013-03-31": "$6,459", "2012-12-31": "$6,967", "2012-09-30": "$6,996", "2012-06-30": "$7,379", "2012-03-31": "$6,530", "2011-12-31": "$6,530", "2011-09-30": "$6,566", "2011-06-30": "$6,582", "2011-03-31": "$6,592", "2010-12-31": "$6,589", "2010-09-30": "$6,987", "2010-06-30": "$7,052", "2010-03-31": "$7,431", "2009-12-31": "$6,632", "2009-09-30": "$6,686", "2009-06-30": "$6,689", "2009-03-31": "$6,959", "2008-12-31": "$7,033", "2008-09-30": "$5,845", "2008-06-30": "$5,731", "2008-03-31": "$4,589", "2007-12-31": "$3,951", "2007-09-30": "$4,393", "2007-06-30": "$4,707", "2007-03-31": "$4,439", "2006-12-31": "$3,762", "2006-09-30": "$3,081", "2006-06-30": "$3,380", "2006-03-31": "$4,045", "2005-12-31": "$4,048", "2005-09-30": "$4,053", "2005-06-30": "$4,061", "2005-03-31": "$4,300"}}, "total-liabilities": {"Hartford Financial Services Annual Total Liabilities (Millions of US $)": {"2019": "$54,547", "2018": "$49,206", "2017": "$211,766", "2016": "$207,673", "2015": "$210,706", "2014": "$226,293", "2013": "$258,979", "2012": "$276,066", "2011": "$281,123", "2010": "$298,035", "2009": "$289,823", "2008": "$278,223", "2007": "$341,157", "2006": "$307,668", "2005": "$270,232"}, "Hartford Financial Services Quarterly Total Liabilities (Millions of US $)": {"2020-09-30": "$54,517", "2020-06-30": "$53,918", "2020-03-31": "$53,458", "2019-12-31": "$54,547", "2019-09-30": "$54,178", "2019-06-30": "$54,180", "2019-03-31": "$48,984", "2018-12-31": "$49,206", "2018-09-30": "$48,708", "2018-06-30": "$48,229", "2018-03-31": "$203,523", "2017-12-31": "$211,766", "2017-09-30": "$206,978", "2017-06-30": "$208,575", "2017-03-31": "$208,379", "2016-12-31": "$207,673", "2016-09-30": "$209,772", "2016-06-30": "$209,057", "2016-03-31": "$209,381", "2015-12-31": "$210,706", "2015-09-30": "$213,249", "2015-06-30": "$222,793", "2015-03-31": "$227,883", "2014-12-31": "$226,293", "2014-09-30": "$228,265", "2014-06-30": "$235,285", "2014-03-31": "$253,149", "2013-12-31": "$258,979", "2013-09-30": "$265,019", "2013-06-30": "$275,820", "2013-03-31": "$276,101", "2012-12-31": "$276,066", "2012-09-30": "$285,739", "2012-06-30": "$282,016", "2012-03-31": "$289,274", "2011-12-31": "$281,123", "2011-09-30": "$282,817", "2011-06-30": "$295,794", "2011-03-31": "$301,539", "2010-12-31": "$298,035", "2010-09-30": "$293,017", "2010-06-30": "$295,259", "2010-03-31": "$299,442", "2009-12-31": "$289,823", "2009-09-30": "$299,239", "2009-06-30": "$276,238", "2009-03-31": "$268,281", "2008-12-31": "$278,223", "2008-09-30": "$298,928", "2008-06-30": "$317,016", "2008-03-31": "$326,332", "2007-12-31": "$341,157", "2007-09-30": "$337,505", "2007-06-30": "$326,998", "2007-03-31": "$313,860", "2006-12-31": "$307,668", "2006-09-30": "$287,061", "2006-06-30": "$279,555", "2006-03-31": "$279,965", "2005-12-31": "$270,232", "2005-09-30": "$265,155", "2005-06-30": "$252,792", "2005-03-31": "$247,209"}}, "total-share-holder-equity": {"Hartford Financial Services Annual Share Holder Equity (Millions of US $)": {"2019": "$16,270", "2018": "$13,101", "2017": "$13,494", "2016": "$16,903", "2015": "$17,642", "2014": "$18,720", "2013": "$18,905", "2012": "$22,447", "2011": "$21,486", "2010": "$20,311", "2009": "$17,894", "2008": "$9,360", "2007": "$19,204", "2006": "$18,876", "2005": "$15,325"}, "Hartford Financial Services Quarterly Share Holder Equity (Millions of US $)": {"2020-09-30": "$17,802", "2020-06-30": "$17,072", "2020-03-31": "$15,266", "2019-12-31": "$16,270", "2019-09-30": "$16,078", "2019-06-30": "$15,292", "2019-03-31": "$14,340", "2018-12-31": "$13,101", "2018-09-30": "$12,729", "2018-06-30": "$12,546", "2018-03-31": "$13,143", "2017-12-31": "$13,494", "2017-09-30": "$17,233", "2017-06-30": "$17,288", "2017-03-31": "$17,009", "2016-12-31": "$16,903", "2016-09-30": "$18,658", "2016-06-30": "$18,559", "2016-03-31": "$18,112", "2015-12-31": "$17,642", "2015-09-30": "$18,204", "2015-06-30": "$18,227", "2015-03-31": "$19,077", "2014-12-31": "$18,720", "2014-09-30": "$18,835", "2014-06-30": "$19,428", "2014-03-31": "$19,774", "2013-12-31": "$18,905", "2013-09-30": "$18,928", "2013-06-30": "$19,013", "2013-03-31": "$20,920", "2012-12-31": "$22,447", "2012-09-30": "$22,982", "2012-06-30": "$21,961", "2012-03-31": "$21,274", "2011-12-31": "$21,486", "2011-09-30": "$22,781", "2011-06-30": "$21,675", "2011-03-31": "$20,999", "2010-12-31": "$20,311", "2010-09-30": "$20,909", "2010-06-30": "$18,891", "2010-03-31": "$17,840", "2009-12-31": "$17,894", "2009-09-30": "$17,481", "2009-06-30": "$13,462", "2009-03-31": "$7,887", "2008-12-31": "$9,360", "2008-09-30": "$12,557", "2008-06-30": "$16,824", "2008-03-31": "$17,836", "2007-12-31": "$19,204", "2007-09-30": "$18,950", "2007-06-30": "$18,648", "2007-03-31": "$18,851", "2006-12-31": "$18,876", "2006-09-30": "$17,733", "2006-06-30": "$15,383", "2006-03-31": "$15,410", "2005-12-31": "$15,325", "2005-09-30": "$15,310", "2005-06-30": "$15,590", "2005-03-31": "$14,211"}}, "profit-margins": {"current": "8.46%"}, "gross margin": {"2020-12-31": "42.48%", "2020-09-30": "43.26%", "2020-06-30": "43.97%", "2020-03-31": "43.62%", "2019-12-31": "44.69%", "2019-09-30": "42.64%", "2019-06-30": "41.81%", "2019-03-31": "41.91%", "2018-12-31": "41.10%", "2018-09-30": "42.30%", "2018-06-30": "41.05%", "2018-03-31": "40.94%", "2017-12-31": "40.72%", "2017-09-30": "40.98%", "2017-06-30": "42.05%", "2017-03-31": "39.29%", "2016-12-31": "38.86%", "2016-09-30": "38.55%", "2016-06-30": "38.40%", "2016-03-31": "40.45%", "2015-12-31": "41.71%", "2015-09-30": "42.28%", "2015-06-30": "43.38%", "2015-03-31": "42.04%", "2014-12-31": "41.95%", "2014-09-30": "47.92%", "2014-06-30": "47.35%", "2014-03-31": "48.35%", "2013-12-31": "46.56%", "2013-09-30": "44.28%", "2013-06-30": "42.92%", "2013-03-31": "46.61%", "2012-12-31": "40.26%", "2012-09-30": "35.31%", "2012-06-30": "38.08%", "2012-03-31": "34.17%", "2011-12-31": "38.89%", "2011-09-30": "41.88%", "2011-06-30": "38.77%", "2011-03-31": "43.88%", "2010-12-31": "44.44%", "2010-09-30": "43.31%", "2010-06-30": "41.37%", "2010-03-31": "33.03%", "2009-12-31": "30.34%", "2009-09-30": "36.86%", "2009-06-30": "33.67%", "2009-03-31": "39.69%", "2008-12-31": "59.34%", "2008-09-30": "45.06%", "2008-06-30": "50.05%", "2008-03-31": "50.24%", "2007-12-31": "45.73%", "2007-09-30": "43.96%", "2007-06-30": "41.80%", "2007-03-31": "44.58%", "2006-12-31": "43.24%", "2006-09-30": "40.12%", "2006-06-30": "38.85%", "2006-03-31": "37.74%", "2005-12-31": "38.06%"}, "operating margin": {"2020-12-31": "11.99%", "2020-09-30": "12.04%", "2020-06-30": "12.58%", "2020-03-31": "11.94%", "2019-12-31": "14.03%", "2019-09-30": "12.02%", "2019-06-30": "11.25%", "2019-03-31": "11.96%", "2018-12-31": "10.85%", "2018-09-30": "12.27%", "2018-06-30": "10.85%", "2018-03-31": "6.54%", "2017-12-31": "6.05%", "2017-09-30": "4.17%", "2017-06-30": "6.30%", "2017-03-31": "8.96%", "2016-12-31": "8.74%", "2016-09-30": "9.04%", "2016-06-30": "8.08%", "2016-03-31": "10.09%", "2015-12-31": "11.53%", "2015-09-30": "12.19%", "2015-06-30": "12.82%", "2015-03-31": "11.10%", "2014-12-31": "11.02%", "2014-09-30": "17.81%", "2014-06-30": "17.40%", "2014-03-31": "17.85%", "2013-12-31": "17.68%", "2013-09-30": "12.07%", "2013-06-30": "11.55%", "2013-03-31": "13.40%", "2012-12-31": "8.20%", "2012-09-30": "6.54%", "2012-06-30": "4.91%", "2012-03-31": "1.38%", "2011-12-31": "3.26%", "2011-09-30": "6.36%", "2011-06-30": "9.67%", "2011-03-31": "11.95%", "2010-12-31": "12.61%", "2010-09-30": "12.69%", "2010-06-30": "6.91%", "2010-03-31": "5.17%", "2009-12-31": "-5.10%", "2009-09-30": "-16.65%", "2009-06-30": "-52.22%", "2009-03-31": "-48.23%", "2008-12-31": "-46.08%", "2008-09-30": "-16.50%", "2008-06-30": "14.49%", "2008-03-31": "15.22%", "2007-12-31": "16.47%", "2007-09-30": "16.15%", "2007-06-30": "14.73%", "2007-03-31": "15.36%", "2006-12-31": "14.64%", "2006-09-30": "12.83%", "2006-06-30": "11.67%", "2006-03-31": "11.98%", "2005-12-31": "11.95%"}, "ebitda margin": {"2020-09-30": "14.83%", "2020-06-30": "15.22%", "2020-03-31": "14.21%", "2019-12-31": "16.14%", "2019-09-30": "14.05%", "2019-06-30": "13.27%", "2019-03-31": "14.31%", "2018-12-31": "13.52%", "2018-09-30": "14.80%", "2018-06-30": "13.51%", "2018-03-31": "9.19%", "2017-12-31": "8.58%", "2017-09-30": "7.43%", "2017-06-30": "9.77%", "2017-03-31": "12.22%", "2016-12-31": "12.00%", "2016-09-30": "12.00%", "2016-06-30": "10.96%", "2016-03-31": "13.04%", "2015-12-31": "14.57%", "2015-09-30": "15.30%", "2015-06-30": "16.83%", "2015-03-31": "14.69%", "2014-12-31": "14.47%", "2014-09-30": "15.11%", "2014-06-30": "21.01%", "2014-03-31": "21.60%", "2013-12-31": "25.23%", "2013-09-30": "31.76%", "2013-06-30": "25.51%", "2013-03-31": "28.46%", "2012-12-31": "19.32%", "2012-09-30": "9.43%", "2012-06-30": "6.22%", "2012-03-31": "5.05%", "2011-12-31": "9.91%", "2011-09-30": "12.71%", "2011-06-30": "15.59%", "2011-03-31": "14.27%", "2010-12-31": "15.91%", "2010-09-30": "6.12%", "2010-06-30": "4.10%", "2010-03-31": "6.29%", "2009-12-31": "2.75%", "2009-09-30": "-4.70%", "2009-06-30": "-28.17%", "2009-03-31": "-21.66%", "2008-12-31": "-27.62%", "2008-09-30": "-13.82%", "2008-06-30": "11.32%", "2008-03-31": "11.66%", "2007-12-31": "14.88%", "2007-09-30": "15.68%", "2007-06-30": "15.07%", "2007-03-31": "16.09%", "2006-12-31": "14.91%", "2006-09-30": "11.81%", "2006-06-30": "10.89%", "2006-03-31": "10.71%", "2005-12-31": "10.47%"}, "pre tax profit margin": {"2020-12-31": "10.33%", "2020-09-30": "10.43%", "2020-06-30": "10.93%", "2020-03-31": "10.26%", "2019-12-31": "12.34%", "2019-09-30": "10.25%", "2019-06-30": "9.88%", "2019-03-31": "10.46%", "2018-12-31": "9.25%", "2018-09-30": "10.62%", "2018-06-30": "9.09%", "2018-03-31": "4.76%", "2017-12-31": "4.21%", "2017-09-30": "-2.20%", "2017-06-30": "0.10%", "2017-03-31": "2.91%", "2016-12-31": "2.74%", "2016-09-30": "6.79%", "2016-06-30": "5.91%", "2016-03-31": "7.82%", "2015-12-31": "9.24%", "2015-09-30": "10.38%", "2015-06-30": "10.89%", "2015-03-31": "9.21%", "2014-12-31": "9.13%", "2014-09-30": "15.45%", "2014-06-30": "15.05%", "2014-03-31": "15.48%", "2013-12-31": "7.12%", "2013-09-30": "2.15%", "2013-06-30": "-0.07%", "2013-03-31": "-2.25%", "2012-12-31": "-0.40%", "2012-09-30": "-1.41%", "2012-06-30": "-1.39%", "2012-03-31": "-0.80%", "2011-12-31": "0.92%", "2011-09-30": "4.05%", "2011-06-30": "7.55%", "2011-03-31": "9.61%", "2010-12-31": "10.30%", "2010-09-30": "10.45%", "2010-06-30": "4.57%", "2010-03-31": "3.29%", "2009-12-31": "-7.04%", "2009-09-30": "-19.16%", "2009-06-30": "-55.54%", "2009-03-31": "-51.26%", "2008-12-31": "-49.80%", "2008-09-30": "-18.56%", "2008-06-30": "13.14%", "2008-03-31": "13.93%", "2007-12-31": "15.45%", "2007-09-30": "15.19%", "2007-06-30": "13.81%", "2007-03-31": "14.34%", "2006-12-31": "13.59%", "2006-09-30": "11.82%", "2006-06-30": "10.68%", "2006-03-31": "11.06%", "2005-12-31": "11.02%"}, "net profit margin": {"2020-12-31": "8.36%", "2020-09-30": "8.40%", "2020-06-30": "8.67%", "2020-03-31": "8.22%", "2019-12-31": "9.95%", "2019-09-30": "8.55%", "2019-06-30": "8.30%", "2019-03-31": "9.52%", "2018-12-31": "9.50%", "2018-09-30": "-11.06%", "2018-06-30": "-12.54%", "2018-03-31": "-16.47%", "2017-12-31": "-18.24%", "2017-09-30": "3.26%", "2017-06-30": "4.46%", "2017-03-31": "5.93%", "2016-12-31": "5.50%", "2016-09-30": "8.76%", "2016-06-30": "8.49%", "2016-03-31": "9.74%", "2015-12-31": "10.51%", "2015-09-30": "8.89%", "2015-06-30": "8.83%", "2015-03-31": "4.14%", "2014-12-31": "4.29%", "2014-09-30": "4.55%", "2014-06-30": "3.93%", "2014-03-31": "5.61%", "2013-12-31": "0.80%", "2013-09-30": "-0.93%", "2013-06-30": "-2.10%", "2013-03-31": "-1.78%", "2012-12-31": "-0.36%", "2012-09-30": "0.35%", "2012-06-30": "0.59%", "2012-03-31": "1.15%", "2011-12-31": "3.08%", "2011-09-30": "5.09%", "2011-06-30": "7.15%", "2011-03-31": "8.04%", "2010-12-31": "5.08%", "2010-09-30": "4.72%", "2010-06-30": "0.54%", "2010-03-31": "0.12%", "2009-12-31": "-4.15%", "2009-09-30": "-12.34%", "2009-06-30": "-35.39%", "2009-03-31": "-31.46%", "2008-12-31": "-29.91%", "2008-09-30": "-9.41%", "2008-06-30": "10.39%", "2008-03-31": "10.71%", "2007-12-31": "11.38%", "2007-09-30": "11.28%", "2007-06-30": "10.35%", "2007-03-31": "10.83%", "2006-12-31": "10.36%", "2006-09-30": "9.12%", "2006-06-30": "8.33%", "2006-03-31": "8.46%", "2005-12-31": "8.40%"}, "pe ratio": {"current": "8.69", "2021-02-11": "15.31", "2020-12-31": "14.89", "2020-09-30": "7.66", "2020-06-30": "7.67", "2020-03-31": "7.35", "2019-12-31": "10.44", "2019-09-30": "12.50", "2019-06-30": "12.05", "2019-03-31": "9.46", "2018-12-31": "8.53", "2018-09-30": "0.00", "2018-06-30": "0.00", "2018-03-31": "0.00", "2017-12-31": "0.00", "2017-09-30": "39.11", "2017-06-30": "27.03", "2017-03-31": "18.05", "2016-12-31": "19.49", "2016-09-30": "11.23", "2016-06-30": "12.37", "2016-03-31": "11.31", "2015-12-31": "9.84", "2015-09-30": "10.73", "2015-06-30": "9.80", "2015-03-31": "20.62", "2014-12-31": "21.05", "2014-09-30": "21.30", "2014-06-30": "24.54", "2014-03-31": "16.17", "2013-12-31": "111.68", "2013-09-30": "0.00", "2013-06-30": "0.00", "2013-03-31": "0.00", "2012-12-31": "30.73", "2012-09-30": "16.59", "2012-06-30": "105.82", "2012-03-31": "39.13", "2011-12-31": "10.55", "2011-09-30": "5.85", "2011-06-30": "5.96", "2011-03-31": "5.91", "2010-12-31": "9.40", "2010-09-30": "8.31", "2010-06-30": "149.81", "2010-03-31": "0.00", "2009-12-31": "0.00", "2009-09-30": "0.00", "2009-06-30": "0.00", "2009-03-31": "0.00", "2008-12-31": "0.00", "2008-09-30": "0.00", "2008-06-30": "7.26", "2008-03-31": "8.18", "2007-12-31": "7.06", "2007-09-30": "7.04", "2007-06-30": "7.68", "2007-03-31": "7.78", "2006-12-31": "7.88"}, "price sales": {"2021-02-11": "0.88", "2020-12-31": "0.86", "2020-09-30": "0.64", "2020-06-30": "0.66", "2020-03-31": "0.60", "2019-12-31": "1.04", "2019-09-30": "1.07", "2019-06-30": "1.00", "2019-03-31": "0.90", "2018-12-31": "0.81", "2018-09-30": "0.91", "2018-06-30": "0.96", "2018-03-31": "0.99", "2017-12-31": "1.12", "2017-09-30": "1.27", "2017-06-30": "1.18", "2017-03-31": "1.07", "2016-12-31": "1.06", "2016-09-30": "0.98", "2016-06-30": "1.04", "2016-03-31": "1.10", "2015-12-31": "1.04", "2015-09-30": "0.96", "2015-06-30": "0.87", "2015-03-31": "0.90", "2014-12-31": "0.91", "2014-09-30": "0.95", "2014-06-30": "0.93", "2014-03-31": "0.91", "2013-12-31": "0.70", "2013-09-30": "0.56", "2013-06-30": "0.51", "2013-03-31": "0.42", "2012-12-31": "0.40", "2012-09-30": "0.32", "2012-06-30": "0.31", "2012-03-31": "0.36", "2011-12-31": "0.30", "2011-09-30": "0.29", "2011-06-30": "0.44", "2011-03-31": "0.49", "2010-12-31": "0.45", "2010-09-30": "0.35", "2010-06-30": "0.33", "2010-03-31": "0.32", "2009-12-31": "0.26", "2009-09-30": "0.38", "2009-06-30": "0.23", "2009-03-31": "0.15", "2008-12-31": "0.45", "2008-09-30": "0.69", "2008-06-30": "0.75", "2008-03-31": "0.88", "2007-12-31": "0.80", "2007-09-30": "0.79", "2007-06-30": "0.79", "2007-03-31": "0.83", "2006-12-31": "0.81"}, "price book": {"current": "0.99", "2021-02-11": "1.01", "2020-09-30": "0.74", "2020-06-30": "0.80", "2020-03-31": "0.81", "2019-12-31": "1.30", "2019-09-30": "1.31", "2019-06-30": "1.27", "2019-03-31": "1.27", "2018-12-31": "1.16", "2018-09-30": "1.33", "2018-06-30": "1.37", "2018-03-31": "1.31", "2017-12-31": "1.38", "2017-09-30": "1.06", "2017-06-30": "1.02", "2017-03-31": "0.96", "2016-12-31": "0.96", "2016-09-30": "0.79", "2016-06-30": "0.84", "2016-03-31": "0.90", "2015-12-31": "0.89", "2015-09-30": "0.92", "2015-06-30": "0.84", "2015-03-31": "0.82", "2014-12-31": "0.83", "2014-09-30": "0.75", "2014-06-30": "0.72", "2014-03-31": "0.70", "2013-12-31": "0.75", "2013-09-30": "0.63", "2013-06-30": "0.63", "2013-03-31": "0.46", "2012-12-31": "0.37", "2012-09-30": "0.31", "2012-06-30": "0.29", "2012-03-31": "0.36", "2011-12-31": "0.28", "2011-09-30": "0.26", "2011-06-30": "0.45", "2011-03-31": "0.47", "2010-12-31": "0.47", "2010-09-30": "0.40", "2010-06-30": "0.42", "2010-03-31": "0.57", "2009-12-31": "0.40", "2009-09-30": "0.47", "2009-06-30": "0.23", "2009-03-31": "0.26", "2008-12-31": "0.42", "2008-09-30": "0.75", "2008-06-30": "0.88", "2008-03-31": "1.01", "2007-12-31": "1.07", "2007-09-30": "1.14", "2007-06-30": "1.24", "2007-03-31": "1.18", "2006-12-31": "1.17", "2006-09-30": "1.13", "2006-06-30": "1.21", "2006-03-31": "1.14"}, "price fcf": {"2021-02-11": "", "2020-09-30": "$9.93", "2020-06-30": "$10.03", "2020-03-31": "$9.33", "2019-12-31": "$9.27", "2019-09-30": "$9.10", "2019-06-30": "$6.78", "2019-03-31": "$6.33", "2018-12-31": "$7.47", "2018-09-30": "$6.39", "2018-06-30": "$6.46", "2018-03-31": "$6.69", "2017-12-31": "$5.32", "2017-09-30": "$5.34", "2017-06-30": "$5.15", "2017-03-31": "$4.38", "2016-12-31": "$4.67", "2016-09-30": "$4.62", "2016-06-30": "$5.11", "2016-03-31": "$5.64", "2015-12-31": "$5.76", "2015-09-30": "$6.25", "2015-06-30": "$5.13", "2015-03-31": "$4.07", "2014-12-31": "$3.84", "2014-09-30": "$2.41", "2014-06-30": "$2.62", "2014-03-31": "$2.63", "2013-12-31": "$2.39", "2013-09-30": "$2.66", "2013-06-30": "$3.63", "2013-03-31": "$3.61", "2012-12-31": "$5.61", "2012-09-30": "$6.12", "2012-06-30": "$5.58", "2012-03-31": "$6.26", "2011-12-31": "$4.76", "2011-09-30": "$5.77", "2011-06-30": "$6.37", "2011-03-31": "$6.57", "2010-12-31": "$6.87", "2010-09-30": "$5.41", "2010-06-30": "$4.98", "2010-03-31": "$6.68", "2009-12-31": "$8.59", "2009-09-30": "$11.62", "2009-06-30": "$13.14", "2009-03-31": "$15.23", "2008-12-31": "$13.67", "2008-09-30": "$14.96", "2008-06-30": "$16.47", "2008-03-31": "$16.50", "2007-12-31": "$18.77", "2007-09-30": "$19.21", "2007-06-30": "$18.30", "2007-03-31": "$16.75", "2006-12-31": "$17.23"}, "net worth": {"value": "$18B"}, "current ratio": {"2020-12-31": "0.23", "2020-09-30": "0.23", "2020-06-30": "0.24", "2020-03-31": "0.23", "2019-12-31": "0.23", "2019-09-30": "0.23", "2019-06-30": "0.23", "2019-03-31": "0.21", "2018-12-31": "0.21", "2018-09-30": "0.20", "2018-06-30": "0.21", "2018-03-31": "0.21", "2017-12-31": "0.21", "2017-09-30": "0.35", "2017-06-30": "0.35", "2017-03-31": "0.35", "2016-12-31": "0.22", "2016-09-30": "0.35", "2016-06-30": "0.34", "2016-03-31": "0.34", "2015-12-31": "0.34", "2015-09-30": "0.35", "2015-06-30": "0.34", "2015-03-31": "0.34", "2014-12-31": "0.34", "2014-09-30": "0.34", "2014-06-30": "0.35", "2014-03-31": "0.27", "2013-12-31": "0.27", "2013-09-30": "0.26", "2013-06-30": "0.25", "2013-03-31": "0.24", "2012-12-31": "0.09", "2012-09-30": "0.09", "2012-06-30": "0.09", "2012-03-31": "0.08", "2011-12-31": "0.09", "2011-09-30": "0.09", "2011-06-30": "0.08", "2011-03-31": "0.09", "2010-12-31": "0.08", "2010-09-30": "0.08", "2010-06-30": "0.10", "2010-03-31": "0.09", "2009-12-31": "0.09", "2009-09-30": "0.09", "2009-06-30": "0.10", "2009-03-31": "0.09", "2008-12-31": "0.09", "2008-09-30": "0.09", "2008-06-30": "0.09", "2008-03-31": "0.09", "2007-12-31": "0.09", "2007-09-30": "0.09", "2007-06-30": "0.09", "2007-03-31": "0.10", "2006-12-31": "0.09", "2006-09-30": "0.09", "2006-06-30": "0.09", "2006-03-31": "0.10", "2005-12-31": "0.11", "2005-09-30": "0.11", "2005-06-30": "0.10", "2005-03-31": "0.11"}, "quick ratio": {"2020-12-31": "0.00", "2020-09-30": "0.00", "2020-06-30": "0.00", "2020-03-31": "0.00", "2019-12-31": "0.00", "2019-09-30": "0.00", "2019-06-30": "0.00", "2019-03-31": "0.00", "2018-12-31": "0.00", "2018-09-30": "0.00", "2018-06-30": "0.00", "2018-03-31": "0.00", "2017-12-31": "0.00", "2017-09-30": "0.00", "2017-06-30": "0.00", "2017-03-31": "0.00", "2016-12-31": "0.00", "2016-09-30": "0.00", "2016-06-30": "0.00", "2016-03-31": "0.00", "2015-12-31": "0.00", "2015-09-30": "0.00", "2015-06-30": "0.00", "2015-03-31": "0.00", "2014-12-31": "0.00", "2014-09-30": "0.00", "2014-06-30": "0.00", "2014-03-31": "0.00", "2013-12-31": "0.00", "2013-09-30": "0.00", "2013-06-30": "0.00", "2013-03-31": "0.00", "2012-12-31": "0.00", "2012-09-30": "0.00", "2012-06-30": "0.00", "2012-03-31": "0.00", "2011-12-31": "0.00", "2011-09-30": "0.00", "2011-06-30": "0.00", "2011-03-31": "0.00", "2010-12-31": "0.00", "2010-09-30": "0.00", "2010-06-30": "0.00", "2010-03-31": "0.00", "2009-12-31": "0.00", "2009-09-30": "0.00", "2009-06-30": "0.00", "2009-03-31": "0.00", "2008-12-31": "0.00", "2008-09-30": "0.00", "2008-06-30": "0.00", "2008-03-31": "0.00", "2007-12-31": "0.00", "2007-09-30": "0.00", "2007-06-30": "0.00", "2007-03-31": "0.00", "2006-12-31": "0.00", "2006-09-30": "0.00", "2006-06-30": "0.00", "2006-03-31": "0.00", "2005-12-31": "0.00", "2005-09-30": "0.00", "2005-06-30": "0.00", "2005-03-31": "0.00"}, "debt equity ratio": {"current": "0.24", "2020-12-31": "2.99", "2020-09-30": "3.06", "2020-06-30": "3.16", "2020-03-31": "3.50", "2019-12-31": "3.35", "2019-09-30": "3.37", "2019-06-30": "3.54", "2019-03-31": "3.42", "2018-12-31": "3.76", "2018-09-30": "3.83", "2018-06-30": "3.84", "2018-03-31": "15.49", "2017-12-31": "15.69", "2017-09-30": "12.01", "2017-06-30": "12.07", "2017-03-31": "12.25", "2016-12-31": "12.29", "2016-09-30": "11.24", "2016-06-30": "11.26", "2016-03-31": "11.56", "2015-12-31": "11.94", "2015-09-30": "11.71", "2015-06-30": "12.22", "2015-03-31": "11.95", "2014-12-31": "12.09", "2014-09-30": "12.12", "2014-06-30": "12.11", "2014-03-31": "12.80", "2013-12-31": "13.70", "2013-09-30": "14.00", "2013-06-30": "14.51", "2013-03-31": "13.20", "2012-12-31": "12.30", "2012-09-30": "12.43", "2012-06-30": "12.84", "2012-03-31": "13.60", "2011-12-31": "13.08", "2011-09-30": "12.42", "2011-06-30": "13.65", "2011-03-31": "14.36", "2010-12-31": "14.67", "2010-09-30": "14.01", "2010-06-30": "15.63", "2010-03-31": "16.79", "2009-12-31": "16.20", "2009-09-30": "17.12", "2009-06-30": "20.52", "2009-03-31": "34.02", "2008-12-31": "29.73", "2008-09-30": "23.81", "2008-06-30": "18.84", "2008-03-31": "18.30", "2007-12-31": "17.77", "2007-09-30": "17.81", "2007-06-30": "17.54", "2007-03-31": "16.65", "2006-12-31": "16.30", "2006-09-30": "16.19", "2006-06-30": "18.17", "2006-03-31": "18.17", "2005-12-31": "17.63", "2005-09-30": "17.32", "2005-06-30": "16.22", "2005-03-31": "17.40"}, "return on equity": {"2020-12-31": "9.99%", "2020-09-30": "10.40%", "2020-06-30": "11.12%", "2020-03-31": "10.85%", "2019-12-31": "13.32%", "2019-09-30": "11.64%", "2019-06-30": "11.68%", "2019-03-31": "13.88%", "2018-12-31": "13.98%", "2018-09-30": "-16.12%", "2018-06-30": "-16.24%", "2018-03-31": "-19.05%", "2017-12-31": "-19.26%", "2017-09-30": "2.87%", "2017-06-30": "3.98%", "2017-03-31": "5.35%", "2016-12-31": "4.96%", "2016-09-30": "7.66%", "2016-06-30": "7.40%", "2016-03-31": "8.52%", "2015-12-31": "9.20%", "2015-09-30": "8.85%", "2015-06-30": "8.82%", "2015-03-31": "4.05%", "2014-12-31": "4.16%", "2014-09-30": "3.80%", "2014-06-30": "3.30%", "2014-03-31": "4.76%", "2013-12-31": "0.85%", "2013-09-30": "-1.01%", "2013-06-30": "-2.32%", "2013-03-31": "-1.89%", "2012-12-31": "-0.36%", "2012-09-30": "0.38%", "2012-06-30": "0.60%", "2012-03-31": "1.22%", "2011-12-31": "3.08%", "2011-09-30": "5.26%", "2011-06-30": "8.26%", "2011-03-31": "8.76%", "2010-12-31": "5.75%", "2010-09-30": "5.57%", "2010-06-30": "0.63%", "2010-03-31": "0.19%", "2009-12-31": "-7.15%", "2009-09-30": "-19.28%", "2009-06-30": "-43.19%", "2009-03-31": "-35.27%", "2008-12-31": "-19.49%", "2008-09-30": "-8.12%", "2008-06-30": "11.72%", "2008-03-31": "11.89%", "2007-12-31": "15.59%", "2007-09-30": "16.66%", "2007-06-30": "16.43%", "2007-03-31": "16.33%", "2006-12-31": "16.29%", "2006-09-30": "15.22%", "2006-06-30": "14.39%", "2006-03-31": "15.16%", "2005-12-31": "15.05%"}, "return on assets": {"2020-12-31": "2.40%", "2020-09-30": "2.44%", "2020-06-30": "2.56%", "2020-03-31": "2.44%", "2019-12-31": "3.01%", "2019-09-30": "2.58%", "2019-06-30": "2.52%", "2019-03-31": "2.95%", "2018-12-31": "1.80%", "2018-09-30": "-1.48%", "2018-06-30": "-1.26%", "2018-03-31": "-1.31%", "2017-12-31": "-1.39%", "2017-09-30": "0.22%", "2017-06-30": "0.31%", "2017-03-31": "0.42%", "2016-12-31": "0.39%", "2016-09-30": "0.61%", "2016-06-30": "0.59%", "2016-03-31": "0.66%", "2015-12-31": "0.71%", "2015-09-30": "0.68%", "2015-06-30": "0.67%", "2015-03-31": "0.31%", "2014-12-31": "0.31%", "2014-09-30": "0.28%", "2014-06-30": "0.23%", "2014-03-31": "0.32%", "2013-12-31": "0.06%", "2013-09-30": "-0.07%", "2013-06-30": "-0.17%", "2013-03-31": "-0.14%", "2012-12-31": "-0.03%", "2012-09-30": "0.03%", "2012-06-30": "0.04%", "2012-03-31": "0.09%", "2011-12-31": "0.21%", "2011-09-30": "0.36%", "2011-06-30": "0.54%", "2011-03-31": "0.56%", "2010-12-31": "0.35%", "2010-09-30": "0.34%", "2010-06-30": "0.04%", "2010-03-31": "0.01%", "2009-12-31": "-0.34%", "2009-09-30": "-0.79%", "2009-06-30": "-1.60%", "2009-03-31": "-1.36%", "2008-12-31": "-0.86%", "2008-09-30": "-0.40%", "2008-06-30": "0.61%", "2008-03-31": "0.63%", "2007-12-31": "0.85%", "2007-09-30": "0.92%", "2007-06-30": "0.93%", "2007-03-31": "0.92%", "2006-12-31": "0.90%", "2006-09-30": "0.82%", "2006-06-30": "0.76%", "2006-03-31": "0.83%", "2005-12-31": "0.83%"}, "return on investments": {"2020-12-31": "11.43%", "2020-09-30": "11.81%", "2020-06-30": "12.71%", "2020-03-31": "12.39%", "2019-12-31": "14.82%", "2019-09-30": "12.79%", "2019-06-30": "12.22%", "2019-03-31": "13.26%", "2018-12-31": "11.91%", "2018-09-30": "13.28%", "2018-06-30": "10.58%", "2018-03-31": "5.77%", "2017-12-31": "4.94%", "2017-09-30": "2.87%", "2017-06-30": "4.43%", "2017-03-31": "6.41%", "2016-12-31": "6.29%", "2016-09-30": "6.28%", "2016-06-30": "5.53%", "2016-03-31": "6.88%", "2015-12-31": "7.80%", "2015-09-30": "9.36%", "2015-06-30": "9.84%", "2015-03-31": "8.35%", "2014-12-31": "8.22%", "2014-09-30": "11.37%", "2014-06-30": "11.11%", "2014-03-31": "11.42%", "2013-12-31": "14.13%", "2013-09-30": "9.92%", "2013-06-30": "9.70%", "2013-03-31": "10.82%", "2012-12-31": "6.22%", "2012-09-30": "5.47%", "2012-06-30": "3.81%", "2012-03-31": "1.12%", "2011-12-31": "2.50%", "2011-09-30": "5.02%", "2011-06-30": "8.47%", "2011-03-31": "9.75%", "2010-12-31": "10.49%", "2010-09-30": "10.92%", "2010-06-30": "5.79%", "2010-03-31": "5.55%", "2009-12-31": "-5.95%", "2009-09-30": "-16.60%", "2009-06-30": "-39.52%", "2009-03-31": "-34.92%", "2008-12-31": "-21.30%", "2008-09-30": "-10.93%", "2008-06-30": "13.02%", "2008-03-31": "13.66%", "2007-12-31": "18.33%", "2007-09-30": "19.40%", "2007-06-30": "19.23%", "2007-03-31": "19.20%", "2006-12-31": "19.00%", "2006-09-30": "17.44%", "2006-06-30": "16.09%", "2006-03-31": "17.01%", "2005-12-31": "16.84%"}, "return on tangible equity": {"2020-09-30": "12.63%", "2020-06-30": "13.62%", "2020-03-31": "13.43%", "2019-12-31": "16.21%", "2019-09-30": "14.03%", "2019-06-30": "13.92%", "2019-03-31": "16.28%", "2018-12-31": "16.49%", "2018-09-30": "-18.98%", "2018-06-30": "-18.33%", "2018-03-31": "-20.76%", "2017-12-31": "-20.41%", "2017-09-30": "2.97%", "2017-06-30": "4.12%", "2017-03-31": "5.52%", "2016-12-31": "5.12%", "2016-09-30": "7.89%", "2016-06-30": "7.61%", "2016-03-31": "8.76%", "2015-12-31": "9.46%", "2015-09-30": "9.10%", "2015-06-30": "9.06%", "2015-03-31": "4.16%", "2014-12-31": "4.27%", "2014-09-30": "3.90%", "2014-06-30": "3.38%", "2014-03-31": "4.89%", "2013-12-31": "0.88%", "2013-09-30": "-1.04%", "2013-06-30": "-2.38%", "2013-03-31": "-1.95%", "2012-12-31": "-0.37%", "2012-09-30": "0.40%", "2012-06-30": "0.63%", "2012-03-31": "1.28%", "2011-12-31": "3.24%", "2011-09-30": "5.53%", "2011-06-30": "8.70%", "2011-03-31": "9.24%", "2010-12-31": "6.09%", "2010-09-30": "5.92%", "2010-06-30": "0.68%", "2010-03-31": "0.20%", "2009-12-31": "-7.79%", "2009-09-30": "-21.27%", "2009-06-30": "-48.97%", "2009-03-31": "-40.16%", "2008-12-31": "-21.99%", "2008-09-30": "-9.09%", "2008-06-30": "12.98%", "2008-03-31": "13.11%", "2007-12-31": "17.16%", "2007-09-30": "18.34%", "2007-06-30": "18.11%", "2007-03-31": "18.09%", "2006-12-31": "18.14%", "2006-09-30": "17.05%", "2006-06-30": "16.21%", "2006-03-31": "17.07%", "2005-12-31": "16.98%"}, "dividend yield history": {"last payout": "$1.30", "last yield": "2.59%"}}