{"ticker": "HIW", "price": {"title": "Highwoods Properties Historical Annual Stock Price Data", "value": 40.09, "historical": {"2021": {"Average Stock Price": "38.9042", "Year Open": "38.2300", "Year High": "40.8200", "Year Low": "37.3500", "Year Close": "40.0900", "Annual % Change": "1.16%"}, "2020": {"Average Stock Price": "38.9211", "Year Open": "48.1700", "Year High": "52.5100", "Year Low": "28.1200", "Year Close": "39.6300", "Annual % Change": "-18.97%"}, "2019": {"Average Stock Price": "44.7915", "Year Open": "37.9600", "Year High": "48.9100", "Year Low": "37.9600", "Year Close": "48.9100", "Annual % Change": "26.42%"}, "2018": {"Average Stock Price": "45.9984", "Year Open": "50.7800", "Year High": "51.7100", "Year Low": "37.3000", "Year Close": "38.6900", "Annual % Change": "-24.00%"}, "2017": {"Average Stock Price": "51.1532", "Year Open": "51.3600", "Year High": "53.1900", "Year Low": "48.8700", "Year Close": "50.9100", "Annual % Change": "-0.20%"}, "2016": {"Average Stock Price": "48.5408", "Year Open": "43.1900", "Year High": "55.7400", "Year Low": "39.0100", "Year Close": "51.0100", "Annual % Change": "17.00%"}, "2015": {"Average Stock Price": "42.9598", "Year Open": "44.9400", "Year High": "48.1400", "Year Low": "36.8200", "Year Close": "43.6000", "Annual % Change": "-1.54%"}, "2014": {"Average Stock Price": "40.4140", "Year Open": "36.0200", "Year High": "45.1300", "Year Low": "35.8200", "Year Close": "44.2800", "Annual % Change": "22.42%"}, "2013": {"Average Stock Price": "36.6874", "Year Open": "33.9300", "Year High": "41.0700", "Year Low": "33.0000", "Year Close": "36.1700", "Annual % Change": "8.13%"}, "2012": {"Average Stock Price": "32.8598", "Year Open": "29.9500", "Year High": "35.4800", "Year Low": "29.7100", "Year Close": "33.4500", "Annual % Change": "12.74%"}, "2011": {"Average Stock Price": "32.0972", "Year Open": "32.3500", "Year High": "36.9200", "Year Low": "26.5100", "Year Close": "29.6700", "Annual % Change": "-6.84%"}, "2010": {"Average Stock Price": "31.1300", "Year Open": "32.3700", "Year High": "35.1600", "Year Low": "26.5400", "Year Close": "31.8500", "Annual % Change": "-4.50%"}, "2009": {"Average Stock Price": "25.6099", "Year Open": "26.0600", "Year High": "34.8400", "Year Low": "16.5700", "Year Close": "33.3500", "Annual % Change": "21.89%"}, "2008": {"Average Stock Price": "30.4626", "Year Open": "29.7300", "Year High": "37.9400", "Year Low": "15.5900", "Year Close": "27.3600", "Annual % Change": "-6.88%"}, "2007": {"Average Stock Price": "38.0212", "Year Open": "40.0000", "Year High": "46.9500", "Year Low": "28.8900", "Year Close": "29.3800", "Annual % Change": "-27.92%"}, "2006": {"Average Stock Price": "34.8673", "Year Open": "29.2000", "Year High": "40.8800", "Year Low": "29.2000", "Year Close": "40.7600", "Annual % Change": "43.27%"}, "2005": {"Average Stock Price": "28.2196", "Year Open": "27.2700", "Year High": "31.7500", "Year Low": "24.4000", "Year Close": "28.4500", "Annual % Change": "2.71%"}, "2004": {"Average Stock Price": "24.8361", "Year Open": "25.4000", "Year High": "27.9500", "Year Low": "20.8500", "Year Close": "27.7000", "Annual % Change": "9.06%"}, "2003": {"Average Stock Price": "22.7325", "Year Open": "22.2500", "Year High": "26.0200", "Year Low": "20.0000", "Year Close": "25.4000", "Annual % Change": "14.93%"}, "2002": {"Average Stock Price": "24.8252", "Year Open": "25.7300", "Year High": "29.3600", "Year Low": "18.7000", "Year Close": "22.1000", "Annual % Change": "-14.84%"}, "2001": {"Average Stock Price": "25.1674", "Year Open": "24.4400", "Year High": "26.6700", "Year Low": "23.4500", "Year Close": "25.9500", "Annual % Change": "4.30%"}, "2000": {"Average Stock Price": "23.2866", "Year Open": "22.4400", "Year High": "27.1900", "Year Low": "20.2500", "Year Close": "24.8800", "Annual % Change": "5.29%"}, "1999": {"Average Stock Price": "24.4550", "Year Open": "25.6900", "Year High": "27.6900", "Year Low": "20.2500", "Year Close": "23.6300", "Annual % Change": "-8.23%"}, "1998": {"Average Stock Price": "30.7758", "Year Open": "37.4400", "Year High": "37.4400", "Year Low": "23.0000", "Year Close": "25.7500", "Annual % Change": "-30.76%"}, "1997": {"Average Stock Price": "33.4962", "Year Open": "33.1300", "Year High": "37.3800", "Year Low": "30.0000", "Year Close": "37.1900", "Annual % Change": "10.19%"}, "1996": {"Average Stock Price": "29.1045", "Year Open": "27.7500", "Year High": "33.7500", "Year Low": "26.8750", "Year Close": "33.7500", "Annual % Change": "19.47%"}, "1995": {"Average Stock Price": "24.0525", "Year Open": "21.3800", "Year High": "28.3800", "Year Low": "20.0000", "Year Close": "28.2500", "Annual % Change": "30.61%"}}}, "market cap": {"value": "$4.17B"}, "income statement": {"Revenue": {"2019-12-31": "735.97900", "2018-12-31": "720.03500", "2017-12-31": "702.73700", "2016-12-31": "665.63400", "2015-12-31": "604.67100", "2014-12-31": "555.87100", "2013-12-31": "505.00800", "2012-12-31": "485.04600", "2011-12-31": "431.95600", "2010-12-31": "440.83600", "2009-12-31": "448.01800", "2008-12-31": "445.26800", "2007-12-31": "418.40900", "2006-12-31": "401.30400", "2005-12-31": "387.92900"}, "Cost Of Goods Sold": {"2019-12-31": "248.51100", "2018-12-31": "242.41500", "2017-12-31": "236.88800", "2016-12-31": "231.08500", "2015-12-31": "215.94100", "2014-12-31": "205.88400", "2013-12-31": "184.18700", "2012-12-31": "176.74400", "2011-12-31": "157.30600", "2010-12-31": "155.77100", "2009-12-31": "162.02500", "2008-12-31": "159.98400", "2007-12-31": "149.51700", "2006-12-31": "146.64200", "2005-12-31": "138.53200"}, "Gross Profit": {"2019-12-31": "487.46800", "2018-12-31": "477.62000", "2017-12-31": "465.84900", "2016-12-31": "434.54900", "2015-12-31": "388.73000", "2014-12-31": "349.98700", "2013-12-31": "320.82100", "2012-12-31": "308.30200", "2011-12-31": "274.65000", "2010-12-31": "285.06500", "2009-12-31": "285.99300", "2008-12-31": "285.28400", "2007-12-31": "268.89200", "2006-12-31": "254.66200", "2005-12-31": "249.39700"}, "Research And Development Expenses": {"2019-12-31": "", "2018-12-31": "", "2017-12-31": "", "2016-12-31": "", "2015-12-31": "", "2014-12-31": "", "2013-12-31": "", "2012-12-31": "", "2011-12-31": "", "2010-12-31": "", "2009-12-31": "", "2008-12-31": "", "2007-12-31": "", "2006-12-31": "", "2005-12-31": ""}, "SG&A Expenses": {"2019-12-31": "44.06700", "2018-12-31": "40.00600", "2017-12-31": "39.64800", "2016-12-31": "38.15300", "2015-12-31": "37.64200", "2014-12-31": "35.25800", "2013-12-31": "36.38100", "2012-12-31": "37.37700", "2011-12-31": "35.72700", "2010-12-31": "32.94800", "2009-12-31": "36.68200", "2008-12-31": "38.04300", "2007-12-31": "41.57000", "2006-12-31": "37.30900", "2005-12-31": "33.06300"}, "Other Operating Income Or Expenses": {"2019-12-31": "-5.84900", "2018-12-31": "-0.42300", "2017-12-31": "-1.44500", "2016-12-31": "0.00000", "2015-12-31": "0.00000", "2014-12-31": "-0.58800", "2013-12-31": "0.00000", "2012-12-31": "0.00000", "2011-12-31": "", "2010-12-31": "0.00000", "2009-12-31": "", "2008-12-31": "", "2007-12-31": "", "2006-12-31": "", "2005-12-31": ""}, "Operating Expenses": {"2019-12-31": "552.93100", "2018-12-31": "512.79900", "2017-12-31": "505.81300", "2016-12-31": "489.37800", "2015-12-31": "455.50100", "2014-12-31": "422.36700", "2013-12-31": "383.50500", "2012-12-31": "360.47800", "2011-12-31": "320.53200", "2010-12-31": "318.95100", "2009-12-31": "328.35900", "2008-12-31": "320.86200", "2007-12-31": "309.42800", "2006-12-31": "294.93500", "2005-12-31": "278.68200"}, "Operating Income": {"2019-12-31": "183.04800", "2018-12-31": "207.23600", "2017-12-31": "196.92400", "2016-12-31": "176.25600", "2015-12-31": "149.17000", "2014-12-31": "133.50400", "2013-12-31": "121.50300", "2012-12-31": "124.56800", "2011-12-31": "111.42400", "2010-12-31": "121.88500", "2009-12-31": "119.65900", "2008-12-31": "124.40600", "2007-12-31": "108.98100", "2006-12-31": "106.36900", "2005-12-31": "109.24700"}, "Total Non-Operating Income/Expense": {"2019-12-31": "-41.36500", "2018-12-31": "-29.60600", "2017-12-31": "-5.26100", "2016-12-31": "-53.71000", "2015-12-31": "-63.64900", "2014-12-31": "-36.51700", "2013-12-31": "-86.31300", "2012-12-31": "-89.29000", "2011-12-31": "-85.41700", "2010-12-31": "-61.61400", "2009-12-31": "-73.20100", "2008-12-31": "-85.79800", "2007-12-31": "-56.92600", "2006-12-31": "-76.54900", "2005-12-31": "-79.74300"}, "Pre-Tax Income": {"2019-12-31": "141.68300", "2018-12-31": "177.63000", "2017-12-31": "191.66300", "2016-12-31": "122.54600", "2015-12-31": "85.52100", "2014-12-31": "96.98700", "2013-12-31": "35.19000", "2012-12-31": "35.27800", "2011-12-31": "26.00700", "2010-12-31": "60.27100", "2009-12-31": "46.45800", "2008-12-31": "38.60800", "2007-12-31": "52.05500", "2006-12-31": "29.82000", "2005-12-31": "29.50400"}, "Income Taxes": {"2019-12-31": "", "2018-12-31": "", "2017-12-31": "", "2016-12-31": "", "2015-12-31": "", "2014-12-31": "", "2013-12-31": "", "2012-12-31": "", "2011-12-31": "", "2010-12-31": "", "2009-12-31": "", "2008-12-31": "", "2007-12-31": "", "2006-12-31": "", "2005-12-31": ""}, "Income After Taxes": {"2019-12-31": "141.68300", "2018-12-31": "177.63000", "2017-12-31": "191.66300", "2016-12-31": "122.54600", "2015-12-31": "85.52100", "2014-12-31": "96.98700", "2013-12-31": "35.19000", "2012-12-31": "35.27800", "2011-12-31": "26.00700", "2010-12-31": "60.27100", "2009-12-31": "46.45800", "2008-12-31": "38.60800", "2007-12-31": "52.05500", "2006-12-31": "29.82000", "2005-12-31": "29.50400"}, "Other Income": {"2019-12-31": "", "2018-12-31": "", "2017-12-31": "", "2016-12-31": "", "2015-12-31": "", "2014-12-31": "", "2013-12-31": "", "2012-12-31": "", "2011-12-31": "", "2010-12-31": "", "2009-12-31": "", "2008-12-31": "", "2007-12-31": "", "2006-12-31": "", "2005-12-31": ""}, "Income From Continuous Operations": {"2019-12-31": "141.68300", "2018-12-31": "177.63000", "2017-12-31": "191.66300", "2016-12-31": "122.54600", "2015-12-31": "85.52100", "2014-12-31": "96.98700", "2013-12-31": "42.64100", "2012-12-31": "40.31300", "2011-12-31": "30.88500", "2010-12-31": "64.09200", "2009-12-31": "46.45800", "2008-12-31": "38.60800", "2007-12-31": "52.05500", "2006-12-31": "34.60300", "2005-12-31": "29.75900"}, "Income From Discontinued Operations": {"2019-12-31": "", "2018-12-31": "", "2017-12-31": "", "2016-12-31": "418.59300", "2015-12-31": "15.73900", "2014-12-31": "18.98500", "2013-12-31": "88.45600", "2012-12-31": "43.92200", "2011-12-31": "17.08600", "2010-12-31": "8.21100", "2009-12-31": "15.23600", "2008-12-31": "-2.99800", "2007-12-31": "45.04000", "2006-12-31": "19.14100", "2005-12-31": "32.69900"}, "Net Income": {"2019-12-31": "134.43000", "2018-12-31": "169.34300", "2017-12-31": "182.87300", "2016-12-31": "521.78900", "2015-12-31": "94.57200", "2014-12-31": "108.45700", "2013-12-31": "122.94900", "2012-12-31": "77.08700", "2011-12-31": "38.67700", "2010-12-31": "61.79000", "2009-12-31": "51.77800", "2008-12-31": "22.08000", "2007-12-31": "74.98300", "2006-12-31": "34.87800", "2005-12-31": "30.94800"}, "EBITDA": {"2019-12-31": "440.38600", "2018-12-31": "437.46800", "2017-12-31": "428.61200", "2016-12-31": "400.72900", "2015-12-31": "372.49600", "2014-12-31": "336.04000", "2013-12-31": "309.90500", "2012-12-31": "289.98800", "2011-12-31": "259.21000", "2010-12-31": "262.90400", "2009-12-31": "255.16300", "2008-12-31": "255.96400", "2007-12-31": "241.83000", "2006-12-31": "232.32000", "2005-12-31": "243.38200"}, "EBIT": {"2019-12-31": "183.04800", "2018-12-31": "207.23600", "2017-12-31": "196.92400", "2016-12-31": "176.25600", "2015-12-31": "149.17000", "2014-12-31": "133.50400", "2013-12-31": "121.50300", "2012-12-31": "124.56800", "2011-12-31": "111.42400", "2010-12-31": "121.88500", "2009-12-31": "119.65900", "2008-12-31": "124.40600", "2007-12-31": "108.98100", "2006-12-31": "106.36900", "2005-12-31": "109.24700"}, "Basic Shares Outstanding": {"2019-12-31": "103.69200", "2018-12-31": "103.43900", "2017-12-31": "102.68200", "2016-12-31": "98.43900", "2015-12-31": "94.40400", "2014-12-31": "90.74300", "2013-12-31": "85.33500", "2012-12-31": "75.81100", "2011-12-31": "72.28100", "2010-12-31": "71.57800", "2009-12-31": "67.97100", "2008-12-31": "59.32000", "2007-12-31": "56.92900", "2006-12-31": "54.48900", "2005-12-31": "53.73200"}, "Shares Outstanding": {"2019-12-31": "106.44500", "2018-12-31": "106.26800", "2017-12-31": "105.59400", "2016-12-31": "101.39800", "2015-12-31": "97.40600", "2014-12-31": "93.80000", "2013-12-31": "88.83600", "2012-12-31": "79.67800", "2011-12-31": "76.18900", "2010-12-31": "75.57800", "2009-12-31": "72.07900", "2008-12-31": "63.49200", "2007-12-31": "61.78200", "2006-12-31": "61.36200", "2005-12-31": "53.73200"}, "Basic EPS": {"2019-12-31": "1.30000", "2018-12-31": "1.64000", "2017-12-31": "1.78000", "2016-12-31": "5.30000", "2015-12-31": "1.00000", "2014-12-31": "1.20000", "2013-12-31": "1.44000", "2012-12-31": "1.02000", "2011-12-31": "0.54000", "2010-12-31": "0.86000", "2009-12-31": "0.76000", "2008-12-31": "0.37000", "2007-12-31": "1.32000", "2006-12-31": "0.64000", "2005-12-31": "0.58000"}, "EPS - Earnings Per Share": {"2019-12-31": "1.30000", "2018-12-31": "1.64000", "2017-12-31": "1.78000", "2016-12-31": "5.30000", "2015-12-31": "1.00000", "2014-12-31": "1.19000", "2013-12-31": "1.44000", "2012-12-31": "1.02000", "2011-12-31": "0.54000", "2010-12-31": "0.86000", "2009-12-31": "0.76000", "2008-12-31": "0.37000", "2007-12-31": "1.31000", "2006-12-31": "0.62000", "2005-12-31": "0.58000"}}, "income statement, quarterly": {"Revenue": {"2020-09-30": "181.04300", "2020-06-30": "183.15300", "2020-03-31": "192.80000", "2019-12-31": "192.07100", "2019-09-30": "187.47500", "2019-06-30": "184.07000", "2019-03-31": "172.36300", "2018-12-31": "181.38800", "2018-09-30": "179.41700", "2018-06-30": "178.79200", "2018-03-31": "180.43800", "2017-12-31": "175.86100", "2017-09-30": "180.18500", "2017-06-30": "177.28300", "2017-03-31": "169.40800", "2016-12-31": "167.64600", "2016-09-30": "166.26900", "2016-06-30": "166.86000", "2016-03-31": "164.85900", "2015-12-31": "160.12600", "2015-09-30": "150.76600", "2015-06-30": "148.54300", "2015-03-31": "145.23600", "2014-12-31": "102.06700", "2014-09-30": "152.62900", "2014-06-30": "152.72200", "2014-03-31": "148.45300", "2013-12-31": "97.18600", "2013-09-30": "144.82700", "2013-06-30": "132.61800", "2013-03-31": "130.37700", "2012-12-31": "110.00600", "2012-09-30": "123.41800", "2012-06-30": "126.72800", "2012-03-31": "124.89400", "2011-12-31": "85.68900", "2011-09-30": "117.26500", "2011-06-30": "114.65100", "2011-03-31": "114.35100", "2010-12-31": "96.48900", "2010-09-30": "115.52800", "2010-06-30": "113.76500", "2010-03-31": "115.05400", "2009-12-31": "109.71400", "2009-09-30": "113.17000", "2009-06-30": "111.91400", "2009-03-31": "113.22000", "2008-12-31": "106.25700", "2008-09-30": "112.75500", "2008-06-30": "112.82800", "2008-03-31": "113.42800", "2007-12-31": "99.57500", "2007-09-30": "107.58000", "2007-06-30": "105.14600", "2007-03-31": "106.10800", "2006-12-31": "93.99300", "2006-09-30": "103.39500", "2006-06-30": "102.83700", "2006-03-31": "101.07900", "2005-12-31": "84.47400", "2005-09-30": "100.05100", "2005-06-30": "101.23800", "2005-03-31": "102.16600"}, "Cost Of Goods Sold": {"2020-09-30": "56.89200", "2020-06-30": "55.11900", "2020-03-31": "62.20200", "2019-12-31": "63.26700", "2019-09-30": "64.13500", "2019-06-30": "60.55800", "2019-03-31": "60.55100", "2018-12-31": "62.16700", "2018-09-30": "61.15300", "2018-06-30": "59.66300", "2018-03-31": "59.43200", "2017-12-31": "59.40400", "2017-09-30": "61.23400", "2017-06-30": "58.85400", "2017-03-31": "57.39600", "2016-12-31": "57.37000", "2016-09-30": "58.62000", "2016-06-30": "57.51500", "2016-03-31": "57.58000", "2015-12-31": "56.62700", "2015-09-30": "54.43000", "2015-06-30": "52.37000", "2015-03-31": "52.51400", "2014-12-31": "36.83600", "2014-09-30": "57.38300", "2014-06-30": "55.27500", "2014-03-31": "56.39000", "2013-12-31": "36.17400", "2013-09-30": "54.10200", "2013-06-30": "47.31700", "2013-03-31": "46.59400", "2012-12-31": "40.57800", "2012-09-30": "45.90400", "2012-06-30": "45.88400", "2012-03-31": "44.37800", "2011-12-31": "32.41000", "2011-09-30": "44.03100", "2011-06-30": "39.93100", "2011-03-31": "40.93400", "2010-12-31": "32.57400", "2010-09-30": "43.33900", "2010-06-30": "38.14300", "2010-03-31": "41.71500", "2009-12-31": "39.87100", "2009-09-30": "42.56400", "2009-06-30": "38.90100", "2009-03-31": "40.68900", "2008-12-31": "39.99800", "2008-09-30": "40.91100", "2008-06-30": "40.50100", "2008-03-31": "38.57400", "2007-12-31": "35.31200", "2007-09-30": "38.68200", "2007-06-30": "37.58700", "2007-03-31": "37.93600", "2006-12-31": "34.73500", "2006-09-30": "38.89500", "2006-06-30": "36.89500", "2006-03-31": "36.11700", "2005-12-31": "32.34500", "2005-09-30": "37.00500", "2005-06-30": "34.18100", "2005-03-31": "35.00100"}, "Gross Profit": {"2020-09-30": "124.15100", "2020-06-30": "128.03400", "2020-03-31": "130.59800", "2019-12-31": "128.80400", "2019-09-30": "123.34000", "2019-06-30": "123.51200", "2019-03-31": "111.81200", "2018-12-31": "119.22100", "2018-09-30": "118.26400", "2018-06-30": "119.12900", "2018-03-31": "121.00600", "2017-12-31": "116.45700", "2017-09-30": "118.95100", "2017-06-30": "118.42900", "2017-03-31": "112.01200", "2016-12-31": "110.27600", "2016-09-30": "107.64900", "2016-06-30": "109.34500", "2016-03-31": "107.27900", "2015-12-31": "103.49900", "2015-09-30": "96.33600", "2015-06-30": "96.17300", "2015-03-31": "92.72200", "2014-12-31": "65.23100", "2014-09-30": "95.24600", "2014-06-30": "97.44700", "2014-03-31": "92.06300", "2013-12-31": "61.01200", "2013-09-30": "90.72500", "2013-06-30": "85.30100", "2013-03-31": "83.78300", "2012-12-31": "69.42800", "2012-09-30": "77.51400", "2012-06-30": "80.84400", "2012-03-31": "80.51600", "2011-12-31": "53.27900", "2011-09-30": "73.23400", "2011-06-30": "74.72000", "2011-03-31": "73.41700", "2010-12-31": "63.91500", "2010-09-30": "72.18900", "2010-06-30": "75.62200", "2010-03-31": "73.33900", "2009-12-31": "69.84300", "2009-09-30": "70.60600", "2009-06-30": "73.01300", "2009-03-31": "72.53100", "2008-12-31": "66.25900", "2008-09-30": "71.84400", "2008-06-30": "72.32700", "2008-03-31": "74.85400", "2007-12-31": "64.26300", "2007-09-30": "68.89800", "2007-06-30": "67.55900", "2007-03-31": "68.17200", "2006-12-31": "59.25800", "2006-09-30": "64.50000", "2006-06-30": "65.94200", "2006-03-31": "64.96200", "2005-12-31": "52.12900", "2005-09-30": "63.04600", "2005-06-30": "67.05700", "2005-03-31": "67.16500"}, "Research And Development Expenses": {"2020-09-30": "", "2020-06-30": "", "2020-03-31": "", "2019-12-31": "", "2019-09-30": "", "2019-06-30": "", "2019-03-31": "", "2018-12-31": "", "2018-09-30": "", "2018-06-30": "", "2018-03-31": "", "2017-12-31": "", "2017-09-30": "", "2017-06-30": "", "2017-03-31": "", "2016-12-31": "", "2016-09-30": "", "2016-06-30": "", "2016-03-31": "", "2015-12-31": "", "2015-09-30": "", "2015-06-30": "", "2015-03-31": "", "2014-12-31": "", "2014-09-30": "", "2014-06-30": "", "2014-03-31": "", "2013-12-31": "", "2013-09-30": "", "2013-06-30": "", "2013-03-31": "", "2012-12-31": "", "2012-09-30": "", "2012-06-30": "", "2012-03-31": "", "2011-12-31": "", "2011-09-30": "", "2011-06-30": "", "2011-03-31": "", "2010-12-31": "", "2010-09-30": "", "2010-06-30": "", "2010-03-31": "", "2009-12-31": "", "2009-09-30": "", "2009-06-30": "", "2009-03-31": "", "2008-12-31": "", "2008-09-30": "", "2008-06-30": "", "2008-03-31": "", "2007-12-31": "", "2007-09-30": "", "2007-06-30": "", "2007-03-31": "", "2006-12-31": "", "2006-09-30": "", "2006-06-30": "", "2006-03-31": "", "2005-12-31": "", "2005-09-30": "", "2005-06-30": "", "2005-03-31": ""}, "SG&A Expenses": {"2020-09-30": "9.15500", "2020-06-30": "10.08400", "2020-03-31": "10.93000", "2019-12-31": "10.40900", "2019-09-30": "11.71700", "2019-06-30": "9.56000", "2019-03-31": "12.38100", "2018-12-31": "9.13700", "2018-09-30": "9.55100", "2018-06-30": "9.54000", "2018-03-31": "11.77800", "2017-12-31": "9.86100", "2017-09-30": "9.24700", "2017-06-30": "9.05000", "2017-03-31": "11.49000", "2016-12-31": "8.82600", "2016-09-30": "9.86300", "2016-06-30": "8.32700", "2016-03-31": "11.13700", "2015-12-31": "8.74400", "2015-09-30": "8.99000", "2015-06-30": "8.66500", "2015-03-31": "11.24300", "2014-12-31": "8.28500", "2014-09-30": "7.52600", "2014-06-30": "8.73300", "2014-03-31": "10.71400", "2013-12-31": "8.43300", "2013-09-30": "8.96900", "2013-06-30": "8.39700", "2013-03-31": "10.58200", "2012-12-31": "9.07900", "2012-09-30": "9.72500", "2012-06-30": "8.90000", "2012-03-31": "9.67300", "2011-12-31": "7.74400", "2011-09-30": "12.21200", "2011-06-30": "7.97800", "2011-03-31": "7.79300", "2010-12-31": "8.57900", "2010-09-30": "8.88200", "2010-06-30": "6.98000", "2010-03-31": "8.50700", "2009-12-31": "9.39600", "2009-09-30": "9.48500", "2009-06-30": "9.48600", "2009-03-31": "8.31500", "2008-12-31": "8.68100", "2008-09-30": "8.88500", "2008-06-30": "10.76600", "2008-03-31": "9.71100", "2007-12-31": "10.14200", "2007-09-30": "9.64900", "2007-06-30": "10.86800", "2007-03-31": "10.91100", "2006-12-31": "11.01100", "2006-09-30": "8.54600", "2006-06-30": "9.06000", "2006-03-31": "8.69200", "2005-12-31": "9.20400", "2005-09-30": "7.51300", "2005-06-30": "7.98800", "2005-03-31": "8.35800"}, "Other Operating Income Or Expenses": {"2020-09-30": "0.00000", "2020-06-30": "-1.77800", "2020-03-31": "", "2019-12-31": "0.00000", "2019-09-30": "-5.31800", "2019-06-30": "-0.53100", "2019-03-31": "", "2018-12-31": "", "2018-09-30": "", "2018-06-30": "0.00000", "2018-03-31": "", "2017-12-31": "", "2017-09-30": "-1.44500", "2017-06-30": "", "2017-03-31": "", "2016-12-31": "", "2016-09-30": "0.00000", "2016-06-30": "", "2016-03-31": "", "2015-12-31": "", "2015-09-30": "", "2015-06-30": "", "2015-03-31": "", "2014-12-31": "", "2014-09-30": "0.00000", "2014-06-30": "-0.58800", "2014-03-31": "", "2013-12-31": "", "2013-09-30": "0.00000", "2013-06-30": "0.00000", "2013-03-31": "", "2012-12-31": "", "2012-09-30": "0.00000", "2012-06-30": "0.00000", "2012-03-31": "0.00000", "2011-12-31": "", "2011-09-30": "-2.42900", "2011-06-30": "", "2011-03-31": "", "2010-12-31": "", "2010-09-30": "", "2010-06-30": "", "2010-03-31": "", "2009-12-31": "", "2009-09-30": "", "2009-06-30": "", "2009-03-31": "", "2008-12-31": "", "2008-09-30": "", "2008-06-30": "", "2008-03-31": "", "2007-12-31": "", "2007-09-30": "", "2007-06-30": "", "2007-03-31": "", "2006-12-31": "", "2006-09-30": "", "2006-06-30": "", "2006-03-31": "", "2005-12-31": "", "2005-09-30": "", "2005-06-30": "", "2005-03-31": ""}, "Operating Expenses": {"2020-09-30": "126.35000", "2020-06-30": "126.44200", "2020-03-31": "134.28200", "2019-12-31": "138.66600", "2019-09-30": "142.02000", "2019-06-30": "130.10900", "2019-03-31": "142.13600", "2018-12-31": "129.75900", "2018-09-30": "128.36500", "2018-06-30": "125.89700", "2018-03-31": "128.77800", "2017-12-31": "128.16300", "2017-09-30": "128.89900", "2017-06-30": "123.72000", "2017-03-31": "125.03100", "2016-12-31": "124.60200", "2016-09-30": "121.40600", "2016-06-30": "121.15900", "2016-03-31": "122.21100", "2015-12-31": "121.53100", "2015-09-30": "114.38300", "2015-06-30": "108.96300", "2015-03-31": "110.62400", "2014-12-31": "78.86300", "2014-09-30": "113.19600", "2014-06-30": "115.03900", "2014-03-31": "115.26900", "2013-12-31": "79.49400", "2013-09-30": "110.40900", "2013-06-30": "96.33800", "2013-03-31": "97.26400", "2012-12-31": "82.99910", "2012-09-30": "92.67000", "2012-06-30": "93.77500", "2012-03-31": "91.03400", "2011-12-31": "63.93300", "2011-09-30": "93.72300", "2011-06-30": "80.59300", "2011-03-31": "82.28300", "2010-12-31": "71.21300", "2010-09-30": "86.40400", "2010-06-30": "78.38300", "2010-03-31": "82.95100", "2009-12-31": "81.15400", "2009-09-30": "84.41600", "2009-06-30": "80.90100", "2009-03-31": "81.88800", "2008-12-31": "78.55900", "2008-09-30": "81.25400", "2008-06-30": "82.01600", "2008-03-31": "79.03300", "2007-12-31": "73.18300", "2007-09-30": "80.22200", "2007-06-30": "78.21100", "2007-03-31": "77.81200", "2006-12-31": "72.30000", "2006-09-30": "75.60900", "2006-06-30": "74.57300", "2006-03-31": "72.45300", "2005-12-31": "63.47100", "2005-09-30": "72.18400", "2005-06-30": "70.01900", "2005-03-31": "73.00800"}, "Operating Income": {"2020-09-30": "54.69300", "2020-06-30": "56.71100", "2020-03-31": "58.51800", "2019-12-31": "53.40500", "2019-09-30": "45.45500", "2019-06-30": "53.96100", "2019-03-31": "30.22700", "2018-12-31": "51.62900", "2018-09-30": "51.05200", "2018-06-30": "52.89500", "2018-03-31": "51.66000", "2017-12-31": "47.69800", "2017-09-30": "51.28600", "2017-06-30": "53.56300", "2017-03-31": "44.37700", "2016-12-31": "43.04400", "2016-09-30": "44.86300", "2016-06-30": "45.70100", "2016-03-31": "42.64800", "2015-12-31": "38.59500", "2015-09-30": "36.38300", "2015-06-30": "39.58000", "2015-03-31": "34.61200", "2014-12-31": "23.20400", "2014-09-30": "39.43300", "2014-06-30": "37.68300", "2014-03-31": "33.18400", "2013-12-31": "17.69200", "2013-09-30": "34.41800", "2013-06-30": "36.28000", "2013-03-31": "33.11300", "2012-12-31": "27.00690", "2012-09-30": "30.74800", "2012-06-30": "32.95300", "2012-03-31": "33.86000", "2011-12-31": "21.75600", "2011-09-30": "23.54200", "2011-06-30": "34.05800", "2011-03-31": "32.06800", "2010-12-31": "25.27600", "2010-09-30": "29.12400", "2010-06-30": "35.38200", "2010-03-31": "32.10300", "2009-12-31": "28.56000", "2009-09-30": "28.75400", "2009-06-30": "31.01300", "2009-03-31": "31.33200", "2008-12-31": "27.69800", "2008-09-30": "31.50100", "2008-06-30": "30.81200", "2008-03-31": "34.39500", "2007-12-31": "26.39200", "2007-09-30": "27.35800", "2007-06-30": "26.93500", "2007-03-31": "28.29600", "2006-12-31": "21.69300", "2006-09-30": "27.78600", "2006-06-30": "28.26400", "2006-03-31": "28.62600", "2005-12-31": "21.00300", "2005-09-30": "27.86700", "2005-06-30": "31.21900", "2005-03-31": "29.15800"}, "Total Non-Operating Income/Expense": {"2020-09-30": "-13.18500", "2020-06-30": "-17.75500", "2020-03-31": "132.82200", "2019-12-31": "9.88100", "2019-09-30": "-16.83800", "2019-06-30": "-12.56700", "2019-03-31": "-21.84100", "2018-12-31": "3.74800", "2018-09-30": "-16.04300", "2018-06-30": "0.10300", "2018-03-31": "-17.41400", "2017-12-31": "12.33200", "2017-09-30": "8.26300", "2017-06-30": "-14.00900", "2017-03-31": "-11.84700", "2016-12-31": "-16.00800", "2016-09-30": "-11.02300", "2016-06-30": "-12.17300", "2016-03-31": "-14.50600", "2015-12-31": "-19.56700", "2015-09-30": "-9.03100", "2015-06-30": "-17.35900", "2015-03-31": "-17.69200", "2014-12-31": "-18.22000", "2014-09-30": "14.86600", "2014-06-30": "-13.17100", "2014-03-31": "-19.99200", "2013-12-31": "-17.53300", "2013-09-30": "-25.26100", "2013-06-30": "-21.70600", "2013-03-31": "-21.81300", "2012-12-31": "-23.11800", "2012-09-30": "-20.29200", "2012-06-30": "-23.49800", "2012-03-31": "-22.38200", "2011-12-31": "-22.83800", "2011-09-30": "-20.69800", "2011-06-30": "-21.71600", "2011-03-31": "-20.16500", "2010-12-31": "-23.19800", "2010-09-30": "-21.64100", "2010-06-30": "4.42900", "2010-03-31": "-21.20400", "2009-12-31": "-21.36300", "2009-09-30": "-16.45000", "2009-06-30": "-16.08500", "2009-03-31": "-19.30300", "2008-12-31": "-16.93100", "2008-09-30": "-21.73000", "2008-06-30": "-23.09100", "2008-03-31": "-24.04600", "2007-12-31": "-7.33400", "2007-09-30": "-23.35700", "2007-06-30": "-20.24500", "2007-03-31": "-5.99000", "2006-12-31": "-11.74600", "2006-09-30": "-21.06500", "2006-06-30": "-24.52900", "2006-03-31": "-19.20900", "2005-12-31": "-7.68900", "2005-09-30": "-19.06100", "2005-06-30": "-24.84600", "2005-03-31": "-28.14700"}, "Pre-Tax Income": {"2020-09-30": "41.50800", "2020-06-30": "38.95600", "2020-03-31": "191.34000", "2019-12-31": "63.28600", "2019-09-30": "28.61700", "2019-06-30": "41.39400", "2019-03-31": "8.38600", "2018-12-31": "55.37700", "2018-09-30": "35.00900", "2018-06-30": "52.99800", "2018-03-31": "34.24600", "2017-12-31": "60.03000", "2017-09-30": "59.54900", "2017-06-30": "39.55400", "2017-03-31": "32.53000", "2016-12-31": "27.03600", "2016-09-30": "33.84000", "2016-06-30": "33.52800", "2016-03-31": "28.14200", "2015-12-31": "19.02800", "2015-09-30": "27.35200", "2015-06-30": "22.22100", "2015-03-31": "16.92000", "2014-12-31": "4.98400", "2014-09-30": "54.29900", "2014-06-30": "24.51200", "2014-03-31": "13.19200", "2013-12-31": "0.15900", "2013-09-30": "9.15700", "2013-06-30": "14.57400", "2013-03-31": "11.30000", "2012-12-31": "3.88900", "2012-09-30": "10.45600", "2012-06-30": "9.45500", "2012-03-31": "11.47800", "2011-12-31": "-1.08200", "2011-09-30": "2.84400", "2011-06-30": "12.34200", "2011-03-31": "11.90300", "2010-12-31": "2.07800", "2010-09-30": "7.48300", "2010-06-30": "39.81100", "2010-03-31": "10.89900", "2009-12-31": "7.19700", "2009-09-30": "12.30400", "2009-06-30": "14.92800", "2009-03-31": "12.02900", "2008-12-31": "10.76700", "2008-09-30": "9.77100", "2008-06-30": "7.72100", "2008-03-31": "10.34900", "2007-12-31": "19.05800", "2007-09-30": "4.00100", "2007-06-30": "6.69000", "2007-03-31": "22.30600", "2006-12-31": "9.94700", "2006-09-30": "6.72100", "2006-06-30": "3.73500", "2006-03-31": "9.41700", "2005-12-31": "13.31400", "2005-09-30": "8.80600", "2005-06-30": "6.37300", "2005-03-31": "1.01100"}, "Income Taxes": {"2020-09-30": "", "2020-06-30": "", "2020-03-31": "", "2019-12-31": "", "2019-09-30": "", "2019-06-30": "", "2019-03-31": "", "2018-12-31": "", "2018-09-30": "", "2018-06-30": "", "2018-03-31": "", "2017-12-31": "", "2017-09-30": "", "2017-06-30": "", "2017-03-31": "", "2016-12-31": "", "2016-09-30": "", "2016-06-30": "", "2016-03-31": "", "2015-12-31": "", "2015-09-30": "", "2015-06-30": "", "2015-03-31": "", "2014-12-31": "", "2014-09-30": "", "2014-06-30": "", "2014-03-31": "", "2013-12-31": "", "2013-09-30": "", "2013-06-30": "", "2013-03-31": "", "2012-12-31": "", "2012-09-30": "", "2012-06-30": "", "2012-03-31": "", "2011-12-31": "", "2011-09-30": "", "2011-06-30": "", "2011-03-31": "", "2010-12-31": "", "2010-09-30": "", "2010-06-30": "", "2010-03-31": "", "2009-12-31": "", "2009-09-30": "", "2009-06-30": "", "2009-03-31": "", "2008-12-31": "", "2008-09-30": "", "2008-06-30": "", "2008-03-31": "", "2007-12-31": "", "2007-09-30": "", "2007-06-30": "", "2007-03-31": "", "2006-12-31": "", "2006-09-30": "", "2006-06-30": "", "2006-03-31": "", "2005-12-31": "", "2005-09-30": "", "2005-06-30": "", "2005-03-31": ""}, "Income After Taxes": {"2020-09-30": "41.50800", "2020-06-30": "38.95600", "2020-03-31": "191.34000", "2019-12-31": "63.28600", "2019-09-30": "28.61700", "2019-06-30": "41.39400", "2019-03-31": "8.38600", "2018-12-31": "55.37700", "2018-09-30": "35.00900", "2018-06-30": "52.99800", "2018-03-31": "34.24600", "2017-12-31": "60.03000", "2017-09-30": "59.54900", "2017-06-30": "39.55400", "2017-03-31": "32.53000", "2016-12-31": "27.03600", "2016-09-30": "33.84000", "2016-06-30": "33.52800", "2016-03-31": "28.14200", "2015-12-31": "19.02800", "2015-09-30": "27.35200", "2015-06-30": "22.22100", "2015-03-31": "16.92000", "2014-12-31": "4.98400", "2014-09-30": "54.29900", "2014-06-30": "24.51200", "2014-03-31": "13.19200", "2013-12-31": "0.15900", "2013-09-30": "9.15700", "2013-06-30": "14.57400", "2013-03-31": "11.30000", "2012-12-31": "3.88900", "2012-09-30": "10.45600", "2012-06-30": "9.45500", "2012-03-31": "11.47800", "2011-12-31": "-1.08200", "2011-09-30": "2.84400", "2011-06-30": "12.34200", "2011-03-31": "11.90300", "2010-12-31": "2.07800", "2010-09-30": "7.48300", "2010-06-30": "39.81100", "2010-03-31": "10.89900", "2009-12-31": "7.19700", "2009-09-30": "12.30400", "2009-06-30": "14.92800", "2009-03-31": "12.02900", "2008-12-31": "10.76700", "2008-09-30": "9.77100", "2008-06-30": "7.72100", "2008-03-31": "10.34900", "2007-12-31": "19.05800", "2007-09-30": "4.00100", "2007-06-30": "6.69000", "2007-03-31": "22.30600", "2006-12-31": "9.94700", "2006-09-30": "6.72100", "2006-06-30": "3.73500", "2006-03-31": "9.41700", "2005-12-31": "13.31400", "2005-09-30": "8.80600", "2005-06-30": "6.37300", "2005-03-31": "1.01100"}, "Other Income": {"2020-09-30": "", "2020-06-30": "", "2020-03-31": "", "2019-12-31": "", "2019-09-30": "", "2019-06-30": "", "2019-03-31": "", "2018-12-31": "", "2018-09-30": "", "2018-06-30": "", "2018-03-31": "", "2017-12-31": "", "2017-09-30": "", "2017-06-30": "", "2017-03-31": "", "2016-12-31": "", "2016-09-30": "", "2016-06-30": "", "2016-03-31": "", "2015-12-31": "", "2015-09-30": "", "2015-06-30": "", "2015-03-31": "", "2014-12-31": "", "2014-09-30": "", "2014-06-30": "", "2014-03-31": "", "2013-12-31": "", "2013-09-30": "", "2013-06-30": "", "2013-03-31": "", "2012-12-31": "", "2012-09-30": "", "2012-06-30": "0.00000", "2012-03-31": "", "2011-12-31": "", "2011-09-30": "", "2011-06-30": "", "2011-03-31": "", "2010-12-31": "", "2010-09-30": "", "2010-06-30": "", "2010-03-31": "", "2009-12-31": "", "2009-09-30": "", "2009-06-30": "", "2009-03-31": "0.00000", "2008-12-31": "", "2008-09-30": "0.00000", "2008-06-30": "0.00000", "2008-03-31": "", "2007-12-31": "", "2007-09-30": "0.00000", "2007-06-30": "0.00000", "2007-03-31": "4.12800", "2006-12-31": "", "2006-09-30": "0.00000", "2006-06-30": "0.00000", "2006-03-31": "0.00000", "2005-12-31": "", "2005-09-30": "0.00000", "2005-06-30": "0.00000", "2005-03-31": "0.00000"}, "Income From Continuous Operations": {"2020-09-30": "42.33100", "2020-06-30": "38.95600", "2020-03-31": "191.34000", "2019-12-31": "62.34600", "2019-09-30": "29.55700", "2019-06-30": "41.39400", "2019-03-31": "8.38600", "2018-12-31": "55.37700", "2018-09-30": "35.00900", "2018-06-30": "52.99800", "2018-03-31": "34.24600", "2017-12-31": "59.07500", "2017-09-30": "59.54900", "2017-06-30": "39.55400", "2017-03-31": "33.48500", "2016-12-31": "27.03600", "2016-09-30": "33.84000", "2016-06-30": "33.52800", "2016-03-31": "28.14200", "2015-12-31": "19.02800", "2015-09-30": "27.35200", "2015-06-30": "22.22100", "2015-03-31": "16.92000", "2014-12-31": "4.98400", "2014-09-30": "54.29900", "2014-06-30": "24.51200", "2014-03-31": "13.19200", "2013-12-31": "-0.75400", "2013-09-30": "16.60800", "2013-06-30": "15.48700", "2013-03-31": "11.30000", "2012-12-31": "7.57800", "2012-09-30": "10.45600", "2012-06-30": "10.96300", "2012-03-31": "11.31600", "2011-12-31": "1.33000", "2011-09-30": "3.95700", "2011-06-30": "13.69500", "2011-03-31": "11.90300", "2010-12-31": "4.08600", "2010-09-30": "8.50100", "2010-06-30": "39.81100", "2010-03-31": "11.69400", "2009-12-31": "7.19700", "2009-09-30": "12.30400", "2009-06-30": "14.92800", "2009-03-31": "12.02900", "2008-12-31": "6.04400", "2008-09-30": "10.98500", "2008-06-30": "9.24100", "2008-03-31": "12.33800", "2007-12-31": "5.21800", "2007-09-30": "4.94600", "2007-06-30": "8.32000", "2007-03-31": "33.57100", "2006-12-31": "10.71400", "2006-09-30": "7.61800", "2006-06-30": "5.30600", "2006-03-31": "10.96500", "2005-12-31": "6.27000", "2005-09-30": "10.92900", "2005-06-30": "8.54000", "2005-03-31": "4.02000"}, "Income From Discontinued Operations": {"2020-09-30": "", "2020-06-30": "", "2020-03-31": "", "2019-12-31": "", "2019-09-30": "", "2019-06-30": "", "2019-03-31": "", "2018-12-31": "", "2018-09-30": "", "2018-06-30": "", "2018-03-31": "", "2017-12-31": "", "2017-09-30": "", "2017-06-30": "", "2017-03-31": "", "2016-12-31": "", "2016-09-30": "0.00000", "2016-06-30": "0.00000", "2016-03-31": "418.59300", "2015-12-31": "2.88900", "2015-09-30": "4.26500", "2015-06-30": "4.67000", "2015-03-31": "3.91500", "2014-12-31": "18.60100", "2014-09-30": "0.00000", "2014-06-30": "0.00000", "2014-03-31": "0.38400", "2013-12-31": "32.44400", "2013-09-30": "39.46000", "2013-06-30": "14.09200", "2013-03-31": "2.46000", "2012-12-31": "8.03100", "2012-09-30": "25.34000", "2012-06-30": "3.53500", "2012-03-31": "7.01600", "2011-12-31": "11.52000", "2011-09-30": "4.28700", "2011-06-30": "0.73900", "2011-03-31": "0.54000", "2010-12-31": "7.31300", "2010-09-30": "0.27200", "2010-06-30": "0.23800", "2010-03-31": "0.38800", "2009-12-31": "-8.35000", "2009-09-30": "0.26900", "2009-06-30": "22.14600", "2009-03-31": "1.17100", "2008-12-31": "-18.90500", "2008-09-30": "4.73900", "2008-06-30": "6.77200", "2008-03-31": "4.39600", "2007-12-31": "16.59000", "2007-09-30": "8.49400", "2007-06-30": "0.96900", "2007-03-31": "18.98700", "2006-12-31": "13.70200", "2006-09-30": "1.29100", "2006-06-30": "0.96700", "2006-03-31": "3.18100", "2005-12-31": "0.72900", "2005-09-30": "11.94200", "2005-06-30": "2.89400", "2005-03-31": "17.13400"}, "Net Income": {"2020-09-30": "40.30400", "2020-06-30": "37.02800", "2020-03-31": "185.47300", "2019-12-31": "59.85200", "2019-09-30": "27.90100", "2019-06-30": "39.42200", "2019-03-31": "7.25500", "2018-12-31": "53.04800", "2018-09-30": "33.16000", "2018-06-30": "50.68600", "2018-03-31": "32.44900", "2017-12-31": "56.57000", "2017-09-30": "57.04000", "2017-06-30": "37.58900", "2017-03-31": "31.67400", "2016-12-31": "25.38000", "2016-09-30": "31.97100", "2016-06-30": "31.64800", "2016-03-31": "432.79000", "2015-12-31": "20.35200", "2015-09-30": "29.74900", "2015-06-30": "25.15500", "2015-03-31": "19.31600", "2014-12-31": "21.91600", "2014-09-30": "51.70800", "2014-06-30": "22.70500", "2014-03-31": "12.12800", "2013-12-31": "29.72900", "2013-09-30": "53.34900", "2013-06-30": "27.52200", "2013-03-31": "12.34900", "2012-12-31": "14.07400", "2012-09-30": "33.35700", "2012-06-30": "12.96200", "2012-03-31": "16.69400", "2011-12-31": "11.42700", "2011-09-30": "7.00200", "2011-06-30": "10.11200", "2011-03-31": "10.13600", "2010-12-31": "9.01700", "2010-09-30": "6.87800", "2010-06-30": "36.22400", "2010-03-31": "9.67100", "2009-12-31": "-2.54100", "2009-09-30": "10.28100", "2009-06-30": "33.22700", "2009-03-31": "10.81100", "2008-12-31": "-15.02200", "2008-09-30": "12.15200", "2008-06-30": "12.14500", "2008-03-31": "12.80500", "2007-12-31": "12.62000", "2007-09-30": "9.91800", "2007-06-30": "4.00000", "2007-03-31": "48.44500", "2006-12-31": "20.30300", "2006-09-30": "4.79600", "2006-06-30": "2.16000", "2006-03-31": "7.61900", "2005-12-31": "1.88600", "2005-09-30": "11.90000", "2005-06-30": "3.72100", "2005-03-31": "13.44100"}, "EBITDA": {"2020-09-30": "115.72600", "2020-06-30": "116.81000", "2020-03-31": "120.14000", "2019-12-31": "118.80300", "2019-09-30": "106.49600", "2019-06-30": "113.36100", "2019-03-31": "101.72600", "2018-12-31": "109.50400", "2018-09-30": "108.62600", "2018-06-30": "109.72200", "2018-03-31": "109.61600", "2017-12-31": "107.25900", "2017-09-30": "109.22800", "2017-06-30": "110.31900", "2017-03-31": "101.80600", "2016-12-31": "102.57600", "2016-09-30": "98.90900", "2016-06-30": "101.26800", "2016-03-31": "97.97600", "2015-12-31": "100.21800", "2015-09-30": "92.96800", "2015-06-30": "92.67600", "2015-03-31": "86.63400", "2014-12-31": "74.34690", "2014-09-30": "89.56300", "2014-06-30": "89.92800", "2014-03-31": "82.20200", "2013-12-31": "68.00700", "2013-09-30": "84.45100", "2013-06-30": "80.44100", "2013-03-31": "77.00600", "2012-12-31": "69.34590", "2012-09-30": "71.27500", "2012-06-30": "76.05400", "2012-03-31": "73.31300", "2011-12-31": "62.24000", "2011-09-30": "61.01800", "2011-06-30": "68.78100", "2011-03-31": "67.17100", "2010-12-31": "61.97000", "2010-09-30": "64.50800", "2010-06-30": "70.07600", "2010-03-31": "66.35000", "2009-12-31": "62.25000", "2009-09-30": "62.30000", "2009-06-30": "63.12500", "2009-03-31": "67.48800", "2008-12-31": "56.38400", "2008-09-30": "66.01400", "2008-06-30": "64.89500", "2008-03-31": "68.67100", "2007-12-31": "59.52900", "2007-09-30": "62.19400", "2007-06-30": "60.00300", "2007-03-31": "60.10400", "2006-12-31": "54.01900", "2006-09-30": "59.01500", "2006-06-30": "59.98100", "2006-03-31": "59.30500", "2005-12-31": "52.20100", "2005-09-30": "59.54700", "2005-06-30": "65.34800", "2005-03-31": "66.28600"}, "EBIT": {"2020-09-30": "54.69300", "2020-06-30": "56.71100", "2020-03-31": "58.51800", "2019-12-31": "53.40500", "2019-09-30": "45.45500", "2019-06-30": "53.96100", "2019-03-31": "30.22700", "2018-12-31": "51.62900", "2018-09-30": "51.05200", "2018-06-30": "52.89500", "2018-03-31": "51.66000", "2017-12-31": "47.69800", "2017-09-30": "51.28600", "2017-06-30": "53.56300", "2017-03-31": "44.37700", "2016-12-31": "43.04400", "2016-09-30": "44.86300", "2016-06-30": "45.70100", "2016-03-31": "42.64800", "2015-12-31": "38.59500", "2015-09-30": "36.38300", "2015-06-30": "39.58000", "2015-03-31": "34.61200", "2014-12-31": "23.20400", "2014-09-30": "39.43300", "2014-06-30": "37.68300", "2014-03-31": "33.18400", "2013-12-31": "17.69200", "2013-09-30": "34.41800", "2013-06-30": "36.28000", "2013-03-31": "33.11300", "2012-12-31": "27.00700", "2012-09-30": "30.74800", "2012-06-30": "32.95300", "2012-03-31": "33.86000", "2011-12-31": "21.75600", "2011-09-30": "23.54200", "2011-06-30": "34.05800", "2011-03-31": "32.06800", "2010-12-31": "25.27600", "2010-09-30": "29.12400", "2010-06-30": "35.38200", "2010-03-31": "32.10300", "2009-12-31": "28.56000", "2009-09-30": "28.75400", "2009-06-30": "31.01300", "2009-03-31": "31.33200", "2008-12-31": "27.69800", "2008-09-30": "31.50100", "2008-06-30": "30.81200", "2008-03-31": "34.39500", "2007-12-31": "26.39200", "2007-09-30": "27.35800", "2007-06-30": "26.93500", "2007-03-31": "28.29600", "2006-12-31": "21.69300", "2006-09-30": "27.78600", "2006-06-30": "28.26400", "2006-03-31": "28.62600", "2005-12-31": "21.00300", "2005-09-30": "27.86700", "2005-06-30": "31.21900", "2005-03-31": "29.15800"}, "Basic Shares Outstanding": {"2020-09-30": "103.89600", "2020-06-30": "103.88600", "2020-03-31": "103.81300", "2019-12-31": "103.69200", "2019-09-30": "103.72700", "2019-06-30": "103.69300", "2019-03-31": "103.60000", "2018-12-31": "103.43900", "2018-09-30": "103.47100", "2018-06-30": "103.42800", "2018-03-31": "103.32400", "2017-12-31": "102.68200", "2017-09-30": "103.23700", "2017-06-30": "102.47500", "2017-03-31": "101.73800", "2016-12-31": "98.43900", "2016-09-30": "98.97300", "2016-06-30": "97.64800", "2016-03-31": "96.37300", "2015-12-31": "94.40400", "2015-09-30": "94.69300", "2015-06-30": "94.05500", "2015-03-31": "93.22200", "2014-12-31": "90.74300", "2014-09-30": "90.66800", "2014-06-30": "90.25400", "2014-03-31": "89.96600", "2013-12-31": "85.33500", "2013-09-30": "87.46700", "2013-06-30": "82.81100", "2013-03-31": "81.02900", "2012-12-31": "75.81100", "2012-09-30": "76.59000", "2012-06-30": "74.66200", "2012-03-31": "72.83600", "2011-12-31": "72.28100", "2011-09-30": "72.49200", "2011-06-30": "72.21100", "2011-03-31": "71.81700", "2010-12-31": "71.57800", "2010-09-30": "71.63100", "2010-06-30": "71.60100", "2010-03-31": "71.41400", "2009-12-31": "67.97100", "2009-09-30": "70.90200", "2009-06-30": "66.12200", "2009-03-31": "63.63100", "2008-12-31": "59.32000", "2008-09-30": "58.99800", "2008-06-30": "57.45600", "2008-03-31": "57.21700", "2007-12-31": "56.92900", "2007-09-30": "56.62800", "2007-06-30": "56.46000", "2007-03-31": "56.04000", "2006-12-31": "54.48900", "2006-09-30": "54.47000", "2006-06-30": "53.87900", "2006-03-31": "53.81300", "2005-12-31": "53.73200", "2005-09-30": "53.76800", "2005-06-30": "53.73600", "2005-03-31": "53.64400"}, "Shares Outstanding": {"2020-09-30": "106.74000", "2020-06-30": "106.73000", "2020-03-31": "106.63300", "2019-12-31": "106.44500", "2019-09-30": "106.47100", "2019-06-30": "106.44500", "2019-03-31": "106.35700", "2018-12-31": "106.26800", "2018-09-30": "106.33300", "2018-06-30": "106.26700", "2018-03-31": "106.16500", "2017-12-31": "105.59400", "2017-09-30": "106.14500", "2017-06-30": "105.38600", "2017-03-31": "104.66100", "2016-12-31": "101.39800", "2016-09-30": "101.93900", "2016-06-30": "100.62800", "2016-03-31": "99.35700", "2015-12-31": "97.40600", "2015-09-30": "97.66100", "2015-06-30": "97.04900", "2015-03-31": "96.27900", "2014-12-31": "93.80000", "2014-09-30": "93.72300", "2014-06-30": "93.31200", "2014-03-31": "93.03000", "2013-12-31": "88.83600", "2013-09-30": "90.76900", "2013-06-30": "86.63100", "2013-03-31": "84.86200", "2012-12-31": "79.67800", "2012-09-30": "80.49500", "2012-06-30": "78.52100", "2012-03-31": "76.69600", "2011-12-31": "76.18900", "2011-09-30": "76.40200", "2011-06-30": "76.19700", "2011-03-31": "75.79200", "2010-12-31": "75.57800", "2010-09-30": "75.63800", "2010-06-30": "75.60700", "2010-03-31": "75.39700", "2009-12-31": "72.07900", "2009-09-30": "75.07200", "2009-06-30": "70.23400", "2009-03-31": "67.70500", "2008-12-31": "63.49200", "2008-09-30": "63.22800", "2008-06-30": "61.82200", "2008-03-31": "61.41600", "2007-12-31": "61.78200", "2007-09-30": "61.39600", "2007-06-30": "61.56200", "2007-03-31": "61.90000", "2006-12-31": "61.36200", "2006-09-30": "61.45700", "2006-06-30": "60.38700", "2006-03-31": "60.58800", "2005-12-31": "53.73200", "2005-09-30": "53.76800", "2005-06-30": "60.35100", "2005-03-31": "53.64400"}, "Basic EPS": {"2020-09-30": "0.39000", "2020-06-30": "0.36000", "2020-03-31": "1.79000", "2019-12-31": "0.58000", "2019-09-30": "0.27000", "2019-06-30": "0.38000", "2019-03-31": "0.07000", "2018-12-31": "0.52000", "2018-09-30": "0.32000", "2018-06-30": "0.49000", "2018-03-31": "0.31000", "2017-12-31": "0.55000", "2017-09-30": "0.55000", "2017-06-30": "0.37000", "2017-03-31": "0.31000", "2016-12-31": "0.17000", "2016-09-30": "0.32000", "2016-06-30": "0.32000", "2016-03-31": "4.49000", "2015-12-31": "0.21000", "2015-09-30": "0.31000", "2015-06-30": "0.27000", "2015-03-31": "0.21000", "2014-12-31": "0.25000", "2014-09-30": "0.57000", "2014-06-30": "0.25000", "2014-03-31": "0.13000", "2013-12-31": "0.35000", "2013-09-30": "0.61000", "2013-06-30": "0.33000", "2013-03-31": "0.15000", "2012-12-31": "0.18000", "2012-09-30": "0.44000", "2012-06-30": "0.17000", "2012-03-31": "0.23000", "2011-12-31": "0.16000", "2011-09-30": "0.10000", "2011-06-30": "0.14000", "2011-03-31": "0.14000", "2010-12-31": "0.11000", "2010-09-30": "0.10000", "2010-06-30": "0.51000", "2010-03-31": "0.14000", "2009-12-31": "-0.06000", "2009-09-30": "0.15000", "2009-06-30": "0.50000", "2009-03-31": "0.17000", "2008-12-31": "-0.27000", "2008-09-30": "0.21000", "2008-06-30": "0.21000", "2008-03-31": "0.22000", "2007-12-31": "0.21000", "2007-09-30": "0.18000", "2007-06-30": "0.07000", "2007-03-31": "0.86000", "2006-12-31": "0.37000", "2006-09-30": "0.09000", "2006-06-30": "0.04000", "2006-03-31": "0.14000", "2005-12-31": "0.04000", "2005-09-30": "0.22000", "2005-06-30": "0.07000", "2005-03-31": "0.25000"}, "EPS - Earnings Per Share": {"2020-09-30": "0.39000", "2020-06-30": "0.36000", "2020-03-31": "1.79000", "2019-12-31": "0.58000", "2019-09-30": "0.27000", "2019-06-30": "0.38000", "2019-03-31": "0.07000", "2018-12-31": "0.52000", "2018-09-30": "0.32000", "2018-06-30": "0.49000", "2018-03-31": "0.31000", "2017-12-31": "0.55000", "2017-09-30": "0.55000", "2017-06-30": "0.37000", "2017-03-31": "0.31000", "2016-12-31": "0.17000", "2016-09-30": "0.32000", "2016-06-30": "0.32000", "2016-03-31": "4.49000", "2015-12-31": "0.21000", "2015-09-30": "0.31000", "2015-06-30": "0.27000", "2015-03-31": "0.21000", "2014-12-31": "0.24000", "2014-09-30": "0.57000", "2014-06-30": "0.25000", "2014-03-31": "0.13000", "2013-12-31": "0.35000", "2013-09-30": "0.61000", "2013-06-30": "0.33000", "2013-03-31": "0.15000", "2012-12-31": "0.19000", "2012-09-30": "0.43000", "2012-06-30": "0.17000", "2012-03-31": "0.23000", "2011-12-31": "0.16000", "2011-09-30": "0.10000", "2011-06-30": "0.14000", "2011-03-31": "0.14000", "2010-12-31": "0.12000", "2010-09-30": "0.10000", "2010-06-30": "0.50000", "2010-03-31": "0.14000", "2009-12-31": "-0.05000", "2009-09-30": "0.14000", "2009-06-30": "0.50000", "2009-03-31": "0.17000", "2008-12-31": "-0.27000", "2008-09-30": "0.21000", "2008-06-30": "0.21000", "2008-03-31": "0.22000", "2007-12-31": "0.22000", "2007-09-30": "0.17000", "2007-06-30": "0.07000", "2007-03-31": "0.85000", "2006-12-31": "0.35000", "2006-09-30": "0.09000", "2006-06-30": "0.04000", "2006-03-31": "0.14000", "2005-12-31": "0.04000", "2005-09-30": "0.22000", "2005-06-30": "0.07000", "2005-03-31": "0.25000"}}, "balance sheet": {"Cash On Hand": {"2019-12-31": "14.74200", "2018-12-31": "10.14300", "2017-12-31": "88.33300", "2016-12-31": "78.63100", "2015-12-31": "21.80500", "2014-12-31": "23.42700", "2013-12-31": "24.35300", "2012-12-31": "33.48500", "2011-12-31": "37.85400", "2010-12-31": "18.60500", "2009-12-31": "30.54000", "2008-12-31": "16.01500", "2007-12-31": "19.03600", "2006-12-31": "18.71700", "2005-12-31": "17.43500"}, "Receivables": {"2019-12-31": "258.02200", "2018-12-31": "246.04000", "2017-12-31": "224.52800", "2016-12-31": "190.20100", "2015-12-31": "179.46900", "2014-12-31": "178.95100", "2013-12-31": "152.44400", "2012-12-31": "132.47400", "2011-12-31": "129.58300", "2010-12-31": "113.89400", "2009-12-31": "103.66900", "2008-12-31": "103.39300", "2007-12-31": "97.94800", "2006-12-31": "91.71100", "2005-12-31": "84.55000"}, "Inventory": {"2019-12-31": "", "2018-12-31": "", "2017-12-31": "", "2016-12-31": "", "2015-12-31": "", "2014-12-31": "", "2013-12-31": "", "2012-12-31": "", "2011-12-31": "", "2010-12-31": "", "2009-12-31": "", "2008-12-31": "", "2007-12-31": "", "2006-12-31": "", "2005-12-31": ""}, "Pre-Paid Expenses": {"2019-12-31": "", "2018-12-31": "", "2017-12-31": "", "2016-12-31": "", "2015-12-31": "", "2014-12-31": "", "2013-12-31": "", "2012-12-31": "", "2011-12-31": "", "2010-12-31": "", "2009-12-31": "", "2008-12-31": "", "2007-12-31": "", "2006-12-31": "", "2005-12-31": ""}, "Other Current Assets": {"2019-12-31": "", "2018-12-31": "", "2017-12-31": "", "2016-12-31": "", "2015-12-31": "", "2014-12-31": "", "2013-12-31": "", "2012-12-31": "", "2011-12-31": "", "2010-12-31": "", "2009-12-31": "", "2008-12-31": "", "2007-12-31": "", "2006-12-31": "", "2005-12-31": ""}, "Total Current Assets": {"2019-12-31": "274.26500", "2018-12-31": "261.78200", "2017-12-31": "319.28600", "2016-12-31": "277.66500", "2015-12-31": "203.37000", "2014-12-31": "215.49400", "2013-12-31": "203.20600", "2012-12-31": "191.43100", "2011-12-31": "186.03700", "2010-12-31": "151.54300", "2009-12-31": "137.35200", "2008-12-31": "123.01000", "2007-12-31": "122.21000", "2006-12-31": "118.29900", "2005-12-31": "111.21700"}, "Property, Plant, And Equipment": {"2019-12-31": "4526.54800", "2018-12-31": "4165.52600", "2017-12-31": "4037.23900", "2016-12-31": "4010.60200", "2015-12-31": "3762.22300", "2014-12-31": "3248.04500", "2013-12-31": "3312.22200", "2012-12-31": "2692.44800", "2011-12-31": "2601.00900", "2010-12-31": "2507.88300", "2009-12-31": "2554.24400", "2008-12-31": "2616.01900", "2007-12-31": "2622.09100", "2006-12-31": "2534.81400", "2005-12-31": "2478.91800"}, "Long-Term Investments": {"2019-12-31": "", "2018-12-31": "", "2017-12-31": "", "2016-12-31": "", "2015-12-31": "", "2014-12-31": "", "2013-12-31": "", "2012-12-31": "", "2011-12-31": "", "2010-12-31": "", "2009-12-31": "", "2008-12-31": "", "2007-12-31": "", "2006-12-31": "", "2005-12-31": ""}, "Goodwill And Intangible Assets": {"2019-12-31": "", "2018-12-31": "", "2017-12-31": "", "2016-12-31": "", "2015-12-31": "", "2014-12-31": "", "2013-12-31": "", "2012-12-31": "", "2011-12-31": "", "2010-12-31": "", "2009-12-31": "", "2008-12-31": "", "2007-12-31": "", "2006-12-31": "", "2005-12-31": ""}, "Other Long-Term Assets": {"2019-12-31": "106.08400", "2018-12-31": "52.42800", "2017-12-31": "66.58700", "2016-12-31": "59.28300", "2015-12-31": "288.27300", "2014-12-31": "313.13600", "2013-12-31": "69.46200", "2012-12-31": "302.58500", "2011-12-31": "266.17200", "2010-12-31": "127.40800", "2009-12-31": "121.98800", "2008-12-31": "134.14900", "2007-12-31": "110.46600", "2006-12-31": "125.38800", "2005-12-31": "259.78400"}, "Total Long-Term Assets": {"2019-12-31": "4863.97900", "2018-12-31": "4413.22700", "2017-12-31": "4304.50500", "2016-12-31": "4283.38500", "2015-12-31": "4282.26100", "2014-12-31": "3783.62900", "2013-12-31": "3603.89500", "2012-12-31": "3158.99700", "2011-12-31": "2994.95500", "2010-12-31": "2720.29200", "2009-12-31": "2749.74900", "2008-12-31": "2823.16000", "2007-12-31": "2804.74500", "2006-12-31": "2726.55400", "2005-12-31": "2797.76100"}, "Total Assets": {"2019-12-31": "5138.24400", "2018-12-31": "4675.00900", "2017-12-31": "4623.79100", "2016-12-31": "4561.05000", "2015-12-31": "4485.63100", "2014-12-31": "3999.12300", "2013-12-31": "3807.10100", "2012-12-31": "3350.42800", "2011-12-31": "3180.99200", "2010-12-31": "2871.83500", "2009-12-31": "2887.10100", "2008-12-31": "2946.17000", "2007-12-31": "2926.95500", "2006-12-31": "2844.85300", "2005-12-31": "2908.97800"}, "Total Current Liabilities": {"2019-12-31": "286.91100", "2018-12-31": "218.92200", "2017-12-31": "228.21500", "2016-12-31": "313.88500", "2015-12-31": "233.98800", "2014-12-31": "231.48200", "2013-12-31": "218.96200", "2012-12-31": "172.14600", "2011-12-31": "148.60700", "2010-12-31": "106.71600", "2009-12-31": "117.32800", "2008-12-31": "135.60900", "2007-12-31": "157.76600", "2006-12-31": "156.73700", "2005-12-31": "127.45500"}, "Long Term Debt": {"2019-12-31": "2543.71000", "2018-12-31": "2085.83100", "2017-12-31": "2014.33300", "2016-12-31": "1948.04700", "2015-12-31": "2491.81300", "2014-12-31": "2071.38900", "2013-12-31": "1982.96300", "2012-12-31": "1888.52000", "2011-12-31": "1899.05600", "2010-12-31": "1556.05900", "2009-12-31": "1506.86100", "2008-12-31": "1638.85900", "2007-12-31": "1677.05800", "2006-12-31": "1500.65900", "2005-12-31": "1505.77000"}, "Other Non-Current Liabilities": {"2019-12-31": "", "2018-12-31": "", "2017-12-31": "", "2016-12-31": "", "2015-12-31": "14.11900", "2014-12-31": "15.11300", "2013-12-31": "", "2012-12-31": "", "2011-12-31": "35.81500", "2010-12-31": "", "2009-12-31": "", "2008-12-31": "", "2007-12-31": "", "2006-12-31": "", "2005-12-31": ""}, "Total Long Term Liabilities": {"2019-12-31": "2676.92600", "2018-12-31": "2191.79100", "2017-12-31": "2158.34200", "2016-12-31": "2092.84900", "2015-12-31": "2632.36100", "2014-12-31": "2216.55000", "2013-12-31": "2089.44300", "2012-12-31": "2013.38900", "2011-12-31": "2045.52600", "2010-12-31": "1676.89700", "2009-12-31": "1636.63000", "2008-12-31": "1756.31300", "2007-12-31": "1747.15600", "2006-12-31": "1580.38500", "2005-12-31": "1599.90400"}, "Total Liabilities": {"2019-12-31": "2963.83700", "2018-12-31": "2410.71300", "2017-12-31": "2386.55700", "2016-12-31": "2406.73400", "2015-12-31": "2866.34900", "2014-12-31": "2448.03200", "2013-12-31": "2308.40500", "2012-12-31": "2185.53500", "2011-12-31": "2194.13300", "2010-12-31": "1783.61300", "2009-12-31": "1753.95800", "2008-12-31": "1891.92200", "2007-12-31": "1904.92200", "2006-12-31": "1737.12200", "2005-12-31": "1727.35900"}, "Common Stock Net": {"2019-12-31": "1.03800", "2018-12-31": "1.03600", "2017-12-31": "1.03300", "2016-12-31": "1.01700", "2015-12-31": "0.96100", "2014-12-31": "0.92900", "2013-12-31": "0.89900", "2012-12-31": "0.80300", "2011-12-31": "0.72600", "2010-12-31": "0.71700", "2009-12-31": "0.71300", "2008-12-31": "0.63600", "2007-12-31": "0.57200", "2006-12-31": "0.56200", "2005-12-31": "0.54000"}, "Retained Earnings (Accumulated Deficit)": {"2019-12-31": "-831.80800", "2018-12-31": "-769.30300", "2017-12-31": "-747.34400", "2016-12-31": "-749.41200", "2015-12-31": "-1023.13500", "2014-12-31": "-957.37000", "2013-12-31": "-920.43300", "2012-12-31": "-897.41800", "2011-12-31": "-845.85300", "2010-12-31": "-761.78500", "2009-12-31": "-701.93200", "2008-12-31": "-639.28100", "2007-12-31": "-561.09300", "2006-12-31": "-538.09800", "2005-12-31": "-479.90100"}, "Comprehensive Income": {"2019-12-31": "-0.47100", "2018-12-31": "9.91300", "2017-12-31": "7.83800", "2016-12-31": "4.94900", "2015-12-31": "-3.81100", "2014-12-31": "-3.91200", "2013-12-31": "-2.61100", "2012-12-31": "-12.62800", "2011-12-31": "-5.73400", "2010-12-31": "-3.64800", "2009-12-31": "-3.81100", "2008-12-31": "-4.79200", "2007-12-31": "-0.93800", "2006-12-31": "-1.51500", "2005-12-31": "-2.21200"}, "Other Share Holders Equity": {"2019-12-31": "", "2018-12-31": "", "2017-12-31": "", "2016-12-31": "", "2015-12-31": "", "2014-12-31": "", "2013-12-31": "", "2012-12-31": "", "2011-12-31": "", "2010-12-31": "", "2009-12-31": "", "2008-12-31": "", "2007-12-31": "", "2006-12-31": "", "2005-12-31": ""}, "Share Holder Equity": {"2019-12-31": "2174.40700", "2018-12-31": "2264.29600", "2017-12-31": "2237.23400", "2016-12-31": "2154.31600", "2015-12-31": "1619.28200", "2014-12-31": "1551.09100", "2013-12-31": "1498.69600", "2012-12-31": "1164.89300", "2011-12-31": "986.85900", "2010-12-31": "1088.22200", "2009-12-31": "1133.14300", "2008-12-31": "1054.24800", "2007-12-31": "1022.03300", "2006-12-31": "1107.73100", "2005-12-31": "1181.61900"}, "Total Liabilities And Share Holders Equity": {"2019-12-31": "5138.24400", "2018-12-31": "4675.00900", "2017-12-31": "4623.79100", "2016-12-31": "4561.05000", "2015-12-31": "4485.63100", "2014-12-31": "3999.12300", "2013-12-31": "3807.10100", "2012-12-31": "3350.42800", "2011-12-31": "3180.99200", "2010-12-31": "2871.83500", "2009-12-31": "2887.10100", "2008-12-31": "2946.17000", "2007-12-31": "2926.95500", "2006-12-31": "2844.85300", "2005-12-31": "2908.97800"}}, "balance sheet, quarterly": {"Cash On Hand": {"2020-09-30": "128.27100", "2020-06-30": "13.70700", "2020-03-31": "124.08900", "2019-12-31": "14.74200", "2019-09-30": "123.02400", "2019-06-30": "13.50700", "2019-03-31": "12.46700", "2018-12-31": "10.14300", "2018-09-30": "12.27900", "2018-06-30": "9.91800", "2018-03-31": "67.88200", "2017-12-31": "88.33300", "2017-09-30": "52.62500", "2017-06-30": "33.95800", "2017-03-31": "34.15900", "2016-12-31": "78.63100", "2016-09-30": "44.15000", "2016-06-30": "267.63700", "2016-03-31": "261.78900", "2015-12-31": "21.80500", "2015-09-30": "24.49400", "2015-06-30": "20.64200", "2015-03-31": "23.23300", "2014-12-31": "23.42700", "2014-09-30": "22.23300", "2014-06-30": "29.30100", "2014-03-31": "22.48400", "2013-12-31": "24.35300", "2013-09-30": "46.93500", "2013-06-30": "26.10900", "2013-03-31": "26.96000", "2012-12-31": "33.48500", "2012-09-30": "30.66400", "2012-06-30": "27.28400", "2012-03-31": "32.96800", "2011-12-31": "37.85400", "2011-09-30": "34.31800", "2011-06-30": "16.85800", "2011-03-31": "37.31900", "2010-12-31": "18.60500", "2010-09-30": "25.72600", "2010-06-30": "42.08400", "2010-03-31": "20.63900", "2009-12-31": "30.54000", "2009-09-30": "60.06400", "2009-06-30": "28.07900", "2009-03-31": "10.53800", "2008-12-31": "16.01500", "2008-09-30": "22.60700", "2008-06-30": "32.97400", "2008-03-31": "20.45700", "2007-12-31": "19.03600", "2007-09-30": "22.83500", "2007-06-30": "20.61900", "2007-03-31": "18.69600", "2006-12-31": "18.71700", "2006-09-30": "9.66200", "2006-06-30": "7.49300", "2006-03-31": "39.15900", "2005-12-31": "17.43500", "2005-09-30": "3.19300", "2005-06-30": "51.84500", "2005-03-31": "59.05300"}, "Receivables": {"2020-09-30": "279.67100", "2020-06-30": "279.59800", "2020-03-31": "265.99500", "2019-12-31": "258.02200", "2019-09-30": "258.58500", "2019-06-30": "264.31700", "2019-03-31": "250.51600", "2018-12-31": "246.04000", "2018-09-30": "242.29800", "2018-06-30": "232.46000", "2018-03-31": "229.64100", "2017-12-31": "224.52800", "2017-09-30": "212.66600", "2017-06-30": "201.33300", "2017-03-31": "194.68600", "2016-12-31": "190.20100", "2016-09-30": "194.25900", "2016-06-30": "189.24400", "2016-03-31": "182.23500", "2015-12-31": "179.46900", "2015-09-30": "184.05700", "2015-06-30": "178.05500", "2015-03-31": "175.98200", "2014-12-31": "178.95100", "2014-09-30": "166.54800", "2014-06-30": "160.02300", "2014-03-31": "156.69900", "2013-12-31": "152.44400", "2013-09-30": "153.88600", "2013-06-30": "148.00800", "2013-03-31": "147.16500", "2012-12-31": "132.47400", "2012-09-30": "133.80400", "2012-06-30": "135.57700", "2012-03-31": "138.20700", "2011-12-31": "129.58300", "2011-09-30": "125.78100", "2011-06-30": "122.41800", "2011-03-31": "118.78900", "2010-12-31": "113.89400", "2010-09-30": "112.42700", "2010-06-30": "107.46700", "2010-03-31": "106.71900", "2009-12-31": "103.66900", "2009-09-30": "101.74300", "2009-06-30": "99.81400", "2009-03-31": "98.26100", "2008-12-31": "103.39300", "2008-09-30": "103.26000", "2008-06-30": "110.66300", "2008-03-31": "97.49700", "2007-12-31": "97.94800", "2007-09-30": "98.59100", "2007-06-30": "94.46000", "2007-03-31": "94.75000", "2006-12-31": "91.71100", "2006-09-30": "88.84000", "2006-06-30": "86.90200", "2006-03-31": "84.00000", "2005-12-31": "84.55000", "2005-09-30": "79.04300", "2005-06-30": "77.09800", "2005-03-31": "77.87700"}, "Inventory": {"2020-09-30": "", "2020-06-30": "", "2020-03-31": "", "2019-12-31": "", "2019-09-30": "", "2019-06-30": "", "2019-03-31": "", "2018-12-31": "", "2018-09-30": "", "2018-06-30": "", "2018-03-31": "", "2017-12-31": "", "2017-09-30": "", "2017-06-30": "", "2017-03-31": "", "2016-12-31": "", "2016-09-30": "", "2016-06-30": "", "2016-03-31": "", "2015-12-31": "", "2015-09-30": "", "2015-06-30": "", "2015-03-31": "", "2014-12-31": "", "2014-09-30": "", "2014-06-30": "", "2014-03-31": "", "2013-12-31": "", "2013-09-30": "", "2013-06-30": "", "2013-03-31": "", "2012-12-31": "", "2012-09-30": "", "2012-06-30": "", "2012-03-31": "", "2011-12-31": "", "2011-09-30": "", "2011-06-30": "", "2011-03-31": "", "2010-12-31": "", "2010-09-30": "", "2010-06-30": "", "2010-03-31": "", "2009-12-31": "", "2009-09-30": "", "2009-06-30": "", "2009-03-31": "", "2008-12-31": "", "2008-09-30": "", "2008-06-30": "", "2008-03-31": "", "2007-12-31": "", "2007-09-30": "", "2007-06-30": "", "2007-03-31": "", "2006-12-31": "", "2006-09-30": "", "2006-06-30": "", "2006-03-31": "", "2005-12-31": "", "2005-09-30": "", "2005-06-30": "", "2005-03-31": ""}, "Pre-Paid Expenses": {"2020-09-30": "", "2020-06-30": "", "2020-03-31": "", "2019-12-31": "", "2019-09-30": "", "2019-06-30": "", "2019-03-31": "", "2018-12-31": "", "2018-09-30": "", "2018-06-30": "", "2018-03-31": "", "2017-12-31": "", "2017-09-30": "", "2017-06-30": "", "2017-03-31": "", "2016-12-31": "", "2016-09-30": "", "2016-06-30": "", "2016-03-31": "", "2015-12-31": "", "2015-09-30": "", "2015-06-30": "", "2015-03-31": "", "2014-12-31": "", "2014-09-30": "", "2014-06-30": "", "2014-03-31": "", "2013-12-31": "", "2013-09-30": "", "2013-06-30": "", "2013-03-31": "", "2012-12-31": "", "2012-09-30": "", "2012-06-30": "", "2012-03-31": "", "2011-12-31": "", "2011-09-30": "", "2011-06-30": "", "2011-03-31": "", "2010-12-31": "", "2010-09-30": "", "2010-06-30": "", "2010-03-31": "", "2009-12-31": "", "2009-09-30": "", "2009-06-30": "", "2009-03-31": "", "2008-12-31": "", "2008-09-30": "", "2008-06-30": "", "2008-03-31": "", "2007-12-31": "", "2007-09-30": "", "2007-06-30": "", "2007-03-31": "", "2006-12-31": "", "2006-09-30": "", "2006-06-30": "", "2006-03-31": "", "2005-12-31": "", "2005-09-30": "", "2005-06-30": "", "2005-03-31": ""}, "Other Current Assets": {"2020-09-30": "", "2020-06-30": "", "2020-03-31": "", "2019-12-31": "", "2019-09-30": "", "2019-06-30": "", "2019-03-31": "", "2018-12-31": "", "2018-09-30": "", "2018-06-30": "", "2018-03-31": "", "2017-12-31": "", "2017-09-30": "", "2017-06-30": "", "2017-03-31": "", "2016-12-31": "", "2016-09-30": "", "2016-06-30": "", "2016-03-31": "", "2015-12-31": "", "2015-09-30": "", "2015-06-30": "", "2015-03-31": "", "2014-12-31": "", "2014-09-30": "", "2014-06-30": "", "2014-03-31": "", "2013-12-31": "", "2013-09-30": "", "2013-06-30": "", "2013-03-31": "", "2012-12-31": "", "2012-09-30": "", "2012-06-30": "", "2012-03-31": "", "2011-12-31": "", "2011-09-30": "", "2011-06-30": "", "2011-03-31": "", "2010-12-31": "", "2010-09-30": "", "2010-06-30": "", "2010-03-31": "", "2009-12-31": "", "2009-09-30": "", "2009-06-30": "", "2009-03-31": "", "2008-12-31": "", "2008-09-30": "", "2008-06-30": "", "2008-03-31": "", "2007-12-31": "", "2007-09-30": "", "2007-06-30": "", "2007-03-31": "", "2006-12-31": "", "2006-09-30": "", "2006-06-30": "", "2006-03-31": "", "2005-12-31": "", "2005-09-30": "", "2005-06-30": "", "2005-03-31": ""}, "Total Current Assets": {"2020-09-30": "409.33200", "2020-06-30": "294.74500", "2020-03-31": "391.57300", "2019-12-31": "274.26500", "2019-09-30": "383.15100", "2019-06-30": "279.40700", "2019-03-31": "264.60600", "2018-12-31": "261.78200", "2018-09-30": "260.23600", "2018-06-30": "248.30500", "2018-03-31": "303.68100", "2017-12-31": "319.28600", "2017-09-30": "272.08000", "2017-06-30": "242.04100", "2017-03-31": "236.63200", "2016-12-31": "277.66500", "2016-09-30": "247.93400", "2016-06-30": "466.85200", "2016-03-31": "453.68500", "2015-12-31": "203.37000", "2015-09-30": "210.68300", "2015-06-30": "204.63200", "2015-03-31": "213.35200", "2014-12-31": "215.49400", "2014-09-30": "199.28200", "2014-06-30": "199.46400", "2014-03-31": "189.21100", "2013-12-31": "203.20600", "2013-09-30": "227.11200", "2013-06-30": "199.70000", "2013-03-31": "199.59700", "2012-12-31": "191.43100", "2012-09-30": "181.41100", "2012-06-30": "179.91700", "2012-03-31": "188.29400", "2011-12-31": "186.03700", "2011-09-30": "178.80500", "2011-06-30": "158.08500", "2011-03-31": "175.01900", "2010-12-31": "151.54300", "2010-09-30": "158.09500", "2010-06-30": "169.69500", "2010-03-31": "130.44200", "2009-12-31": "137.35200", "2009-09-30": "165.05300", "2009-06-30": "131.22300", "2009-03-31": "112.24600", "2008-12-31": "123.01000", "2008-09-30": "129.52700", "2008-06-30": "147.38700", "2008-03-31": "120.99000", "2007-12-31": "122.21000", "2007-09-30": "126.85600", "2007-06-30": "120.97200", "2007-03-31": "120.74100", "2006-12-31": "118.29900", "2006-09-30": "106.62700", "2006-06-30": "103.01000", "2006-03-31": "131.87800", "2005-12-31": "111.21700", "2005-09-30": "91.63900", "2005-06-30": "136.53700", "2005-03-31": "144.56400"}, "Property, Plant, And Equipment": {"2020-09-30": "4415.93900", "2020-06-30": "4445.45800", "2020-03-31": "4418.00400", "2019-12-31": "4526.54800", "2019-09-30": "4179.30300", "2019-06-30": "4171.42600", "2019-03-31": "4152.19100", "2018-12-31": "4165.52600", "2018-09-30": "4176.54200", "2018-06-30": "4148.65700", "2018-03-31": "4121.08800", "2017-12-31": "4037.23900", "2017-09-30": "4031.97900", "2017-06-30": "4008.46900", "2017-03-31": "4045.86800", "2016-12-31": "4010.60200", "2016-09-30": "3961.36200", "2016-06-30": "3818.28700", "2016-03-31": "3776.97400", "2015-12-31": "3762.22300", "2015-09-30": "3929.32300", "2015-06-30": "3513.41900", "2015-03-31": "3495.86100", "2014-12-31": "3248.04500", "2014-09-30": "3403.16500", "2014-06-30": "3315.31500", "2014-03-31": "3337.88000", "2013-12-31": "3312.22200", "2013-09-30": "3347.08000", "2013-06-30": "3050.85000", "2013-03-31": "2931.67200", "2012-12-31": "2692.44800", "2012-09-30": "2759.20800", "2012-06-30": "2680.21500", "2012-03-31": "2699.47400", "2011-12-31": "2601.00900", "2011-09-30": "2719.94600", "2011-06-30": "2489.12000", "2011-03-31": "2505.96300", "2010-12-31": "2507.88300", "2010-09-30": "2531.94300", "2010-06-30": "2499.40500", "2010-03-31": "2535.79000", "2009-12-31": "2554.24400", "2009-09-30": "2559.06500", "2009-06-30": "2581.26200", "2009-03-31": "2620.44000", "2008-12-31": "2616.01900", "2008-09-30": "2664.29900", "2008-06-30": "2642.11400", "2008-03-31": "2643.51900", "2007-12-31": "2622.09100", "2007-09-30": "2624.24400", "2007-06-30": "2613.58400", "2007-03-31": "2573.84400", "2006-12-31": "2534.81400", "2006-09-30": "2530.94700", "2006-06-30": "2568.78200", "2006-03-31": "2539.85200", "2005-12-31": "2478.91800", "2005-09-30": "2661.22400", "2005-06-30": "2687.27000", "2005-03-31": "2916.07700"}, "Long-Term Investments": {"2020-09-30": "", "2020-06-30": "", "2020-03-31": "", "2019-12-31": "", "2019-09-30": "", "2019-06-30": "", "2019-03-31": "", "2018-12-31": "", "2018-09-30": "", "2018-06-30": "", "2018-03-31": "", "2017-12-31": "", "2017-09-30": "", "2017-06-30": "", "2017-03-31": "", "2016-12-31": "", "2016-09-30": "", "2016-06-30": "", "2016-03-31": "", "2015-12-31": "", "2015-09-30": "", "2015-06-30": "", "2015-03-31": "", "2014-12-31": "", "2014-09-30": "", "2014-06-30": "", "2014-03-31": "", "2013-12-31": "", "2013-09-30": "", "2013-06-30": "", "2013-03-31": "", "2012-12-31": "", "2012-09-30": "", "2012-06-30": "", "2012-03-31": "", "2011-12-31": "", "2011-09-30": "", "2011-06-30": "", "2011-03-31": "", "2010-12-31": "", "2010-09-30": "", "2010-06-30": "", "2010-03-31": "", "2009-12-31": "", "2009-09-30": "", "2009-06-30": "", "2009-03-31": "", "2008-12-31": "", "2008-09-30": "", "2008-06-30": "", "2008-03-31": "", "2007-12-31": "", "2007-09-30": "", "2007-06-30": "", "2007-03-31": "", "2006-12-31": "", "2006-09-30": "", "2006-06-30": "", "2006-03-31": "", "2005-12-31": "", "2005-09-30": "", "2005-06-30": "", "2005-03-31": ""}, "Goodwill And Intangible Assets": {"2020-09-30": "", "2020-06-30": "", "2020-03-31": "", "2019-12-31": "", "2019-09-30": "", "2019-06-30": "", "2019-03-31": "", "2018-12-31": "", "2018-09-30": "", "2018-06-30": "", "2018-03-31": "", "2017-12-31": "", "2017-09-30": "", "2017-06-30": "", "2017-03-31": "", "2016-12-31": "", "2016-09-30": "", "2016-06-30": "", "2016-03-31": "", "2015-12-31": "", "2015-09-30": "", "2015-06-30": "", "2015-03-31": "", "2014-12-31": "", "2014-09-30": "", "2014-06-30": "", "2014-03-31": "", "2013-12-31": "", "2013-09-30": "", "2013-06-30": "", "2013-03-31": "", "2012-12-31": "", "2012-09-30": "", "2012-06-30": "", "2012-03-31": "", "2011-12-31": "", "2011-09-30": "", "2011-06-30": "", "2011-03-31": "", "2010-12-31": "", "2010-09-30": "", "2010-06-30": "", "2010-03-31": "", "2009-12-31": "", "2009-09-30": "", "2009-06-30": "", "2009-03-31": "", "2008-12-31": "", "2008-09-30": "", "2008-06-30": "", "2008-03-31": "", "2007-12-31": "", "2007-09-30": "", "2007-06-30": "", "2007-03-31": "", "2006-12-31": "", "2006-09-30": "", "2006-06-30": "", "2006-03-31": "", "2005-12-31": "", "2005-09-30": "", "2005-06-30": "", "2005-03-31": ""}, "Other Long-Term Assets": {"2020-09-30": "163.03900", "2020-06-30": "94.68000", "2020-03-31": "95.87400", "2019-12-31": "106.08400", "2019-09-30": "132.12300", "2019-06-30": "95.91700", "2019-03-31": "114.47100", "2018-12-31": "52.42800", "2018-09-30": "57.83700", "2018-06-30": "60.94100", "2018-03-31": "74.38400", "2017-12-31": "66.58700", "2017-09-30": "53.59300", "2017-06-30": "104.73300", "2017-03-31": "56.17500", "2016-12-31": "59.28300", "2016-09-30": "47.53800", "2016-06-30": "62.18100", "2016-03-31": "58.90600", "2015-12-31": "288.27300", "2015-09-30": "66.84000", "2015-06-30": "98.21100", "2015-03-31": "76.33300", "2014-12-31": "313.13600", "2014-09-30": "73.91500", "2014-06-30": "143.99900", "2014-03-31": "74.07100", "2013-12-31": "69.46200", "2013-09-30": "94.84700", "2013-06-30": "107.23100", "2013-03-31": "112.50800", "2012-12-31": "302.58500", "2012-09-30": "120.09600", "2012-06-30": "158.18100", "2012-03-31": "153.46800", "2011-12-31": "266.17200", "2011-09-30": "143.84500", "2011-06-30": "157.10700", "2011-03-31": "110.20700", "2010-12-31": "127.40800", "2010-09-30": "113.07700", "2010-06-30": "113.66200", "2010-03-31": "116.59400", "2009-12-31": "121.98800", "2009-09-30": "135.38800", "2009-06-30": "124.22300", "2009-03-31": "126.35700", "2008-12-31": "134.14900", "2008-09-30": "117.42200", "2008-06-30": "125.72300", "2008-03-31": "120.61600", "2007-12-31": "110.46600", "2007-09-30": "84.64500", "2007-06-30": "83.98200", "2007-03-31": "87.23400", "2006-12-31": "125.38800", "2006-09-30": "125.04700", "2006-06-30": "88.65000", "2006-03-31": "85.96200", "2005-12-31": "259.78400", "2005-09-30": "94.01900", "2005-06-30": "305.28500", "2005-03-31": "105.68400"}, "Total Long-Term Assets": {"2020-09-30": "4795.30700", "2020-06-30": "4762.04300", "2020-03-31": "4739.13600", "2019-12-31": "4863.97900", "2019-09-30": "4507.47400", "2019-06-30": "4463.20600", "2019-03-31": "4461.51000", "2018-12-31": "4413.22700", "2018-09-30": "4428.17500", "2018-06-30": "4404.66600", "2018-03-31": "4391.77300", "2017-12-31": "4304.50500", "2017-09-30": "4288.38600", "2017-06-30": "4318.45800", "2017-03-31": "4312.18400", "2016-12-31": "4283.38500", "2016-09-30": "4227.87600", "2016-06-30": "4097.51000", "2016-03-31": "4060.33900", "2015-12-31": "4282.26100", "2015-09-30": "4252.01200", "2015-06-30": "3835.01000", "2015-03-31": "3796.46400", "2014-12-31": "3783.62900", "2014-09-30": "3695.80500", "2014-06-30": "3677.33600", "2014-03-31": "3630.78200", "2013-12-31": "3603.89500", "2013-09-30": "3669.75300", "2013-06-30": "3339.88300", "2013-03-31": "3220.99600", "2012-12-31": "3158.99700", "2012-09-30": "3028.47400", "2012-06-30": "2965.07600", "2012-03-31": "2982.14600", "2011-12-31": "2994.95500", "2011-09-30": "2993.10200", "2011-06-30": "2731.39500", "2011-03-31": "2702.21000", "2010-12-31": "2720.29200", "2010-09-30": "2720.08900", "2010-06-30": "2685.41700", "2010-03-31": "2724.91800", "2009-12-31": "2749.74900", "2009-09-30": "2764.71200", "2009-06-30": "2775.54000", "2009-03-31": "2818.40400", "2008-12-31": "2823.16000", "2008-09-30": "2854.94500", "2008-06-30": "2841.51900", "2008-03-31": "2836.82800", "2007-12-31": "2804.74500", "2007-09-30": "2780.06700", "2007-06-30": "2767.33000", "2007-03-31": "2729.96300", "2006-12-31": "2726.55400", "2006-09-30": "2721.07900", "2006-06-30": "2721.55100", "2006-03-31": "2686.41500", "2005-12-31": "2797.76100", "2005-09-30": "2814.21700", "2005-06-30": "3051.88200", "2005-03-31": "3086.37200"}, "Total Assets": {"2020-09-30": "5204.63900", "2020-06-30": "5056.78800", "2020-03-31": "5130.70900", "2019-12-31": "5138.24400", "2019-09-30": "4890.62500", "2019-06-30": "4742.61300", "2019-03-31": "4726.11600", "2018-12-31": "4675.00900", "2018-09-30": "4688.41100", "2018-06-30": "4652.97100", "2018-03-31": "4695.45500", "2017-12-31": "4623.79100", "2017-09-30": "4560.46600", "2017-06-30": "4560.49900", "2017-03-31": "4548.81600", "2016-12-31": "4561.05000", "2016-09-30": "4475.81000", "2016-06-30": "4564.36200", "2016-03-31": "4514.02400", "2015-12-31": "4485.63100", "2015-09-30": "4462.69500", "2015-06-30": "4039.64200", "2015-03-31": "4009.81600", "2014-12-31": "3999.12300", "2014-09-30": "3895.08700", "2014-06-30": "3876.80000", "2014-03-31": "3819.99300", "2013-12-31": "3807.10100", "2013-09-30": "3896.86500", "2013-06-30": "3539.58300", "2013-03-31": "3420.59300", "2012-12-31": "3350.42800", "2012-09-30": "3209.88500", "2012-06-30": "3144.99300", "2012-03-31": "3170.44000", "2011-12-31": "3180.99200", "2011-09-30": "3171.90700", "2011-06-30": "2889.48000", "2011-03-31": "2877.22900", "2010-12-31": "2871.83500", "2010-09-30": "2878.18400", "2010-06-30": "2855.11200", "2010-03-31": "2855.36000", "2009-12-31": "2887.10100", "2009-09-30": "2929.76500", "2009-06-30": "2906.76300", "2009-03-31": "2930.65000", "2008-12-31": "2946.17000", "2008-09-30": "2984.47200", "2008-06-30": "2988.90600", "2008-03-31": "2957.81800", "2007-12-31": "2926.95500", "2007-09-30": "2906.92300", "2007-06-30": "2888.30200", "2007-03-31": "2850.70400", "2006-12-31": "2844.85300", "2006-09-30": "2827.70600", "2006-06-30": "2824.56100", "2006-03-31": "2818.29300", "2005-12-31": "2908.97800", "2005-09-30": "2905.85600", "2005-06-30": "3188.41900", "2005-03-31": "3230.93600"}, "Total Current Liabilities": {"2020-09-30": "299.58700", "2020-06-30": "275.55100", "2020-03-31": "264.98600", "2019-12-31": "286.91100", "2019-09-30": "272.98900", "2019-06-30": "257.33800", "2019-03-31": "237.27800", "2018-12-31": "218.92200", "2018-09-30": "229.91200", "2018-06-30": "215.45100", "2018-03-31": "206.25800", "2017-12-31": "228.21500", "2017-09-30": "227.57500", "2017-06-30": "200.98100", "2017-03-31": "207.14400", "2016-12-31": "313.88500", "2016-09-30": "258.63800", "2016-06-30": "241.97900", "2016-03-31": "212.10600", "2015-12-31": "233.98800", "2015-09-30": "245.95300", "2015-06-30": "214.13100", "2015-03-31": "203.00100", "2014-12-31": "231.48200", "2014-09-30": "229.99600", "2014-06-30": "219.29600", "2014-03-31": "198.85600", "2013-12-31": "218.96200", "2013-09-30": "208.53600", "2013-06-30": "185.08700", "2013-03-31": "167.55300", "2012-12-31": "172.14600", "2012-09-30": "152.05300", "2012-06-30": "137.10800", "2012-03-31": "122.54500", "2011-12-31": "148.60700", "2011-09-30": "127.66400", "2011-06-30": "106.10500", "2011-03-31": "93.77500", "2010-12-31": "106.71600", "2010-09-30": "112.73800", "2010-06-30": "105.31800", "2010-03-31": "110.51400", "2009-12-31": "117.32800", "2009-09-30": "129.47700", "2009-06-30": "134.20200", "2009-03-31": "121.28500", "2008-12-31": "135.60900", "2008-09-30": "150.86200", "2008-06-30": "147.28700", "2008-03-31": "142.13900", "2007-12-31": "157.76600", "2007-09-30": "167.71600", "2007-06-30": "157.25000", "2007-03-31": "139.85800", "2006-12-31": "156.73700", "2006-09-30": "141.71800", "2006-06-30": "136.43600", "2006-03-31": "120.92100", "2005-12-31": "127.45500", "2005-09-30": "130.65000", "2005-06-30": "123.75100", "2005-03-31": "118.21600"}, "Long Term Debt": {"2020-09-30": "2469.55400", "2020-06-30": "2337.66200", "2020-03-31": "2410.18900", "2019-12-31": "2543.71000", "2019-09-30": "2322.22600", "2019-06-30": "2161.96500", "2019-03-31": "2160.59400", "2018-12-31": "2085.83100", "2018-09-30": "2087.42100", "2018-06-30": "2055.00400", "2018-03-31": "2112.58400", "2017-12-31": "2014.33300", "2017-09-30": "1966.39800", "2017-06-30": "2005.03800", "2017-03-31": "2042.48600", "2016-12-31": "1948.04700", "2016-09-30": "1901.06600", "2016-06-30": "2082.20700", "2016-03-31": "2100.93700", "2015-12-31": "2491.81300", "2015-09-30": "2486.15500", "2015-06-30": "2132.99000", "2015-03-31": "2112.74500", "2014-12-31": "2071.38900", "2014-09-30": "2037.34300", "2014-06-30": "2083.64400", "2014-03-31": "2038.99700", "2013-12-31": "1982.96300", "2013-09-30": "2078.25300", "2013-06-30": "1960.04700", "2013-03-31": "1925.55100", "2012-12-31": "1888.52000", "2012-09-30": "1806.34600", "2012-06-30": "1853.95000", "2012-03-31": "1935.08800", "2011-12-31": "1899.05600", "2011-09-30": "1926.75600", "2011-06-30": "1647.93700", "2011-03-31": "1585.61700", "2010-12-31": "1556.05900", "2010-09-30": "1535.24900", "2010-06-30": "1497.33000", "2010-03-31": "1500.01500", "2009-12-31": "1506.86100", "2009-09-30": "1507.62800", "2009-06-30": "1463.40800", "2009-03-31": "1653.78500", "2008-12-31": "1638.85900", "2008-09-30": "1624.14900", "2008-06-30": "1767.22700", "2008-03-31": "1738.53400", "2007-12-31": "1677.05800", "2007-09-30": "1636.39300", "2007-06-30": "1593.25400", "2007-03-31": "1523.03800", "2006-12-31": "1500.65900", "2006-09-30": "1497.20300", "2006-06-30": "1502.84100", "2006-03-31": "1484.53300", "2005-12-31": "1505.77000", "2005-09-30": "1476.03300", "2005-06-30": "1623.02300", "2005-03-31": "1645.59700"}, "Other Non-Current Liabilities": {"2020-09-30": "", "2020-06-30": "", "2020-03-31": "", "2019-12-31": "", "2019-09-30": "", "2019-06-30": "", "2019-03-31": "", "2018-12-31": "", "2018-09-30": "", "2018-06-30": "", "2018-03-31": "", "2017-12-31": "", "2017-09-30": "", "2017-06-30": "1.12200", "2017-03-31": "", "2016-12-31": "", "2016-09-30": "", "2016-06-30": "", "2016-03-31": "", "2015-12-31": "14.11900", "2015-09-30": "", "2015-06-30": "", "2015-03-31": "", "2014-12-31": "15.11300", "2014-09-30": "", "2014-06-30": "", "2014-03-31": "", "2013-12-31": "", "2013-09-30": "", "2013-06-30": "", "2013-03-31": "", "2012-12-31": "", "2012-09-30": "", "2012-06-30": "", "2012-03-31": "", "2011-12-31": "35.81500", "2011-09-30": "", "2011-06-30": "", "2011-03-31": "", "2010-12-31": "", "2010-09-30": "", "2010-06-30": "", "2010-03-31": "", "2009-12-31": "", "2009-09-30": "", "2009-06-30": "", "2009-03-31": "", "2008-12-31": "", "2008-09-30": "", "2008-06-30": "", "2008-03-31": "", "2007-12-31": "", "2007-09-30": "", "2007-06-30": "", "2007-03-31": "", "2006-12-31": "", "2006-09-30": "", "2006-06-30": "", "2006-03-31": "", "2005-12-31": "", "2005-09-30": "", "2005-06-30": "", "2005-03-31": ""}, "Total Long Term Liabilities": {"2020-09-30": "2564.97000", "2020-06-30": "2443.76500", "2020-03-31": "2510.86300", "2019-12-31": "2676.92600", "2019-09-30": "2444.71900", "2019-06-30": "2274.74300", "2019-03-31": "2288.57000", "2018-12-31": "2191.79100", "2018-09-30": "2219.86800", "2018-06-30": "2197.32700", "2018-03-31": "2235.69700", "2017-12-31": "2158.34200", "2017-09-30": "2113.84900", "2017-06-30": "2149.80600", "2017-03-31": "2181.85300", "2016-12-31": "2092.84900", "2016-09-30": "2049.07100", "2016-06-30": "2233.60700", "2016-03-31": "2239.57400", "2015-12-31": "2632.36100", "2015-09-30": "2598.92300", "2015-06-30": "2249.25000", "2015-03-31": "2245.97100", "2014-12-31": "2216.55000", "2014-09-30": "2151.59100", "2014-06-30": "2206.84900", "2014-03-31": "2151.80500", "2013-12-31": "2089.44300", "2013-09-30": "2182.20100", "2013-06-30": "2090.39800", "2013-03-31": "2072.86800", "2012-12-31": "2013.38900", "2012-09-30": "1929.48700", "2012-06-30": "1978.83000", "2012-03-31": "2059.28900", "2011-12-31": "2045.52600", "2011-09-30": "2032.75100", "2011-06-30": "1773.01200", "2011-03-31": "1718.24700", "2010-12-31": "1676.89700", "2010-09-30": "1658.54200", "2010-06-30": "1602.73900", "2010-03-31": "1620.53000", "2009-12-31": "1636.63000", "2009-09-30": "1632.33300", "2009-06-30": "1554.20400", "2009-03-31": "1740.90400", "2008-12-31": "1756.31300", "2008-09-30": "1694.43800", "2008-06-30": "1834.61600", "2008-03-31": "1806.13000", "2007-12-31": "1747.15600", "2007-09-30": "1707.10900", "2007-06-30": "1664.85600", "2007-03-31": "1593.40700", "2006-12-31": "1580.38500", "2006-09-30": "1581.45500", "2006-06-30": "1592.42500", "2006-03-31": "1578.86200", "2005-12-31": "1599.90400", "2005-09-30": "1572.98900", "2005-06-30": "1724.10600", "2005-03-31": "1751.67600"}, "Total Liabilities": {"2020-09-30": "2864.55700", "2020-06-30": "2719.31600", "2020-03-31": "2775.84900", "2019-12-31": "2963.83700", "2019-09-30": "2717.70800", "2019-06-30": "2532.08100", "2019-03-31": "2525.84800", "2018-12-31": "2410.71300", "2018-09-30": "2449.78000", "2018-06-30": "2412.77800", "2018-03-31": "2441.95500", "2017-12-31": "2386.55700", "2017-09-30": "2341.42400", "2017-06-30": "2350.78700", "2017-03-31": "2388.99700", "2016-12-31": "2406.73400", "2016-09-30": "2307.70900", "2016-06-30": "2475.58600", "2016-03-31": "2451.68000", "2015-12-31": "2866.34900", "2015-09-30": "2844.87600", "2015-06-30": "2463.38100", "2015-03-31": "2448.97200", "2014-12-31": "2448.03200", "2014-09-30": "2381.58700", "2014-06-30": "2426.14500", "2014-03-31": "2350.66100", "2013-12-31": "2308.40500", "2013-09-30": "2390.73700", "2013-06-30": "2275.48500", "2013-03-31": "2240.42100", "2012-12-31": "2185.53500", "2012-09-30": "2081.54000", "2012-06-30": "2115.93800", "2012-03-31": "2181.83400", "2011-12-31": "2194.13300", "2011-09-30": "2160.41500", "2011-06-30": "1879.11700", "2011-03-31": "1812.02200", "2010-12-31": "1783.61300", "2010-09-30": "1771.28000", "2010-06-30": "1708.05700", "2010-03-31": "1731.04400", "2009-12-31": "1753.95800", "2009-09-30": "1761.81000", "2009-06-30": "1688.40600", "2009-03-31": "1862.18900", "2008-12-31": "1891.92200", "2008-09-30": "1845.30000", "2008-06-30": "1981.90300", "2008-03-31": "1948.26900", "2007-12-31": "1904.92200", "2007-09-30": "1874.82500", "2007-06-30": "1822.10600", "2007-03-31": "1733.26500", "2006-12-31": "1737.12200", "2006-09-30": "1723.17300", "2006-06-30": "1728.86100", "2006-03-31": "1699.78300", "2005-12-31": "1727.35900", "2005-09-30": "1703.63900", "2005-06-30": "1847.85700", "2005-03-31": "1869.89200"}, "Common Stock Net": {"2020-09-30": "1.03900", "2020-06-30": "1.03900", "2020-03-31": "1.03900", "2019-12-31": "1.03800", "2019-09-30": "1.03700", "2019-06-30": "1.03700", "2019-03-31": "1.03700", "2018-12-31": "1.03600", "2018-09-30": "1.03500", "2018-06-30": "1.03500", "2018-03-31": "1.03400", "2017-12-31": "1.03300", "2017-09-30": "1.03200", "2017-06-30": "1.03200", "2017-03-31": "1.02000", "2016-12-31": "1.01700", "2016-09-30": "1.00200", "2016-06-30": "0.98600", "2016-03-31": "0.97400", "2015-12-31": "0.96100", "2015-09-30": "0.95300", "2015-06-30": "0.94100", "2015-03-31": "0.94000", "2014-12-31": "0.92900", "2014-09-30": "0.91300", "2014-06-30": "0.90400", "2014-03-31": "0.90100", "2013-12-31": "0.89900", "2013-09-30": "0.89900", "2013-06-30": "0.84000", "2013-03-31": "0.82100", "2012-12-31": "0.80300", "2012-09-30": "0.78500", "2012-06-30": "0.75600", "2012-03-31": "0.73600", "2011-12-31": "0.72600", "2011-09-30": "0.72600", "2011-06-30": "0.72400", "2011-03-31": "0.72100", "2010-12-31": "0.71700", "2010-09-30": "0.71700", "2010-06-30": "0.71600", "2010-03-31": "0.71600", "2009-12-31": "0.71300", "2009-09-30": "0.71100", "2009-06-30": "0.70800", "2009-03-31": "0.63800", "2008-12-31": "0.63600", "2008-09-30": "0.63500", "2008-06-30": "0.57600", "2008-03-31": "0.57300", "2007-12-31": "0.57200", "2007-09-30": "0.57200", "2007-06-30": "0.57100", "2007-03-31": "0.56700", "2006-12-31": "0.56200", "2006-09-30": "0.55600", "2006-06-30": "0.54100", "2006-03-31": "0.54100", "2005-12-31": "0.54000", "2005-09-30": "0.54000", "2005-06-30": "0.54000", "2005-03-31": "0.54000"}, "Retained Earnings (Accumulated Deficit)": {"2020-09-30": "-718.46500", "2020-06-30": "-708.90300", "2020-03-31": "-696.07000", "2019-12-31": "-831.80800", "2019-09-30": "-842.38700", "2019-06-30": "-821.05100", "2019-03-31": "-811.22300", "2018-12-31": "-769.30300", "2018-09-30": "-774.48400", "2018-06-30": "-759.78800", "2018-03-31": "-762.64200", "2017-12-31": "-747.34400", "2017-09-30": "-758.48400", "2017-06-30": "-770.10100", "2017-03-31": "-762.65500", "2016-12-31": "-749.41200", "2016-09-30": "-650.95400", "2016-06-30": "-640.96900", "2016-03-31": "-631.22600", "2015-12-31": "-1023.13500", "2015-09-30": "-1002.87900", "2015-06-30": "-992.42500", "2015-03-31": "-986.38800", "2014-12-31": "-957.37000", "2014-09-30": "-948.92900", "2014-06-30": "-962.20500", "2014-03-31": "-946.53000", "2013-12-31": "-920.43300", "2013-09-30": "-911.94800", "2013-06-30": "-927.11000", "2013-03-31": "-919.32800", "2012-12-31": "-897.41800", "2012-09-30": "-877.96200", "2012-06-30": "-878.98400", "2012-03-31": "-860.12000", "2011-12-31": "-845.85300", "2011-09-30": "-826.43500", "2011-06-30": "-802.60600", "2011-03-31": "-782.06000", "2010-12-31": "-761.78500", "2010-09-30": "-740.35600", "2010-06-30": "-716.79000", "2010-03-31": "-722.58400", "2009-12-31": "-701.93200", "2009-09-30": "-669.18300", "2009-06-30": "-649.32600", "2009-03-31": "-655.43500", "2008-12-31": "-639.28100", "2008-09-30": "-597.25400", "2008-06-30": "-584.79600", "2008-03-31": "-572.59100", "2007-12-31": "-561.09300", "2007-09-30": "-549.43600", "2007-06-30": "-535.06400", "2007-03-31": "-514.87900", "2006-12-31": "-538.09800", "2006-09-30": "-534.54600", "2006-06-30": "-516.07700", "2006-03-31": "-495.22400", "2005-12-31": "-479.90100", "2005-09-30": "-458.83600", "2005-06-30": "-447.81200", "2005-03-31": "-428.55300"}, "Comprehensive Income": {"2020-09-30": "-1.57700", "2020-06-30": "-1.70400", "2020-03-31": "-1.67600", "2019-12-31": "-0.47100", "2019-09-30": "-0.52700", "2019-06-30": "6.48800", "2019-03-31": "7.49400", "2018-12-31": "9.91300", "2018-09-30": "17.48900", "2018-06-30": "15.95600", "2018-03-31": "15.60900", "2017-12-31": "7.83800", "2017-09-30": "5.91000", "2017-06-30": "6.04600", "2017-03-31": "5.88500", "2016-12-31": "4.94900", "2016-09-30": "-9.26000", "2016-06-30": "-11.62800", "2016-03-31": "-6.65100", "2015-12-31": "-3.81100", "2015-09-30": "-6.61000", "2015-06-30": "-4.51400", "2015-03-31": "-5.70900", "2014-12-31": "-3.91200", "2014-09-30": "-2.83100", "2014-06-30": "-4.71900", "2014-03-31": "-2.92200", "2013-12-31": "-2.61100", "2013-09-30": "-5.00300", "2013-06-30": "-4.14200", "2013-03-31": "-11.17000", "2012-12-31": "-12.62800", "2012-09-30": "-13.42600", "2012-06-30": "-10.77900", "2012-03-31": "-4.37600", "2011-12-31": "-5.73400", "2011-09-30": "-3.60600", "2011-06-30": "-4.17700", "2011-03-31": "-3.81200", "2010-12-31": "-3.64800", "2010-09-30": "-2.97500", "2010-06-30": "-3.27500", "2010-03-31": "-3.35300", "2009-12-31": "-3.81100", "2009-09-30": "-3.97900", "2009-06-30": "-4.32700", "2009-03-31": "-4.69800", "2008-12-31": "-4.79200", "2008-09-30": "-2.31700", "2008-06-30": "-0.66200", "2008-03-31": "-1.82800", "2007-12-31": "-0.93800", "2007-09-30": "-1.08400", "2007-06-30": "-1.23000", "2007-03-31": "-1.37300", "2006-12-31": "-1.51500", "2006-09-30": "-1.68100", "2006-06-30": "-1.85800", "2006-03-31": "-2.03500", "2005-12-31": "-2.21200", "2005-09-30": "-2.38800", "2005-06-30": "-2.56400", "2005-03-31": "-2.67500"}, "Other Share Holders Equity": {"2020-09-30": "", "2020-06-30": "", "2020-03-31": "", "2019-12-31": "", "2019-09-30": "", "2019-06-30": "", "2019-03-31": "", "2018-12-31": "", "2018-09-30": "", "2018-06-30": "", "2018-03-31": "", "2017-12-31": "", "2017-09-30": "", "2017-06-30": "", "2017-03-31": "", "2016-12-31": "", "2016-09-30": "", "2016-06-30": "", "2016-03-31": "", "2015-12-31": "", "2015-09-30": "", "2015-06-30": "", "2015-03-31": "", "2014-12-31": "", "2014-09-30": "", "2014-06-30": "", "2014-03-31": "", "2013-12-31": "", "2013-09-30": "", "2013-06-30": "", "2013-03-31": "", "2012-12-31": "", "2012-09-30": "", "2012-06-30": "", "2012-03-31": "", "2011-12-31": "", "2011-09-30": "", "2011-06-30": "", "2011-03-31": "", "2010-12-31": "", "2010-09-30": "", "2010-06-30": "", "2010-03-31": "", "2009-12-31": "", "2009-09-30": "", "2009-06-30": "", "2009-03-31": "", "2008-12-31": "", "2008-09-30": "", "2008-06-30": "", "2008-03-31": "", "2007-12-31": "", "2007-09-30": "", "2007-06-30": "", "2007-03-31": "", "2006-12-31": "", "2006-09-30": "", "2006-06-30": "", "2006-03-31": "", "2005-12-31": "", "2005-09-30": "", "2005-06-30": "", "2005-03-31": ""}, "Share Holder Equity": {"2020-09-30": "2340.08200", "2020-06-30": "2337.47200", "2020-03-31": "2354.86000", "2019-12-31": "2174.40700", "2019-09-30": "2172.91700", "2019-06-30": "2210.53200", "2019-03-31": "2200.26800", "2018-12-31": "2264.29600", "2018-09-30": "2238.63100", "2018-06-30": "2240.19300", "2018-03-31": "2253.50000", "2017-12-31": "2237.23400", "2017-09-30": "2219.04200", "2017-06-30": "2209.71200", "2017-03-31": "2159.81900", "2016-12-31": "2154.31600", "2016-09-30": "2168.10100", "2016-06-30": "2088.77600", "2016-03-31": "2062.34400", "2015-12-31": "1619.28200", "2015-09-30": "1617.81900", "2015-06-30": "1576.26100", "2015-03-31": "1560.84400", "2014-12-31": "1551.09100", "2014-09-30": "1513.50000", "2014-06-30": "1450.65500", "2014-03-31": "1469.33200", "2013-12-31": "1498.69600", "2013-09-30": "1506.12800", "2013-06-30": "1264.09800", "2013-03-31": "1180.17200", "2012-12-31": "1164.89300", "2012-09-30": "1128.34500", "2012-06-30": "1029.05500", "2012-03-31": "988.60600", "2011-12-31": "986.85900", "2011-09-30": "1011.49200", "2011-06-30": "1010.36300", "2011-03-31": "1065.20700", "2010-12-31": "1088.22200", "2010-09-30": "1106.90400", "2010-06-30": "1147.05500", "2010-03-31": "1124.31600", "2009-12-31": "1133.14300", "2009-09-30": "1167.95500", "2009-06-30": "1218.35700", "2009-03-31": "1068.46100", "2008-12-31": "1054.24800", "2008-09-30": "1139.17200", "2008-06-30": "1007.00300", "2008-03-31": "1009.54900", "2007-12-31": "1022.03300", "2007-09-30": "1032.09800", "2007-06-30": "1066.19600", "2007-03-31": "1117.43900", "2006-12-31": "1107.73100", "2006-09-30": "1104.53300", "2006-06-30": "1095.70000", "2006-03-31": "1118.51000", "2005-12-31": "1181.61900", "2005-09-30": "1202.21700", "2005-06-30": "1340.56200", "2005-03-31": "1361.04400"}, "Total Liabilities And Share Holders Equity": {"2020-09-30": "5204.63900", "2020-06-30": "5056.78800", "2020-03-31": "5130.70900", "2019-12-31": "5138.24400", "2019-09-30": "4890.62500", "2019-06-30": "4742.61300", "2019-03-31": "4726.11600", "2018-12-31": "4675.00900", "2018-09-30": "4688.41100", "2018-06-30": "4652.97100", "2018-03-31": "4695.45500", "2017-12-31": "4623.79100", "2017-09-30": "4560.46600", "2017-06-30": "4560.49900", "2017-03-31": "4548.81600", "2016-12-31": "4561.05000", "2016-09-30": "4475.81000", "2016-06-30": "4564.36200", "2016-03-31": "4514.02400", "2015-12-31": "4485.63100", "2015-09-30": "4462.69500", "2015-06-30": "4039.64200", "2015-03-31": "4009.81600", "2014-12-31": "3999.12300", "2014-09-30": "3895.08700", "2014-06-30": "3876.80000", "2014-03-31": "3819.99300", "2013-12-31": "3807.10100", "2013-09-30": "3896.86500", "2013-06-30": "3539.58300", "2013-03-31": "3420.59300", "2012-12-31": "3350.42800", "2012-09-30": "3209.88500", "2012-06-30": "3144.99300", "2012-03-31": "3170.44000", "2011-12-31": "3180.99200", "2011-09-30": "3171.90700", "2011-06-30": "2889.48000", "2011-03-31": "2877.22900", "2010-12-31": "2871.83500", "2010-09-30": "2878.18400", "2010-06-30": "2855.11200", "2010-03-31": "2855.36000", "2009-12-31": "2887.10100", "2009-09-30": "2929.76500", "2009-06-30": "2906.76300", "2009-03-31": "2930.65000", "2008-12-31": "2946.17000", "2008-09-30": "2984.47200", "2008-06-30": "2988.90600", "2008-03-31": "2957.81800", "2007-12-31": "2926.95500", "2007-09-30": "2906.92300", "2007-06-30": "2888.30200", "2007-03-31": "2850.70400", "2006-12-31": "2844.85300", "2006-09-30": "2827.70600", "2006-06-30": "2824.56100", "2006-03-31": "2818.29300", "2005-12-31": "2908.97800", "2005-09-30": "2905.85600", "2005-06-30": "3188.41900", "2005-03-31": "3230.93600"}}, "cash flow statement": {"Net Income/Loss": {"2019-12-31": "141.68300", "2018-12-31": "177.63000", "2017-12-31": "191.66300", "2016-12-31": "541.13900", "2015-12-31": "101.26000", "2014-12-31": "115.97200", "2013-12-31": "131.09700", "2012-12-31": "84.23500", "2011-12-31": "47.97100", "2010-12-31": "72.30300", "2009-12-31": "61.69400", "2008-12-31": "35.61000", "2007-12-31": "97.09500", "2006-12-31": "53.74400", "2005-12-31": "62.45800"}, "Total Depreciation And Amortization - Cash Flow": {"2019-12-31": "257.33800", "2018-12-31": "230.23200", "2017-12-31": "231.68800", "2016-12-31": "224.47300", "2015-12-31": "223.32600", "2014-12-31": "202.53600", "2013-12-31": "188.40200", "2012-12-31": "165.42000", "2011-12-31": "147.78600", "2010-12-31": "141.01900", "2009-12-31": "135.50400", "2008-12-31": "131.55800", "2007-12-31": "132.84900", "2006-12-31": "125.95100", "2005-12-31": "134.13500"}, "Other Non-Cash Items": {"2019-12-31": "-25.96000", "2018-12-31": "-21.90600", "2017-12-31": "-39.99900", "2016-12-31": "-422.92200", "2015-12-31": "-6.90300", "2014-12-31": "-34.33600", "2013-12-31": "-59.19600", "2012-12-31": "-20.67100", "2011-12-31": "5.91600", "2010-12-31": "-13.69600", "2009-12-31": "0.54200", "2008-12-31": "18.18700", "2007-12-31": "-68.45000", "2006-12-31": "-23.45500", "2005-12-31": "-28.94300"}, "Total Non-Cash Items": {"2019-12-31": "231.37800", "2018-12-31": "208.32600", "2017-12-31": "191.68900", "2016-12-31": "-198.44900", "2015-12-31": "216.42300", "2014-12-31": "168.20000", "2013-12-31": "129.20600", "2012-12-31": "144.74900", "2011-12-31": "153.70200", "2010-12-31": "127.32300", "2009-12-31": "136.04600", "2008-12-31": "149.74500", "2007-12-31": "64.39900", "2006-12-31": "102.49600", "2005-12-31": "105.19200"}, "Change In Accounts Receivable": {"2019-12-31": "-3.27100", "2018-12-31": "1.75900", "2017-12-31": "-4.97400", "2016-12-31": "3.40100", "2015-12-31": "1.41500", "2014-12-31": "-3.11400", "2013-12-31": "-0.92000", "2012-12-31": "3.13200", "2011-12-31": "-8.49800", "2010-12-31": "-3.29000", "2009-12-31": "-2.81900", "2008-12-31": "-3.36200", "2007-12-31": "0.48100", "2006-12-31": "2.80500", "2005-12-31": "-8.76800"}, "Change In Inventories": {"2019-12-31": "", "2018-12-31": "", "2017-12-31": "", "2016-12-31": "", "2015-12-31": "", "2014-12-31": "", "2013-12-31": "", "2012-12-31": "", "2011-12-31": "", "2010-12-31": "", "2009-12-31": "", "2008-12-31": "", "2007-12-31": "", "2006-12-31": "", "2005-12-31": ""}, "Change In Accounts Payable": {"2019-12-31": "", "2018-12-31": "", "2017-12-31": "", "2016-12-31": "", "2015-12-31": "", "2014-12-31": "", "2013-12-31": "", "2012-12-31": "", "2011-12-31": "", "2010-12-31": "", "2009-12-31": "", "2008-12-31": "", "2007-12-31": "", "2006-12-31": "", "2005-12-31": ""}, "Change In Assets/Liabilities": {"2019-12-31": "1.61000", "2018-12-31": "1.21700", "2017-12-31": "7.90800", "2016-12-31": "-4.42300", "2015-12-31": "1.42800", "2014-12-31": "-0.85600", "2013-12-31": "-0.06900", "2012-12-31": "-2.41100", "2011-12-31": "-0.87600", "2010-12-31": "1.07800", "2009-12-31": "-2.23700", "2008-12-31": "-0.27200", "2007-12-31": "-1.69800", "2006-12-31": "-2.43500", "2005-12-31": "-1.28300"}, "Total Change In Assets/Liabilities": {"2019-12-31": "-7.26400", "2018-12-31": "-27.32800", "2017-12-31": "-30.82000", "2016-12-31": "-36.88500", "2015-12-31": "-28.80400", "2014-12-31": "-17.26100", "2013-12-31": "-3.86600", "2012-12-31": "-35.56800", "2011-12-31": "-6.27700", "2010-12-31": "-9.08900", "2009-12-31": "-8.62000", "2008-12-31": "-27.53300", "2007-12-31": "0.16900", "2006-12-31": "-10.71500", "2005-12-31": "-13.51700"}, "Cash Flow From Operating Activities": {"2019-12-31": "365.79700", "2018-12-31": "358.62800", "2017-12-31": "352.53200", "2016-12-31": "305.80500", "2015-12-31": "288.87900", "2014-12-31": "266.91100", "2013-12-31": "256.43700", "2012-12-31": "193.41600", "2011-12-31": "195.39600", "2010-12-31": "190.53700", "2009-12-31": "189.12000", "2008-12-31": "157.82200", "2007-12-31": "161.66300", "2006-12-31": "145.52500", "2005-12-31": "154.13300"}, "Net Change In Property, Plant, And Equipment": {"2019-12-31": "-599.58700", "2018-12-31": "-301.93600", "2017-12-31": "-196.80300", "2016-12-31": "224.15200", "2015-12-31": "-689.93400", "2014-12-31": "-338.85200", "2013-12-31": "-355.68000", "2012-12-31": "-246.11700", "2011-12-31": "-166.84900", "2010-12-31": "-95.91600", "2009-12-31": "-74.19400", "2008-12-31": "-166.56400", "2007-12-31": "-142.84500", "2006-12-31": "38.19100", "2005-12-31": "203.16800"}, "Net Change In Intangible Assets": {"2019-12-31": "", "2018-12-31": "", "2017-12-31": "", "2016-12-31": "", "2015-12-31": "", "2014-12-31": "", "2013-12-31": "", "2012-12-31": "", "2011-12-31": "", "2010-12-31": "", "2009-12-31": "", "2008-12-31": "", "2007-12-31": "", "2006-12-31": "", "2005-12-31": ""}, "Net Acquisitions/Divestitures": {"2019-12-31": "", "2018-12-31": "", "2017-12-31": "", "2016-12-31": "", "2015-12-31": "", "2014-12-31": "-4.12600", "2013-12-31": "-32.81800", "2012-12-31": "", "2011-12-31": "3.02000", "2010-12-31": "", "2009-12-31": "12.19600", "2008-12-31": "27.14000", "2007-12-31": "", "2006-12-31": "", "2005-12-31": ""}, "Net Change In Short-term Investments": {"2019-12-31": "", "2018-12-31": "", "2017-12-31": "", "2016-12-31": "", "2015-12-31": "", "2014-12-31": "", "2013-12-31": "", "2012-12-31": "", "2011-12-31": "", "2010-12-31": "", "2009-12-31": "", "2008-12-31": "", "2007-12-31": "", "2006-12-31": "", "2005-12-31": ""}, "Net Change In Long-Term Investments": {"2019-12-31": "-2.14400", "2018-12-31": "0.10500", "2017-12-31": "1.60700", "2016-12-31": "3.10900", "2015-12-31": "37.46100", "2014-12-31": "1.97700", "2013-12-31": "27.05700", "2012-12-31": "9.60200", "2011-12-31": "-33.56800", "2010-12-31": "14.05800", "2009-12-31": "3.00300", "2008-12-31": "-9.52700", "2007-12-31": "14.54200", "2006-12-31": "11.78800", "2005-12-31": "4.81900"}, "Net Change In Investments - Total": {"2019-12-31": "-2.14400", "2018-12-31": "0.10500", "2017-12-31": "1.60700", "2016-12-31": "3.10900", "2015-12-31": "37.46100", "2014-12-31": "1.97700", "2013-12-31": "27.05700", "2012-12-31": "9.60200", "2011-12-31": "-33.56800", "2010-12-31": "14.05800", "2009-12-31": "3.00300", "2008-12-31": "-9.52700", "2007-12-31": "14.54200", "2006-12-31": "11.78800", "2005-12-31": "4.81900"}, "Investing Activities - Other": {"2019-12-31": "-5.67600", "2018-12-31": "-4.91800", "2017-12-31": "-5.10600", "2016-12-31": "-10.99900", "2015-12-31": "-1.68400", "2014-12-31": "12.82300", "2013-12-31": "4.83800", "2012-12-31": "-2.29700", "2011-12-31": "-18.08200", "2010-12-31": "3.70300", "2009-12-31": "-2.82900", "2008-12-31": "14.60800", "2007-12-31": "-22.40100", "2006-12-31": "14.75500", "2005-12-31": "-7.06200"}, "Cash Flow From Investing Activities": {"2019-12-31": "-607.40700", "2018-12-31": "-306.74900", "2017-12-31": "-200.30200", "2016-12-31": "216.26200", "2015-12-31": "-654.15700", "2014-12-31": "-328.17800", "2013-12-31": "-356.60300", "2012-12-31": "-238.81200", "2011-12-31": "-215.47900", "2010-12-31": "-78.15500", "2009-12-31": "-61.82400", "2008-12-31": "-134.34300", "2007-12-31": "-150.70400", "2006-12-31": "64.73400", "2005-12-31": "200.92500"}, "Net Long-Term Debt": {"2019-12-31": "421.11400", "2018-12-31": "134.06000", "2017-12-31": "-176.55200", "2016-12-31": "-245.99300", "2015-12-31": "317.15800", "2014-12-31": "119.74300", "2013-12-31": "-261.14300", "2012-12-31": "288.34300", "2011-12-31": "-145.39700", "2010-12-31": "-17.75200", "2009-12-31": "31.85400", "2008-12-31": "18.06400", "2007-12-31": "321.54800", "2006-12-31": "-221.42600", "2005-12-31": "-129.56300"}, "Net Current Debt": {"2019-12-31": "39.00000", "2018-12-31": "-63.00000", "2017-12-31": "245.00000", "2016-12-31": "-299.00000", "2015-12-31": "90.00000", "2014-12-31": "-6.70000", "2013-12-31": "192.70000", "2012-12-31": "-339.00000", "2011-12-31": "332.00000", "2010-12-31": "30.00000", "2009-12-31": "-163.00000", "2008-12-31": "-64.80000", "2007-12-31": "-145.70000", "2006-12-31": "183.00000", "2005-12-31": "20.50000"}, "Debt Issuance/Retirement Net - Total": {"2019-12-31": "460.11400", "2018-12-31": "71.06000", "2017-12-31": "68.44800", "2016-12-31": "-544.99300", "2015-12-31": "407.15800", "2014-12-31": "113.04300", "2013-12-31": "-68.44300", "2012-12-31": "-50.65700", "2011-12-31": "186.60300", "2010-12-31": "12.24800", "2009-12-31": "-131.14600", "2008-12-31": "-46.73600", "2007-12-31": "175.84800", "2006-12-31": "-38.42600", "2005-12-31": "-109.06300"}, "Net Common Equity Issued/Repurchased": {"2019-12-31": "0.29800", "2018-12-31": "1.96000", "2017-12-31": "72.26000", "2016-12-31": "260.35300", "2015-12-31": "127.57700", "2014-12-31": "114.11700", "2013-12-31": "313.52400", "2012-12-31": "246.76800", "2011-12-31": "23.27000", "2010-12-31": "2.99800", "2009-12-31": "150.94100", "2008-12-31": "206.69100", "2007-12-31": "-20.40100", "2006-12-31": "16.32300", "2005-12-31": "-9.66800"}, "Net Total Equity Issued/Repurchased": {"2019-12-31": "0.28000", "2018-12-31": "1.94500", "2017-12-31": "72.23200", "2016-12-31": "260.22300", "2015-12-31": "127.56700", "2014-12-31": "114.10000", "2013-12-31": "313.52400", "2012-12-31": "246.76800", "2011-12-31": "-29.24500", "2010-12-31": "2.99800", "2009-12-31": "150.94100", "2008-12-31": "154.19200", "2007-12-31": "-82.65700", "2006-12-31": "-33.67700", "2005-12-31": "-139.66800"}, "Total Common And Preferred Stock Dividends Paid": {"2019-12-31": "-199.42300", "2018-12-31": "-193.79400", "2017-12-31": "-264.50200", "2016-12-31": "-169.36200", "2015-12-31": "-162.84300", "2014-12-31": "-156.67200", "2013-12-31": "-148.47200", "2012-12-31": "-131.16000", "2011-12-31": "-127.29800", "2010-12-31": "-128.35100", "2009-12-31": "-121.13700", "2008-12-31": "-116.75000", "2007-12-31": "-117.19500", "2006-12-31": "-118.84600", "2005-12-31": "-128.72100"}, "Financial Activities - Other": {"2019-12-31": "-14.76200", "2018-12-31": "-9.28000", "2017-12-31": "-18.70600", "2016-12-31": "-11.10900", "2015-12-31": "-10.40000", "2014-12-31": "-10.55600", "2013-12-31": "-0.04200", "2012-12-31": "-16.96000", "2011-12-31": "-12.99500", "2010-12-31": "-8.77000", "2009-12-31": "-16.01200", "2008-12-31": "-3.56800", "2007-12-31": "-0.50500", "2006-12-31": "-3.83200", "2005-12-31": "-0.87600"}, "Cash Flow From Financial Activities": {"2019-12-31": "246.20900", "2018-12-31": "-130.06900", "2017-12-31": "-142.52800", "2016-12-31": "-465.24100", "2015-12-31": "361.48200", "2014-12-31": "59.91500", "2013-12-31": "96.56700", "2012-12-31": "47.99100", "2011-12-31": "17.06500", "2010-12-31": "-121.87500", "2009-12-31": "-117.35400", "2008-12-31": "-12.86200", "2007-12-31": "-24.50900", "2006-12-31": "-194.78100", "2005-12-31": "-378.32800"}, "Net Cash Flow": {"2019-12-31": "4.59900", "2018-12-31": "-78.19000", "2017-12-31": "9.70200", "2016-12-31": "56.82600", "2015-12-31": "-3.79600", "2014-12-31": "-1.35200", "2013-12-31": "-3.59900", "2012-12-31": "2.59500", "2011-12-31": "-3.01800", "2010-12-31": "-9.49300", "2009-12-31": "9.94200", "2008-12-31": "10.61700", "2007-12-31": "-13.55000", "2006-12-31": "15.47800", "2005-12-31": "-23.27000"}, "Stock-Based Compensation": {"2019-12-31": "7.18000", "2018-12-31": "7.46600", "2017-12-31": "6.69200", "2016-12-31": "6.25100", "2015-12-31": "6.88400", "2014-12-31": "6.93900", "2013-12-31": "6.89900", "2012-12-31": "7.61300", "2011-12-31": "6.09400", "2010-12-31": "6.57200", "2009-12-31": "6.56700", "2008-12-31": "6.71700", "2007-12-31": "", "2006-12-31": "", "2005-12-31": ""}, "Common Stock Dividends Paid": {"2019-12-31": "-196.93500", "2018-12-31": "-191.30200", "2017-12-31": "-262.01000", "2016-12-31": "-166.86100", "2015-12-31": "-160.33700", "2014-12-31": "-154.16500", "2013-12-31": "-145.96400", "2012-12-31": "-128.65200", "2011-12-31": "-122.74500", "2010-12-31": "-121.64300", "2009-12-31": "-114.42900", "2008-12-31": "-106.94600", "2007-12-31": "-103.71800", "2006-12-31": "-101.78300", "2005-12-31": "-101.48300"}}, "cash flow statement, quarterly": {"Net Income/Loss": {"2020-09-30": 42.331, "2020-06-30": 38.956, "2020-03-31": "191.34000", "2019-12-31": 62.346, "2019-09-30": 29.557, "2019-06-30": 41.394, "2019-03-31": "8.38600", "2018-12-31": 55.377, "2018-09-30": 35.009, "2018-06-30": 52.998, "2018-03-31": "34.24600", "2017-12-31": 59.075, "2017-09-30": 59.549, "2017-06-30": 39.554, "2017-03-31": "33.48500", "2016-12-31": 27.036, "2016-09-30": 33.84, "2016-06-30": 33.528, "2016-03-31": "446.73500", "2015-12-31": 21.917, "2015-09-30": 31.617, "2015-06-30": 26.891, "2015-03-31": "20.83500", "2014-12-31": 23.585, "2014-09-30": 54.299, "2014-06-30": 24.512, "2014-03-31": "13.57600", "2013-12-31": 31.69, "2013-09-30": 56.068, "2013-06-30": 29.579, "2013-03-31": "13.76000", "2012-12-31": 15.609, "2012-09-30": 35.796, "2012-06-30": 14.498, "2012-03-31": "18.33200", "2011-12-31": 12.85, "2011-09-30": 8.244, "2011-06-30": 14.434, "2011-03-31": "12.44300", "2010-12-31": 11.399, "2010-09-30": 8.773, "2010-06-30": 40.049, "2010-03-31": "12.08200", "2009-12-31": -1.153, "2009-09-30": 12.573, "2009-06-30": 37.074, "2009-03-31": "13.20000", "2008-12-31": -12.861, "2008-09-30": 15.724, "2008-06-30": 16.013, "2008-03-31": "16.73400", "2007-12-31": 21.808, "2007-09-30": 13.44, "2007-06-30": 9.289, "2007-03-31": "52.55800", "2006-12-31": 24.416, "2006-09-30": 8.909, "2006-06-30": 6.273, "2006-03-31": "14.14600", "2005-12-31": 6.999, "2005-09-30": 22.871, "2005-06-30": 11.434, "2005-03-31": "21.15400"}, "Total Depreciation And Amortization - Cash Flow": {"2020-09-30": 61.033, "2020-06-30": 60.099, "2020-03-31": "61.62200", "2019-12-31": 65.398, "2019-09-30": 61.041, "2019-06-30": 59.4, "2019-03-31": "71.49900", "2018-12-31": 57.875, "2018-09-30": 57.574, "2018-06-30": 56.827, "2018-03-31": "57.95600", "2017-12-31": 59.561, "2017-09-30": 57.942, "2017-06-30": 56.756, "2017-03-31": "57.42900", "2016-12-31": 59.532, "2016-09-30": 54.046, "2016-06-30": 55.567, "2016-03-31": "55.32800", "2015-12-31": 61.623, "2015-09-30": 56.585, "2015-06-30": 53.096, "2015-03-31": "52.02200", "2014-12-31": 51.143, "2014-09-30": 50.13, "2014-06-30": 52.245, "2014-03-31": "49.01800", "2013-12-31": 50.315, "2013-09-30": 50.033, "2013-06-30": 44.161, "2013-03-31": "43.89300", "2012-12-31": 42.339, "2012-09-30": 40.527, "2012-06-30": 43.101, "2012-03-31": "39.45300", "2011-12-31": 40.484, "2011-09-30": 37.476, "2011-06-30": 34.723, "2011-03-31": "35.10300", "2010-12-31": 36.694, "2010-09-30": 35.384, "2010-06-30": 34.694, "2010-03-31": "34.24700", "2009-12-31": 33.69, "2009-09-30": 33.546, "2009-06-30": 32.112, "2009-03-31": "36.15600", "2008-12-31": 28.686, "2008-09-30": 34.513, "2008-06-30": 34.083, "2008-03-31": "34.27600", "2007-12-31": 33.137, "2007-09-30": 34.836, "2007-06-30": 33.068, "2007-03-31": "31.80800", "2006-12-31": 32.326, "2006-09-30": 31.229, "2006-06-30": 31.717, "2006-03-31": "30.67900", "2005-12-31": 31.198, "2005-09-30": 31.68, "2005-06-30": 34.129, "2005-03-31": "37.12800"}, "Other Non-Cash Items": {"2020-09-30": -3.353, "2020-06-30": 2.643, "2020-03-31": "-149.97500", "2019-12-31": -27.67, "2019-09-30": -4.214, "2019-06-30": -5.141, "2019-03-31": "11.06500", "2018-12-31": -19.513, "2018-09-30": 1.29, "2018-06-30": -15.668, "2018-03-31": "11.98500", "2017-12-31": -26.625, "2017-09-30": -20.408, "2017-06-30": -0.144, "2017-03-31": "7.17800", "2016-12-31": -0.086, "2016-09-30": -2.531, "2016-06-30": -5.435, "2016-03-31": "-414.87000", "2015-12-31": 0.347, "2015-09-30": -9.725, "2015-06-30": -0.056, "2015-03-31": "2.53100", "2014-12-31": -1.178, "2014-09-30": -34.402, "2014-06-30": -4.461, "2014-03-31": "5.70500", "2013-12-31": -13.663, "2013-09-30": -40.116, "2013-06-30": -10.04, "2013-03-31": "4.62300", "2012-12-31": -0.212, "2012-09-30": -20.614, "2012-06-30": 0.803, "2012-03-31": "-0.64800", "2011-12-31": 2.634, "2011-09-30": -0.212, "2011-06-30": 1.538, "2011-03-31": "1.95600", "2010-12-31": 3.028, "2010-09-30": 2.742, "2010-06-30": -22.355, "2010-03-31": "2.88900", "2009-12-31": 14.572, "2009-09-30": 2.728, "2009-06-30": -17.291, "2009-03-31": "0.53300", "2008-12-31": 32.091, "2008-09-30": -4.996, "2008-06-30": -5.092, "2008-03-31": "-3.81600", "2007-12-31": -14.42, "2007-09-30": -7.655, "2007-06-30": -2.125, "2007-03-31": "-44.25000", "2006-12-31": -15.119, "2006-09-30": -2.513, "2006-06-30": -0.705, "2006-03-31": "-5.11800", "2005-12-31": -0.54, "2005-09-30": -15.202, "2005-06-30": -0.495, "2005-03-31": "-12.70600"}, "Total Non-Cash Items": {"2020-09-30": 57.68, "2020-06-30": 62.742, "2020-03-31": "-88.35300", "2019-12-31": 37.728, "2019-09-30": 56.827, "2019-06-30": 54.259, "2019-03-31": "82.56400", "2018-12-31": 38.362, "2018-09-30": 58.864, "2018-06-30": 41.159, "2018-03-31": "69.94100", "2017-12-31": 32.936, "2017-09-30": 37.534, "2017-06-30": 56.612, "2017-03-31": "64.60700", "2016-12-31": 59.446, "2016-09-30": 51.515, "2016-06-30": 50.132, "2016-03-31": "-359.54200", "2015-12-31": 61.97, "2015-09-30": 46.86, "2015-06-30": 53.04, "2015-03-31": "54.55300", "2014-12-31": 49.965, "2014-09-30": 15.728, "2014-06-30": 47.784, "2014-03-31": "54.72300", "2013-12-31": 36.652, "2013-09-30": 9.917, "2013-06-30": 34.121, "2013-03-31": "48.51600", "2012-12-31": 42.127, "2012-09-30": 19.913, "2012-06-30": 43.904, "2012-03-31": "38.80500", "2011-12-31": 43.118, "2011-09-30": 37.264, "2011-06-30": 36.261, "2011-03-31": "37.05900", "2010-12-31": 39.722, "2010-09-30": 38.126, "2010-06-30": 12.339, "2010-03-31": "37.13600", "2009-12-31": 48.262, "2009-09-30": 36.274, "2009-06-30": 14.821, "2009-03-31": "36.68900", "2008-12-31": 60.777, "2008-09-30": 29.517, "2008-06-30": 28.991, "2008-03-31": "30.46000", "2007-12-31": 18.717, "2007-09-30": 27.181, "2007-06-30": 30.943, "2007-03-31": "-12.44200", "2006-12-31": 17.207, "2006-09-30": 28.716, "2006-06-30": 31.012, "2006-03-31": "25.56100", "2005-12-31": 30.658, "2005-09-30": 16.478, "2005-06-30": 33.634, "2005-03-31": "24.42200"}, "Change In Accounts Receivable": {"2020-09-30": 0.825, "2020-06-30": -1.855, "2020-03-31": "0.82400", "2019-12-31": 0.34, "2019-09-30": 1.896, "2019-06-30": -2.924, "2019-03-31": "-2.58300", "2018-12-31": -3.019, "2018-09-30": 0.309, "2018-06-30": 1.181, "2018-03-31": "3.28800", "2017-12-31": -5.89, "2017-09-30": -3.442, "2017-06-30": 0.436, "2017-03-31": "3.92200", "2016-12-31": -1.397, "2016-09-30": 4.979, "2016-06-30": -0.782, "2016-03-31": "0.60100", "2015-12-31": -0.301, "2015-09-30": -0.007, "2015-06-30": -1.443, "2015-03-31": "3.16600", "2014-12-31": -1.352, "2014-09-30": -3.253, "2014-06-30": 0.778, "2014-03-31": "0.71300", "2013-12-31": -0.412, "2013-09-30": -2.803, "2013-06-30": 3.774, "2013-03-31": "-1.47900", "2012-12-31": -2.178, "2012-09-30": -1.988, "2012-06-30": 4.828, "2012-03-31": "2.47000", "2011-12-31": -5.005, "2011-09-30": -1.672, "2011-06-30": -0.828, "2011-03-31": "-0.99300", "2010-12-31": 1.399, "2010-09-30": -3.259, "2010-06-30": 2.498, "2010-03-31": "-3.92800", "2009-12-31": -2.285, "2009-09-30": -2.387, "2009-06-30": -1.84, "2009-03-31": "3.69300", "2008-12-31": -2.615, "2008-09-30": -4.029, "2008-06-30": 0.543, "2008-03-31": "2.73900", "2007-12-31": 4.036, "2007-09-30": -2.924, "2007-06-30": 0.426, "2007-03-31": "-1.05700", "2006-12-31": -0.995, "2006-09-30": 2.035, "2006-06-30": -0.593, "2006-03-31": "2.35800", "2005-12-31": -8.768, "2005-09-30": 0, "2005-06-30": 0, "2005-03-31": ""}, "Change In Inventories": {"2020-09-30": 0, "2020-06-30": 0, "2020-03-31": "", "2019-12-31": 0, "2019-09-30": 0, "2019-06-30": 0, "2019-03-31": "", "2018-12-31": 0, "2018-09-30": 0, "2018-06-30": 0, "2018-03-31": "", "2017-12-31": 0, "2017-09-30": 0, "2017-06-30": 0, "2017-03-31": "", "2016-12-31": 0, "2016-09-30": 0, "2016-06-30": 0, "2016-03-31": "", "2015-12-31": 0, "2015-09-30": 0, "2015-06-30": 0, "2015-03-31": "", "2014-12-31": 0, "2014-09-30": 0, "2014-06-30": 0, "2014-03-31": "", "2013-12-31": 0, "2013-09-30": 0, "2013-06-30": 0, "2013-03-31": "", "2012-12-31": 0, "2012-09-30": 0, "2012-06-30": 0, "2012-03-31": "", "2011-12-31": 0, "2011-09-30": 0, "2011-06-30": 0, "2011-03-31": "", "2010-12-31": 0, "2010-09-30": 0, "2010-06-30": 0, "2010-03-31": "", "2009-12-31": 0, "2009-09-30": 0, "2009-06-30": 0, "2009-03-31": "", "2008-12-31": 0, "2008-09-30": 0, "2008-06-30": 0, "2008-03-31": "", "2007-12-31": 0, "2007-09-30": 0, "2007-06-30": 0, "2007-03-31": "", "2006-12-31": 0, "2006-09-30": 0, "2006-06-30": 0, "2006-03-31": "", "2005-12-31": 0, "2005-09-30": 0, "2005-06-30": 0, "2005-03-31": ""}, "Change In Accounts Payable": {"2020-09-30": 0, "2020-06-30": 0, "2020-03-31": "", "2019-12-31": 0, "2019-09-30": 0, "2019-06-30": 0, "2019-03-31": "", "2018-12-31": 0, "2018-09-30": 0, "2018-06-30": 0, "2018-03-31": "", "2017-12-31": 0, "2017-09-30": 0, "2017-06-30": 0, "2017-03-31": "", "2016-12-31": 0, "2016-09-30": 0, "2016-06-30": 0, "2016-03-31": "", "2015-12-31": 0, "2015-09-30": 0, "2015-06-30": 0, "2015-03-31": "", "2014-12-31": 0, "2014-09-30": 0, "2014-06-30": 0, "2014-03-31": "", "2013-12-31": 0, "2013-09-30": 0, "2013-06-30": 0, "2013-03-31": "", "2012-12-31": 0, "2012-09-30": 0, "2012-06-30": 0, "2012-03-31": "", "2011-12-31": 0, "2011-09-30": 0, "2011-06-30": 0, "2011-03-31": "", "2010-12-31": 0, "2010-09-30": 0, "2010-06-30": 0, "2010-03-31": "", "2009-12-31": 0, "2009-09-30": 0, "2009-06-30": 0, "2009-03-31": "", "2008-12-31": 0, "2008-09-30": 0, "2008-06-30": 0, "2008-03-31": "", "2007-12-31": 0, "2007-09-30": 0, "2007-06-30": 0, "2007-03-31": "", "2006-12-31": 0, "2006-09-30": 0, "2006-06-30": 0, "2006-03-31": "", "2005-12-31": 0, "2005-09-30": 0, "2005-06-30": 0, "2005-03-31": ""}, "Change In Assets/Liabilities": {"2020-09-30": 4.636, "2020-06-30": 0.425, "2020-03-31": "-8.74500", "2019-12-31": 1.152, "2019-09-30": 3.763, "2019-06-30": 3.648, "2019-03-31": "-6.95300", "2018-12-31": 2.704, "2018-09-30": 3.745, "2018-06-30": 2.46, "2018-03-31": "-7.69200", "2017-12-31": 5.173, "2017-09-30": 4.19, "2017-06-30": 4.504, "2017-03-31": "-5.95900", "2016-12-31": -2.18, "2016-09-30": 3.054, "2016-06-30": 1.28, "2016-03-31": "-6.57700", "2015-12-31": 4.741, "2015-09-30": 0.89, "2015-06-30": 2.566, "2015-03-31": "-6.76900", "2014-12-31": 2.312, "2014-09-30": 2.422, "2014-06-30": -0.109, "2014-03-31": "-5.48100", "2013-12-31": 2.71, "2013-09-30": -0.104, "2013-06-30": -0.037, "2013-03-31": "-2.63800", "2012-12-31": 1.857, "2012-09-30": -0.526, "2012-06-30": 1.089, "2012-03-31": "-4.83100", "2011-12-31": 0.049, "2011-09-30": -0.036, "2011-06-30": 0.631, "2011-03-31": "-1.52000", "2010-12-31": 1.17, "2010-09-30": -1.907, "2010-06-30": 2.272, "2010-03-31": "-0.45700", "2009-12-31": -1.479, "2009-09-30": -0.046, "2009-06-30": -1.208, "2009-03-31": "0.49600", "2008-12-31": 1.033, "2008-09-30": 1.196, "2008-06-30": 0.59, "2008-03-31": "-3.09100", "2007-12-31": 2.209, "2007-09-30": -2.589, "2007-06-30": -1.54, "2007-03-31": "0.22200", "2006-12-31": -0.499, "2006-09-30": -2.382, "2006-06-30": 0.194, "2006-03-31": "0.25200", "2005-12-31": 6.447, "2005-09-30": 1.381, "2005-06-30": 6.356, "2005-03-31": "-15.46700"}, "Total Change In Assets/Liabilities": {"2020-09-30": -4.767, "2020-06-30": 14.903, "2020-03-31": "-39.37300", "2019-12-31": -20.538, "2019-09-30": 26.588, "2019-06-30": 14.923, "2019-03-31": "-28.23700", "2018-12-31": -28.069, "2018-09-30": 15.127, "2018-06-30": 11.273, "2018-03-31": "-25.65900", "2017-12-31": -9.69, "2017-09-30": 1.013, "2017-06-30": 7.03, "2017-03-31": "-29.17300", "2016-12-31": -13.062, "2016-09-30": 9.225, "2016-06-30": 5.91, "2016-03-31": "-38.95800", "2015-12-31": -4.418, "2015-09-30": 8.638, "2015-06-30": 9.258, "2015-03-31": "-42.28200", "2014-12-31": 9.686, "2014-09-30": -0.886, "2014-06-30": 10.854, "2014-03-31": "-36.91500", "2013-12-31": 1.583, "2013-09-30": 3.601, "2013-06-30": 11.107, "2013-03-31": "-20.15700", "2012-12-31": -2.338, "2012-09-30": -11.019, "2012-06-30": 12.876, "2012-03-31": "-35.08700", "2011-12-31": 3.303, "2011-09-30": 3.022, "2011-06-30": 8.416, "2011-03-31": "-21.01800", "2010-12-31": -3.238, "2010-09-30": -4.292, "2010-06-30": 7.909, "2010-03-31": "-9.46800", "2009-12-31": -12.818, "2009-09-30": 1.343, "2009-06-30": 7.123, "2009-03-31": "-4.26800", "2008-12-31": -18.235, "2008-09-30": -0.343, "2008-06-30": 17.425, "2008-03-31": "-26.38000", "2007-12-31": 0.329, "2007-09-30": 3.313, "2007-06-30": 10.899, "2007-03-31": "-14.37200", "2006-12-31": -5.273, "2006-09-30": -1.495, "2006-06-30": -4.12, "2006-03-31": "0.17300", "2005-12-31": -5.787, "2005-09-30": 1.381, "2005-06-30": 6.356, "2005-03-31": "-15.46700"}, "Cash Flow From Operating Activities": {"2020-09-30": 95.244, "2020-06-30": 116.601, "2020-03-31": "63.61400", "2019-12-31": 79.536, "2019-09-30": 112.972, "2019-06-30": 110.576, "2019-03-31": "62.71300", "2018-12-31": 65.67, "2018-09-30": 109, "2018-06-30": 105.43, "2018-03-31": "78.52800", "2017-12-31": 82.321, "2017-09-30": 98.096, "2017-06-30": 103.196, "2017-03-31": "68.91900", "2016-12-31": 73.42, "2016-09-30": 94.58, "2016-06-30": 89.57, "2016-03-31": "48.23500", "2015-12-31": 79.469, "2015-09-30": 87.115, "2015-06-30": 89.189, "2015-03-31": "33.10600", "2014-12-31": 83.236, "2014-09-30": 69.141, "2014-06-30": 83.15, "2014-03-31": "31.38400", "2013-12-31": 69.925, "2013-09-30": 69.586, "2013-06-30": 74.807, "2013-03-31": "42.11900", "2012-12-31": 55.398, "2012-09-30": 44.69, "2012-06-30": 71.278, "2012-03-31": "22.05000", "2011-12-31": 59.271, "2011-09-30": 48.53, "2011-06-30": 59.111, "2011-03-31": "28.48400", "2010-12-31": 47.883, "2010-09-30": 42.607, "2010-06-30": 60.297, "2010-03-31": "39.75000", "2009-12-31": 34.291, "2009-09-30": 50.19, "2009-06-30": 59.018, "2009-03-31": "45.62100", "2008-12-31": 29.681, "2008-09-30": 44.898, "2008-06-30": 62.429, "2008-03-31": "20.81400", "2007-12-31": 40.854, "2007-09-30": 43.934, "2007-06-30": 51.131, "2007-03-31": "25.74400", "2006-12-31": 36.35, "2006-09-30": 36.13, "2006-06-30": 33.165, "2006-03-31": "39.88000", "2005-12-31": 31.87, "2005-09-30": 40.73, "2005-06-30": 51.424, "2005-03-31": "30.10900"}, "Net Change In Property, Plant, And Equipment": {"2020-09-30": -46.565, "2020-06-30": -97.429, "2020-03-31": "230.50500", "2019-12-31": -405.356, "2019-09-30": -59.5, "2019-06-30": -55.115, "2019-03-31": "-79.61600", "2018-12-31": -14.461, "2018-09-30": -87.92, "2018-06-30": -54.104, "2018-03-31": "-145.45100", "2017-12-31": -40.421, "2017-09-30": 14.371, "2017-06-30": -81.034, "2017-03-31": "-89.71900", "2016-12-31": -108.325, "2016-09-30": -184.169, "2016-06-30": -71.564, "2016-03-31": "588.21000", "2015-12-31": -93.33, "2015-09-30": -469.001, "2015-06-30": -79.932, "2015-03-31": "-47.67100", "2014-12-31": -165.449, "2014-09-30": -28.779, "2014-06-30": -79.603, "2014-03-31": "-65.02100", "2013-12-31": 33.938, "2013-09-30": -141.23, "2013-06-30": -138.938, "2013-03-31": "-109.45000", "2012-12-31": -145.931, "2012-09-30": -54.944, "2012-06-30": -25.029, "2012-03-31": "-20.21300", "2011-12-31": -32.821, "2011-09-30": -91.644, "2011-06-30": -25.549, "2011-03-31": "-16.83500", "2010-12-31": -36.347, "2010-09-30": -28.078, "2010-06-30": -14.677, "2010-03-31": "-16.81400", "2009-12-31": -34.445, "2009-09-30": -32.454, "2009-06-30": 29.433, "2009-03-31": "-36.72800", "2008-12-31": -38.1, "2008-09-30": -43.54, "2008-06-30": -35.464, "2008-03-31": "-49.46000", "2007-12-31": -40.336, "2007-09-30": -39.491, "2007-06-30": -61.771, "2007-03-31": "-1.24700", "2006-12-31": -15.164, "2006-09-30": -27.792, "2006-06-30": -42.747, "2006-03-31": "123.89400", "2005-12-31": -17.351, "2005-09-30": 201.047, "2005-06-30": -0.834, "2005-03-31": "20.30600"}, "Net Change In Intangible Assets": {"2020-09-30": 0, "2020-06-30": 0, "2020-03-31": "", "2019-12-31": 0, "2019-09-30": 0, "2019-06-30": 0, "2019-03-31": "", "2018-12-31": 0, "2018-09-30": 0, "2018-06-30": 0, "2018-03-31": "", "2017-12-31": 0, "2017-09-30": 0, "2017-06-30": 0, "2017-03-31": "", "2016-12-31": 0, "2016-09-30": 0, "2016-06-30": 0, "2016-03-31": "", "2015-12-31": 0, "2015-09-30": 0, "2015-06-30": 0, "2015-03-31": "", "2014-12-31": 0, "2014-09-30": 0, "2014-06-30": 0, "2014-03-31": "", "2013-12-31": 0, "2013-09-30": 0, "2013-06-30": 0, "2013-03-31": "", "2012-12-31": 0, "2012-09-30": 0, "2012-06-30": 0, "2012-03-31": "", "2011-12-31": 0, "2011-09-30": 0, "2011-06-30": 0, "2011-03-31": "", "2010-12-31": 0, "2010-09-30": 0, "2010-06-30": 0, "2010-03-31": "", "2009-12-31": 0, "2009-09-30": 0, "2009-06-30": 0, "2009-03-31": "", "2008-12-31": 0, "2008-09-30": 0, "2008-06-30": 0, "2008-03-31": "", "2007-12-31": 0, "2007-09-30": 0, "2007-06-30": 0, "2007-03-31": "", "2006-12-31": 0, "2006-09-30": 0, "2006-06-30": 0, "2006-03-31": "", "2005-12-31": 0, "2005-09-30": 0, "2005-06-30": 0, "2005-03-31": ""}, "Net Acquisitions/Divestitures": {"2020-09-30": 0, "2020-06-30": 0, "2020-03-31": "", "2019-12-31": 0, "2019-09-30": 0, "2019-06-30": 0, "2019-03-31": "", "2018-12-31": 0, "2018-09-30": 0, "2018-06-30": 0, "2018-03-31": "", "2017-12-31": 0, "2017-09-30": 0, "2017-06-30": 0, "2017-03-31": "", "2016-12-31": 0, "2016-09-30": 0, "2016-06-30": 0, "2016-03-31": "", "2015-12-31": 0, "2015-09-30": 0, "2015-06-30": 0, "2015-03-31": "", "2014-12-31": -4.126, "2014-09-30": 0, "2014-06-30": 0, "2014-03-31": "", "2013-12-31": 0, "2013-09-30": -32.818, "2013-06-30": 0.429, "2013-03-31": "-0.42900", "2012-12-31": -3.768, "2012-09-30": 3.768, "2012-06-30": -1.008, "2012-03-31": "1.00800", "2011-12-31": 0.25, "2011-09-30": 2.77, "2011-06-30": -0.51, "2011-03-31": "0.51000", "2010-12-31": 0, "2010-09-30": 0, "2010-06-30": -1.943, "2010-03-31": "1.94300", "2009-12-31": 12.196, "2009-09-30": 0, "2009-06-30": 0, "2009-03-31": "", "2008-12-31": 27.14, "2008-09-30": 0, "2008-06-30": 0, "2008-03-31": "", "2007-12-31": 0, "2007-09-30": 0, "2007-06-30": 0, "2007-03-31": "", "2006-12-31": -0.645, "2006-09-30": 0, "2006-06-30": 0, "2006-03-31": "0.64500", "2005-12-31": 0, "2005-09-30": 0, "2005-06-30": 0, "2005-03-31": ""}, "Net Change In Short-term Investments": {"2020-09-30": 0, "2020-06-30": 0, "2020-03-31": "", "2019-12-31": 0, "2019-09-30": 0, "2019-06-30": 0, "2019-03-31": "", "2018-12-31": 0, "2018-09-30": 0, "2018-06-30": 0, "2018-03-31": "", "2017-12-31": 0, "2017-09-30": 0, "2017-06-30": 0, "2017-03-31": "", "2016-12-31": 0, "2016-09-30": 0, "2016-06-30": 0, "2016-03-31": "", "2015-12-31": 0, "2015-09-30": 0, "2015-06-30": 0, "2015-03-31": "", "2014-12-31": 0, "2014-09-30": 0, "2014-06-30": 0, "2014-03-31": "", "2013-12-31": 0, "2013-09-30": 0, "2013-06-30": 0, "2013-03-31": "", "2012-12-31": 0, "2012-09-30": 0, "2012-06-30": 0, "2012-03-31": "", "2011-12-31": 0, "2011-09-30": 0, "2011-06-30": 0, "2011-03-31": "", "2010-12-31": 0, "2010-09-30": 0, "2010-06-30": 0, "2010-03-31": "", "2009-12-31": 0, "2009-09-30": 0, "2009-06-30": 0, "2009-03-31": "", "2008-12-31": 0, "2008-09-30": 0, "2008-06-30": 0, "2008-03-31": "", "2007-12-31": 0, "2007-09-30": 0, "2007-06-30": 0, "2007-03-31": "", "2006-12-31": 0, "2006-09-30": 0, "2006-06-30": 0, "2006-03-31": "", "2005-12-31": 0, "2005-09-30": 0, "2005-06-30": 0, "2005-03-31": ""}, "Net Change In Long-Term Investments": {"2020-09-30": 0, "2020-06-30": 0, "2020-03-31": "0.07200", "2019-12-31": -2.173, "2019-09-30": 0, "2019-06-30": 0, "2019-03-31": "0.02900", "2018-12-31": 0, "2018-09-30": 0, "2018-06-30": 0, "2018-03-31": "0.10500", "2017-12-31": 0, "2017-09-30": -5.666, "2017-06-30": 0.761, "2017-03-31": "6.51200", "2016-12-31": 0.127, "2016-09-30": 0.969, "2016-06-30": 0, "2016-03-31": "2.01300", "2015-12-31": -0.101, "2015-09-30": 27.485, "2015-06-30": 9.683, "2015-03-31": "0.39400", "2014-12-31": 3.017, "2014-09-30": 4.717, "2014-06-30": -5.987, "2014-03-31": "0.23000", "2013-12-31": 10.815, "2013-09-30": 16.236, "2013-06-30": -0.357, "2013-03-31": "0.36300", "2012-12-31": 12.495, "2012-09-30": -1.044, "2012-06-30": -1.553, "2012-03-31": "-0.29600", "2011-12-31": 0.037, "2011-09-30": 5.165, "2011-06-30": -38.756, "2011-03-31": "-0.01400", "2010-12-31": -1.626, "2010-09-30": -0.119, "2010-06-30": 15.109, "2010-03-31": "0.69400", "2009-12-31": 0.668, "2009-09-30": -0.044, "2009-06-30": 2.285, "2009-03-31": "0.09400", "2008-12-31": 0.471, "2008-09-30": 0.844, "2008-06-30": -10.805, "2008-03-31": "-0.03700", "2007-12-31": 4.26, "2007-09-30": 1.602, "2007-06-30": 2.297, "2007-03-31": "6.38300", "2006-12-31": 0.684, "2006-09-30": 9.469, "2006-06-30": 0.364, "2006-03-31": "1.27100", "2005-12-31": 2.844, "2005-09-30": 0.943, "2005-06-30": 0.068, "2005-03-31": "0.96400"}, "Net Change In Investments - Total": {"2020-09-30": 0, "2020-06-30": 0, "2020-03-31": "0.07200", "2019-12-31": -2.173, "2019-09-30": 0, "2019-06-30": 0, "2019-03-31": "0.02900", "2018-12-31": 0, "2018-09-30": 0, "2018-06-30": 0, "2018-03-31": "0.10500", "2017-12-31": 0, "2017-09-30": -5.666, "2017-06-30": 0.761, "2017-03-31": "6.51200", "2016-12-31": 0.127, "2016-09-30": 0.969, "2016-06-30": 0, "2016-03-31": "2.01300", "2015-12-31": -0.101, "2015-09-30": 27.485, "2015-06-30": 9.683, "2015-03-31": "0.39400", "2014-12-31": 3.017, "2014-09-30": 4.717, "2014-06-30": -5.987, "2014-03-31": "0.23000", "2013-12-31": 10.815, "2013-09-30": 16.236, "2013-06-30": -0.357, "2013-03-31": "0.36300", "2012-12-31": 12.495, "2012-09-30": -1.044, "2012-06-30": -1.553, "2012-03-31": "-0.29600", "2011-12-31": 0.037, "2011-09-30": 5.165, "2011-06-30": -38.756, "2011-03-31": "-0.01400", "2010-12-31": -1.626, "2010-09-30": -0.119, "2010-06-30": 15.109, "2010-03-31": "0.69400", "2009-12-31": 0.668, "2009-09-30": -0.044, "2009-06-30": 2.285, "2009-03-31": "0.09400", "2008-12-31": 0.471, "2008-09-30": 0.844, "2008-06-30": -10.805, "2008-03-31": "-0.03700", "2007-12-31": 4.26, "2007-09-30": 1.602, "2007-06-30": 2.297, "2007-03-31": "6.38300", "2006-12-31": 0.684, "2006-09-30": 9.469, "2006-06-30": 0.364, "2006-03-31": "1.27100", "2005-12-31": 2.844, "2005-09-30": 0.943, "2005-06-30": 0.068, "2005-03-31": "0.96400"}, "Investing Activities - Other": {"2020-09-30": -2.795, "2020-06-30": -3.939, "2020-03-31": "0.52000", "2019-12-31": 50.382, "2019-09-30": -51.933, "2019-06-30": -2.21, "2019-03-31": "-1.91500", "2018-12-31": -1.384, "2018-09-30": -1.145, "2018-06-30": -2.182, "2018-03-31": "-0.20700", "2017-12-31": -1.936, "2017-09-30": -1.494, "2017-06-30": -1.258, "2017-03-31": "-0.41800", "2016-12-31": 19.376, "2016-09-30": 234.469, "2016-06-30": -8.456, "2016-03-31": "-256.38800", "2015-12-31": 3.369, "2015-09-30": -5.761, "2015-06-30": 0.566, "2015-03-31": "0.14200", "2014-12-31": -2.436, "2014-09-30": -2.01, "2014-06-30": -3.27, "2014-03-31": "20.53900", "2013-12-31": 0.218, "2013-09-30": -3.077, "2013-06-30": -2.565, "2013-03-31": "10.26200", "2012-12-31": -6.858, "2012-09-30": -3.506, "2012-06-30": 1.462, "2012-03-31": "6.60500", "2011-12-31": -2.822, "2011-09-30": -17.501, "2011-06-30": 0.142, "2011-03-31": "2.09900", "2010-12-31": -2.656, "2010-09-30": 6.322, "2010-06-30": -0.618, "2010-03-31": "0.65500", "2009-12-31": 4.381, "2009-09-30": -0.677, "2009-06-30": -8.328, "2009-03-31": "1.79500", "2008-12-31": 4.747, "2008-09-30": 30.974, "2008-06-30": -25.69, "2008-03-31": "4.57700", "2007-12-31": -16.71, "2007-09-30": 2.473, "2007-06-30": 1.902, "2007-03-31": "-10.06600", "2006-12-31": 1.17, "2006-09-30": 0.928, "2006-06-30": 12.768, "2006-03-31": "-0.11100", "2005-12-31": -11.398, "2005-09-30": 2.71, "2005-06-30": -0.08, "2005-03-31": "1.70600"}, "Cash Flow From Investing Activities": {"2020-09-30": -49.36, "2020-06-30": -101.368, "2020-03-31": "231.09700", "2019-12-31": -357.147, "2019-09-30": -111.433, "2019-06-30": -57.325, "2019-03-31": "-81.50200", "2018-12-31": -15.845, "2018-09-30": -89.065, "2018-06-30": -56.286, "2018-03-31": "-145.55300", "2017-12-31": -42.357, "2017-09-30": 7.211, "2017-06-30": -81.531, "2017-03-31": "-83.62500", "2016-12-31": -88.822, "2016-09-30": 51.269, "2016-06-30": -80.02, "2016-03-31": "333.83500", "2015-12-31": -90.062, "2015-09-30": -447.277, "2015-06-30": -69.683, "2015-03-31": "-47.13500", "2014-12-31": -168.994, "2014-09-30": -26.072, "2014-06-30": -88.86, "2014-03-31": "-44.25200", "2013-12-31": 44.971, "2013-09-30": -160.889, "2013-06-30": -141.431, "2013-03-31": "-99.25400", "2012-12-31": -144.062, "2012-09-30": -55.726, "2012-06-30": -26.128, "2012-03-31": "-12.89600", "2011-12-31": -35.356, "2011-09-30": -101.21, "2011-06-30": -64.673, "2011-03-31": "-14.24000", "2010-12-31": -40.629, "2010-09-30": -21.875, "2010-06-30": -2.129, "2010-03-31": "-13.52200", "2009-12-31": -17.2, "2009-09-30": -33.175, "2009-06-30": 23.39, "2009-03-31": "-34.83900", "2008-12-31": -5.742, "2008-09-30": -11.722, "2008-06-30": -71.959, "2008-03-31": "-44.92000", "2007-12-31": -52.786, "2007-09-30": -35.416, "2007-06-30": -57.572, "2007-03-31": "-4.93000", "2006-12-31": -13.955, "2006-09-30": -17.395, "2006-06-30": -29.615, "2006-03-31": "125.69900", "2005-12-31": -25.905, "2005-09-30": 204.7, "2005-06-30": -0.846, "2005-03-31": "22.97600"}, "Net Long-Term Debt": {"2020-09-30": 147.874, "2020-06-30": -0.486, "2020-03-31": "-0.48100", "2019-12-31": -0.476, "2019-09-30": 298.509, "2019-06-30": -0.467, "2019-03-31": "123.54800", "2018-12-31": -0.458, "2018-09-30": -10.453, "2018-06-30": -200.448, "2018-03-31": "345.41900", "2017-12-31": -125.439, "2017-09-30": -0.435, "2017-06-30": -16.418, "2017-03-31": "-34.26000", "2016-12-31": 74.462, "2016-09-30": 74.283, "2016-06-30": -44.203, "2016-03-31": "-350.53500", "2015-12-31": -13.044, "2015-09-30": 247.251, "2015-06-30": 84.171, "2015-03-31": "-1.22000", "2014-12-31": -1.492, "2014-09-30": -39.702, "2014-06-30": 163.173, "2014-03-31": "-2.23600", "2013-12-31": -103.567, "2013-09-30": -117.391, "2013-06-30": -2.971, "2013-03-31": "-37.21400", "2012-12-31": 141.923, "2012-09-30": -59.183, "2012-06-30": -16.33, "2012-03-31": "221.93300", "2011-12-31": -188.795, "2011-09-30": -3.08, "2011-06-30": -13.031, "2011-03-31": "59.50900", "2010-12-31": -9.915, "2010-09-30": -2.385, "2010-06-30": -2.727, "2010-03-31": "-2.72500", "2009-12-31": -0.277, "2009-09-30": 152.553, "2009-06-30": -101.009, "2009-03-31": "-19.41300", "2008-12-31": -24.112, "2008-09-30": -17.658, "2008-06-30": 17.714, "2008-03-31": "42.12000", "2007-12-31": -4.018, "2007-09-30": 7.66, "2007-06-30": -14.969, "2007-03-31": "332.87500", "2006-12-31": -64.179, "2006-09-30": -4.234, "2006-06-30": -104.184, "2006-03-31": "-48.82900", "2005-12-31": -6.051, "2005-09-30": -94.348, "2005-06-30": -28.936, "2005-03-31": "-0.22800"}, "Net Current Debt": {"2020-09-30": -14, "2020-06-30": -73, "2020-03-31": "-134.00000", "2019-12-31": 221, "2019-09-30": -136, "2019-06-30": 1, "2019-03-31": "-47.00000", "2018-12-31": -2, "2018-09-30": 42, "2018-06-30": 142, "2018-03-31": "-245.00000", "2017-12-31": 173, "2017-09-30": -39, "2017-06-30": -20, "2017-03-31": "131.00000", "2016-12-31": -28, "2016-09-30": -255, "2016-06-30": 25, "2016-03-31": "-41.00000", "2015-12-31": 34, "2015-09-30": 106, "2015-06-30": -69, "2015-03-31": "19.00000", "2014-12-31": 59, "2014-09-30": -7, "2014-06-30": -118, "2014-03-31": "59.30000", "2013-12-31": 9.3, "2013-09-30": 71, "2013-06-30": 37.9, "2013-03-31": "74.50000", "2012-12-31": -66, "2012-09-30": 13.5, "2012-06-30": -65.5, "2012-03-31": "-221.00000", "2011-12-31": 197, "2011-09-30": 89.6, "2011-06-30": 75.4, "2011-03-31": "-30.00000", "2010-12-31": 30, "2010-09-30": 0, "2010-06-30": 0, "2010-03-31": "", "2009-12-31": 0, "2009-09-30": -108, "2009-06-30": -89, "2009-03-31": "34.00000", "2008-12-31": 30.5, "2008-09-30": -125.5, "2008-06-30": 11.1, "2008-03-31": "19.10000", "2007-12-31": 44.5, "2007-09-30": 35.3, "2007-06-30": 85, "2007-03-31": "-310.50000", "2006-12-31": 77, "2006-09-30": -1.5, "2006-06-30": 120, "2006-03-31": "-12.50000", "2005-12-31": 32.5, "2005-09-30": -27, "2005-06-30": 5, "2005-03-31": "10.00000"}, "Debt Issuance/Retirement Net - Total": {"2020-09-30": 133.874, "2020-06-30": -73.486, "2020-03-31": "-134.48100", "2019-12-31": 220.524, "2019-09-30": 162.509, "2019-06-30": 0.533, "2019-03-31": "76.54800", "2018-12-31": -2.458, "2018-09-30": 31.547, "2018-06-30": -58.448, "2018-03-31": "100.41900", "2017-12-31": 47.561, "2017-09-30": -39.435, "2017-06-30": -36.418, "2017-03-31": "96.74000", "2016-12-31": 46.462, "2016-09-30": -180.717, "2016-06-30": -19.203, "2016-03-31": "-391.53500", "2015-12-31": 20.956, "2015-09-30": 353.251, "2015-06-30": 15.171, "2015-03-31": "17.78000", "2014-12-31": 57.508, "2014-09-30": -46.702, "2014-06-30": 45.173, "2014-03-31": "57.06400", "2013-12-31": -94.267, "2013-09-30": -46.391, "2013-06-30": 34.929, "2013-03-31": "37.28600", "2012-12-31": 75.923, "2012-09-30": -45.683, "2012-06-30": -81.83, "2012-03-31": "0.93300", "2011-12-31": 8.205, "2011-09-30": 86.52, "2011-06-30": 62.369, "2011-03-31": "29.50900", "2010-12-31": 20.085, "2010-09-30": -2.385, "2010-06-30": -2.727, "2010-03-31": "-2.72500", "2009-12-31": -0.277, "2009-09-30": 44.553, "2009-06-30": -190.009, "2009-03-31": "14.58700", "2008-12-31": 6.388, "2008-09-30": -143.158, "2008-06-30": 28.814, "2008-03-31": "61.22000", "2007-12-31": 40.482, "2007-09-30": 42.96, "2007-06-30": 70.031, "2007-03-31": "22.37500", "2006-12-31": 12.821, "2006-09-30": -5.734, "2006-06-30": 15.816, "2006-03-31": "-61.32900", "2005-12-31": 26.449, "2005-09-30": -121.348, "2005-06-30": -23.936, "2005-03-31": "9.77200"}, "Net Common Equity Issued/Repurchased": {"2020-09-30": 0.374, "2020-06-30": 0.41, "2020-03-31": "1.21900", "2019-12-31": 0.541, "2019-09-30": 0.488, "2019-06-30": 0.397, "2019-03-31": "-1.12800", "2018-12-31": 0.389, "2018-09-30": 1.128, "2018-06-30": 1.426, "2018-03-31": "-0.98300", "2017-12-31": 0.709, "2017-09-30": 0.519, "2017-06-30": 61.648, "2017-03-31": "9.38400", "2016-12-31": 70.251, "2016-09-30": 84.001, "2016-06-30": 54.415, "2016-03-31": "51.68600", "2015-12-31": 32.843, "2015-09-30": 50.783, "2015-06-30": 2.741, "2015-03-31": "41.21000", "2014-12-31": 67.688, "2014-09-30": 37.768, "2014-06-30": 8.964, "2014-03-31": "-0.30300", "2013-12-31": 0.245, "2013-09-30": 189.078, "2013-06-30": 67.696, "2013-03-31": "56.50500", "2012-12-31": 57.349, "2012-09-30": 96.267, "2012-06-30": 66.508, "2012-03-31": "26.64400", "2011-12-31": 1.227, "2011-09-30": 5.059, "2011-06-30": 8.593, "2011-03-31": "8.39100", "2010-12-31": 0.922, "2010-09-30": 1.014, "2010-06-30": -0.08, "2010-03-31": "1.14200", "2009-12-31": 3.631, "2009-09-30": 3.046, "2009-06-30": 145.159, "2009-03-31": "-0.89500", "2008-12-31": 0.2, "2008-09-30": 203.662, "2008-06-30": 6.808, "2008-03-31": "-3.97900", "2007-12-31": 0.285, "2007-09-30": 0.502, "2007-06-30": 5.226, "2007-03-31": "-26.41400", "2006-12-31": 3.489, "2006-09-30": 19.894, "2006-06-30": -5.873, "2006-03-31": "-1.18700", "2005-12-31": -1.231, "2005-09-30": -5.256, "2005-06-30": -4.391, "2005-03-31": "1.21000"}, "Net Total Equity Issued/Repurchased": {"2020-09-30": 0.357, "2020-06-30": 0.397, "2020-03-31": "1.21600", "2019-12-31": 0.541, "2019-09-30": 0.488, "2019-06-30": 0.397, "2019-03-31": "-1.14600", "2018-12-31": 0.379, "2018-09-30": 1.128, "2018-06-30": 1.426, "2018-03-31": "-0.98800", "2017-12-31": 0.709, "2017-09-30": 0.506, "2017-06-30": 61.648, "2017-03-31": "9.36900", "2016-12-31": 70.251, "2016-09-30": 83.986, "2016-06-30": 54.32, "2016-03-31": "51.66600", "2015-12-31": 32.843, "2015-09-30": 50.783, "2015-06-30": 2.741, "2015-03-31": "41.20000", "2014-12-31": 67.671, "2014-09-30": 37.768, "2014-06-30": 8.964, "2014-03-31": "-0.30300", "2013-12-31": 0.245, "2013-09-30": 189.078, "2013-06-30": 67.696, "2013-03-31": "56.50500", "2012-12-31": 57.349, "2012-09-30": 96.267, "2012-06-30": 66.508, "2012-03-31": "26.64400", "2011-12-31": 1.227, "2011-09-30": 5.049, "2011-06-30": -43.912, "2011-03-31": "8.39100", "2010-12-31": 0.922, "2010-09-30": 1.014, "2010-06-30": -0.08, "2010-03-31": "1.14200", "2009-12-31": 3.631, "2009-09-30": 3.046, "2009-06-30": 145.159, "2009-03-31": "-0.89500", "2008-12-31": 0.2, "2008-09-30": 151.163, "2008-06-30": 6.808, "2008-03-31": "-3.97900", "2007-12-31": 0.285, "2007-09-30": -21.754, "2007-06-30": -34.774, "2007-03-31": "-26.41400", "2006-12-31": 3.489, "2006-09-30": 19.894, "2006-06-30": -5.873, "2006-03-31": "-51.18700", "2005-12-31": -1.231, "2005-09-30": -135.256, "2005-06-30": -4.391, "2005-03-31": "1.21000"}, "Total Common And Preferred Stock Dividends Paid": {"2020-09-30": -50.488, "2020-06-30": -50.483, "2020-03-31": "-50.35700", "2019-12-31": -49.895, "2019-09-30": -49.859, "2019-06-30": -49.872, "2019-03-31": "-49.79700", "2018-12-31": -48.49, "2018-09-30": -48.479, "2018-06-30": -48.455, "2018-03-31": "-48.37000", "2017-12-31": -46.053, "2017-09-30": -46.046, "2017-06-30": -45.658, "2017-03-31": "-126.74500", "2016-12-31": -43.257, "2016-09-30": -42.58, "2016-06-30": -42.018, "2016-03-31": "-41.50700", "2015-12-31": -41.235, "2015-09-30": -40.829, "2015-06-30": -40.589, "2015-03-31": "-40.19000", "2014-12-31": -39.754, "2014-09-30": -39.059, "2014-06-30": -39.007, "2014-03-31": "-38.85200", "2013-12-31": -38.841, "2013-09-30": -38.814, "2013-06-30": -35.931, "2013-03-31": "-34.88600", "2012-12-31": -34.157, "2012-09-30": -32.962, "2012-06-30": -32.453, "2012-03-31": "-31.58800", "2011-12-31": -31.472, "2011-09-30": -31.458, "2011-06-30": -32.28, "2011-03-31": "-32.08800", "2010-12-31": -32.123, "2010-09-30": -32.121, "2010-06-30": -30.493, "2010-03-31": "-33.61400", "2009-12-31": -31.885, "2009-09-30": -31.815, "2009-06-30": -28.795, "2009-03-31": "-28.64200", "2008-12-31": -35.36, "2008-09-30": -27.061, "2008-06-30": -27.188, "2008-03-31": "-27.14100", "2007-12-31": -28.839, "2007-09-30": -28.697, "2007-06-30": -29.78, "2007-03-31": "-29.87900", "2006-12-31": -29.98, "2006-09-30": -29.554, "2006-06-30": -29.351, "2006-03-31": "-29.96100", "2005-12-31": -30.38, "2005-09-30": -32.002, "2005-06-30": -33.183, "2005-03-31": "-33.15600"}, "Financial Activities - Other": {"2020-09-30": -15.063, "2020-06-30": -2.043, "2020-03-31": "-1.74200", "2019-12-31": -1.841, "2019-09-30": -5.16, "2019-06-30": -3.269, "2019-03-31": "-4.49200", "2018-12-31": -1.392, "2018-09-30": -1.77, "2018-06-30": -1.631, "2018-03-31": "-4.48700", "2017-12-31": -6.473, "2017-09-30": -1.665, "2017-06-30": -1.438, "2017-03-31": "-9.13000", "2016-12-31": -2.579, "2016-09-30": -2.595, "2016-06-30": -3.55, "2016-03-31": "-2.38500", "2015-12-31": -2.119, "2015-09-30": -2.798, "2015-06-30": -3.271, "2015-03-31": "-2.21200", "2014-12-31": -2.435, "2014-09-30": -2.175, "2014-06-30": -4.065, "2014-03-31": "-1.88100", "2013-12-31": -3.538, "2013-09-30": 8.997, "2013-06-30": -2.118, "2013-03-31": "-3.38300", "2012-12-31": -5.754, "2012-09-30": -4.027, "2012-06-30": -3.063, "2012-03-31": "-4.11600", "2011-12-31": -1.775, "2011-09-30": -5.582, "2011-06-30": -2.186, "2011-03-31": "-3.45200", "2010-12-31": -2.901, "2010-09-30": -2.114, "2010-06-30": -3.363, "2010-03-31": "-0.39200", "2009-12-31": -6.93, "2009-09-30": -4.102, "2009-06-30": -3.148, "2009-03-31": "-1.83200", "2008-12-31": 4.923, "2008-09-30": -4.486, "2008-06-30": -1.466, "2008-03-31": "-2.53900", "2007-12-31": -0.324, "2007-09-30": -0.159, "2007-06-30": 2.637, "2007-03-31": "-2.65900", "2006-12-31": 0.441, "2006-09-30": -0.745, "2006-06-30": -3.358, "2006-03-31": "-0.17000", "2005-12-31": -0.237, "2005-09-30": -0.388, "2005-06-30": -0.2, "2005-03-31": "-0.05100"}, "Cash Flow From Financial Activities": {"2020-09-30": 68.68, "2020-06-30": -125.615, "2020-03-31": "-185.36400", "2019-12-31": 169.329, "2019-09-30": 107.978, "2019-06-30": -52.211, "2019-03-31": "21.11300", "2018-12-31": -51.961, "2018-09-30": -17.574, "2018-06-30": -107.108, "2018-03-31": "46.57400", "2017-12-31": -4.256, "2017-09-30": -86.64, "2017-06-30": -21.866, "2017-03-31": "-29.76600", "2016-12-31": 70.877, "2016-09-30": -141.906, "2016-06-30": -10.451, "2016-03-31": "-383.76100", "2015-12-31": 10.445, "2015-09-30": 360.407, "2015-06-30": -25.948, "2015-03-31": "16.57800", "2014-12-31": 82.99, "2014-09-30": -50.168, "2014-06-30": 11.065, "2014-03-31": "16.02800", "2013-12-31": -136.401, "2013-09-30": 112.87, "2013-06-30": 64.576, "2013-03-31": "55.52200", "2012-12-31": 93.361, "2012-09-30": 13.595, "2012-06-30": -50.838, "2012-03-31": "-8.12700", "2011-12-31": -23.815, "2011-09-30": 54.529, "2011-06-30": -16.009, "2011-03-31": "2.36000", "2010-12-31": -14.017, "2010-09-30": -35.606, "2010-06-30": -36.663, "2010-03-31": "-35.58900", "2009-12-31": -35.461, "2009-09-30": 11.682, "2009-06-30": -76.793, "2009-03-31": "-16.78200", "2008-12-31": -23.849, "2008-09-30": -23.542, "2008-06-30": 6.968, "2008-03-31": "27.56100", "2007-12-31": 11.604, "2007-09-30": -7.65, "2007-06-30": 8.114, "2007-03-31": "-36.57700", "2006-12-31": -13.229, "2006-09-30": -16.139, "2006-06-30": -22.766, "2006-03-31": "-142.64700", "2005-12-31": -5.399, "2005-09-30": -288.994, "2005-06-30": -61.71, "2005-03-31": "-22.22500"}, "Net Cash Flow": {"2020-09-30": 114.564, "2020-06-30": -110.382, "2020-03-31": "109.34700", "2019-12-31": -108.282, "2019-09-30": 109.517, "2019-06-30": 1.04, "2019-03-31": "2.32400", "2018-12-31": -2.136, "2018-09-30": 2.361, "2018-06-30": -57.964, "2018-03-31": "-20.45100", "2017-12-31": 35.708, "2017-09-30": 18.667, "2017-06-30": -0.201, "2017-03-31": "-44.47200", "2016-12-31": 55.475, "2016-09-30": 3.943, "2016-06-30": -0.901, "2016-03-31": "-1.69100", "2015-12-31": -0.148, "2015-09-30": 0.245, "2015-06-30": -6.442, "2015-03-31": "2.54900", "2014-12-31": -2.768, "2014-09-30": -7.099, "2014-06-30": 5.355, "2014-03-31": "3.16000", "2013-12-31": -21.505, "2013-09-30": 21.567, "2013-06-30": -2.048, "2013-03-31": "-1.61300", "2012-12-31": 4.697, "2012-09-30": 2.559, "2012-06-30": -5.688, "2012-03-31": "1.02700", "2011-12-31": 0.1, "2011-09-30": 1.849, "2011-06-30": -21.571, "2011-03-31": "16.60400", "2010-12-31": -6.763, "2010-09-30": -14.874, "2010-06-30": 21.505, "2010-03-31": "-9.36100", "2009-12-31": -18.37, "2009-09-30": 28.697, "2009-06-30": 5.615, "2009-03-31": "-6.00000", "2008-12-31": 0.09, "2008-09-30": 9.634, "2008-06-30": -2.562, "2008-03-31": "3.45500", "2007-12-31": -0.328, "2007-09-30": 0.868, "2007-06-30": 1.673, "2007-03-31": "-15.76300", "2006-12-31": 9.166, "2006-09-30": 2.596, "2006-06-30": -19.216, "2006-03-31": "22.93200", "2005-12-31": 0.566, "2005-09-30": -43.564, "2005-06-30": -11.132, "2005-03-31": "30.86000"}, "Stock-Based Compensation": {"2020-09-30": 1.242, "2020-06-30": 1.242, "2020-03-31": "2.49600", "2019-12-31": 1, "2019-09-30": 0.668, "2019-06-30": 0.94, "2019-03-31": "4.57200", "2018-12-31": 0.857, "2018-09-30": 1.141, "2018-06-30": 1.173, "2018-03-31": "4.29500", "2017-12-31": 0.928, "2017-09-30": 0.927, "2017-06-30": 1.054, "2017-03-31": "3.78300", "2016-12-31": 0.839, "2016-09-30": 0.862, "2016-06-30": 0.994, "2016-03-31": "3.55600", "2015-12-31": 0.888, "2015-09-30": 0.929, "2015-06-30": 1.201, "2015-03-31": "3.86600", "2014-12-31": 0.76, "2014-09-30": 0.798, "2014-06-30": 1.119, "2014-03-31": "4.26200", "2013-12-31": 1.003, "2013-09-30": 1.159, "2013-06-30": 1.297, "2013-03-31": "3.44000", "2012-12-31": 1.149, "2012-09-30": 2.005, "2012-06-30": 2.037, "2012-03-31": "2.42200", "2011-12-31": 1.323, "2011-09-30": 1.318, "2011-06-30": 1.427, "2011-03-31": "2.02600", "2010-12-31": 1.512, "2010-09-30": 1.563, "2010-06-30": 1.442, "2010-03-31": "2.05500", "2009-12-31": 1.363, "2009-09-30": 1.631, "2009-06-30": 3.573, "2009-03-31": "", "2008-12-31": 6.717, "2008-09-30": 0, "2008-06-30": 0, "2008-03-31": "", "2007-12-31": 0, "2007-09-30": 0, "2007-06-30": 0, "2007-03-31": "", "2006-12-31": 0, "2006-09-30": 0, "2006-06-30": 0, "2006-03-31": "", "2005-12-31": 0, "2005-09-30": 0, "2005-06-30": 0, "2005-03-31": ""}, "Common Stock Dividends Paid": {"2020-09-30": -49.866, "2020-06-30": -49.861, "2020-03-31": "-49.73500", "2019-12-31": -49.273, "2019-09-30": -49.237, "2019-06-30": -49.25, "2019-03-31": "-49.17500", "2018-12-31": -47.867, "2018-09-30": -47.856, "2018-06-30": -47.832, "2018-03-31": "-47.74700", "2017-12-31": -45.43, "2017-09-30": -45.423, "2017-06-30": -45.035, "2017-03-31": "-126.12200", "2016-12-31": -42.633, "2016-09-30": -41.956, "2016-06-30": -41.391, "2016-03-31": "-40.88100", "2015-12-31": -40.608, "2015-09-30": -40.203, "2015-06-30": -39.963, "2015-03-31": "-39.56300", "2014-12-31": -39.128, "2014-09-30": -38.432, "2014-06-30": -38.38, "2014-03-31": "-38.22500", "2013-12-31": -38.214, "2013-09-30": -38.187, "2013-06-30": -35.304, "2013-03-31": "-34.25900", "2012-12-31": -33.53, "2012-09-30": -32.335, "2012-06-30": -31.826, "2012-03-31": "-30.96100", "2011-12-31": -30.845, "2011-09-30": -30.831, "2011-06-30": -30.658, "2011-03-31": "-30.41100", "2010-12-31": -30.446, "2010-09-30": -30.444, "2010-06-30": -28.816, "2010-03-31": "-31.93700", "2009-12-31": -30.208, "2009-09-30": -30.138, "2009-06-30": -27.118, "2009-03-31": "-26.96500", "2008-12-31": -33.683, "2008-09-30": -24.61, "2008-06-30": -24.35, "2008-03-31": "-24.30300", "2007-12-31": -26.001, "2007-09-30": -26.017, "2007-06-30": -25.934, "2007-03-31": "-25.76600", "2006-12-31": -25.867, "2006-09-30": -25.441, "2006-06-30": -25.238, "2006-03-31": "-25.23700", "2005-12-31": -25.267, "2005-09-30": -25.303, "2005-06-30": -25.47, "2005-03-31": "-25.44300"}}, "financial ratios": {"Current Ratio": {"2019-12-31": "", "2018-12-31": "", "2017-12-31": "", "2016-12-31": "", "2015-12-31": "", "2014-12-31": "", "2013-12-31": "", "2012-12-31": "", "2011-12-31": "", "2010-12-31": "", "2009-12-31": "", "2008-12-31": "", "2007-12-31": "", "2006-12-31": "", "2005-12-31": ""}, "Long-term Debt / Capital": {"2019-12-31": "0.53910", "2018-12-31": "0.47950", "2017-12-31": "0.47380", "2016-12-31": "0.47490", "2015-12-31": "0.60610", "2014-12-31": "0.57180", "2013-12-31": "0.56950", "2012-12-31": "0.61850", "2011-12-31": "0.65800", "2010-12-31": "0.58850", "2009-12-31": "0.57080", "2008-12-31": "0.60850", "2007-12-31": "0.62130", "2006-12-31": "0.57530", "2005-12-31": "0.56030"}, "Debt/Equity Ratio": {"2019-12-31": "1.16980", "2018-12-31": "0.92120", "2017-12-31": "0.90040", "2016-12-31": "0.90430", "2015-12-31": "1.53880", "2014-12-31": "1.33540", "2013-12-31": "1.32310", "2012-12-31": "1.62120", "2011-12-31": "1.92430", "2010-12-31": "1.42990", "2009-12-31": "1.32980", "2008-12-31": "1.55450", "2007-12-31": "1.64090", "2006-12-31": "1.35470", "2005-12-31": "1.27430"}, "Gross Margin": {"2019-12-31": "", "2018-12-31": "", "2017-12-31": "", "2016-12-31": "", "2015-12-31": "", "2014-12-31": "", "2013-12-31": "", "2012-12-31": "", "2011-12-31": "", "2010-12-31": "", "2009-12-31": "", "2008-12-31": "", "2007-12-31": "", "2006-12-31": "", "2005-12-31": ""}, "Operating Margin": {"2019-12-31": "24.87140", "2018-12-31": "28.78140", "2017-12-31": "28.02240", "2016-12-31": "26.47940", "2015-12-31": "24.66960", "2014-12-31": "24.01710", "2013-12-31": "24.05960", "2012-12-31": "25.68170", "2011-12-31": "25.79520", "2010-12-31": "27.64860", "2009-12-31": "26.70850", "2008-12-31": "27.93960", "2007-12-31": "26.04650", "2006-12-31": "26.50580", "2005-12-31": "28.16160"}, "EBIT Margin": {"2019-12-31": "24.87140", "2018-12-31": "28.78140", "2017-12-31": "28.02240", "2016-12-31": "26.47940", "2015-12-31": "24.66960", "2014-12-31": "24.01710", "2013-12-31": "24.05960", "2012-12-31": "25.68170", "2011-12-31": "25.79520", "2010-12-31": "27.64860", "2009-12-31": "26.70850", "2008-12-31": "27.93960", "2007-12-31": "26.04650", "2006-12-31": "26.50580", "2005-12-31": "28.16160"}, "EBITDA Margin": {"2019-12-31": "59.83680", "2018-12-31": "60.75650", "2017-12-31": "60.99180", "2016-12-31": "60.20260", "2015-12-31": "61.60310", "2014-12-31": "60.45290", "2013-12-31": "61.36640", "2012-12-31": "59.78570", "2011-12-31": "60.00840", "2010-12-31": "59.63760", "2009-12-31": "56.95370", "2008-12-31": "57.48540", "2007-12-31": "57.79750", "2006-12-31": "57.89130", "2005-12-31": "62.73880"}, "Pre-Tax Profit Margin": {"2019-12-31": "19.25100", "2018-12-31": "24.66960", "2017-12-31": "27.27380", "2016-12-31": "18.41040", "2015-12-31": "14.14340", "2014-12-31": "17.44780", "2013-12-31": "6.96820", "2012-12-31": "7.27310", "2011-12-31": "6.02080", "2010-12-31": "13.67200", "2009-12-31": "10.36970", "2008-12-31": "8.67070", "2007-12-31": "12.44120", "2006-12-31": "7.43080", "2005-12-31": "7.60550"}, "Net Profit Margin": {"2019-12-31": "18.26550", "2018-12-31": "23.51870", "2017-12-31": "26.02300", "2016-12-31": "78.38980", "2015-12-31": "15.64020", "2014-12-31": "19.51120", "2013-12-31": "24.34600", "2012-12-31": "15.89270", "2011-12-31": "8.95390", "2010-12-31": "14.01660", "2009-12-31": "11.55710", "2008-12-31": "4.95880", "2007-12-31": "17.92100", "2006-12-31": "8.69120", "2005-12-31": "7.97770"}, "Asset Turnover": {"2019-12-31": "0.14320", "2018-12-31": "0.15400", "2017-12-31": "0.15200", "2016-12-31": "0.14590", "2015-12-31": "0.13480", "2014-12-31": "0.13900", "2013-12-31": "0.13260", "2012-12-31": "0.14480", "2011-12-31": "0.13580", "2010-12-31": "0.15350", "2009-12-31": "0.15520", "2008-12-31": "0.15110", "2007-12-31": "0.14300", "2006-12-31": "0.14110", "2005-12-31": "0.13340"}, "Inventory Turnover Ratio": {"2019-12-31": "", "2018-12-31": "", "2017-12-31": "", "2016-12-31": "", "2015-12-31": "", "2014-12-31": "", "2013-12-31": "", "2012-12-31": "", "2011-12-31": "", "2010-12-31": "", "2009-12-31": "", "2008-12-31": "", "2007-12-31": "", "2006-12-31": "", "2005-12-31": ""}, "Receiveable Turnover": {"2019-12-31": "", "2018-12-31": "", "2017-12-31": "", "2016-12-31": "", "2015-12-31": "", "2014-12-31": "", "2013-12-31": "", "2012-12-31": "", "2011-12-31": "", "2010-12-31": "", "2009-12-31": "", "2008-12-31": "", "2007-12-31": "", "2006-12-31": "", "2005-12-31": ""}, "Days Sales In Receivables": {"2019-12-31": "", "2018-12-31": "", "2017-12-31": "", "2016-12-31": "", "2015-12-31": "", "2014-12-31": "", "2013-12-31": "", "2012-12-31": "", "2011-12-31": "", "2010-12-31": "", "2009-12-31": "", "2008-12-31": "", "2007-12-31": "", "2006-12-31": "", "2005-12-31": ""}, "ROE - Return On Equity": {"2019-12-31": "6.60360", "2018-12-31": "7.94620", "2017-12-31": "8.67900", "2016-12-31": "5.76580", "2015-12-31": "5.37790", "2014-12-31": "6.37220", "2013-12-31": "2.90150", "2012-12-31": "3.54930", "2011-12-31": "3.22460", "2010-12-31": "6.36700", "2009-12-31": "4.41800", "2008-12-31": "3.96930", "2007-12-31": "5.87130", "2006-12-31": "3.80130", "2005-12-31": "3.18560"}, "Return On Tangible Equity": {"2019-12-31": "6.51590", "2018-12-31": "7.84480", "2017-12-31": "8.56700", "2016-12-31": "5.68840", "2015-12-31": "5.28140", "2014-12-31": "6.25280", "2013-12-31": "2.84520", "2012-12-31": "3.46070", "2011-12-31": "3.12960", "2010-12-31": "5.88960", "2009-12-31": "4.09990", "2008-12-31": "3.66210", "2007-12-31": "5.09330", "2006-12-31": "3.12380", "2005-12-31": "2.51850"}, "ROA - Return On Assets": {"2019-12-31": "2.75740", "2018-12-31": "3.79960", "2017-12-31": "4.14510", "2016-12-31": "2.68680", "2015-12-31": "1.90660", "2014-12-31": "2.42520", "2013-12-31": "1.12000", "2012-12-31": "1.20320", "2011-12-31": "0.97090", "2010-12-31": "2.23170", "2009-12-31": "1.60920", "2008-12-31": "1.31040", "2007-12-31": "1.77850", "2006-12-31": "1.21630", "2005-12-31": "1.02300"}, "ROI - Return On Investment": {"2019-12-31": "3.00300", "2018-12-31": "4.08330", "2017-12-31": "4.50810", "2016-12-31": "2.98720", "2015-12-31": "2.08020", "2014-12-31": "2.67740", "2013-12-31": "1.22470", "2012-12-31": "1.32030", "2011-12-31": "1.07020", "2010-12-31": "2.42380", "2009-12-31": "1.75980", "2008-12-31": "1.43360", "2007-12-31": "1.92860", "2006-12-31": "1.32660", "2005-12-31": "1.10740"}, "Book Value Per Share": {"2019-12-31": "20.95690", "2018-12-31": "21.86520", "2017-12-31": "21.66460", "2016-12-31": "21.19010", "2015-12-31": "16.85140", "2014-12-31": "16.69510", "2013-12-31": "16.66680", "2012-12-31": "14.50480", "2011-12-31": "13.58410", "2010-12-31": "15.17960", "2009-12-31": "15.89600", "2008-12-31": "16.58350", "2007-12-31": "17.87800", "2006-12-31": "19.70670", "2005-12-31": "21.87010"}, "Operating Cash Flow Per Share": {"2019-12-31": 0.0617, "2018-12-31": 0.0362, "2017-12-31": 0.3227, "2016-12-31": 0.0502, "2015-12-31": 0.1202, "2014-12-31": -0.0411, "2013-12-31": 0.4591, "2012-12-31": -0.1371, "2011-12-31": 0.0435, "2010-12-31": -0.1027, "2009-12-31": 0.1381, "2008-12-31": -0.131, "2007-12-31": 0.2451, "2006-12-31": -0.497, "2005-12-31": 2.8686}, "Free Cash Flow Per Share": {"2019-12-31": -2.7298, "2018-12-31": -0.9413, "2017-12-31": -3.7517, "2016-12-31": 9.3439, "2015-12-31": -3.3504, "2014-12-31": 0.3501, "2013-12-31": -0.4557, "2012-12-31": -1.0361, "2011-12-31": -0.8773, "2010-12-31": -0.3424, "2009-12-31": 1.7321, "2008-12-31": -0.4423, "2007-12-31": -2.6894, "2006-12-31": -3.6557, "2005-12-31": 6.6497}}, "financial ratios, quarterly": {"Current Ratio": {"2020-09-30": "", "2020-06-30": "", "2020-03-31": "", "2019-12-31": "", "2019-09-30": "", "2019-06-30": "", "2019-03-31": "", "2018-12-31": "", "2018-09-30": "", "2018-06-30": "", "2018-03-31": "", "2017-12-31": "", "2017-09-30": "", "2017-06-30": "", "2017-03-31": "", "2016-12-31": "", "2016-09-30": "", "2016-06-30": "", "2016-03-31": "", "2015-12-31": "", "2015-09-30": "", "2015-06-30": "", "2015-03-31": "", "2014-12-31": "", "2014-09-30": "", "2014-06-30": "", "2014-03-31": "", "2013-12-31": "", "2013-09-30": "", "2013-06-30": "", "2013-03-31": "", "2012-12-31": "", "2012-09-30": "", "2012-06-30": "", "2012-03-31": "", "2011-12-31": "", "2011-09-30": "", "2011-06-30": "", "2011-03-31": "", "2010-12-31": "", "2010-09-30": "", "2010-06-30": "", "2010-03-31": "", "2009-12-31": "", "2009-09-30": "", "2009-06-30": "", "2009-03-31": "", "2008-12-31": "", "2008-09-30": "", "2008-06-30": "", "2008-03-31": "", "2007-12-31": "", "2007-09-30": "", "2007-06-30": "", "2007-03-31": "", "2006-12-31": "", "2006-09-30": "", "2006-06-30": "", "2006-03-31": "", "2005-12-31": "", "2005-09-30": "", "2005-06-30": "", "2005-03-31": ""}, "Long-term Debt / Capital": {"2020-09-30": "0.51350", "2020-06-30": "0.50000", "2020-03-31": "0.50580", "2019-12-31": "0.53910", "2019-09-30": "0.51660", "2019-06-30": "0.49440", "2019-03-31": "0.49550", "2018-12-31": "0.47950", "2018-09-30": "0.48250", "2018-06-30": "0.47840", "2018-03-31": "0.48390", "2017-12-31": "0.47380", "2017-09-30": "0.46980", "2017-06-30": "0.47570", "2017-03-31": "0.48600", "2016-12-31": "0.47490", "2016-09-30": "0.46720", "2016-06-30": "0.49920", "2016-03-31": "0.50460", "2015-12-31": "0.60610", "2015-09-30": "0.60580", "2015-06-30": "0.57500", "2015-03-31": "0.57510", "2014-12-31": "0.57180", "2014-09-30": "0.57380", "2014-06-30": "0.58950", "2014-03-31": "0.58120", "2013-12-31": "0.56950", "2013-09-30": "0.57980", "2013-06-30": "0.60790", "2013-03-31": "0.62000", "2012-12-31": "0.61850", "2012-09-30": "0.61550", "2012-06-30": "0.64310", "2012-03-31": "0.66190", "2011-12-31": "0.65800", "2011-09-30": "0.65570", "2011-06-30": "0.61990", "2011-03-31": "0.59820", "2010-12-31": "0.58850", "2010-09-30": "0.58110", "2010-06-30": "0.56620", "2010-03-31": "0.57160", "2009-12-31": "0.57080", "2009-09-30": "0.56350", "2009-06-30": "0.54570", "2009-03-31": "0.60750", "2008-12-31": "0.60850", "2008-09-30": "0.58780", "2008-06-30": "0.63700", "2008-03-31": "0.63260", "2007-12-31": "0.62130", "2007-09-30": "0.61320", "2007-06-30": "0.59910", "2007-03-31": "0.57680", "2006-12-31": "0.57530", "2006-09-30": "0.57550", "2006-06-30": "0.57830", "2006-03-31": "0.57030", "2005-12-31": "0.56030", "2005-09-30": "0.55110", "2005-06-30": "0.54770", "2005-03-31": "0.54730"}, "Debt/Equity Ratio": {"2020-09-30": "1.05530", "2020-06-30": "1.00010", "2020-03-31": "1.02350", "2019-12-31": "1.16980", "2019-09-30": "1.06870", "2019-06-30": "0.97800", "2019-03-31": "0.98200", "2018-12-31": "0.92120", "2018-09-30": "0.93250", "2018-06-30": "0.91730", "2018-03-31": "0.93750", "2017-12-31": "0.90040", "2017-09-30": "0.88610", "2017-06-30": "0.90740", "2017-03-31": "0.94570", "2016-12-31": "0.90430", "2016-09-30": "0.87680", "2016-06-30": "0.99690", "2016-03-31": "1.01870", "2015-12-31": "1.53880", "2015-09-30": "1.53670", "2015-06-30": "1.35320", "2015-03-31": "1.35360", "2014-12-31": "1.33540", "2014-09-30": "1.34610", "2014-06-30": "1.43630", "2014-03-31": "1.38770", "2013-12-31": "1.32310", "2013-09-30": "1.37990", "2013-06-30": "1.55060", "2013-03-31": "1.63160", "2012-12-31": "1.62120", "2012-09-30": "1.60090", "2012-06-30": "1.80160", "2012-03-31": "1.95740", "2011-12-31": "1.92430", "2011-09-30": "1.90490", "2011-06-30": "1.63100", "2011-03-31": "1.48860", "2010-12-31": "1.42990", "2010-09-30": "1.38700", "2010-06-30": "1.30540", "2010-03-31": "1.33420", "2009-12-31": "1.32980", "2009-09-30": "1.29080", "2009-06-30": "1.20110", "2009-03-31": "1.54780", "2008-12-31": "1.55450", "2008-09-30": "1.42570", "2008-06-30": "1.75490", "2008-03-31": "1.72210", "2007-12-31": "1.64090", "2007-09-30": "1.58550", "2007-06-30": "1.49430", "2007-03-31": "1.36300", "2006-12-31": "1.35470", "2006-09-30": "1.35550", "2006-06-30": "1.37160", "2006-03-31": "1.32720", "2005-12-31": "1.27430", "2005-09-30": "1.22780", "2005-06-30": "1.21070", "2005-03-31": "1.20910"}, "Gross Margin": {"2020-09-30": "", "2020-06-30": "", "2020-03-31": "", "2019-12-31": "", "2019-09-30": "", "2019-06-30": "", "2019-03-31": "", "2018-12-31": "", "2018-09-30": "", "2018-06-30": "", "2018-03-31": "", "2017-12-31": "", "2017-09-30": "", "2017-06-30": "", "2017-03-31": "", "2016-12-31": "", "2016-09-30": "", "2016-06-30": "", "2016-03-31": "", "2015-12-31": "", "2015-09-30": "", "2015-06-30": "", "2015-03-31": "", "2014-12-31": "", "2014-09-30": "", "2014-06-30": "", "2014-03-31": "", "2013-12-31": "", "2013-09-30": "", "2013-06-30": "", "2013-03-31": "", "2012-12-31": "", "2012-09-30": "", "2012-06-30": "", "2012-03-31": "", "2011-12-31": "", "2011-09-30": "", "2011-06-30": "", "2011-03-31": "", "2010-12-31": "", "2010-09-30": "", "2010-06-30": "", "2010-03-31": "", "2009-12-31": "", "2009-09-30": "", "2009-06-30": "", "2009-03-31": "", "2008-12-31": "", "2008-09-30": "", "2008-06-30": "", "2008-03-31": "", "2007-12-31": "", "2007-09-30": "", "2007-06-30": "", "2007-03-31": "", "2006-12-31": "", "2006-09-30": "", "2006-06-30": "", "2006-03-31": "", "2005-12-31": "", "2005-09-30": "", "2005-06-30": "", "2005-03-31": ""}, "Operating Margin": {"2020-09-30": "30.21000", "2020-06-30": "30.96370", "2020-03-31": "30.35170", "2019-12-31": "27.80480", "2019-09-30": "24.24590", "2019-06-30": "29.31550", "2019-03-31": "17.53680", "2018-12-31": "28.46330", "2018-09-30": "28.45440", "2018-06-30": "29.58470", "2018-03-31": "28.63030", "2017-12-31": "27.12260", "2017-09-30": "28.46300", "2017-06-30": "30.21330", "2017-03-31": "26.19530", "2016-12-31": "25.67560", "2016-09-30": "26.98220", "2016-06-30": "27.38880", "2016-03-31": "25.86940", "2015-12-31": "24.10290", "2015-09-30": "24.13210", "2015-06-30": "26.64550", "2015-03-31": "23.83160", "2014-12-31": "22.73400", "2014-09-30": "25.83590", "2014-06-30": "24.67420", "2014-03-31": "22.35320", "2013-12-31": "18.20430", "2013-09-30": "23.76490", "2013-06-30": "27.35680", "2013-03-31": "25.39790", "2012-12-31": "24.55040", "2012-09-30": "24.91370", "2012-06-30": "26.00290", "2012-03-31": "27.11100", "2011-12-31": "25.38950", "2011-09-30": "20.07590", "2011-06-30": "29.70580", "2011-03-31": "28.04350", "2010-12-31": "26.19580", "2010-09-30": "25.20950", "2010-06-30": "31.10100", "2010-03-31": "27.90260", "2009-12-31": "26.03130", "2009-09-30": "25.40780", "2009-06-30": "27.71150", "2009-03-31": "27.67360", "2008-12-31": "26.06700", "2008-09-30": "27.93760", "2008-06-30": "27.30880", "2008-03-31": "30.32320", "2007-12-31": "26.50460", "2007-09-30": "25.43040", "2007-06-30": "25.61680", "2007-03-31": "26.66720", "2006-12-31": "23.07940", "2006-09-30": "26.87360", "2006-06-30": "27.48430", "2006-03-31": "28.32040", "2005-12-31": "24.86330", "2005-09-30": "27.85280", "2005-06-30": "30.83720", "2005-03-31": "28.53980"}, "EBIT Margin": {"2020-09-30": "30.21000", "2020-06-30": "30.96370", "2020-03-31": "30.35170", "2019-12-31": "27.80480", "2019-09-30": "24.24590", "2019-06-30": "29.31550", "2019-03-31": "17.53680", "2018-12-31": "28.46330", "2018-09-30": "28.45440", "2018-06-30": "29.58470", "2018-03-31": "28.63030", "2017-12-31": "27.12260", "2017-09-30": "28.46300", "2017-06-30": "30.21330", "2017-03-31": "26.19530", "2016-12-31": "25.67550", "2016-09-30": "26.98220", "2016-06-30": "27.38880", "2016-03-31": "25.86940", "2015-12-31": "24.10290", "2015-09-30": "24.13210", "2015-06-30": "26.64550", "2015-03-31": "23.83160", "2014-12-31": "22.73410", "2014-09-30": "25.83590", "2014-06-30": "24.67420", "2014-03-31": "22.35320", "2013-12-31": "18.20430", "2013-09-30": "23.76490", "2013-06-30": "27.35680", "2013-03-31": "25.39790", "2012-12-31": "24.55050", "2012-09-30": "24.91370", "2012-06-30": "26.00290", "2012-03-31": "27.11100", "2011-12-31": "25.38950", "2011-09-30": "20.07590", "2011-06-30": "29.70580", "2011-03-31": "28.04350", "2010-12-31": "26.19580", "2010-09-30": "25.20950", "2010-06-30": "31.10100", "2010-03-31": "27.90260", "2009-12-31": "26.03130", "2009-09-30": "25.40780", "2009-06-30": "27.71150", "2009-03-31": "27.67360", "2008-12-31": "26.06700", "2008-09-30": "27.93760", "2008-06-30": "27.30880", "2008-03-31": "30.32320", "2007-12-31": "26.50460", "2007-09-30": "25.43040", "2007-06-30": "25.61680", "2007-03-31": "26.66720", "2006-12-31": "23.07940", "2006-09-30": "26.87360", "2006-06-30": "27.48430", "2006-03-31": "28.32040", "2005-12-31": "24.86330", "2005-09-30": "27.85280", "2005-06-30": "30.83720", "2005-03-31": "28.53980"}, "EBITDA Margin": {"2020-09-30": "", "2020-06-30": "", "2020-03-31": "", "2019-12-31": "", "2019-09-30": "", "2019-06-30": "", "2019-03-31": "", "2018-12-31": "", "2018-09-30": "", "2018-06-30": "", "2018-03-31": "", "2017-12-31": "", "2017-09-30": "", "2017-06-30": "", "2017-03-31": "", "2016-12-31": "", "2016-09-30": "", "2016-06-30": "", "2016-03-31": "", "2015-12-31": "", "2015-09-30": "", "2015-06-30": "", "2015-03-31": "", "2014-12-31": "", "2014-09-30": "", "2014-06-30": "", "2014-03-31": "", "2013-12-31": "", "2013-09-30": "", "2013-06-30": "", "2013-03-31": "", "2012-12-31": "", "2012-09-30": "", "2012-06-30": "", "2012-03-31": "", "2011-12-31": "", "2011-09-30": "", "2011-06-30": "", "2011-03-31": "", "2010-12-31": "", "2010-09-30": "", "2010-06-30": "", "2010-03-31": "", "2009-12-31": "", "2009-09-30": "", "2009-06-30": "", "2009-03-31": "", "2008-12-31": "", "2008-09-30": "", "2008-06-30": "", "2008-03-31": "", "2007-12-31": "", "2007-09-30": "", "2007-06-30": "", "2007-03-31": "", "2006-12-31": "", "2006-09-30": "", "2006-06-30": "", "2006-03-31": "", "2005-12-31": "", "2005-09-30": "", "2005-06-30": "", "2005-03-31": ""}, "Pre-Tax Profit Margin": {"2020-09-30": "22.92720", "2020-06-30": "21.26970", "2020-03-31": "99.24270", "2019-12-31": "32.94930", "2019-09-30": "15.26440", "2019-06-30": "22.48820", "2019-03-31": "4.86530", "2018-12-31": "30.52960", "2018-09-30": "19.51270", "2018-06-30": "29.64230", "2018-03-31": "18.97940", "2017-12-31": "34.13490", "2017-09-30": "33.04880", "2017-06-30": "22.31120", "2017-03-31": "19.20220", "2016-12-31": "16.12680", "2016-09-30": "20.35260", "2016-06-30": "20.09350", "2016-03-31": "17.07030", "2015-12-31": "11.88320", "2015-09-30": "18.14200", "2015-06-30": "14.95930", "2015-03-31": "11.65000", "2014-12-31": "4.88300", "2014-09-30": "35.57580", "2014-06-30": "16.05010", "2014-03-31": "8.88630", "2013-12-31": "0.16360", "2013-09-30": "6.32270", "2013-06-30": "10.98950", "2013-03-31": "8.66720", "2012-12-31": "3.53520", "2012-09-30": "8.47200", "2012-06-30": "7.46090", "2012-03-31": "9.19020", "2011-12-31": "-1.26270", "2011-09-30": "2.42530", "2011-06-30": "10.76490", "2011-03-31": "10.40920", "2010-12-31": "2.15360", "2010-09-30": "6.47720", "2010-06-30": "34.99410", "2010-03-31": "9.47290", "2009-12-31": "6.55980", "2009-09-30": "10.87210", "2009-06-30": "13.33880", "2009-03-31": "10.62440", "2008-12-31": "10.13300", "2008-09-30": "8.66570", "2008-06-30": "6.84320", "2008-03-31": "9.12390", "2007-12-31": "19.13930", "2007-09-30": "3.71910", "2007-06-30": "6.36260", "2007-03-31": "21.02200", "2006-12-31": "10.58270", "2006-09-30": "6.50030", "2006-06-30": "3.63200", "2006-03-31": "9.31650", "2005-12-31": "15.76110", "2005-09-30": "8.80150", "2005-06-30": "6.29510", "2005-03-31": "0.98960"}, "Net Profit Margin": {"2020-09-30": "22.26210", "2020-06-30": "20.21700", "2020-03-31": "96.19970", "2019-12-31": "31.16140", "2019-09-30": "14.88250", "2019-06-30": "21.41690", "2019-03-31": "4.20910", "2018-12-31": "29.24560", "2018-09-30": "18.48210", "2018-06-30": "28.34910", "2018-03-31": "17.98350", "2017-12-31": "32.16750", "2017-09-30": "31.65640", "2017-06-30": "21.20280", "2017-03-31": "18.69690", "2016-12-31": "15.13900", "2016-09-30": "19.22850", "2016-06-30": "18.96680", "2016-03-31": "262.52130", "2015-12-31": "12.71000", "2015-09-30": "19.73190", "2015-06-30": "16.93450", "2015-03-31": "13.29970", "2014-12-31": "21.47220", "2014-09-30": "33.87820", "2014-06-30": "14.86690", "2014-03-31": "8.16960", "2013-12-31": "30.58980", "2013-09-30": "36.83640", "2013-06-30": "20.75280", "2013-03-31": "9.47180", "2012-12-31": "12.79390", "2012-09-30": "27.02770", "2012-06-30": "10.22820", "2012-03-31": "13.36650", "2011-12-31": "13.33540", "2011-09-30": "5.97110", "2011-06-30": "8.81980", "2011-03-31": "8.86390", "2010-12-31": "9.34510", "2010-09-30": "5.95350", "2010-06-30": "31.84110", "2010-03-31": "8.40560", "2009-12-31": "-2.31600", "2009-09-30": "9.08460", "2009-06-30": "29.68980", "2009-03-31": "9.54870", "2008-12-31": "-14.13740", "2008-09-30": "10.77740", "2008-06-30": "10.76420", "2008-03-31": "11.28910", "2007-12-31": "12.67390", "2007-09-30": "9.21920", "2007-06-30": "3.80420", "2007-03-31": "45.65630", "2006-12-31": "21.60060", "2006-09-30": "4.63850", "2006-06-30": "2.10040", "2006-03-31": "7.53770", "2005-12-31": "2.23260", "2005-09-30": "11.89390", "2005-06-30": "3.67550", "2005-03-31": "13.15600"}, "Asset Turnover": {"2020-09-30": "0.03480", "2020-06-30": "0.03620", "2020-03-31": "0.03760", "2019-12-31": "0.03740", "2019-09-30": "0.03830", "2019-06-30": "0.03880", "2019-03-31": "0.03650", "2018-12-31": "0.03880", "2018-09-30": "0.03830", "2018-06-30": "0.03840", "2018-03-31": "0.03840", "2017-12-31": "0.03800", "2017-09-30": "0.03950", "2017-06-30": "0.03890", "2017-03-31": "0.03720", "2016-12-31": "0.03680", "2016-09-30": "0.03710", "2016-06-30": "0.03660", "2016-03-31": "0.03650", "2015-12-31": "0.03570", "2015-09-30": "0.03380", "2015-06-30": "0.03680", "2015-03-31": "0.03620", "2014-12-31": "0.02550", "2014-09-30": "0.03920", "2014-06-30": "0.03940", "2014-03-31": "0.03890", "2013-12-31": "0.02550", "2013-09-30": "0.03720", "2013-06-30": "0.03750", "2013-03-31": "0.03810", "2012-12-31": "0.03280", "2012-09-30": "0.03840", "2012-06-30": "0.04030", "2012-03-31": "0.03940", "2011-12-31": "0.02690", "2011-09-30": "0.03700", "2011-06-30": "0.03970", "2011-03-31": "0.03970", "2010-12-31": "0.03360", "2010-09-30": "0.04010", "2010-06-30": "0.03980", "2010-03-31": "0.04030", "2009-12-31": "0.03800", "2009-09-30": "0.03860", "2009-06-30": "0.03850", "2009-03-31": "0.03860", "2008-12-31": "0.03610", "2008-09-30": "0.03780", "2008-06-30": "0.03770", "2008-03-31": "0.03830", "2007-12-31": "0.03400", "2007-09-30": "0.03700", "2007-06-30": "0.03640", "2007-03-31": "0.03720", "2006-12-31": "0.03300", "2006-09-30": "0.03660", "2006-06-30": "0.03640", "2006-03-31": "0.03590", "2005-12-31": "0.02900", "2005-09-30": "0.03440", "2005-06-30": "0.03180", "2005-03-31": "0.03160"}, "Inventory Turnover Ratio": {"2020-09-30": "", "2020-06-30": "", "2020-03-31": "", "2019-12-31": "", "2019-09-30": "", "2019-06-30": "", "2019-03-31": "", "2018-12-31": "", "2018-09-30": "", "2018-06-30": "", "2018-03-31": "", "2017-12-31": "", "2017-09-30": "", "2017-06-30": "", "2017-03-31": "", "2016-12-31": "", "2016-09-30": "", "2016-06-30": "", "2016-03-31": "", "2015-12-31": "", "2015-09-30": "", "2015-06-30": "", "2015-03-31": "", "2014-12-31": "", "2014-09-30": "", "2014-06-30": "", "2014-03-31": "", "2013-12-31": "", "2013-09-30": "", "2013-06-30": "", "2013-03-31": "", "2012-12-31": "", "2012-09-30": "", "2012-06-30": "", "2012-03-31": "", "2011-12-31": "", "2011-09-30": "", "2011-06-30": "", "2011-03-31": "", "2010-12-31": "", "2010-09-30": "", "2010-06-30": "", "2010-03-31": "", "2009-12-31": "", "2009-09-30": "", "2009-06-30": "", "2009-03-31": "", "2008-12-31": "", "2008-09-30": "", "2008-06-30": "", "2008-03-31": "", "2007-12-31": "", "2007-09-30": "", "2007-06-30": "", "2007-03-31": "", "2006-12-31": "", "2006-09-30": "", "2006-06-30": "", "2006-03-31": "", "2005-12-31": "", "2005-09-30": "", "2005-06-30": "", "2005-03-31": ""}, "Receiveable Turnover": {"2020-09-30": "", "2020-06-30": "", "2020-03-31": "", "2019-12-31": "", "2019-09-30": "", "2019-06-30": "", "2019-03-31": "", "2018-12-31": "", "2018-09-30": "", "2018-06-30": "", "2018-03-31": "", "2017-12-31": "", "2017-09-30": "", "2017-06-30": "", "2017-03-31": "", "2016-12-31": "", "2016-09-30": "", "2016-06-30": "", "2016-03-31": "", "2015-12-31": "", "2015-09-30": "", "2015-06-30": "", "2015-03-31": "", "2014-12-31": "", "2014-09-30": "", "2014-06-30": "", "2014-03-31": "", "2013-12-31": "", "2013-09-30": "", "2013-06-30": "", "2013-03-31": "", "2012-12-31": "", "2012-09-30": "", "2012-06-30": "", "2012-03-31": "", "2011-12-31": "", "2011-09-30": "", "2011-06-30": "", "2011-03-31": "", "2010-12-31": "", "2010-09-30": "", "2010-06-30": "", "2010-03-31": "", "2009-12-31": "", "2009-09-30": "", "2009-06-30": "", "2009-03-31": "", "2008-12-31": "", "2008-09-30": "", "2008-06-30": "", "2008-03-31": "", "2007-12-31": "", "2007-09-30": "", "2007-06-30": "", "2007-03-31": "", "2006-12-31": "", "2006-09-30": "", "2006-06-30": "", "2006-03-31": "", "2005-12-31": "", "2005-09-30": "", "2005-06-30": "", "2005-03-31": ""}, "Days Sales In Receivables": {"2020-09-30": "", "2020-06-30": "", "2020-03-31": "", "2019-12-31": "", "2019-09-30": "", "2019-06-30": "", "2019-03-31": "", "2018-12-31": "", "2018-09-30": "", "2018-06-30": "", "2018-03-31": "", "2017-12-31": "", "2017-09-30": "", "2017-06-30": "", "2017-03-31": "", "2016-12-31": "", "2016-09-30": "", "2016-06-30": "", "2016-03-31": "", "2015-12-31": "", "2015-09-30": "", "2015-06-30": "", "2015-03-31": "", "2014-12-31": "", "2014-09-30": "", "2014-06-30": "", "2014-03-31": "", "2013-12-31": "", "2013-09-30": "", "2013-06-30": "", "2013-03-31": "", "2012-12-31": "", "2012-09-30": "", "2012-06-30": "", "2012-03-31": "", "2011-12-31": "", "2011-09-30": "", "2011-06-30": "", "2011-03-31": "", "2010-12-31": "", "2010-09-30": "", "2010-06-30": "", "2010-03-31": "", "2009-12-31": "", "2009-09-30": "", "2009-06-30": "", "2009-03-31": "", "2008-12-31": "", "2008-09-30": "", "2008-06-30": "", "2008-03-31": "", "2007-12-31": "", "2007-09-30": "", "2007-06-30": "", "2007-03-31": "", "2006-12-31": "", "2006-09-30": "", "2006-06-30": "", "2006-03-31": "", "2005-12-31": "", "2005-09-30": "", "2005-06-30": "", "2005-03-31": ""}, "ROE - Return On Equity": {"2020-09-30": "1.83150", "2020-06-30": "1.68740", "2020-03-31": "8.22610", "2019-12-31": "2.90580", "2019-09-30": "1.37860", "2019-06-30": "1.89740", "2019-03-31": "0.38620", "2018-12-31": "2.47730", "2018-09-30": "1.58430", "2018-06-30": "2.39670", "2018-03-31": "1.53940", "2017-12-31": "2.67510", "2017-09-30": "2.71890", "2017-06-30": "1.81370", "2017-03-31": "1.57140", "2016-12-31": "1.27200", "2016-09-30": "1.58190", "2016-06-30": "1.62770", "2016-03-31": "1.38400", "2015-12-31": "1.19660", "2015-09-30": "1.72160", "2015-06-30": "1.43620", "2015-03-31": "1.10460", "2014-12-31": "0.32750", "2014-09-30": "3.65790", "2014-06-30": "1.72430", "2014-03-31": "0.91590", "2013-12-31": "-0.05130", "2013-09-30": "1.12440", "2013-06-30": "1.25400", "2013-03-31": "0.98170", "2012-12-31": "0.66720", "2012-09-30": "0.95120", "2012-06-30": "1.09630", "2012-03-31": "1.17930", "2011-12-31": "0.13890", "2011-09-30": "0.40280", "2011-06-30": "1.39560", "2011-03-31": "1.21010", "2010-12-31": "0.40590", "2010-09-30": "0.82910", "2010-06-30": "3.73650", "2010-03-31": "1.12150", "2009-12-31": "0.68440", "2009-09-30": "1.13260", "2009-06-30": "1.31320", "2009-03-31": "1.21890", "2008-12-31": "0.62140", "2008-09-30": "1.03870", "2008-06-30": "1.06030", "2008-03-31": "1.41150", "2007-12-31": "0.58850", "2007-09-30": "0.55160", "2007-06-30": "0.91550", "2007-03-31": "3.64900", "2006-12-31": "1.17700", "2006-09-30": "0.83980", "2006-06-30": "0.59070", "2006-03-31": "1.19050", "2005-12-31": "0.67120", "2005-09-30": "1.14470", "2005-06-30": "0.88670", "2005-03-31": "0.40870"}, "Return On Tangible Equity": {"2020-09-30": "1.80900", "2020-06-30": "1.66660", "2020-03-31": "8.12530", "2019-12-31": "2.86730", "2019-09-30": "1.36020", "2019-06-30": "1.87260", "2019-03-31": "0.38110", "2018-12-31": "2.44570", "2018-09-30": "1.56390", "2018-06-30": "2.36580", "2018-03-31": "1.51970", "2017-12-31": "2.64050", "2017-09-30": "2.68350", "2017-06-30": "1.79000", "2017-03-31": "1.55040", "2016-12-31": "1.25500", "2016-09-30": "1.56080", "2016-06-30": "1.60520", "2016-03-31": "1.36460", "2015-12-31": "1.17510", "2015-09-30": "1.69070", "2015-06-30": "1.40970", "2015-03-31": "1.08400", "2014-12-31": "0.32130", "2014-09-30": "3.58760", "2014-06-30": "1.68970", "2014-03-31": "0.89780", "2013-12-31": "-0.05030", "2013-09-30": "1.10270", "2013-06-30": "1.22510", "2013-03-31": "0.95750", "2012-12-31": "0.65050", "2012-09-30": "0.92670", "2012-06-30": "1.06530", "2012-03-31": "1.14460", "2011-12-31": "0.13480", "2011-09-30": "0.39120", "2011-06-30": "1.35550", "2011-03-31": "1.11740", "2010-12-31": "0.37550", "2010-09-30": "0.76800", "2010-06-30": "3.47070", "2010-03-31": "1.04010", "2009-12-31": "0.63510", "2009-09-30": "1.05350", "2009-06-30": "1.22530", "2009-03-31": "1.12580", "2008-12-31": "0.57330", "2008-09-30": "0.96430", "2008-06-30": "0.91770", "2008-03-31": "1.22210", "2007-12-31": "0.51060", "2007-09-30": "0.47920", "2007-06-30": "0.78030", "2007-03-31": "3.00430", "2006-12-31": "0.96720", "2006-09-30": "0.68970", "2006-06-30": "0.48430", "2006-03-31": "0.98030", "2005-12-31": "0.53060", "2005-09-30": "0.90910", "2005-06-30": "0.63700", "2005-03-31": "0.29540"}, "ROA - Return On Assets": {"2020-09-30": "0.81330", "2020-06-30": "0.77040", "2020-03-31": "3.72930", "2019-12-31": "1.21340", "2019-09-30": "0.60440", "2019-06-30": "0.87280", "2019-03-31": "0.17740", "2018-12-31": "1.18450", "2018-09-30": "0.74670", "2018-06-30": "1.13900", "2018-03-31": "0.72930", "2017-12-31": "1.27760", "2017-09-30": "1.30580", "2017-06-30": "0.86730", "2017-03-31": "0.73610", "2016-12-31": "0.59280", "2016-09-30": "0.75610", "2016-06-30": "0.73460", "2016-03-31": "0.62340", "2015-12-31": "0.42420", "2015-09-30": "0.61290", "2015-06-30": "0.55010", "2015-03-31": "0.42200", "2014-12-31": "0.12460", "2014-09-30": "1.39400", "2014-06-30": "0.63230", "2014-03-31": "0.34530", "2013-12-31": "-0.01980", "2013-09-30": "0.42620", "2013-06-30": "0.43750", "2013-03-31": "0.33040", "2012-12-31": "0.22620", "2012-09-30": "0.32570", "2012-06-30": "0.34860", "2012-03-31": "0.35690", "2011-12-31": "0.04180", "2011-09-30": "0.12480", "2011-06-30": "0.47400", "2011-03-31": "0.41370", "2010-12-31": "0.14230", "2010-09-30": "0.29540", "2010-06-30": "1.39440", "2010-03-31": "0.40950", "2009-12-31": "0.24930", "2009-09-30": "0.42000", "2009-06-30": "0.51360", "2009-03-31": "0.41050", "2008-12-31": "0.20510", "2008-09-30": "0.36810", "2008-06-30": "0.30920", "2008-03-31": "0.41710", "2007-12-31": "0.17830", "2007-09-30": "0.17010", "2007-06-30": "0.28810", "2007-03-31": "1.17760", "2006-12-31": "0.37660", "2006-09-30": "0.26940", "2006-06-30": "0.18790", "2006-03-31": "0.38910", "2005-12-31": "0.21550", "2005-09-30": "0.37610", "2005-06-30": "0.26780", "2005-03-31": "0.12440"}, "ROI - Return On Investment": {"2020-09-30": "0.88010", "2020-06-30": "0.83330", "2020-03-31": "4.01550", "2019-12-31": "1.32140", "2019-09-30": "0.65750", "2019-06-30": "0.94670", "2019-03-31": "0.19230", "2018-12-31": "1.27300", "2018-09-30": "0.80930", "2018-06-30": "1.23390", "2018-03-31": "0.78440", "2017-12-31": "1.38950", "2017-09-30": "1.42280", "2017-06-30": "0.93850", "2017-03-31": "0.79680", "2016-12-31": "0.65900", "2016-09-30": "0.83160", "2016-06-30": "0.80380", "2016-03-31": "0.67600", "2015-12-31": "0.46280", "2015-09-30": "0.66650", "2015-06-30": "0.59910", "2015-03-31": "0.46060", "2014-12-31": "0.13760", "2014-09-30": "1.52920", "2014-06-30": "0.69350", "2014-03-31": "0.37600", "2013-12-31": "-0.02170", "2013-09-30": "0.46330", "2013-06-30": "0.48030", "2013-03-31": "0.36380", "2012-12-31": "0.24820", "2012-09-30": "0.35630", "2012-06-30": "0.38030", "2012-03-31": "0.38700", "2011-12-31": "0.04610", "2011-09-30": "0.13470", "2011-06-30": "0.51520", "2011-03-31": "0.44900", "2010-12-31": "0.15450", "2010-09-30": "0.32170", "2010-06-30": "1.50550", "2010-03-31": "0.44560", "2009-12-31": "0.27260", "2009-09-30": "0.45990", "2009-06-30": "0.55660", "2009-03-31": "0.44190", "2008-12-31": "0.22440", "2008-09-30": "0.39750", "2008-06-30": "0.33310", "2008-03-31": "0.44900", "2007-12-31": "0.19330", "2007-09-30": "0.18530", "2007-06-30": "0.31280", "2007-03-31": "1.27140", "2006-12-31": "0.41080", "2006-09-30": "0.29280", "2006-06-30": "0.20420", "2006-03-31": "0.42120", "2005-12-31": "0.23330", "2005-09-30": "0.40810", "2005-06-30": "0.28820", "2005-03-31": "0.13370"}, "Book Value Per Share": {"2020-09-30": "22.52070", "2020-06-30": "22.49800", "2020-03-31": "22.66770", "2019-12-31": "20.95690", "2019-09-30": "20.94420", "2019-06-30": "21.31560", "2019-03-31": "21.21950", "2018-12-31": "21.86520", "2018-09-30": "21.63180", "2018-06-30": "21.65300", "2018-03-31": "21.78940", "2017-12-31": "21.66460", "2017-09-30": "21.49210", "2017-06-30": "21.40450", "2017-03-31": "21.17100", "2016-12-31": "21.19010", "2016-09-30": "21.63690", "2016-06-30": "21.19060", "2016-03-31": "21.17570", "2015-12-31": "16.85140", "2015-09-30": "16.97070", "2015-06-30": "16.74770", "2015-03-31": "16.59640", "2014-12-31": "16.69510", "2014-09-30": "16.58270", "2014-06-30": "16.05380", "2014-03-31": "16.31470", "2013-12-31": "16.66680", "2013-09-30": "16.75130", "2013-06-30": "15.05450", "2013-03-31": "14.36940", "2012-12-31": "14.50480", "2012-09-30": "14.36830", "2012-06-30": "13.60840", "2012-03-31": "13.43050", "2011-12-31": "13.58410", "2011-09-30": "13.93640", "2011-06-30": "13.95550", "2011-03-31": "14.76790", "2010-12-31": "15.17960", "2010-09-30": "15.44750", "2010-06-30": "16.01700", "2010-03-31": "15.70230", "2009-12-31": "15.89600", "2009-09-30": "16.43360", "2009-06-30": "17.19680", "2009-03-31": "16.75680", "2008-12-31": "16.58350", "2008-09-30": "17.92700", "2008-06-30": "17.47300", "2008-03-31": "17.61590", "2007-12-31": "17.87800", "2007-09-30": "18.05690", "2007-06-30": "18.66230", "2007-03-31": "19.70410", "2006-12-31": "19.70670", "2006-09-30": "19.85320", "2006-06-30": "20.24160", "2006-03-31": "20.65880", "2005-12-31": "21.87010", "2005-09-30": "22.25090", "2005-06-30": "24.80820", "2005-03-31": "25.17980"}, "Operating Cash Flow Per Share": {"2020-09-30": 0.8922, "2020-06-30": 1.0919, "2020-03-31": "0.59660", "2019-12-31": 0.7479, "2019-09-30": 1.0606, "2019-06-30": 1.0384, "2019-03-31": "0.58960", "2018-12-31": 0.6197, "2018-09-30": 1.024, "2018-06-30": 0.9914, "2018-03-31": "0.73970", "2017-12-31": 0.7929, "2017-09-30": 0.9125, "2017-06-30": 0.9747, "2017-03-31": "0.65850", "2016-12-31": 0.7363, "2016-09-30": 0.9101, "2016-06-30": 0.884, "2016-03-31": "0.48550", "2015-12-31": 0.8214, "2015-09-30": 0.8842, "2015-06-30": 0.9162, "2015-03-31": "0.34390", "2014-12-31": 0.8857, "2014-09-30": 0.7324, "2014-06-30": 0.89, "2014-03-31": "0.33740", "2013-12-31": 0.8318, "2013-09-30": 0.7051, "2013-06-30": 0.8534, "2013-03-31": "0.49630", "2012-12-31": 0.7129, "2012-09-30": 0.526, "2012-06-30": 0.9011, "2012-03-31": "0.28750", "2011-12-31": 0.7829, "2011-09-30": 0.6321, "2011-06-30": 0.7738, "2011-03-31": "0.37580", "2010-12-31": 0.6351, "2010-09-30": 0.5627, "2010-06-30": 0.7961, "2010-03-31": "0.52720", "2009-12-31": 0.5614, "2009-09-30": 0.5725, "2009-06-30": 0.8161, "2009-03-31": "0.67380", "2008-12-31": 0.459, "2008-09-30": 0.6802, "2008-06-30": 1.0076, "2008-03-31": "0.33890", "2007-12-31": 0.649, "2007-09-30": 0.719, "2007-06-30": 0.8328, "2007-03-31": "0.41590", "2006-12-31": 0.5952, "2006-09-30": 0.5668, "2006-06-30": 0.5514, "2006-03-31": "0.65820", "2005-12-31": 0.5947, "2005-09-30": 0.9229, "2005-06-30": 0.7897, "2005-03-31": "0.56130"}, "Free Cash Flow Per Share": {"2020-09-30": 0.4557, "2020-06-30": 0.1772, "2020-03-31": "2.75820", "2019-12-31": -3.0607, "2019-09-30": 0.5022, "2019-06-30": 0.5211, "2019-03-31": "-0.15890", "2018-12-31": 0.4819, "2018-09-30": 0.1984, "2018-06-30": 0.4836, "2018-03-31": "-0.63040", "2017-12-31": 0.4024, "2017-09-30": 1.0595, "2017-06-30": 0.2116, "2017-03-31": "-0.19870", "2016-12-31": -0.3147, "2016-09-30": -0.9625, "2016-06-30": 0.0981, "2016-03-31": "6.40560", "2015-12-31": -0.1527, "2015-09-30": -3.91, "2015-06-30": 0.0966, "2015-03-31": "-0.15130", "2014-12-31": -0.8766, "2014-09-30": 0.4321, "2014-06-30": 0.0391, "2014-03-31": "-0.36160", "2013-12-31": 1.1205, "2013-09-30": -0.7201, "2013-06-30": -0.7241, "2013-03-31": "-0.79340", "2012-12-31": -1.1314, "2012-09-30": -0.1424, "2012-06-30": 0.5884, "2012-03-31": "0.02400", "2011-12-31": 0.3473, "2011-09-30": -0.5659, "2011-06-30": 0.4396, "2011-03-31": "0.15370", "2010-12-31": 0.1535, "2010-09-30": 0.1918, "2010-06-30": 0.6025, "2010-03-31": "0.30420", "2009-12-31": 0.0615, "2009-09-30": 0.1469, "2009-06-30": 1.2547, "2009-03-31": "0.13130", "2008-12-31": -0.1326, "2008-09-30": 0.0221, "2008-06-30": 0.4392, "2008-03-31": "-0.46640", "2007-12-31": 0.0065, "2007-09-30": 0.073, "2007-06-30": -0.1707, "2007-03-31": "0.39580", "2006-12-31": 0.3494, "2006-09-30": 0.0912, "2006-06-30": -0.1497, "2006-03-31": "2.70310", "2005-12-31": 0.2745, "2005-09-30": 4.7016, "2005-06-30": 0.7338, "2005-03-31": "0.93980"}}, "revenue": {"Highwoods Properties Annual Revenue (Millions of US $)": {"2019": "$736", "2018": "$720", "2017": "$703", "2016": "$666", "2015": "$605", "2014": "$556", "2013": "$505", "2012": "$485", "2011": "$432", "2010": "$441", "2009": "$448", "2008": "$445", "2007": "$418", "2006": "$401", "2005": "$388"}, "Highwoods Properties Quarterly Revenue (Millions of US $)": {"2020-09-30": "$181", "2020-06-30": "$183", "2020-03-31": "$193", "2019-12-31": "$192", "2019-09-30": "$187", "2019-06-30": "$184", "2019-03-31": "$172", "2018-12-31": "$181", "2018-09-30": "$179", "2018-06-30": "$179", "2018-03-31": "$180", "2017-12-31": "$176", "2017-09-30": "$180", "2017-06-30": "$177", "2017-03-31": "$169", "2016-12-31": "$168", "2016-09-30": "$166", "2016-06-30": "$167", "2016-03-31": "$165", "2015-12-31": "$160", "2015-09-30": "$151", "2015-06-30": "$149", "2015-03-31": "$145", "2014-12-31": "$102", "2014-09-30": "$153", "2014-06-30": "$153", "2014-03-31": "$148", "2013-12-31": "$97", "2013-09-30": "$145", "2013-06-30": "$133", "2013-03-31": "$130", "2012-12-31": "$110", "2012-09-30": "$123", "2012-06-30": "$127", "2012-03-31": "$125", "2011-12-31": "$86", "2011-09-30": "$117", "2011-06-30": "$115", "2011-03-31": "$114", "2010-12-31": "$96", "2010-09-30": "$116", "2010-06-30": "$114", "2010-03-31": "$115", "2009-12-31": "$110", "2009-09-30": "$113", "2009-06-30": "$112", "2009-03-31": "$113", "2008-12-31": "$106", "2008-09-30": "$113", "2008-06-30": "$113", "2008-03-31": "$113", "2007-12-31": "$100", "2007-09-30": "$108", "2007-06-30": "$105", "2007-03-31": "$106", "2006-12-31": "$94", "2006-09-30": "$103", "2006-06-30": "$103", "2006-03-31": "$101", "2005-12-31": "$84", "2005-09-30": "$100", "2005-06-30": "$101", "2005-03-31": "$102"}}, "gross-profit": {"Highwoods Properties Annual Gross Profit (Millions of US $)": {"2019": "$487", "2018": "$478", "2017": "$466", "2016": "$435", "2015": "$389", "2014": "$350", "2013": "$321", "2012": "$308", "2011": "$275", "2010": "$285", "2009": "$286", "2008": "$285", "2007": "$269", "2006": "$255", "2005": "$249"}, "Highwoods Properties Quarterly Gross Profit (Millions of US $)": {"2020-09-30": "$124", "2020-06-30": "$128", "2020-03-31": "$131", "2019-12-31": "$129", "2019-09-30": "$123", "2019-06-30": "$124", "2019-03-31": "$112", "2018-12-31": "$119", "2018-09-30": "$118", "2018-06-30": "$119", "2018-03-31": "$121", "2017-12-31": "$116", "2017-09-30": "$119", "2017-06-30": "$118", "2017-03-31": "$112", "2016-12-31": "$110", "2016-09-30": "$108", "2016-06-30": "$109", "2016-03-31": "$107", "2015-12-31": "$103", "2015-09-30": "$96", "2015-06-30": "$96", "2015-03-31": "$93", "2014-12-31": "$65", "2014-09-30": "$95", "2014-06-30": "$97", "2014-03-31": "$92", "2013-12-31": "$61", "2013-09-30": "$91", "2013-06-30": "$85", "2013-03-31": "$84", "2012-12-31": "$69", "2012-09-30": "$78", "2012-06-30": "$81", "2012-03-31": "$81", "2011-12-31": "$53", "2011-09-30": "$73", "2011-06-30": "$75", "2011-03-31": "$73", "2010-12-31": "$64", "2010-09-30": "$72", "2010-06-30": "$76", "2010-03-31": "$73", "2009-12-31": "$70", "2009-09-30": "$71", "2009-06-30": "$73", "2009-03-31": "$73", "2008-12-31": "$66", "2008-09-30": "$72", "2008-06-30": "$72", "2008-03-31": "$75", "2007-12-31": "$64", "2007-09-30": "$69", "2007-06-30": "$68", "2007-03-31": "$68", "2006-12-31": "$59", "2006-09-30": "$65", "2006-06-30": "$66", "2006-03-31": "$65", "2005-12-31": "$52", "2005-09-30": "$63", "2005-06-30": "$67", "2005-03-31": "$67"}}, "operating-income": {"Highwoods Properties Annual Operating Income (Millions of US $)": {"2019": "$183", "2018": "$207", "2017": "$197", "2016": "$176", "2015": "$149", "2014": "$134", "2013": "$122", "2012": "$125", "2011": "$111", "2010": "$122", "2009": "$120", "2008": "$124", "2007": "$109", "2006": "$106", "2005": "$109"}, "Highwoods Properties Quarterly Operating Income (Millions of US $)": {"2020-09-30": "$55", "2020-06-30": "$57", "2020-03-31": "$59", "2019-12-31": "$53", "2019-09-30": "$45", "2019-06-30": "$54", "2019-03-31": "$30", "2018-12-31": "$52", "2018-09-30": "$51", "2018-06-30": "$53", "2018-03-31": "$52", "2017-12-31": "$48", "2017-09-30": "$51", "2017-06-30": "$54", "2017-03-31": "$44", "2016-12-31": "$43", "2016-09-30": "$45", "2016-06-30": "$46", "2016-03-31": "$43", "2015-12-31": "$39", "2015-09-30": "$36", "2015-06-30": "$40", "2015-03-31": "$35", "2014-12-31": "$23", "2014-09-30": "$39", "2014-06-30": "$38", "2014-03-31": "$33", "2013-12-31": "$18", "2013-09-30": "$34", "2013-06-30": "$36", "2013-03-31": "$33", "2012-12-31": "$27", "2012-09-30": "$31", "2012-06-30": "$33", "2012-03-31": "$34", "2011-12-31": "$22", "2011-09-30": "$24", "2011-06-30": "$34", "2011-03-31": "$32", "2010-12-31": "$25", "2010-09-30": "$29", "2010-06-30": "$35", "2010-03-31": "$32", "2009-12-31": "$29", "2009-09-30": "$29", "2009-06-30": "$31", "2009-03-31": "$31", "2008-12-31": "$28", "2008-09-30": "$32", "2008-06-30": "$31", "2008-03-31": "$34", "2007-12-31": "$26", "2007-09-30": "$27", "2007-06-30": "$27", "2007-03-31": "$28", "2006-12-31": "$22", "2006-09-30": "$28", "2006-06-30": "$28", "2006-03-31": "$29", "2005-12-31": "$21", "2005-09-30": "$28", "2005-06-30": "$31", "2005-03-31": "$29"}}, "ebitda": {"Highwoods Properties Annual EBITDA (Millions of US $)": {"2019": "$440", "2018": "$437", "2017": "$429", "2016": "$401", "2015": "$372", "2014": "$336", "2013": "$310", "2012": "$290", "2011": "$259", "2010": "$263", "2009": "$255", "2008": "$256", "2007": "$242", "2006": "$232", "2005": "$243"}, "Highwoods Properties Quarterly EBITDA (Millions of US $)": {"2020-09-30": "$116", "2020-06-30": "$117", "2020-03-31": "$120", "2019-12-31": "$119", "2019-09-30": "$106", "2019-06-30": "$113", "2019-03-31": "$102", "2018-12-31": "$110", "2018-09-30": "$109", "2018-06-30": "$110", "2018-03-31": "$110", "2017-12-31": "$107", "2017-09-30": "$109", "2017-06-30": "$110", "2017-03-31": "$102", "2016-12-31": "$103", "2016-09-30": "$99", "2016-06-30": "$101", "2016-03-31": "$98", "2015-12-31": "$100", "2015-09-30": "$93", "2015-06-30": "$93", "2015-03-31": "$87", "2014-12-31": "$74", "2014-09-30": "$90", "2014-06-30": "$90", "2014-03-31": "$82", "2013-12-31": "$68", "2013-09-30": "$84", "2013-06-30": "$80", "2013-03-31": "$77", "2012-12-31": "$69", "2012-09-30": "$71", "2012-06-30": "$76", "2012-03-31": "$73", "2011-12-31": "$62", "2011-09-30": "$61", "2011-06-30": "$69", "2011-03-31": "$67", "2010-12-31": "$62", "2010-09-30": "$65", "2010-06-30": "$70", "2010-03-31": "$66", "2009-12-31": "$62", "2009-09-30": "$62", "2009-06-30": "$63", "2009-03-31": "$67", "2008-12-31": "$56", "2008-09-30": "$66", "2008-06-30": "$65", "2008-03-31": "$69", "2007-12-31": "$60", "2007-09-30": "$62", "2007-06-30": "$60", "2007-03-31": "$60", "2006-12-31": "$54", "2006-09-30": "$59", "2006-06-30": "$60", "2006-03-31": "$59", "2005-12-31": "$52", "2005-09-30": "$60", "2005-06-30": "$65", "2005-03-31": "$66"}}, "net-income": {"Highwoods Properties Annual Net Income (Millions of US $)": {"2019": "$134", "2018": "$169", "2017": "$183", "2016": "$522", "2015": "$95", "2014": "$108", "2013": "$123", "2012": "$77", "2011": "$39", "2010": "$62", "2009": "$52", "2008": "$22", "2007": "$75", "2006": "$35", "2005": "$31"}, "Highwoods Properties Quarterly Net Income (Millions of US $)": {"2020-09-30": "$40", "2020-06-30": "$37", "2020-03-31": "$185", "2019-12-31": "$60", "2019-09-30": "$28", "2019-06-30": "$39", "2019-03-31": "$7", "2018-12-31": "$53", "2018-09-30": "$33", "2018-06-30": "$51", "2018-03-31": "$32", "2017-12-31": "$57", "2017-09-30": "$57", "2017-06-30": "$38", "2017-03-31": "$32", "2016-12-31": "$25", "2016-09-30": "$32", "2016-06-30": "$32", "2016-03-31": "$433", "2015-12-31": "$20", "2015-09-30": "$30", "2015-06-30": "$25", "2015-03-31": "$19", "2014-12-31": "$22", "2014-09-30": "$52", "2014-06-30": "$23", "2014-03-31": "$12", "2013-12-31": "$30", "2013-09-30": "$53", "2013-06-30": "$28", "2013-03-31": "$12", "2012-12-31": "$14", "2012-09-30": "$33", "2012-06-30": "$13", "2012-03-31": "$17", "2011-12-31": "$11", "2011-09-30": "$7", "2011-06-30": "$10", "2011-03-31": "$10", "2010-12-31": "$9", "2010-09-30": "$7", "2010-06-30": "$36", "2010-03-31": "$10", "2009-12-31": "$-3", "2009-09-30": "$10", "2009-06-30": "$33", "2009-03-31": "$11", "2008-12-31": "$-15", "2008-09-30": "$12", "2008-06-30": "$12", "2008-03-31": "$13", "2007-12-31": "$13", "2007-09-30": "$10", "2007-06-30": "$4", "2007-03-31": "$48", "2006-12-31": "$20", "2006-09-30": "$5", "2006-06-30": "$2", "2006-03-31": "$8", "2005-12-31": "$2", "2005-09-30": "$12", "2005-06-30": "$4", "2005-03-31": "$13"}}, "eps-earnings-per-share-diluted": {"Highwoods Properties Annual EPS": {"2019": "$1.30", "2018": "$1.64", "2017": "$1.78", "2016": "$5.30", "2015": "$1.00", "2014": "$1.19", "2013": "$1.44", "2012": "$1.02", "2011": "$0.54", "2010": "$0.86", "2009": "$0.76", "2008": "$0.37", "2007": "$1.31", "2006": "$0.62", "2005": "$0.58"}, "Highwoods Properties Quarterly EPS": {"2020-09-30": "$0.39", "2020-06-30": "$0.36", "2020-03-31": "$1.79", "2019-12-31": "$0.58", "2019-09-30": "$0.27", "2019-06-30": "$0.38", "2019-03-31": "$0.07", "2018-12-31": "$0.52", "2018-09-30": "$0.32", "2018-06-30": "$0.49", "2018-03-31": "$0.31", "2017-12-31": "$0.55", "2017-09-30": "$0.55", "2017-06-30": "$0.37", "2017-03-31": "$0.31", "2016-12-31": "$0.17", "2016-09-30": "$0.32", "2016-06-30": "$0.32", "2016-03-31": "$4.49", "2015-12-31": "$0.21", "2015-09-30": "$0.31", "2015-06-30": "$0.27", "2015-03-31": "$0.21", "2014-12-31": "$0.24", "2014-09-30": "$0.57", "2014-06-30": "$0.25", "2014-03-31": "$0.13", "2013-12-31": "$0.35", "2013-09-30": "$0.61", "2013-06-30": "$0.33", "2013-03-31": "$0.15", "2012-12-31": "$0.19", "2012-09-30": "$0.43", "2012-06-30": "$0.17", "2012-03-31": "$0.23", "2011-12-31": "$0.16", "2011-09-30": "$0.10", "2011-06-30": "$0.14", "2011-03-31": "$0.14", "2010-12-31": "$0.12", "2010-09-30": "$0.10", "2010-06-30": "$0.50", "2010-03-31": "$0.14", "2009-12-31": "$-0.05", "2009-09-30": "$0.14", "2009-06-30": "$0.50", "2009-03-31": "$0.17", "2008-12-31": "$-0.27", "2008-09-30": "$0.21", "2008-06-30": "$0.21", "2008-03-31": "$0.22", "2007-12-31": "$0.22", "2007-09-30": "$0.17", "2007-06-30": "$0.07", "2007-03-31": "$0.85", "2006-12-31": "$0.35", "2006-09-30": "$0.09", "2006-06-30": "$0.04", "2006-03-31": "$0.14", "2005-12-31": "$0.04", "2005-09-30": "$0.22", "2005-06-30": "$0.07", "2005-03-31": "$0.25"}}, "shares-outstanding": {"Highwoods Properties Annual Shares Outstanding (Millions of Shares)": {"2019": "106", "2018": "106", "2017": "106", "2016": "101", "2015": "97", "2014": "94", "2013": "89", "2012": "80", "2011": "76", "2010": "76", "2009": "72", "2008": "63", "2007": "62", "2006": "61", "2005": "54"}, "Highwoods Properties Quarterly Shares Outstanding (Millions of Shares)": {"2020-09-30": "107", "2020-06-30": "107", "2020-03-31": "107", "2019-12-31": "106", "2019-09-30": "106", "2019-06-30": "106", "2019-03-31": "106", "2018-12-31": "106", "2018-09-30": "106", "2018-06-30": "106", "2018-03-31": "106", "2017-12-31": "106", "2017-09-30": "106", "2017-06-30": "105", "2017-03-31": "105", "2016-12-31": "101", "2016-09-30": "102", "2016-06-30": "101", "2016-03-31": "99", "2015-12-31": "97", "2015-09-30": "98", "2015-06-30": "97", "2015-03-31": "96", "2014-12-31": "94", "2014-09-30": "94", "2014-06-30": "93", "2014-03-31": "93", "2013-12-31": "89", "2013-09-30": "91", "2013-06-30": "87", "2013-03-31": "85", "2012-12-31": "80", "2012-09-30": "80", "2012-06-30": "79", "2012-03-31": "77", "2011-12-31": "76", "2011-09-30": "76", "2011-06-30": "76", "2011-03-31": "76", "2010-12-31": "76", "2010-09-30": "76", "2010-06-30": "76", "2010-03-31": "75", "2009-12-31": "72", "2009-09-30": "75", "2009-06-30": "70", "2009-03-31": "68", "2008-12-31": "63", "2008-09-30": "63", "2008-06-30": "62", "2008-03-31": "61", "2007-12-31": "62", "2007-09-30": "61", "2007-06-30": "62", "2007-03-31": "62", "2006-12-31": "61", "2006-09-30": "61", "2006-06-30": "60", "2006-03-31": "61", "2005-12-31": "54", "2005-09-30": "54", "2005-06-30": "60", "2005-03-31": "54"}}, "total-assets": {"Highwoods Properties Annual Total Assets (Millions of US $)": {"2019": "$5,138", "2018": "$4,675", "2017": "$4,624", "2016": "$4,561", "2015": "$4,486", "2014": "$3,999", "2013": "$3,807", "2012": "$3,350", "2011": "$3,181", "2010": "$2,872", "2009": "$2,887", "2008": "$2,946", "2007": "$2,927", "2006": "$2,845", "2005": "$2,909"}, "Highwoods Properties Quarterly Total Assets (Millions of US $)": {"2020-09-30": "$5,205", "2020-06-30": "$5,057", "2020-03-31": "$5,131", "2019-12-31": "$5,138", "2019-09-30": "$4,891", "2019-06-30": "$4,743", "2019-03-31": "$4,726", "2018-12-31": "$4,675", "2018-09-30": "$4,688", "2018-06-30": "$4,653", "2018-03-31": "$4,695", "2017-12-31": "$4,624", "2017-09-30": "$4,560", "2017-06-30": "$4,560", "2017-03-31": "$4,549", "2016-12-31": "$4,561", "2016-09-30": "$4,476", "2016-06-30": "$4,564", "2016-03-31": "$4,514", "2015-12-31": "$4,486", "2015-09-30": "$4,463", "2015-06-30": "$4,040", "2015-03-31": "$4,010", "2014-12-31": "$3,999", "2014-09-30": "$3,895", "2014-06-30": "$3,877", "2014-03-31": "$3,820", "2013-12-31": "$3,807", "2013-09-30": "$3,897", "2013-06-30": "$3,540", "2013-03-31": "$3,421", "2012-12-31": "$3,350", "2012-09-30": "$3,210", "2012-06-30": "$3,145", "2012-03-31": "$3,170", "2011-12-31": "$3,181", "2011-09-30": "$3,172", "2011-06-30": "$2,889", "2011-03-31": "$2,877", "2010-12-31": "$2,872", "2010-09-30": "$2,878", "2010-06-30": "$2,855", "2010-03-31": "$2,855", "2009-12-31": "$2,887", "2009-09-30": "$2,930", "2009-06-30": "$2,907", "2009-03-31": "$2,931", "2008-12-31": "$2,946", "2008-09-30": "$2,984", "2008-06-30": "$2,989", "2008-03-31": "$2,958", "2007-12-31": "$2,927", "2007-09-30": "$2,907", "2007-06-30": "$2,888", "2007-03-31": "$2,851", "2006-12-31": "$2,845", "2006-09-30": "$2,828", "2006-06-30": "$2,825", "2006-03-31": "$2,818", "2005-12-31": "$2,909", "2005-09-30": "$2,906", "2005-06-30": "$3,188", "2005-03-31": "$3,231"}}, "cash-on-hand": {"Highwoods Properties Annual Cash on Hand (Millions of US $)": {"2019": "$15", "2018": "$10", "2017": "$88", "2016": "$79", "2015": "$22", "2014": "$23", "2013": "$24", "2012": "$33", "2011": "$38", "2010": "$19", "2009": "$31", "2008": "$16", "2007": "$19", "2006": "$19", "2005": "$17"}, "Highwoods Properties Quarterly Cash on Hand (Millions of US $)": {"2020-09-30": "$128", "2020-06-30": "$14", "2020-03-31": "$124", "2019-12-31": "$15", "2019-09-30": "$123", "2019-06-30": "$14", "2019-03-31": "$12", "2018-12-31": "$10", "2018-09-30": "$12", "2018-06-30": "$10", "2018-03-31": "$68", "2017-12-31": "$88", "2017-09-30": "$53", "2017-06-30": "$34", "2017-03-31": "$34", "2016-12-31": "$79", "2016-09-30": "$44", "2016-06-30": "$268", "2016-03-31": "$262", "2015-12-31": "$22", "2015-09-30": "$24", "2015-06-30": "$21", "2015-03-31": "$23", "2014-12-31": "$23", "2014-09-30": "$22", "2014-06-30": "$29", "2014-03-31": "$22", "2013-12-31": "$24", "2013-09-30": "$47", "2013-06-30": "$26", "2013-03-31": "$27", "2012-12-31": "$33", "2012-09-30": "$31", "2012-06-30": "$27", "2012-03-31": "$33", "2011-12-31": "$38", "2011-09-30": "$34", "2011-06-30": "$17", "2011-03-31": "$37", "2010-12-31": "$19", "2010-09-30": "$26", "2010-06-30": "$42", "2010-03-31": "$21", "2009-12-31": "$31", "2009-09-30": "$60", "2009-06-30": "$28", "2009-03-31": "$11", "2008-12-31": "$16", "2008-09-30": "$23", "2008-06-30": "$33", "2008-03-31": "$20", "2007-12-31": "$19", "2007-09-30": "$23", "2007-06-30": "$21", "2007-03-31": "$19", "2006-12-31": "$19", "2006-09-30": "$10", "2006-06-30": "$7", "2006-03-31": "$39", "2005-12-31": "$17", "2005-09-30": "$3", "2005-06-30": "$52", "2005-03-31": "$59"}}, "long-term-debt": {"Highwoods Properties Annual Long Term Debt (Millions of US $)": {"2019": "$2,544", "2018": "$2,086", "2017": "$2,014", "2016": "$1,948", "2015": "$2,492", "2014": "$2,071", "2013": "$1,983", "2012": "$1,889", "2011": "$1,899", "2010": "$1,556", "2009": "$1,507", "2008": "$1,639", "2007": "$1,677", "2006": "$1,501", "2005": "$1,506"}, "Highwoods Properties Quarterly Long Term Debt (Millions of US $)": {"2020-09-30": "$2,470", "2020-06-30": "$2,338", "2020-03-31": "$2,410", "2019-12-31": "$2,544", "2019-09-30": "$2,322", "2019-06-30": "$2,162", "2019-03-31": "$2,161", "2018-12-31": "$2,086", "2018-09-30": "$2,087", "2018-06-30": "$2,055", "2018-03-31": "$2,113", "2017-12-31": "$2,014", "2017-09-30": "$1,966", "2017-06-30": "$2,005", "2017-03-31": "$2,042", "2016-12-31": "$1,948", "2016-09-30": "$1,901", "2016-06-30": "$2,082", "2016-03-31": "$2,101", "2015-12-31": "$2,492", "2015-09-30": "$2,486", "2015-06-30": "$2,133", "2015-03-31": "$2,113", "2014-12-31": "$2,071", "2014-09-30": "$2,037", "2014-06-30": "$2,084", "2014-03-31": "$2,039", "2013-12-31": "$1,983", "2013-09-30": "$2,078", "2013-06-30": "$1,960", "2013-03-31": "$1,926", "2012-12-31": "$1,889", "2012-09-30": "$1,806", "2012-06-30": "$1,854", "2012-03-31": "$1,935", "2011-12-31": "$1,899", "2011-09-30": "$1,927", "2011-06-30": "$1,648", "2011-03-31": "$1,586", "2010-12-31": "$1,556", "2010-09-30": "$1,535", "2010-06-30": "$1,497", "2010-03-31": "$1,500", "2009-12-31": "$1,507", "2009-09-30": "$1,508", "2009-06-30": "$1,463", "2009-03-31": "$1,654", "2008-12-31": "$1,639", "2008-09-30": "$1,624", "2008-06-30": "$1,767", "2008-03-31": "$1,739", "2007-12-31": "$1,677", "2007-09-30": "$1,636", "2007-06-30": "$1,593", "2007-03-31": "$1,523", "2006-12-31": "$1,501", "2006-09-30": "$1,497", "2006-06-30": "$1,503", "2006-03-31": "$1,485", "2005-12-31": "$1,506", "2005-09-30": "$1,476", "2005-06-30": "$1,623", "2005-03-31": "$1,646"}}, "total-liabilities": {"Highwoods Properties Annual Total Liabilities (Millions of US $)": {"2019": "$2,964", "2018": "$2,411", "2017": "$2,387", "2016": "$2,407", "2015": "$2,866", "2014": "$2,448", "2013": "$2,308", "2012": "$2,186", "2011": "$2,194", "2010": "$1,784", "2009": "$1,754", "2008": "$1,892", "2007": "$1,905", "2006": "$1,737", "2005": "$1,727"}, "Highwoods Properties Quarterly Total Liabilities (Millions of US $)": {"2020-09-30": "$2,865", "2020-06-30": "$2,719", "2020-03-31": "$2,776", "2019-12-31": "$2,964", "2019-09-30": "$2,718", "2019-06-30": "$2,532", "2019-03-31": "$2,526", "2018-12-31": "$2,411", "2018-09-30": "$2,450", "2018-06-30": "$2,413", "2018-03-31": "$2,442", "2017-12-31": "$2,387", "2017-09-30": "$2,341", "2017-06-30": "$2,351", "2017-03-31": "$2,389", "2016-12-31": "$2,407", "2016-09-30": "$2,308", "2016-06-30": "$2,476", "2016-03-31": "$2,452", "2015-12-31": "$2,866", "2015-09-30": "$2,845", "2015-06-30": "$2,463", "2015-03-31": "$2,449", "2014-12-31": "$2,448", "2014-09-30": "$2,382", "2014-06-30": "$2,426", "2014-03-31": "$2,351", "2013-12-31": "$2,308", "2013-09-30": "$2,391", "2013-06-30": "$2,275", "2013-03-31": "$2,240", "2012-12-31": "$2,186", "2012-09-30": "$2,082", "2012-06-30": "$2,116", "2012-03-31": "$2,182", "2011-12-31": "$2,194", "2011-09-30": "$2,160", "2011-06-30": "$1,879", "2011-03-31": "$1,812", "2010-12-31": "$1,784", "2010-09-30": "$1,771", "2010-06-30": "$1,708", "2010-03-31": "$1,731", "2009-12-31": "$1,754", "2009-09-30": "$1,762", "2009-06-30": "$1,688", "2009-03-31": "$1,862", "2008-12-31": "$1,892", "2008-09-30": "$1,845", "2008-06-30": "$1,982", "2008-03-31": "$1,948", "2007-12-31": "$1,905", "2007-09-30": "$1,875", "2007-06-30": "$1,822", "2007-03-31": "$1,733", "2006-12-31": "$1,737", "2006-09-30": "$1,723", "2006-06-30": "$1,729", "2006-03-31": "$1,700", "2005-12-31": "$1,727", "2005-09-30": "$1,704", "2005-06-30": "$1,848", "2005-03-31": "$1,870"}}, "total-share-holder-equity": {"Highwoods Properties Annual Share Holder Equity (Millions of US $)": {"2019": "$2,174", "2018": "$2,264", "2017": "$2,237", "2016": "$2,154", "2015": "$1,619", "2014": "$1,551", "2013": "$1,499", "2012": "$1,165", "2011": "$987", "2010": "$1,088", "2009": "$1,133", "2008": "$1,054", "2007": "$1,022", "2006": "$1,108", "2005": "$1,182"}, "Highwoods Properties Quarterly Share Holder Equity (Millions of US $)": {"2020-09-30": "$2,340", "2020-06-30": "$2,337", "2020-03-31": "$2,355", "2019-12-31": "$2,174", "2019-09-30": "$2,173", "2019-06-30": "$2,211", "2019-03-31": "$2,200", "2018-12-31": "$2,264", "2018-09-30": "$2,239", "2018-06-30": "$2,240", "2018-03-31": "$2,254", "2017-12-31": "$2,237", "2017-09-30": "$2,219", "2017-06-30": "$2,210", "2017-03-31": "$2,160", "2016-12-31": "$2,154", "2016-09-30": "$2,168", "2016-06-30": "$2,089", "2016-03-31": "$2,062", "2015-12-31": "$1,619", "2015-09-30": "$1,618", "2015-06-30": "$1,576", "2015-03-31": "$1,561", "2014-12-31": "$1,551", "2014-09-30": "$1,514", "2014-06-30": "$1,451", "2014-03-31": "$1,469", "2013-12-31": "$1,499", "2013-09-30": "$1,506", "2013-06-30": "$1,264", "2013-03-31": "$1,180", "2012-12-31": "$1,165", "2012-09-30": "$1,128", "2012-06-30": "$1,029", "2012-03-31": "$989", "2011-12-31": "$987", "2011-09-30": "$1,011", "2011-06-30": "$1,010", "2011-03-31": "$1,065", "2010-12-31": "$1,088", "2010-09-30": "$1,107", "2010-06-30": "$1,147", "2010-03-31": "$1,124", "2009-12-31": "$1,133", "2009-09-30": "$1,168", "2009-06-30": "$1,218", "2009-03-31": "$1,068", "2008-12-31": "$1,054", "2008-09-30": "$1,139", "2008-06-30": "$1,007", "2008-03-31": "$1,010", "2007-12-31": "$1,022", "2007-09-30": "$1,032", "2007-06-30": "$1,066", "2007-03-31": "$1,117", "2006-12-31": "$1,108", "2006-09-30": "$1,105", "2006-06-30": "$1,096", "2006-03-31": "$1,119", "2005-12-31": "$1,182", "2005-09-30": "$1,202", "2005-06-30": "$1,341", "2005-03-31": "$1,361"}}, "profit-margins": {"current": "43.16%"}, "gross margin": {"2020-09-30": "68.36%", "2020-06-30": "67.68%", "2020-03-31": "67.06%", "2019-12-31": "66.39%", "2019-09-30": "66.02%", "2019-06-30": "66.06%", "2019-03-31": "65.82%", "2018-12-31": "66.34%", "2018-09-30": "66.39%", "2018-06-30": "66.43%", "2018-03-31": "66.48%", "2017-12-31": "66.24%", "2017-09-30": "66.14%", "2017-06-30": "65.88%", "2017-03-31": "65.52%", "2016-12-31": "65.17%", "2016-09-30": "64.89%", "2016-06-30": "64.54%", "2016-03-31": "64.32%", "2015-12-31": "64.13%", "2015-09-30": "63.99%", "2015-06-30": "63.57%", "2015-03-31": "63.29%", "2014-12-31": "62.77%", "2014-09-30": "62.61%", "2014-06-30": "62.80%", "2014-03-31": "62.91%", "2013-12-31": "63.56%", "2013-09-30": "63.51%", "2013-06-30": "63.71%", "2013-03-31": "63.67%", "2012-12-31": "63.71%", "2012-09-30": "63.56%", "2012-06-30": "63.30%", "2012-03-31": "63.66%", "2011-12-31": "63.43%", "2011-09-30": "64.48%", "2011-06-30": "64.40%", "2011-03-31": "64.77%", "2010-12-31": "64.63%", "2010-09-30": "63.96%", "2010-06-30": "64.16%", "2010-03-31": "63.78%", "2009-12-31": "64.06%", "2009-09-30": "63.74%", "2009-06-30": "63.96%", "2009-03-31": "63.60%", "2008-12-31": "64.04%", "2008-09-30": "64.46%", "2008-06-30": "64.52%", "2008-03-31": "64.79%", "2007-12-31": "64.20%", "2007-09-30": "63.92%", "2007-06-30": "63.73%", "2007-03-31": "63.55%", "2006-12-31": "63.59%", "2006-09-30": "63.43%", "2006-06-30": "63.40%", "2006-03-31": "63.99%", "2005-12-31": "64.34%"}, "operating margin": {"2020-09-30": "29.91%", "2020-06-30": "28.34%", "2020-03-31": "27.91%", "2019-12-31": "24.76%", "2019-09-30": "25.00%", "2019-06-30": "26.12%", "2019-03-31": "26.16%", "2018-12-31": "28.93%", "2018-09-30": "28.57%", "2018-06-30": "28.53%", "2018-03-31": "28.75%", "2017-12-31": "28.06%", "2017-09-30": "27.67%", "2017-06-30": "27.35%", "2017-03-31": "26.57%", "2016-12-31": "26.58%", "2016-09-30": "26.29%", "2016-06-30": "25.51%", "2016-03-31": "25.28%", "2015-12-31": "24.79%", "2015-09-30": "24.50%", "2015-06-30": "24.95%", "2015-03-31": "24.41%", "2014-12-31": "23.92%", "2014-09-30": "23.23%", "2014-06-30": "22.65%", "2014-03-31": "23.14%", "2013-12-31": "23.96%", "2013-09-30": "25.10%", "2013-06-30": "25.60%", "2013-03-31": "25.31%", "2012-12-31": "25.77%", "2012-09-30": "26.03%", "2012-06-30": "24.84%", "2012-03-31": "25.73%", "2011-12-31": "25.93%", "2011-09-30": "26.02%", "2011-06-30": "27.21%", "2011-03-31": "27.50%", "2010-12-31": "27.44%", "2010-09-30": "27.47%", "2010-06-30": "27.65%", "2010-03-31": "26.89%", "2009-12-31": "26.79%", "2009-09-30": "26.80%", "2009-06-30": "27.48%", "2009-03-31": "27.42%", "2008-12-31": "28.09%", "2008-09-30": "28.02%", "2008-06-30": "27.19%", "2008-03-31": "26.76%", "2007-12-31": "25.78%", "2007-09-30": "25.18%", "2007-06-30": "25.74%", "2007-03-31": "26.11%", "2006-12-31": "26.68%", "2006-09-30": "27.11%", "2006-06-30": "27.32%", "2006-03-31": "28.24%", "2005-12-31": "28.17%"}, "ebitda margin": {"2020-09-30": "63.02%", "2020-06-30": "61.19%", "2020-03-31": "60.58%", "2019-12-31": "59.86%", "2019-09-30": "59.53%", "2019-06-30": "60.61%", "2019-03-31": "60.62%", "2018-12-31": "61.06%", "2018-09-30": "61.06%", "2018-06-30": "60.98%", "2018-03-31": "61.15%", "2017-12-31": "60.97%", "2017-09-30": "61.10%", "2017-06-30": "60.88%", "2017-03-31": "60.45%", "2016-12-31": "60.21%", "2016-09-30": "60.49%", "2016-06-30": "60.96%", "2016-03-31": "61.44%", "2015-12-31": "61.65%", "2015-09-30": "63.44%", "2015-06-30": "62.66%", "2015-03-31": "61.66%", "2014-12-31": "60.43%", "2014-09-30": "59.89%", "2014-06-30": "59.67%", "2014-03-31": "60.04%", "2013-12-31": "61.19%", "2013-09-30": "59.85%", "2013-06-30": "59.88%", "2013-03-31": "59.80%", "2012-12-31": "59.59%", "2012-09-30": "61.17%", "2012-06-30": "59.78%", "2012-03-31": "59.82%", "2011-12-31": "59.95%", "2011-09-30": "58.60%", "2011-06-30": "59.64%", "2011-03-31": "60.00%", "2010-12-31": "59.64%", "2010-09-30": "57.80%", "2010-06-30": "57.52%", "2010-03-31": "56.22%", "2009-12-31": "56.70%", "2009-09-30": "55.86%", "2009-06-30": "56.76%", "2009-03-31": "57.08%", "2008-12-31": "57.53%", "2008-09-30": "59.23%", "2008-06-30": "58.99%", "2008-03-31": "58.92%", "2007-12-31": "57.76%", "2007-09-30": "57.14%", "2007-06-30": "57.11%", "2007-03-31": "57.39%", "2006-12-31": "57.86%", "2006-09-30": "58.82%", "2006-06-30": "59.54%", "2006-03-31": "61.14%", "2005-12-31": "62.79%"}, "pre tax profit margin": {"2020-09-30": "44.73%", "2020-06-30": "42.65%", "2020-03-31": "42.86%", "2019-12-31": "19.18%", "2019-09-30": "18.37%", "2019-06-30": "19.41%", "2019-03-31": "21.24%", "2018-12-31": "24.62%", "2018-09-30": "25.49%", "2018-06-30": "28.95%", "2018-03-31": "27.21%", "2017-12-31": "27.49%", "2017-09-30": "23.05%", "2017-06-30": "19.71%", "2017-03-31": "19.10%", "2016-12-31": "18.47%", "2016-09-30": "17.48%", "2016-06-30": "16.80%", "2016-03-31": "15.36%", "2015-12-31": "14.05%", "2015-09-30": "12.98%", "2015-06-30": "17.85%", "2015-03-31": "18.26%", "2014-12-31": "17.45%", "2014-09-30": "16.70%", "2014-06-30": "8.66%", "2014-03-31": "7.07%", "2013-12-31": "6.93%", "2013-09-30": "7.53%", "2013-06-30": "8.06%", "2013-03-31": "6.94%", "2012-12-31": "7.01%", "2012-09-30": "6.29%", "2012-06-30": "4.84%", "2012-03-31": "5.64%", "2011-12-31": "6.02%", "2011-09-30": "6.56%", "2011-06-30": "7.48%", "2011-03-31": "13.86%", "2010-12-31": "13.61%", "2010-09-30": "14.29%", "2010-06-30": "15.49%", "2010-03-31": "10.00%", "2009-12-31": "10.27%", "2009-09-30": "11.26%", "2009-06-30": "10.81%", "2009-03-31": "9.21%", "2008-12-31": "8.76%", "2008-09-30": "10.71%", "2008-06-30": "9.45%", "2008-03-31": "9.39%", "2007-12-31": "12.41%", "2007-09-30": "10.41%", "2007-06-30": "11.27%", "2007-03-31": "10.59%", "2006-12-31": "7.48%", "2006-09-30": "8.44%", "2006-06-30": "9.02%", "2006-03-31": "9.59%", "2005-12-31": "7.49%"}, "net profit margin": {"2020-09-30": "42.99%", "2020-06-30": "41.06%", "2020-03-31": "41.27%", "2019-12-31": "18.23%", "2019-09-30": "17.54%", "2019-06-30": "18.44%", "2019-03-31": "20.25%", "2018-12-31": "23.50%", "2018-09-30": "24.23%", "2018-06-30": "27.55%", "2018-03-31": "25.81%", "2017-12-31": "26.21%", "2017-09-30": "21.90%", "2017-06-30": "18.68%", "2017-03-31": "18.06%", "2016-12-31": "78.38%", "2016-09-30": "78.57%", "2016-06-30": "80.09%", "2016-03-31": "81.28%", "2015-12-31": "15.54%", "2015-09-30": "17.55%", "2015-06-30": "21.49%", "2015-03-31": "20.98%", "2014-12-31": "19.60%", "2014-09-30": "21.23%", "2014-06-30": "21.73%", "2014-03-31": "23.52%", "2013-12-31": "24.36%", "2013-09-30": "20.66%", "2013-06-30": "17.54%", "2013-03-31": "14.69%", "2012-12-31": "15.88%", "2012-09-30": "16.05%", "2012-06-30": "10.55%", "2012-03-31": "10.16%", "2011-12-31": "8.80%", "2011-09-30": "8.14%", "2011-06-30": "8.16%", "2011-03-31": "14.09%", "2010-12-31": "14.06%", "2010-09-30": "10.99%", "2010-06-30": "11.73%", "2010-03-31": "11.11%", "2009-12-31": "11.38%", "2009-09-30": "8.78%", "2009-06-30": "9.23%", "2009-03-31": "4.49%", "2008-12-31": "4.94%", "2008-09-30": "11.39%", "2008-06-30": "11.06%", "2008-03-31": "9.39%", "2007-12-31": "17.90%", "2007-09-30": "19.85%", "2007-06-30": "18.87%", "2007-03-31": "18.47%", "2006-12-31": "8.73%", "2006-09-30": "4.35%", "2006-06-30": "6.19%", "2006-03-31": "6.74%", "2005-12-31": "8.01%"}, "pe ratio": {"current": "11.04", "2021-02-05": "12.85", "2020-09-30": "10.62", "2020-06-30": "12.13", "2020-03-31": "11.26", "2019-12-31": "35.79", "2019-09-30": "34.40", "2019-06-30": "30.06", "2019-03-31": "31.02", "2018-12-31": "21.66", "2018-09-30": "25.55", "2018-06-30": "23.88", "2018-03-31": "21.92", "2017-12-31": "25.20", "2017-09-30": "30.78", "2017-06-30": "35.21", "2017-03-31": "34.94", "2016-12-31": "8.02", "2016-09-30": "8.06", "2016-06-30": "8.11", "2016-03-31": "7.35", "2015-12-31": "35.03", "2015-09-30": "29.92", "2015-06-30": "24.38", "2015-03-31": "28.10", "2014-12-31": "28.74", "2014-09-30": "23.24", "2014-06-30": "24.06", "2014-03-31": "20.56", "2013-12-31": "18.87", "2013-09-30": "20.36", "2013-06-30": "23.63", "2013-03-31": "30.45", "2012-12-31": "23.15", "2012-09-30": "22.73", "2012-06-30": "34.73", "2012-03-31": "35.56", "2011-12-31": "36.47", "2011-09-30": "36.25", "2011-06-30": "41.90", "2011-03-31": "25.65", "2010-12-31": "23.04", "2010-09-30": "28.82", "2010-06-30": "22.98", "2010-03-31": "25.91", "2009-12-31": "25.77", "2009-09-30": "32.36", "2009-06-30": "20.21", "2009-03-31": "34.70", "2008-12-31": "38.04", "2008-09-30": "21.82", "2008-06-30": "20.18", "2008-03-31": "23.65", "2007-12-31": "11.61", "2007-09-30": "13.31", "2007-06-30": "14.13", "2007-03-31": "15.07", "2006-12-31": "33.05"}, "price sales": {"2021-02-05": "5.71", "2020-09-30": "4.72", "2020-06-30": "5.13", "2020-03-31": "4.79", "2019-12-31": "6.73", "2019-09-30": "6.21", "2019-06-30": "5.70", "2019-03-31": "6.44", "2018-12-31": "5.21", "2018-09-30": "6.34", "2018-06-30": "6.73", "2018-03-31": "5.75", "2017-12-31": "6.69", "2017-09-30": "6.80", "2017-06-30": "6.63", "2017-03-31": "6.39", "2016-12-31": "6.54", "2016-09-30": "6.53", "2016-06-30": "6.65", "2016-03-31": "6.08", "2015-12-31": "5.63", "2015-09-30": "5.43", "2015-06-30": "5.46", "2015-03-31": "6.09", "2014-12-31": "5.75", "2014-09-30": "5.00", "2014-06-30": "5.36", "2014-03-31": "4.95", "2013-12-31": "4.65", "2013-09-30": "4.28", "2013-06-30": "4.31", "2013-03-31": "4.67", "2012-12-31": "3.80", "2012-09-30": "3.81", "2012-06-30": "3.88", "2012-03-31": "3.87", "2011-12-31": "3.47", "2011-09-30": "3.17", "2011-06-30": "3.67", "2011-03-31": "3.84", "2010-12-31": "3.44", "2010-09-30": "3.32", "2010-06-30": "2.81", "2010-03-31": "3.12", "2009-12-31": "3.15", "2009-09-30": "2.86", "2009-06-30": "1.92", "2009-03-31": "1.75", "2008-12-31": "2.13", "2008-09-30": "2.75", "2008-06-30": "2.41", "2008-03-31": "2.39", "2007-12-31": "2.28", "2007-09-30": "2.84", "2007-06-30": "2.90", "2007-03-31": "3.02", "2006-12-31": "3.11"}, "price book": {"current": "1.80", "2021-02-05": "1.78", "2020-09-30": "1.47", "2020-06-30": "1.62", "2020-03-31": "1.50", "2019-12-31": "2.22", "2019-09-30": "2.02", "2019-06-30": "1.80", "2019-03-31": "2.03", "2018-12-31": "1.61", "2018-09-30": "1.97", "2018-06-30": "2.10", "2018-03-31": "1.78", "2017-12-31": "2.06", "2017-09-30": "2.11", "2017-06-30": "2.04", "2017-03-31": "1.98", "2016-12-31": "2.04", "2016-09-30": "1.99", "2016-06-30": "2.04", "2016-03-31": "1.83", "2015-12-31": "2.08", "2015-09-30": "1.82", "2015-06-30": "1.88", "2015-03-31": "2.15", "2014-12-31": "2.05", "2014-09-30": "1.79", "2014-06-30": "1.98", "2014-03-31": "1.76", "2013-12-31": "1.61", "2013-09-30": "1.54", "2013-06-30": "1.71", "2013-03-31": "1.97", "2012-12-31": "1.61", "2012-09-30": "1.57", "2012-06-30": "1.68", "2012-03-31": "1.67", "2011-12-31": "1.45", "2011-09-30": "1.33", "2011-06-30": "1.53", "2011-03-31": "1.51", "2010-12-31": "1.32", "2010-09-30": "1.31", "2010-06-30": "1.06", "2010-03-31": "1.22", "2009-12-31": "1.25", "2009-09-30": "1.12", "2009-06-30": "0.75", "2009-03-31": "0.72", "2008-12-31": "0.92", "2008-09-30": "1.08", "2008-06-30": "0.97", "2008-03-31": "0.94", "2007-12-31": "0.86", "2007-09-30": "1.05", "2007-06-30": "1.03", "2007-03-31": "1.02", "2006-12-31": "1.04", "2006-09-30": "0.93", "2006-06-30": "0.88", "2006-03-31": "0.79"}, "price fcf": {"2021-02-05": "", "2020-09-30": "$0.33", "2020-06-30": "$0.38", "2020-03-31": "$0.72", "2019-12-31": "$-2.20", "2019-09-30": "$1.35", "2019-06-30": "$1.04", "2019-03-31": "$1.01", "2018-12-31": "$0.53", "2018-09-30": "$0.45", "2018-06-30": "$1.32", "2018-03-31": "$1.04", "2017-12-31": "$1.47", "2017-09-30": "$0.76", "2017-06-30": "$-1.26", "2017-03-31": "$-1.38", "2016-12-31": "$5.23", "2016-09-30": "$5.39", "2016-06-30": "$2.44", "2016-03-31": "$2.44", "2015-12-31": "$-4.12", "2015-09-30": "$-4.84", "2015-06-30": "$-0.50", "2015-03-31": "$-0.56", "2014-12-31": "$-0.77", "2014-09-30": "$1.23", "2014-06-30": "$0.08", "2014-03-31": "$-0.69", "2013-12-31": "$-1.12", "2013-09-30": "$-3.37", "2013-06-30": "$-2.79", "2013-03-31": "$-1.48", "2012-12-31": "$-0.66", "2012-09-30": "$0.82", "2012-06-30": "$0.39", "2012-03-31": "$0.25", "2011-12-31": "$0.37", "2011-09-30": "$0.18", "2011-06-30": "$0.94", "2011-03-31": "$1.10", "2010-12-31": "$1.25", "2010-09-30": "$1.16", "2010-06-30": "$1.12", "2010-03-31": "$1.77", "2009-12-31": "$1.59", "2009-09-30": "$1.40", "2009-06-30": "$1.28", "2009-03-31": "$0.46", "2008-12-31": "$-0.14", "2008-09-30": "$0.00", "2008-06-30": "$0.05", "2008-03-31": "$-0.56", "2007-12-31": "$0.30", "2007-09-30": "$0.65", "2007-06-30": "$0.67", "2007-03-31": "$0.69", "2006-12-31": "$2.99"}, "net worth": {"value": "$4.17B"}, "current ratio": {"2020-09-30": "1.37", "2020-06-30": "1.07", "2020-03-31": "1.48", "2019-12-31": "0.96", "2019-09-30": "1.40", "2019-06-30": "1.09", "2019-03-31": "1.12", "2018-12-31": "1.20", "2018-09-30": "1.13", "2018-06-30": "1.15", "2018-03-31": "1.47", "2017-12-31": "1.40", "2017-09-30": "1.20", "2017-06-30": "1.20", "2017-03-31": "1.14", "2016-12-31": "0.89", "2016-09-30": "0.96", "2016-06-30": "1.93", "2016-03-31": "2.14", "2015-12-31": "0.87", "2015-09-30": "0.86", "2015-06-30": "0.96", "2015-03-31": "1.05", "2014-12-31": "0.93", "2014-09-30": "0.87", "2014-06-30": "0.91", "2014-03-31": "0.95", "2013-12-31": "0.93", "2013-09-30": "1.09", "2013-06-30": "1.08", "2013-03-31": "1.19", "2012-12-31": "1.11", "2012-09-30": "1.19", "2012-06-30": "1.31", "2012-03-31": "1.54", "2011-12-31": "1.25", "2011-09-30": "1.40", "2011-06-30": "1.49", "2011-03-31": "1.87", "2010-12-31": "1.42", "2010-09-30": "1.40", "2010-06-30": "1.61", "2010-03-31": "1.18", "2009-12-31": "1.17", "2009-09-30": "1.28", "2009-06-30": "0.98", "2009-03-31": "0.93", "2008-12-31": "0.91", "2008-09-30": "0.86", "2008-06-30": "1.00", "2008-03-31": "0.85", "2007-12-31": "0.78", "2007-09-30": "0.76", "2007-06-30": "0.77", "2007-03-31": "0.86", "2006-12-31": "0.76", "2006-09-30": "0.75", "2006-06-30": "0.76", "2006-03-31": "1.09", "2005-12-31": "0.87", "2005-09-30": "0.70", "2005-06-30": "1.10", "2005-03-31": "1.22"}, "quick ratio": {"2020-09-30": "0.00", "2020-06-30": "0.00", "2020-03-31": "0.00", "2019-12-31": "0.00", "2019-09-30": "0.00", "2019-06-30": "0.00", "2019-03-31": "0.00", "2018-12-31": "0.00", "2018-09-30": "0.00", "2018-06-30": "0.00", "2018-03-31": "0.00", "2017-12-31": "0.00", "2017-09-30": "0.00", "2017-06-30": "0.00", "2017-03-31": "0.00", "2016-12-31": "0.00", "2016-09-30": "0.00", "2016-06-30": "0.00", "2016-03-31": "0.00", "2015-12-31": "0.00", "2015-09-30": "0.00", "2015-06-30": "0.00", "2015-03-31": "0.00", "2014-12-31": "0.00", "2014-09-30": "0.00", "2014-06-30": "0.00", "2014-03-31": "0.00", "2013-12-31": "0.00", "2013-09-30": "0.00", "2013-06-30": "0.00", "2013-03-31": "0.00", "2012-12-31": "0.00", "2012-09-30": "0.00", "2012-06-30": "0.00", "2012-03-31": "0.00", "2011-12-31": "0.00", "2011-09-30": "0.00", "2011-06-30": "0.00", "2011-03-31": "0.00", "2010-12-31": "0.00", "2010-09-30": "0.00", "2010-06-30": "0.00", "2010-03-31": "0.00", "2009-12-31": "0.00", "2009-09-30": "0.00", "2009-06-30": "0.00", "2009-03-31": "0.00", "2008-12-31": "0.00", "2008-09-30": "0.00", "2008-06-30": "0.00", "2008-03-31": "0.00", "2007-12-31": "0.00", "2007-09-30": "0.00", "2007-06-30": "0.00", "2007-03-31": "0.00", "2006-12-31": "0.00", "2006-09-30": "0.00", "2006-06-30": "0.00", "2006-03-31": "0.00", "2005-12-31": "0.00", "2005-09-30": "0.00", "2005-06-30": "0.00", "2005-03-31": "0.00"}, "debt equity ratio": {"current": "1.07", "2020-09-30": "1.22", "2020-06-30": "1.16", "2020-03-31": "1.18", "2019-12-31": "1.36", "2019-09-30": "1.25", "2019-06-30": "1.15", "2019-03-31": "1.15", "2018-12-31": "1.07", "2018-09-30": "1.09", "2018-06-30": "1.08", "2018-03-31": "1.08", "2017-12-31": "1.07", "2017-09-30": "1.06", "2017-06-30": "1.06", "2017-03-31": "1.11", "2016-12-31": "1.12", "2016-09-30": "1.06", "2016-06-30": "1.19", "2016-03-31": "1.19", "2015-12-31": "1.77", "2015-09-30": "1.76", "2015-06-30": "1.56", "2015-03-31": "1.57", "2014-12-31": "1.58", "2014-09-30": "1.57", "2014-06-30": "1.67", "2014-03-31": "1.60", "2013-12-31": "1.54", "2013-09-30": "1.59", "2013-06-30": "1.80", "2013-03-31": "1.90", "2012-12-31": "1.88", "2012-09-30": "1.85", "2012-06-30": "2.06", "2012-03-31": "2.21", "2011-12-31": "2.22", "2011-09-30": "2.14", "2011-06-30": "1.86", "2011-03-31": "1.70", "2010-12-31": "1.64", "2010-09-30": "1.60", "2010-06-30": "1.49", "2010-03-31": "1.54", "2009-12-31": "1.55", "2009-09-30": "1.51", "2009-06-30": "1.39", "2009-03-31": "1.74", "2008-12-31": "1.80", "2008-09-30": "1.62", "2008-06-30": "1.97", "2008-03-31": "1.93", "2007-12-31": "1.86", "2007-09-30": "1.82", "2007-06-30": "1.71", "2007-03-31": "1.55", "2006-12-31": "1.57", "2006-09-30": "1.56", "2006-06-30": "1.58", "2006-03-31": "1.52", "2005-12-31": "1.46", "2005-09-30": "1.42", "2005-06-30": "1.38", "2005-03-31": "1.37"}, "return on equity": {"2020-09-30": "13.99%", "2020-06-30": "13.72%", "2020-03-31": "14.00%", "2019-12-31": "6.12%", "2019-09-30": "5.74%", "2019-06-30": "5.92%", "2019-03-31": "6.44%", "2018-12-31": "7.51%", "2018-09-30": "7.71%", "2018-06-30": "8.80%", "2018-03-31": "8.25%", "2017-12-31": "8.34%", "2017-09-30": "6.95%", "2017-06-30": "5.84%", "2017-03-31": "5.65%", "2016-12-31": "24.64%", "2016-09-30": "26.05%", "2016-06-30": "27.88%", "2016-03-31": "29.56%", "2015-12-31": "5.90%", "2015-09-30": "6.09%", "2015-06-30": "7.61%", "2015-03-31": "7.64%", "2014-12-31": "7.28%", "2014-09-30": "7.89%", "2014-06-30": "7.97%", "2014-03-31": "8.57%", "2013-12-31": "9.03%", "2013-09-30": "8.37%", "2013-06-30": "7.35%", "2013-03-31": "6.40%", "2012-12-31": "7.14%", "2012-09-30": "7.16%", "2012-06-30": "4.78%", "2012-03-31": "4.50%", "2011-12-31": "3.73%", "2011-09-30": "3.45%", "2011-06-30": "3.37%", "2011-03-31": "5.63%", "2010-12-31": "5.55%", "2010-09-30": "4.43%", "2010-06-30": "4.64%", "2010-03-31": "4.31%", "2009-12-31": "4.45%", "2009-09-30": "3.46%", "2009-06-30": "3.66%", "2009-03-31": "1.87%", "2008-12-31": "2.09%", "2008-09-30": "4.79%", "2008-06-30": "4.72%", "2008-03-31": "3.87%", "2007-12-31": "7.08%", "2007-09-30": "7.59%", "2007-06-30": "7.01%", "2007-03-31": "6.78%", "2006-12-31": "3.16%", "2006-09-30": "1.51%", "2006-06-30": "2.09%", "2006-03-31": "2.15%", "2005-12-31": "2.44%"}, "return on assets": {"2020-09-30": "6.27%", "2020-06-30": "6.13%", "2020-03-31": "6.27%", "2019-12-31": "2.75%", "2019-09-30": "2.67%", "2019-06-30": "2.80%", "2019-03-31": "3.07%", "2018-12-31": "3.61%", "2018-09-30": "3.71%", "2018-06-30": "4.25%", "2018-03-31": "3.99%", "2017-12-31": "4.02%", "2017-09-30": "3.34%", "2017-06-30": "2.80%", "2017-03-31": "2.67%", "2016-12-31": "11.53%", "2016-09-30": "11.46%", "2016-06-30": "11.43%", "2016-03-31": "11.61%", "2015-12-31": "2.21%", "2015-09-30": "2.33%", "2015-06-30": "2.96%", "2015-03-31": "2.94%", "2014-12-31": "2.80%", "2014-09-30": "3.04%", "2014-06-30": "3.06%", "2014-03-31": "3.27%", "2013-12-31": "3.35%", "2013-09-30": "3.01%", "2013-06-30": "2.57%", "2013-03-31": "2.19%", "2012-12-31": "2.39%", "2012-09-30": "2.33%", "2012-06-30": "1.52%", "2012-03-31": "1.45%", "2011-12-31": "1.25%", "2011-09-30": "1.22%", "2011-06-30": "1.25%", "2011-03-31": "2.16%", "2010-12-31": "2.16%", "2010-09-30": "1.74%", "2010-06-30": "1.84%", "2010-03-31": "1.73%", "2009-12-31": "1.75%", "2009-09-30": "1.33%", "2009-06-30": "1.39%", "2009-03-31": "0.68%", "2008-12-31": "0.74%", "2008-09-30": "1.69%", "2008-06-30": "1.63%", "2008-03-31": "1.37%", "2007-12-31": "2.59%", "2007-09-30": "2.85%", "2007-06-30": "2.70%", "2007-03-31": "2.64%", "2006-12-31": "1.24%", "2006-09-30": "0.60%", "2006-06-30": "0.84%", "2006-03-31": "0.88%", "2005-12-31": "1.01%"}, "return on investments": {"2020-09-30": "4.72%", "2020-06-30": "4.59%", "2020-03-31": "4.60%", "2019-12-31": "4.06%", "2019-09-30": "4.12%", "2019-06-30": "4.30%", "2019-03-31": "4.29%", "2018-12-31": "4.80%", "2018-09-30": "4.73%", "2018-06-30": "4.77%", "2018-03-31": "4.82%", "2017-12-31": "4.68%", "2017-09-30": "4.60%", "2017-06-30": "4.49%", "2017-03-31": "4.30%", "2016-12-31": "4.29%", "2016-09-30": "4.19%", "2016-06-30": "3.96%", "2016-03-31": "3.93%", "2015-12-31": "3.85%", "2015-09-30": "3.55%", "2015-06-30": "3.76%", "2015-03-31": "3.75%", "2014-12-31": "3.74%", "2014-09-30": "3.64%", "2014-06-30": "3.49%", "2014-03-31": "3.51%", "2013-12-31": "3.61%", "2013-09-30": "4.01%", "2013-06-30": "4.12%", "2013-03-31": "4.14%", "2012-12-31": "4.24%", "2012-09-30": "4.13%", "2012-06-30": "3.89%", "2012-03-31": "4.00%", "2011-12-31": "4.02%", "2011-09-30": "4.22%", "2011-06-30": "4.53%", "2011-03-31": "4.57%", "2010-12-31": "4.59%", "2010-09-30": "4.74%", "2010-06-30": "4.72%", "2010-03-31": "4.56%", "2009-12-31": "4.48%", "2009-09-30": "4.42%", "2009-06-30": "4.49%", "2009-03-31": "4.46%", "2008-12-31": "4.55%", "2008-09-30": "4.48%", "2008-06-30": "4.33%", "2008-03-31": "4.23%", "2007-12-31": "4.05%", "2007-09-30": "3.93%", "2007-06-30": "4.00%", "2007-03-31": "4.06%", "2006-12-31": "4.11%", "2006-09-30": "4.04%", "2006-06-30": "4.01%", "2006-03-31": "3.99%", "2005-12-31": "3.85%"}, "return on tangible equity": {"2020-09-30": "13.99%", "2020-06-30": "13.72%", "2020-03-31": "14.00%", "2019-12-31": "6.12%", "2019-09-30": "5.74%", "2019-06-30": "5.92%", "2019-03-31": "6.44%", "2018-12-31": "7.51%", "2018-09-30": "7.71%", "2018-06-30": "8.80%", "2018-03-31": "8.25%", "2017-12-31": "8.34%", "2017-09-30": "6.95%", "2017-06-30": "5.84%", "2017-03-31": "5.65%", "2016-12-31": "24.64%", "2016-09-30": "26.05%", "2016-06-30": "27.88%", "2016-03-31": "29.56%", "2015-12-31": "5.90%", "2015-09-30": "6.09%", "2015-06-30": "7.61%", "2015-03-31": "7.64%", "2014-12-31": "7.28%", "2014-09-30": "7.89%", "2014-06-30": "7.97%", "2014-03-31": "8.57%", "2013-12-31": "9.03%", "2013-09-30": "8.37%", "2013-06-30": "7.35%", "2013-03-31": "6.40%", "2012-12-31": "7.14%", "2012-09-30": "7.16%", "2012-06-30": "4.78%", "2012-03-31": "4.50%", "2011-12-31": "3.73%", "2011-09-30": "3.45%", "2011-06-30": "3.37%", "2011-03-31": "5.63%", "2010-12-31": "5.55%", "2010-09-30": "4.43%", "2010-06-30": "4.64%", "2010-03-31": "4.31%", "2009-12-31": "4.45%", "2009-09-30": "3.46%", "2009-06-30": "3.66%", "2009-03-31": "1.87%", "2008-12-31": "2.09%", "2008-09-30": "4.79%", "2008-06-30": "4.72%", "2008-03-31": "3.87%", "2007-12-31": "7.08%", "2007-09-30": "7.59%", "2007-06-30": "7.01%", "2007-03-31": "6.78%", "2006-12-31": "3.16%", "2006-09-30": "1.51%", "2006-06-30": "2.09%", "2006-03-31": "2.15%", "2005-12-31": "2.44%"}, "dividend yield history": {"last payout": "$1.92", "last yield": "4.79%"}}