{"ticker": "HII", "price": {"title": "Huntington Ingalls Industries Historical Annual Stock Price Data", "value": 170.53, "historical": {"2020": {"Average Stock Price": "184.2567", "Year Open": "255.8500", "Year High": "278.5700", "Year Low": "137.8300", "Year Close": "170.4800", "Annual % Change": "-32.05%"}, "2019": {"Average Stock Price": "218.7479", "Year Open": "192.5600", "Year High": "258.0600", "Year Low": "188.8400", "Year Close": "250.8800", "Annual % Change": "31.83%"}, "2018": {"Average Stock Price": "234.1775", "Year Open": "228.0100", "Year High": "270.8800", "Year Low": "177.0300", "Year Close": "190.3100", "Annual % Change": "-19.26%"}, "2017": {"Average Stock Price": "210.8314", "Year Open": "189.0500", "Year High": "251.9600", "Year Low": "185.2200", "Year Close": "235.7000", "Annual % Change": "27.97%"}, "2016": {"Average Stock Price": "154.6652", "Year Open": "124.2200", "Year High": "187.9600", "Year Low": "121.4100", "Year Close": "184.1900", "Annual % Change": "45.20%"}, "2015": {"Average Stock Price": "122.9587", "Year Open": "111.9100", "Year High": "143.5500", "Year Low": "103.9800", "Year Close": "126.8500", "Annual % Change": "12.80%"}, "2014": {"Average Stock Price": "100.1392", "Year Open": "87.9100", "Year High": "115.4800", "Year Low": "87.9100", "Year Close": "112.4600", "Annual % Change": "24.94%"}, "2013": {"Average Stock Price": "60.7175", "Year Open": "44.0600", "Year High": "90.0100", "Year Low": "43.1700", "Year Close": "90.0100", "Annual % Change": "107.68%"}, "2012": {"Average Stock Price": "39.0565", "Year Open": "32.3800", "Year High": "44.9600", "Year Low": "31.8000", "Year Close": "43.3400", "Annual % Change": "38.55%"}, "2011": {"Average Stock Price": "32.7538", "Year Open": "37.4900", "Year High": "41.5000", "Year Low": "22.8500", "Year Close": "31.2800", "Annual % Change": "0.00%"}}}, "market cap": {"value": "$6.77B"}, "income statement": {"Revenue": {"2019-12-31": "8899.00000", "2018-12-31": "8176.00000", "2017-12-31": "7441.00000", "2016-12-31": "7068.00000", "2015-12-31": "7020.00000", "2014-12-31": "6957.00000", "2013-12-31": "6820.00000", "2012-12-31": "6708.00000", "2011-12-31": "6575.00000", "2010-12-31": "6723.00000", "2009-12-31": "6292.00000"}, "Cost Of Goods Sold": {"2019-12-31": "7368.00000", "2018-12-31": "6385.00000", "2017-12-31": "5813.00000", "2016-12-31": "5445.00000", "2015-12-31": "5517.00000", "2014-12-31": "5540.00000", "2013-12-31": "5583.00000", "2012-12-31": "5629.00000", "2011-12-31": "5571.00000", "2010-12-31": "5831.00000", "2009-12-31": "5442.00000"}, "Gross Profit": {"2019-12-31": "1531.00000", "2018-12-31": "1791.00000", "2017-12-31": "1628.00000", "2016-12-31": "1623.00000", "2015-12-31": "1503.00000", "2014-12-31": "1417.00000", "2013-12-31": "1237.00000", "2012-12-31": "1079.00000", "2011-12-31": "1004.00000", "2010-12-31": "892.00000", "2009-12-31": "850.00000"}, "Research And Development Expenses": {"2019-12-31": "", "2018-12-31": "", "2017-12-31": "", "2016-12-31": "", "2015-12-31": "", "2014-12-31": "", "2013-12-31": "", "2012-12-31": "", "2011-12-31": "", "2010-12-31": "", "2009-12-31": ""}, "SG&A Expenses": {"2019-12-31": "788.00000", "2018-12-31": "871.00000", "2017-12-31": "759.00000", "2016-12-31": "768.00000", "2015-12-31": "669.00000", "2014-12-31": "726.00000", "2013-12-31": "739.00000", "2012-12-31": "739.00000", "2011-12-31": "634.00000", "2010-12-31": "670.00000", "2009-12-31": "639.00000"}, "Other Operating Income Or Expenses": {"2019-12-31": "0.00000", "2018-12-31": "14.00000", "2017-12-31": "0.00000", "2016-12-31": "15.00000", "2015-12-31": "", "2014-12-31": "", "2013-12-31": "", "2012-12-31": "", "2011-12-31": "", "2010-12-31": "", "2009-12-31": ""}, "Operating Expenses": {"2019-12-31": "8163.00000", "2018-12-31": "7225.00000", "2017-12-31": "6560.00000", "2016-12-31": "6192.00000", "2015-12-31": "6251.00000", "2014-12-31": "6302.00000", "2013-12-31": "6308.00000", "2012-12-31": "6350.00000", "2011-12-31": "6475.00000", "2010-12-31": "6482.00000", "2009-12-31": "6081.00000"}, "Operating Income": {"2019-12-31": "736.00000", "2018-12-31": "951.00000", "2017-12-31": "881.00000", "2016-12-31": "876.00000", "2015-12-31": "769.00000", "2014-12-31": "655.00000", "2013-12-31": "512.00000", "2012-12-31": "358.00000", "2011-12-31": "100.00000", "2010-12-31": "241.00000", "2009-12-31": "211.00000"}, "Total Non-Operating Income/Expense": {"2019-12-31": "-53.00000", "2018-12-31": "20.00000", "2017-12-31": "-109.00000", "2016-12-31": "-92.00000", "2015-12-31": "-137.00000", "2014-12-31": "-148.00000", "2013-12-31": "-118.00000", "2012-12-31": "-117.00000", "2011-12-31": "-104.00000", "2010-12-31": "-42.00000", "2009-12-31": "-35.00000"}, "Pre-Tax Income": {"2019-12-31": "683.00000", "2018-12-31": "971.00000", "2017-12-31": "772.00000", "2016-12-31": "784.00000", "2015-12-31": "632.00000", "2014-12-31": "507.00000", "2013-12-31": "394.00000", "2012-12-31": "241.00000", "2011-12-31": "-4.00000", "2010-12-31": "199.00000", "2009-12-31": "176.00000"}, "Income Taxes": {"2019-12-31": "134.00000", "2018-12-31": "135.00000", "2017-12-31": "293.00000", "2016-12-31": "211.00000", "2015-12-31": "228.00000", "2014-12-31": "169.00000", "2013-12-31": "133.00000", "2012-12-31": "95.00000", "2011-12-31": "96.00000", "2010-12-31": "68.00000", "2009-12-31": "52.00000"}, "Income After Taxes": {"2019-12-31": "549.00000", "2018-12-31": "836.00000", "2017-12-31": "479.00000", "2016-12-31": "573.00000", "2015-12-31": "404.00000", "2014-12-31": "338.00000", "2013-12-31": "261.00000", "2012-12-31": "146.00000", "2011-12-31": "-100.00000", "2010-12-31": "131.00000", "2009-12-31": "124.00000"}, "Other Income": {"2019-12-31": "", "2018-12-31": "", "2017-12-31": "", "2016-12-31": "", "2015-12-31": "", "2014-12-31": "", "2013-12-31": "", "2012-12-31": "", "2011-12-31": "", "2010-12-31": "", "2009-12-31": ""}, "Income From Continuous Operations": {"2019-12-31": "549.00000", "2018-12-31": "836.00000", "2017-12-31": "479.00000", "2016-12-31": "573.00000", "2015-12-31": "404.00000", "2014-12-31": "338.00000", "2013-12-31": "261.00000", "2012-12-31": "146.00000", "2011-12-31": "-100.00000", "2010-12-31": "131.00000", "2009-12-31": "124.00000"}, "Income From Discontinued Operations": {"2019-12-31": "", "2018-12-31": "", "2017-12-31": "", "2016-12-31": "", "2015-12-31": "", "2014-12-31": "", "2013-12-31": "", "2012-12-31": "", "2011-12-31": "", "2010-12-31": "", "2009-12-31": ""}, "Net Income": {"2019-12-31": "549.00000", "2018-12-31": "836.00000", "2017-12-31": "479.00000", "2016-12-31": "573.00000", "2015-12-31": "404.00000", "2014-12-31": "338.00000", "2013-12-31": "261.00000", "2012-12-31": "146.00000", "2011-12-31": "-100.00000", "2010-12-31": "131.00000", "2009-12-31": "124.00000"}, "EBITDA": {"2019-12-31": "1017.00000", "2018-12-31": "1175.00000", "2017-12-31": "1104.00000", "2016-12-31": "1073.00000", "2015-12-31": "1069.00000", "2014-12-31": "918.00000", "2013-12-31": "761.00000", "2012-12-31": "569.00000", "2011-12-31": "600.00000", "2010-12-31": "443.00000", "2009-12-31": "397.00000"}, "EBIT": {"2019-12-31": "758.00000", "2018-12-31": "968.00000", "2017-12-31": "893.00000", "2016-12-31": "882.00000", "2015-12-31": "779.00000", "2014-12-31": "666.00000", "2013-12-31": "526.00000", "2012-12-31": "376.00000", "2011-12-31": "120.00000", "2010-12-31": "260.00000", "2009-12-31": "211.00000"}, "Basic Shares Outstanding": {"2019-12-31": "41.40000", "2018-12-31": "43.80000", "2017-12-31": "45.70000", "2016-12-31": "46.80000", "2015-12-31": "47.90000", "2014-12-31": "48.80000", "2013-12-31": "49.70000", "2012-12-31": "49.40000", "2011-12-31": "48.80000", "2010-12-31": "48.80000", "2009-12-31": "48.80000"}, "Shares Outstanding": {"2019-12-31": "41.40000", "2018-12-31": "43.80000", "2017-12-31": "45.80000", "2016-12-31": "47.20000", "2015-12-31": "48.30000", "2014-12-31": "49.30000", "2013-12-31": "50.40000", "2012-12-31": "50.10000", "2011-12-31": "48.80000", "2010-12-31": "48.80000", "2009-12-31": "48.80000"}, "Basic EPS": {"2019-12-31": "13.26000", "2018-12-31": "19.09000", "2017-12-31": "10.48000", "2016-12-31": "12.24000", "2015-12-31": "8.43000", "2014-12-31": "6.93000", "2013-12-31": "5.25000", "2012-12-31": "2.96000", "2011-12-31": "-2.05000", "2010-12-31": "2.68000", "2009-12-31": "2.54000"}, "EPS - Earnings Per Share": {"2019-12-31": "13.26000", "2018-12-31": "19.09000", "2017-12-31": "10.46000", "2016-12-31": "12.14000", "2015-12-31": "8.36000", "2014-12-31": "6.86000", "2013-12-31": "5.18000", "2012-12-31": "2.91000", "2011-12-31": "-2.05000", "2010-12-31": "2.68000", "2009-12-31": "2.54000"}}, "income statement, quarterly": {"Revenue": {"2020-09-30": "2314.00000", "2020-06-30": "2027.00000", "2020-03-31": "2263.00000", "2019-12-31": "2412.00000", "2019-09-30": "2219.00000", "2019-06-30": "2188.00000", "2019-03-31": "2080.00000", "2018-12-31": "2199.00000", "2018-09-30": "2083.00000", "2018-06-30": "2020.00000", "2018-03-31": "1874.00000", "2017-12-31": "1996.00000", "2017-09-30": "1863.00000", "2017-06-30": "1858.00000", "2017-03-31": "1724.00000", "2016-12-31": "1922.00000", "2016-09-30": "1683.00000", "2016-06-30": "1700.00000", "2016-03-31": "1763.00000", "2015-12-31": "1905.00000", "2015-09-30": "1800.00000", "2015-06-30": "1745.00000", "2015-03-31": "1570.00000", "2014-12-31": "1927.00000", "2014-09-30": "1717.00000", "2014-06-30": "1719.00000", "2014-03-31": "1594.00000", "2013-12-31": "1938.00000", "2013-09-30": "1637.00000", "2013-06-30": "1683.00000", "2013-03-31": "1562.00000", "2012-12-31": "1823.00000", "2012-09-30": "1596.00000", "2012-06-30": "1721.00000", "2012-03-31": "1568.00000", "2011-12-31": "1735.00000", "2011-09-30": "1593.00000", "2011-06-30": "1563.00000", "2011-03-31": "1684.00000", "2010-12-31": "1736.00000", "2010-09-30": "1665.00000", "2010-06-30": "1610.00000", "2010-03-31": "1712.00000", "2009-12-31": ""}, "Cost Of Goods Sold": {"2020-09-30": "1878.00000", "2020-06-30": "1763.00000", "2020-03-31": "1840.00000", "2019-12-31": "1980.00000", "2019-09-30": "1802.00000", "2019-06-30": "1834.00000", "2019-03-31": "1752.00000", "2018-12-31": "1729.00000", "2018-09-30": "1593.00000", "2018-06-30": "1568.00000", "2018-03-31": "1495.00000", "2017-12-31": "1549.00000", "2017-09-30": "1448.00000", "2017-06-30": "1436.00000", "2017-03-31": "1380.00000", "2016-12-31": "1317.00000", "2016-09-30": "1367.00000", "2016-06-30": "1333.00000", "2016-03-31": "1428.00000", "2015-12-31": "1550.00000", "2015-09-30": "1456.00000", "2015-06-30": "1246.00000", "2015-03-31": "1265.00000", "2014-12-31": "1520.00000", "2014-09-30": "1364.00000", "2014-06-30": "1369.00000", "2014-03-31": "1287.00000", "2013-12-31": "1567.00000", "2013-09-30": "1333.00000", "2013-06-30": "1384.00000", "2013-03-31": "1299.00000", "2012-12-31": "1472.00000", "2012-09-30": "1373.00000", "2012-06-30": "1443.00000", "2012-03-31": "1341.00000", "2011-12-31": "1475.00000", "2011-09-30": "1339.00000", "2011-06-30": "1307.00000", "2011-03-31": "1450.00000", "2010-12-31": "1461.00000", "2010-09-30": "1430.00000", "2010-06-30": "1469.00000", "2010-03-31": "1471.00000", "2009-12-31": ""}, "Gross Profit": {"2020-09-30": "436.00000", "2020-06-30": "264.00000", "2020-03-31": "423.00000", "2019-12-31": "432.00000", "2019-09-30": "417.00000", "2019-06-30": "354.00000", "2019-03-31": "328.00000", "2018-12-31": "470.00000", "2018-09-30": "490.00000", "2018-06-30": "452.00000", "2018-03-31": "379.00000", "2017-12-31": "447.00000", "2017-09-30": "415.00000", "2017-06-30": "422.00000", "2017-03-31": "344.00000", "2016-12-31": "605.00000", "2016-09-30": "316.00000", "2016-06-30": "367.00000", "2016-03-31": "335.00000", "2015-12-31": "355.00000", "2015-09-30": "344.00000", "2015-06-30": "499.00000", "2015-03-31": "305.00000", "2014-12-31": "407.00000", "2014-09-30": "353.00000", "2014-06-30": "350.00000", "2014-03-31": "307.00000", "2013-12-31": "371.00000", "2013-09-30": "304.00000", "2013-06-30": "299.00000", "2013-03-31": "263.00000", "2012-12-31": "351.00000", "2012-09-30": "223.00000", "2012-06-30": "278.00000", "2012-03-31": "227.00000", "2011-12-31": "260.00000", "2011-09-30": "254.00000", "2011-06-30": "256.00000", "2011-03-31": "234.00000", "2010-12-31": "275.00000", "2010-09-30": "235.00000", "2010-06-30": "141.00000", "2010-03-31": "241.00000", "2009-12-31": ""}, "Research And Development Expenses": {"2020-09-30": "", "2020-06-30": "", "2020-03-31": "", "2019-12-31": "", "2019-09-30": "", "2019-06-30": "", "2019-03-31": "", "2018-12-31": "", "2018-09-30": "", "2018-06-30": "", "2018-03-31": "", "2017-12-31": "", "2017-09-30": "", "2017-06-30": "", "2017-03-31": "", "2016-12-31": "", "2016-09-30": "", "2016-06-30": "", "2016-03-31": "", "2015-12-31": "", "2015-09-30": "", "2015-06-30": "", "2015-03-31": "", "2014-12-31": "", "2014-09-30": "", "2014-06-30": "", "2014-03-31": "", "2013-12-31": "", "2013-09-30": "", "2013-06-30": "", "2013-03-31": "", "2012-12-31": "", "2012-09-30": "", "2012-06-30": "", "2012-03-31": "", "2011-12-31": "", "2011-09-30": "", "2011-06-30": "", "2011-03-31": "", "2010-12-31": "0.00000", "2010-09-30": "", "2010-06-30": "", "2010-03-31": "", "2009-12-31": ""}, "SG&A Expenses": {"2020-09-30": "220.00000", "2020-06-30": "214.00000", "2020-03-31": "214.00000", "2019-12-31": "224.00000", "2019-09-30": "209.00000", "2019-06-30": "184.00000", "2019-03-31": "171.00000", "2018-12-31": "262.00000", "2018-09-30": "208.00000", "2018-06-30": "209.00000", "2018-03-31": "192.00000", "2017-12-31": "218.00000", "2017-09-30": "181.00000", "2017-06-30": "182.00000", "2017-03-31": "178.00000", "2016-12-31": "333.00000", "2016-09-30": "147.00000", "2016-06-30": "151.00000", "2016-03-31": "137.00000", "2015-12-31": "196.00000", "2015-09-30": "150.00000", "2015-06-30": "173.00000", "2015-03-31": "150.00000", "2014-12-31": "217.00000", "2014-09-30": "189.00000", "2014-06-30": "170.00000", "2014-03-31": "150.00000", "2013-12-31": "198.00000", "2013-09-30": "186.00000", "2013-06-30": "185.00000", "2013-03-31": "170.00000", "2012-12-31": "249.00000", "2012-09-30": "164.00000", "2012-06-30": "176.00000", "2012-03-31": "150.00000", "2011-12-31": "163.00000", "2011-09-30": "153.00000", "2011-06-30": "169.00000", "2011-03-31": "149.00000", "2010-12-31": "216.00000", "2010-09-30": "158.00000", "2010-06-30": "161.00000", "2010-03-31": "154.00000", "2009-12-31": ""}, "Other Operating Income Or Expenses": {"2020-09-30": "", "2020-06-30": "", "2020-03-31": "", "2019-12-31": "", "2019-09-30": "", "2019-06-30": "", "2019-03-31": "", "2018-12-31": "", "2018-09-30": "", "2018-06-30": "12.00000", "2018-03-31": "2.00000", "2017-12-31": "", "2017-09-30": "", "2017-06-30": "", "2017-03-31": "", "2016-12-31": "", "2016-09-30": "", "2016-06-30": "", "2016-03-31": "", "2015-12-31": "", "2015-09-30": "", "2015-06-30": "", "2015-03-31": "", "2014-12-31": "", "2014-09-30": "", "2014-06-30": "", "2014-03-31": "", "2013-12-31": "", "2013-09-30": "", "2013-06-30": "", "2013-03-31": "", "2012-12-31": "", "2012-09-30": "", "2012-06-30": "", "2012-03-31": "", "2011-12-31": "", "2011-09-30": "", "2011-06-30": "", "2011-03-31": "", "2010-12-31": "", "2010-09-30": "", "2010-06-30": "", "2010-03-31": "", "2009-12-31": ""}, "Operating Expenses": {"2020-09-30": "2092.00000", "2020-06-30": "1970.00000", "2020-03-31": "2048.00000", "2019-12-31": "2226.00000", "2019-09-30": "2005.00000", "2019-06-30": "2013.00000", "2019-03-31": "1919.00000", "2018-12-31": "1986.00000", "2018-09-30": "1793.00000", "2018-06-30": "1763.00000", "2018-03-31": "1683.00000", "2017-12-31": "1765.00000", "2017-09-30": "1622.00000", "2017-06-30": "1617.00000", "2017-03-31": "1556.00000", "2016-12-31": "1636.00000", "2016-09-30": "1508.00000", "2016-06-30": "1483.00000", "2016-03-31": "1565.00000", "2015-12-31": "1761.00000", "2015-09-30": "1600.00000", "2015-06-30": "1476.00000", "2015-03-31": "1414.00000", "2014-12-31": "1783.00000", "2014-09-30": "1546.00000", "2014-06-30": "1538.00000", "2014-03-31": "1435.00000", "2013-12-31": "1764.00000", "2013-09-30": "1510.00000", "2013-06-30": "1567.00000", "2013-03-31": "1467.00000", "2012-12-31": "1717.00000", "2012-09-30": "1530.00000", "2012-06-30": "1615.00000", "2012-03-31": "1488.00000", "2011-12-31": "1621.00000", "2011-09-30": "1783.00000", "2011-06-30": "1472.00000", "2011-03-31": "1599.00000", "2010-12-31": "1677.00000", "2010-09-30": "1588.00000", "2010-06-30": "1630.00000", "2010-03-31": "1625.00000", "2009-12-31": ""}, "Operating Income": {"2020-09-30": "222.00000", "2020-06-30": "57.00000", "2020-03-31": "215.00000", "2019-12-31": "186.00000", "2019-09-30": "214.00000", "2019-06-30": "175.00000", "2019-03-31": "161.00000", "2018-12-31": "213.00000", "2018-09-30": "290.00000", "2018-06-30": "257.00000", "2018-03-31": "191.00000", "2017-12-31": "231.00000", "2017-09-30": "241.00000", "2017-06-30": "241.00000", "2017-03-31": "168.00000", "2016-12-31": "286.00000", "2016-09-30": "175.00000", "2016-06-30": "217.00000", "2016-03-31": "198.00000", "2015-12-31": "144.00000", "2015-09-30": "200.00000", "2015-06-30": "269.00000", "2015-03-31": "156.00000", "2014-12-31": "144.00000", "2014-09-30": "171.00000", "2014-06-30": "181.00000", "2014-03-31": "159.00000", "2013-12-31": "174.00000", "2013-09-30": "127.00000", "2013-06-30": "116.00000", "2013-03-31": "95.00000", "2012-12-31": "106.00000", "2012-09-30": "66.00000", "2012-06-30": "106.00000", "2012-03-31": "80.00000", "2011-12-31": "114.00000", "2011-09-30": "-190.00000", "2011-06-30": "91.00000", "2011-03-31": "85.00000", "2010-12-31": "59.00000", "2010-09-30": "77.00000", "2010-06-30": "-20.00000", "2010-03-31": "87.00000", "2009-12-31": ""}, "Total Non-Operating Income/Expense": {"2020-09-30": "4.00000", "2020-06-30": "8.00000", "2020-03-31": "1.00000", "2019-12-31": "-14.00000", "2019-09-30": "-16.00000", "2019-06-30": "-11.00000", "2019-03-31": "-12.00000", "2018-12-31": "6.00000", "2018-09-30": "5.00000", "2018-06-30": "5.00000", "2018-03-31": "4.00000", "2017-12-31": "-44.00000", "2017-09-30": "-21.00000", "2017-06-30": "-23.00000", "2017-03-31": "-21.00000", "2016-12-31": "-35.00000", "2016-09-30": "-18.00000", "2016-06-30": "-18.00000", "2016-03-31": "-21.00000", "2015-12-31": "-64.00000", "2015-09-30": "-25.00000", "2015-06-30": "-25.00000", "2015-03-31": "-23.00000", "2014-12-31": "-65.00000", "2014-09-30": "-27.00000", "2014-06-30": "-29.00000", "2014-03-31": "-27.00000", "2013-12-31": "-31.00000", "2013-09-30": "-28.00000", "2013-06-30": "-29.00000", "2013-03-31": "-30.00000", "2012-12-31": "-29.00000", "2012-09-30": "-29.00000", "2012-06-30": "-29.00000", "2012-03-31": "-30.00000", "2011-12-31": "-29.00000", "2011-09-30": "-30.00000", "2011-06-30": "-30.00000", "2011-03-31": "-15.00000", "2010-12-31": "-12.00000", "2010-09-30": "-10.00000", "2010-06-30": "-10.00000", "2010-03-31": "-10.00000", "2009-12-31": ""}, "Pre-Tax Income": {"2020-09-30": "226.00000", "2020-06-30": "65.00000", "2020-03-31": "216.00000", "2019-12-31": "172.00000", "2019-09-30": "198.00000", "2019-06-30": "164.00000", "2019-03-31": "149.00000", "2018-12-31": "219.00000", "2018-09-30": "295.00000", "2018-06-30": "262.00000", "2018-03-31": "195.00000", "2017-12-31": "187.00000", "2017-09-30": "220.00000", "2017-06-30": "218.00000", "2017-03-31": "147.00000", "2016-12-31": "251.00000", "2016-09-30": "157.00000", "2016-06-30": "199.00000", "2016-03-31": "177.00000", "2015-12-31": "80.00000", "2015-09-30": "175.00000", "2015-06-30": "244.00000", "2015-03-31": "133.00000", "2014-12-31": "79.00000", "2014-09-30": "144.00000", "2014-06-30": "152.00000", "2014-03-31": "132.00000", "2013-12-31": "143.00000", "2013-09-30": "99.00000", "2013-06-30": "87.00000", "2013-03-31": "65.00000", "2012-12-31": "77.00000", "2012-09-30": "37.00000", "2012-06-30": "77.00000", "2012-03-31": "50.00000", "2011-12-31": "85.00000", "2011-09-30": "-220.00000", "2011-06-30": "61.00000", "2011-03-31": "70.00000", "2010-12-31": "85.00000", "2010-09-30": "67.00000", "2010-06-30": "-30.00000", "2010-03-31": "77.00000", "2009-12-31": ""}, "Income Taxes": {"2020-09-30": "4.00000", "2020-06-30": "12.00000", "2020-03-31": "44.00000", "2019-12-31": "23.00000", "2019-09-30": "44.00000", "2019-06-30": "36.00000", "2019-03-31": "31.00000", "2018-12-31": "7.00000", "2018-09-30": "66.00000", "2018-06-30": "23.00000", "2018-03-31": "39.00000", "2017-12-31": "123.00000", "2017-09-30": "71.00000", "2017-06-30": "71.00000", "2017-03-31": "28.00000", "2016-12-31": "54.00000", "2016-09-30": "50.00000", "2016-06-30": "66.00000", "2016-03-31": "41.00000", "2015-12-31": "30.00000", "2015-09-30": "64.00000", "2015-06-30": "88.00000", "2015-03-31": "46.00000", "2014-12-31": "27.00000", "2014-09-30": "48.00000", "2014-06-30": "52.00000", "2014-03-31": "42.00000", "2013-12-31": "52.00000", "2013-09-30": "30.00000", "2013-06-30": "30.00000", "2013-03-31": "21.00000", "2012-12-31": "27.00000", "2012-09-30": "24.00000", "2012-06-30": "27.00000", "2012-03-31": "17.00000", "2011-12-31": "22.00000", "2011-09-30": "28.00000", "2011-06-30": "21.00000", "2011-03-31": "25.00000", "2010-12-31": "26.00000", "2010-09-30": "25.00000", "2010-06-30": "-19.00000", "2010-03-31": "36.00000", "2009-12-31": ""}, "Income After Taxes": {"2020-09-30": "222.00000", "2020-06-30": "53.00000", "2020-03-31": "172.00000", "2019-12-31": "149.00000", "2019-09-30": "154.00000", "2019-06-30": "128.00000", "2019-03-31": "118.00000", "2018-12-31": "212.00000", "2018-09-30": "229.00000", "2018-06-30": "239.00000", "2018-03-31": "156.00000", "2017-12-31": "64.00000", "2017-09-30": "149.00000", "2017-06-30": "147.00000", "2017-03-31": "119.00000", "2016-12-31": "197.00000", "2016-09-30": "107.00000", "2016-06-30": "133.00000", "2016-03-31": "136.00000", "2015-12-31": "50.00000", "2015-09-30": "111.00000", "2015-06-30": "156.00000", "2015-03-31": "87.00000", "2014-12-31": "52.00000", "2014-09-30": "96.00000", "2014-06-30": "100.00000", "2014-03-31": "90.00000", "2013-12-31": "91.00000", "2013-09-30": "69.00000", "2013-06-30": "57.00000", "2013-03-31": "44.00000", "2012-12-31": "50.00000", "2012-09-30": "13.00000", "2012-06-30": "50.00000", "2012-03-31": "33.00000", "2011-12-31": "63.00000", "2011-09-30": "-248.00000", "2011-06-30": "40.00000", "2011-03-31": "45.00000", "2010-12-31": "59.00000", "2010-09-30": "42.00000", "2010-06-30": "-11.00000", "2010-03-31": "41.00000", "2009-12-31": ""}, "Other Income": {"2020-09-30": "", "2020-06-30": "", "2020-03-31": "", "2019-12-31": "", "2019-09-30": "", "2019-06-30": "", "2019-03-31": "", "2018-12-31": "", "2018-09-30": "", "2018-06-30": "", "2018-03-31": "", "2017-12-31": "", "2017-09-30": "", "2017-06-30": "", "2017-03-31": "", "2016-12-31": "", "2016-09-30": "", "2016-06-30": "", "2016-03-31": "", "2015-12-31": "", "2015-09-30": "", "2015-06-30": "", "2015-03-31": "", "2014-12-31": "", "2014-09-30": "", "2014-06-30": "", "2014-03-31": "", "2013-12-31": "", "2013-09-30": "", "2013-06-30": "", "2013-03-31": "", "2012-12-31": "", "2012-09-30": "", "2012-06-30": "", "2012-03-31": "", "2011-12-31": "", "2011-09-30": "", "2011-06-30": "", "2011-03-31": "", "2010-12-31": "0.00000", "2010-09-30": "", "2010-06-30": "", "2010-03-31": "", "2009-12-31": ""}, "Income From Continuous Operations": {"2020-09-30": "222.00000", "2020-06-30": "53.00000", "2020-03-31": "172.00000", "2019-12-31": "149.00000", "2019-09-30": "154.00000", "2019-06-30": "128.00000", "2019-03-31": "118.00000", "2018-12-31": "212.00000", "2018-09-30": "229.00000", "2018-06-30": "239.00000", "2018-03-31": "156.00000", "2017-12-31": "64.00000", "2017-09-30": "149.00000", "2017-06-30": "147.00000", "2017-03-31": "119.00000", "2016-12-31": "197.00000", "2016-09-30": "107.00000", "2016-06-30": "133.00000", "2016-03-31": "136.00000", "2015-12-31": "50.00000", "2015-09-30": "111.00000", "2015-06-30": "156.00000", "2015-03-31": "87.00000", "2014-12-31": "52.00000", "2014-09-30": "96.00000", "2014-06-30": "100.00000", "2014-03-31": "90.00000", "2013-12-31": "91.00000", "2013-09-30": "69.00000", "2013-06-30": "57.00000", "2013-03-31": "44.00000", "2012-12-31": "50.00000", "2012-09-30": "13.00000", "2012-06-30": "50.00000", "2012-03-31": "33.00000", "2011-12-31": "63.00000", "2011-09-30": "-248.00000", "2011-06-30": "40.00000", "2011-03-31": "45.00000", "2010-12-31": "63.00000", "2010-09-30": "42.00000", "2010-06-30": "-11.00000", "2010-03-31": "41.00000", "2009-12-31": ""}, "Income From Discontinued Operations": {"2020-09-30": "", "2020-06-30": "", "2020-03-31": "", "2019-12-31": "", "2019-09-30": "", "2019-06-30": "", "2019-03-31": "", "2018-12-31": "", "2018-09-30": "", "2018-06-30": "", "2018-03-31": "", "2017-12-31": "", "2017-09-30": "", "2017-06-30": "", "2017-03-31": "", "2016-12-31": "", "2016-09-30": "", "2016-06-30": "", "2016-03-31": "", "2015-12-31": "", "2015-09-30": "", "2015-06-30": "", "2015-03-31": "", "2014-12-31": "", "2014-09-30": "", "2014-06-30": "", "2014-03-31": "", "2013-12-31": "", "2013-09-30": "", "2013-06-30": "", "2013-03-31": "", "2012-12-31": "", "2012-09-30": "", "2012-06-30": "", "2012-03-31": "", "2011-12-31": "", "2011-09-30": "", "2011-06-30": "", "2011-03-31": "", "2010-12-31": "0.00000", "2010-09-30": "", "2010-06-30": "", "2010-03-31": "", "2009-12-31": ""}, "Net Income": {"2020-09-30": "222.00000", "2020-06-30": "53.00000", "2020-03-31": "172.00000", "2019-12-31": "149.00000", "2019-09-30": "154.00000", "2019-06-30": "128.00000", "2019-03-31": "118.00000", "2018-12-31": "212.00000", "2018-09-30": "229.00000", "2018-06-30": "239.00000", "2018-03-31": "156.00000", "2017-12-31": "64.00000", "2017-09-30": "149.00000", "2017-06-30": "147.00000", "2017-03-31": "119.00000", "2016-12-31": "197.00000", "2016-09-30": "107.00000", "2016-06-30": "133.00000", "2016-03-31": "136.00000", "2015-12-31": "50.00000", "2015-09-30": "111.00000", "2015-06-30": "156.00000", "2015-03-31": "87.00000", "2014-12-31": "52.00000", "2014-09-30": "96.00000", "2014-06-30": "100.00000", "2014-03-31": "90.00000", "2013-12-31": "91.00000", "2013-09-30": "69.00000", "2013-06-30": "57.00000", "2013-03-31": "44.00000", "2012-12-31": "50.00000", "2012-09-30": "13.00000", "2012-06-30": "50.00000", "2012-03-31": "33.00000", "2011-12-31": "63.00000", "2011-09-30": "-248.00000", "2011-06-30": "40.00000", "2011-03-31": "45.00000", "2010-12-31": "63.00000", "2010-09-30": "42.00000", "2010-06-30": "-11.00000", "2010-03-31": "41.00000", "2009-12-31": ""}, "EBITDA": {"2020-09-30": "289.00000", "2020-06-30": "126.00000", "2020-03-31": "280.00000", "2019-12-31": "289.00000", "2019-09-30": "276.00000", "2019-06-30": "234.00000", "2019-03-31": "218.00000", "2018-12-31": "265.00000", "2018-09-30": "353.00000", "2018-06-30": "313.00000", "2018-03-31": "244.00000", "2017-12-31": "287.00000", "2017-09-30": "300.00000", "2017-06-30": "293.00000", "2017-03-31": "224.00000", "2016-12-31": "333.00000", "2016-09-30": "227.00000", "2016-06-30": "267.00000", "2016-03-31": "246.00000", "2015-12-31": "235.00000", "2015-09-30": "252.00000", "2015-06-30": "376.00000", "2015-03-31": "206.00000", "2014-12-31": "233.00000", "2014-09-30": "228.00000", "2014-06-30": "233.00000", "2014-03-31": "224.00000", "2013-12-31": "253.00000", "2013-09-30": "196.00000", "2013-06-30": "164.00000", "2013-03-31": "148.00000", "2012-12-31": "160.00000", "2012-09-30": "120.00000", "2012-06-30": "157.00000", "2012-03-31": "132.00000", "2011-12-31": "159.00000", "2011-09-30": "168.00000", "2011-06-30": "143.00000", "2011-03-31": "130.00000", "2010-12-31": "99.00000", "2010-09-30": "124.00000", "2010-06-30": "26.00000", "2010-03-31": "137.00000", "2009-12-31": ""}, "EBIT": {"2020-09-30": "228.00000", "2020-06-30": "64.00000", "2020-03-31": "221.00000", "2019-12-31": "193.00000", "2019-09-30": "220.00000", "2019-06-30": "180.00000", "2019-03-31": "165.00000", "2018-12-31": "218.00000", "2018-09-30": "298.00000", "2018-06-30": "259.00000", "2018-03-31": "193.00000", "2017-12-31": "233.00000", "2017-09-30": "248.00000", "2017-06-30": "242.00000", "2017-03-31": "170.00000", "2016-12-31": "285.00000", "2016-09-30": "181.00000", "2016-06-30": "218.00000", "2016-03-31": "198.00000", "2015-12-31": "145.00000", "2015-09-30": "206.00000", "2015-06-30": "271.00000", "2015-03-31": "157.00000", "2014-12-31": "145.00000", "2014-09-30": "178.00000", "2014-06-30": "182.00000", "2014-03-31": "161.00000", "2013-12-31": "175.00000", "2013-09-30": "136.00000", "2013-06-30": "118.00000", "2013-03-31": "97.00000", "2012-12-31": "110.00000", "2012-09-30": "73.00000", "2012-06-30": "110.00000", "2012-03-31": "83.00000", "2011-12-31": "121.00000", "2011-09-30": "-181.00000", "2011-06-30": "95.00000", "2011-03-31": "85.00000", "2010-12-31": "59.00000", "2010-09-30": "77.00000", "2010-06-30": "-20.00000", "2010-03-31": "87.00000", "2009-12-31": ""}, "Basic Shares Outstanding": {"2020-09-30": "40.60000", "2020-06-30": "40.70000", "2020-03-31": "40.70000", "2019-12-31": "41.40000", "2019-09-30": "41.20000", "2019-06-30": "41.70000", "2019-03-31": "41.40000", "2018-12-31": "43.80000", "2018-09-30": "43.30000", "2018-06-30": "44.20000", "2018-03-31": "44.80000", "2017-12-31": "45.70000", "2017-09-30": "45.40000", "2017-06-30": "45.70000", "2017-03-31": "46.30000", "2016-12-31": "46.80000", "2016-09-30": "46.90000", "2016-06-30": "47.00000", "2016-03-31": "47.00000", "2015-12-31": "47.90000", "2015-09-30": "48.00000", "2015-06-30": "48.50000", "2015-03-31": "48.40000", "2014-12-31": "48.80000", "2014-09-30": "48.70000", "2014-06-30": "48.80000", "2014-03-31": "49.10000", "2013-12-31": "49.70000", "2013-09-30": "49.90000", "2013-06-30": "50.20000", "2013-03-31": "49.80000", "2012-12-31": "49.40000", "2012-09-30": "49.60000", "2012-06-30": "49.50000", "2012-03-31": "49.00000", "2011-12-31": "48.80000", "2011-09-30": "48.90000", "2011-06-30": "48.80000", "2011-03-31": "48.80000", "2010-12-31": "48.80000", "2010-09-30": "48.80000", "2010-06-30": "48.80000", "2010-03-31": "48.80000", "2009-12-31": ""}, "Shares Outstanding": {"2020-09-30": "40.70000", "2020-06-30": "40.70000", "2020-03-31": "40.70000", "2019-12-31": "41.40000", "2019-09-30": "41.20000", "2019-06-30": "41.70000", "2019-03-31": "41.40000", "2018-12-31": "43.80000", "2018-09-30": "43.30000", "2018-06-30": "44.30000", "2018-03-31": "44.80000", "2017-12-31": "45.80000", "2017-09-30": "45.50000", "2017-06-30": "45.80000", "2017-03-31": "46.40000", "2016-12-31": "47.20000", "2016-09-30": "47.20000", "2016-06-30": "47.50000", "2016-03-31": "47.40000", "2015-12-31": "48.30000", "2015-09-30": "48.40000", "2015-06-30": "48.80000", "2015-03-31": "48.70000", "2014-12-31": "49.30000", "2014-09-30": "49.00000", "2014-06-30": "49.10000", "2014-03-31": "49.70000", "2013-12-31": "50.40000", "2013-09-30": "50.60000", "2013-06-30": "50.70000", "2013-03-31": "50.30000", "2012-12-31": "50.10000", "2012-09-30": "50.30000", "2012-06-30": "50.10000", "2012-03-31": "49.50000", "2011-12-31": "48.80000", "2011-09-30": "48.90000", "2011-06-30": "49.60000", "2011-03-31": "48.80000", "2010-12-31": "48.80000", "2010-09-30": "48.80000", "2010-06-30": "48.80000", "2010-03-31": "48.80000", "2009-12-31": ""}, "Basic EPS": {"2020-09-30": "5.47000", "2020-06-30": "1.30000", "2020-03-31": "4.23000", "2019-12-31": "3.60000", "2019-09-30": "3.74000", "2019-06-30": "3.07000", "2019-03-31": "2.85000", "2018-12-31": "4.91000", "2018-09-30": "5.29000", "2018-06-30": "5.41000", "2018-03-31": "3.48000", "2017-12-31": "1.41000", "2017-09-30": "3.28000", "2017-06-30": "3.22000", "2017-03-31": "2.57000", "2016-12-31": "4.24000", "2016-09-30": "2.28000", "2016-06-30": "2.83000", "2016-03-31": "2.89000", "2015-12-31": "1.10000", "2015-09-30": "2.31000", "2015-06-30": "3.22000", "2015-03-31": "1.80000", "2014-12-31": "1.08000", "2014-09-30": "1.97000", "2014-06-30": "2.05000", "2014-03-31": "1.83000", "2013-12-31": "1.85000", "2013-09-30": "1.38000", "2013-06-30": "1.14000", "2013-03-31": "0.88000", "2012-12-31": "1.02000", "2012-09-30": "0.26000", "2012-06-30": "1.01000", "2012-03-31": "0.67000", "2011-12-31": "1.29000", "2011-09-30": "-5.07000", "2011-06-30": "0.81000", "2011-03-31": "0.92000", "2010-12-31": "1.29000", "2010-09-30": "0.86000", "2010-06-30": "-0.23000", "2010-03-31": "0.85000", "2009-12-31": ""}, "EPS - Earnings Per Share": {"2020-09-30": "5.45000", "2020-06-30": "1.30000", "2020-03-31": "4.23000", "2019-12-31": "3.60000", "2019-09-30": "3.74000", "2019-06-30": "3.07000", "2019-03-31": "2.85000", "2018-12-31": "4.92000", "2018-09-30": "5.29000", "2018-06-30": "5.40000", "2018-03-31": "3.48000", "2017-12-31": "1.42000", "2017-09-30": "3.27000", "2017-06-30": "3.21000", "2017-03-31": "2.56000", "2016-12-31": "4.20000", "2016-09-30": "2.27000", "2016-06-30": "2.80000", "2016-03-31": "2.87000", "2015-12-31": "1.08000", "2015-09-30": "2.29000", "2015-06-30": "3.20000", "2015-03-31": "1.79000", "2014-12-31": "1.05000", "2014-09-30": "1.96000", "2014-06-30": "2.04000", "2014-03-31": "1.81000", "2013-12-31": "1.83000", "2013-09-30": "1.36000", "2013-06-30": "1.12000", "2013-03-31": "0.87000", "2012-12-31": "0.98000", "2012-09-30": "0.26000", "2012-06-30": "1.00000", "2012-03-31": "0.67000", "2011-12-31": "1.30000", "2011-09-30": "-5.07000", "2011-06-30": "0.80000", "2011-03-31": "0.92000", "2010-12-31": "1.29000", "2010-09-30": "0.86000", "2010-06-30": "-0.23000", "2010-03-31": "0.85000", "2009-12-31": "0.00000"}}, "balance sheet": {"Cash On Hand": {"2019-12-31": "75.00000", "2018-12-31": "240.00000", "2017-12-31": "701.00000", "2016-12-31": "720.00000", "2015-12-31": "894.00000", "2014-12-31": "990.00000", "2013-12-31": "1043.00000", "2012-12-31": "1057.00000", "2011-12-31": "915.00000", "2010-12-31": "", "2009-12-31": ""}, "Receivables": {"2019-12-31": "466.00000", "2018-12-31": "346.00000", "2017-12-31": "429.00000", "2016-12-31": "1164.00000", "2015-12-31": "1074.00000", "2014-12-31": "1038.00000", "2013-12-31": "1123.00000", "2012-12-31": "905.00000", "2011-12-31": "711.00000", "2010-12-31": "728.00000", "2009-12-31": ""}, "Inventory": {"2019-12-31": "136.00000", "2018-12-31": "128.00000", "2017-12-31": "183.00000", "2016-12-31": "210.00000", "2015-12-31": "285.00000", "2014-12-31": "339.00000", "2013-12-31": "311.00000", "2012-12-31": "288.00000", "2011-12-31": "380.00000", "2010-12-31": "293.00000", "2009-12-31": ""}, "Pre-Paid Expenses": {"2019-12-31": "24.00000", "2018-12-31": "27.00000", "2017-12-31": "123.00000", "2016-12-31": "48.00000", "2015-12-31": "31.00000", "2014-12-31": "50.00000", "2013-12-31": "29.00000", "2012-12-31": "21.00000", "2011-12-31": "30.00000", "2010-12-31": "8.00000", "2009-12-31": ""}, "Other Current Assets": {"2019-12-31": "1084.00000", "2018-12-31": "1004.00000", "2017-12-31": "759.00000", "2016-12-31": "", "2015-12-31": "", "2014-12-31": "", "2013-12-31": "", "2012-12-31": "", "2011-12-31": "", "2010-12-31": "", "2009-12-31": ""}, "Total Current Assets": {"2019-12-31": "1785.00000", "2018-12-31": "1745.00000", "2017-12-31": "2195.00000", "2016-12-31": "2142.00000", "2015-12-31": "2284.00000", "2014-12-31": "2417.00000", "2013-12-31": "2676.00000", "2012-12-31": "2484.00000", "2011-12-31": "2268.00000", "2010-12-31": "1313.00000", "2009-12-31": ""}, "Property, Plant, And Equipment": {"2019-12-31": "2832.00000", "2018-12-31": "2517.00000", "2017-12-31": "2215.00000", "2016-12-31": "1986.00000", "2015-12-31": "1827.00000", "2014-12-31": "1792.00000", "2013-12-31": "1897.00000", "2012-12-31": "2034.00000", "2011-12-31": "2033.00000", "2010-12-31": "1997.00000", "2009-12-31": ""}, "Long-Term Investments": {"2019-12-31": "", "2018-12-31": "", "2017-12-31": "", "2016-12-31": "", "2015-12-31": "", "2014-12-31": "", "2013-12-31": "", "2012-12-31": "", "2011-12-31": "", "2010-12-31": "", "2009-12-31": ""}, "Goodwill And Intangible Assets": {"2019-12-31": "1865.00000", "2018-12-31": "1755.00000", "2017-12-31": "1725.00000", "2016-12-31": "1782.00000", "2015-12-31": "1451.00000", "2014-12-31": "1573.00000", "2013-12-31": "1409.00000", "2012-12-31": "1429.00000", "2011-12-31": "1448.00000", "2010-12-31": "1721.00000", "2009-12-31": "0.00000"}, "Other Long-Term Assets": {"2019-12-31": "240.00000", "2018-12-31": "203.00000", "2017-12-31": "125.00000", "2016-12-31": "128.00000", "2015-12-31": "126.00000", "2014-12-31": "99.00000", "2013-12-31": "119.00000", "2012-12-31": "116.00000", "2011-12-31": "97.00000", "2010-12-31": "41.00000", "2009-12-31": ""}, "Total Long-Term Assets": {"2019-12-31": "5246.00000", "2018-12-31": "4638.00000", "2017-12-31": "4179.00000", "2016-12-31": "4210.00000", "2015-12-31": "3740.00000", "2014-12-31": "3822.00000", "2013-12-31": "3549.00000", "2012-12-31": "3908.00000", "2011-12-31": "3801.00000", "2010-12-31": "3890.00000", "2009-12-31": ""}, "Total Assets": {"2019-12-31": "7031.00000", "2018-12-31": "6383.00000", "2017-12-31": "6374.00000", "2016-12-31": "6352.00000", "2015-12-31": "6024.00000", "2014-12-31": "6239.00000", "2013-12-31": "6225.00000", "2012-12-31": "6392.00000", "2011-12-31": "6069.00000", "2010-12-31": "5203.00000", "2009-12-31": "0.00000"}, "Total Current Liabilities": {"2019-12-31": "1890.00000", "2018-12-31": "1829.00000", "2017-12-31": "1391.00000", "2016-12-31": "1343.00000", "2015-12-31": "1274.00000", "2014-12-31": "1312.00000", "2013-12-31": "1392.00000", "2012-12-31": "1384.00000", "2011-12-31": "1372.00000", "2010-12-31": "2226.00000", "2009-12-31": ""}, "Long Term Debt": {"2019-12-31": "1286.00000", "2018-12-31": "1283.00000", "2017-12-31": "1279.00000", "2016-12-31": "1278.00000", "2015-12-31": "1273.00000", "2014-12-31": "1562.00000", "2013-12-31": "1700.00000", "2012-12-31": "1779.00000", "2011-12-31": "1830.00000", "2010-12-31": "105.00000", "2009-12-31": ""}, "Other Non-Current Liabilities": {"2019-12-31": "748.00000", "2018-12-31": "643.00000", "2017-12-31": "610.00000", "2016-12-31": "531.00000", "2015-12-31": "563.00000", "2014-12-31": "554.00000", "2013-12-31": "523.00000", "2012-12-31": "462.00000", "2011-12-31": "410.00000", "2010-12-31": "407.00000", "2009-12-31": ""}, "Total Long Term Liabilities": {"2019-12-31": "3553.00000", "2018-12-31": "3038.00000", "2017-12-31": "3225.00000", "2016-12-31": "3356.00000", "2015-12-31": "3260.00000", "2014-12-31": "3562.00000", "2013-12-31": "3312.00000", "2012-12-31": "4341.00000", "2011-12-31": "3838.00000", "2010-12-31": "1559.00000", "2009-12-31": ""}, "Total Liabilities": {"2019-12-31": "5443.00000", "2018-12-31": "4867.00000", "2017-12-31": "4616.00000", "2016-12-31": "4699.00000", "2015-12-31": "4534.00000", "2014-12-31": "4874.00000", "2013-12-31": "4704.00000", "2012-12-31": "5725.00000", "2011-12-31": "5210.00000", "2010-12-31": "3785.00000", "2009-12-31": "0.00000"}, "Common Stock Net": {"2019-12-31": "1.00000", "2018-12-31": "1.00000", "2017-12-31": "1.00000", "2016-12-31": "1.00000", "2015-12-31": "1.00000", "2014-12-31": "1.00000", "2013-12-31": "1.00000", "2012-12-31": "", "2011-12-31": "", "2010-12-31": "", "2009-12-31": "0.00000"}, "Retained Earnings (Accumulated Deficit)": {"2019-12-31": "3009.00000", "2018-12-31": "2609.00000", "2017-12-31": "1687.00000", "2016-12-31": "1323.00000", "2015-12-31": "848.00000", "2014-12-31": "525.00000", "2013-12-31": "236.00000", "2012-12-31": "", "2011-12-31": "-146.00000", "2010-12-31": "", "2009-12-31": ""}, "Comprehensive Income": {"2019-12-31": "-1409.00000", "2018-12-31": "-1288.00000", "2017-12-31": "-900.00000", "2016-12-31": "-951.00000", "2015-12-31": "-845.00000", "2014-12-31": "-862.00000", "2013-12-31": "-521.00000", "2012-12-31": "-1226.00000", "2011-12-31": "-862.00000", "2010-12-31": "-515.00000", "2009-12-31": ""}, "Other Share Holders Equity": {"2019-12-31": "", "2018-12-31": "", "2017-12-31": "", "2016-12-31": "", "2015-12-31": "", "2014-12-31": "", "2013-12-31": "", "2012-12-31": "", "2011-12-31": "", "2010-12-31": "1933.00000", "2009-12-31": "0.00000"}, "Share Holder Equity": {"2019-12-31": "1588.00000", "2018-12-31": "1516.00000", "2017-12-31": "1758.00000", "2016-12-31": "1653.00000", "2015-12-31": "1490.00000", "2014-12-31": "1365.00000", "2013-12-31": "1521.00000", "2012-12-31": "667.00000", "2011-12-31": "859.00000", "2010-12-31": "1418.00000", "2009-12-31": "0.00000"}, "Total Liabilities And Share Holders Equity": {"2019-12-31": "7031.00000", "2018-12-31": "6383.00000", "2017-12-31": "6374.00000", "2016-12-31": "6352.00000", "2015-12-31": "6024.00000", "2014-12-31": "6239.00000", "2013-12-31": "6225.00000", "2012-12-31": "6392.00000", "2011-12-31": "6069.00000", "2010-12-31": "5203.00000", "2009-12-31": "0.00000"}}, "balance sheet, quarterly": {"Cash On Hand": {"2020-09-30": "744.00000", "2020-06-30": "631.00000", "2020-03-31": "28.00000", "2019-12-31": "75.00000", "2019-09-30": "32.00000", "2019-06-30": "29.00000", "2019-03-31": "51.00000", "2018-12-31": "240.00000", "2018-09-30": "68.00000", "2018-06-30": "398.00000", "2018-03-31": "528.00000", "2017-12-31": "701.00000", "2017-09-30": "499.00000", "2017-06-30": "553.00000", "2017-03-31": "608.00000", "2016-12-31": "720.00000", "2016-09-30": "957.00000", "2016-06-30": "852.00000", "2016-03-31": "793.00000", "2015-12-31": "894.00000", "2015-09-30": "671.00000", "2015-06-30": "960.00000", "2015-03-31": "904.00000", "2014-12-31": "990.00000", "2014-09-30": "769.00000", "2014-06-30": "592.00000", "2014-03-31": "742.00000", "2013-12-31": "1043.00000", "2013-09-30": "895.00000", "2013-06-30": "623.00000", "2013-03-31": "652.00000", "2012-12-31": "1057.00000", "2012-09-30": "766.00000", "2012-06-30": "669.00000", "2012-03-31": "551.00000", "2011-12-31": "915.00000", "2011-09-30": "536.00000", "2011-06-30": "381.00000", "2011-03-31": "225.00000", "2010-12-31": "", "2010-09-30": "", "2010-06-30": "", "2010-03-31": "", "2009-12-31": ""}, "Receivables": {"2020-09-30": "655.00000", "2020-06-30": "598.00000", "2020-03-31": "526.00000", "2019-12-31": "466.00000", "2019-09-30": "489.00000", "2019-06-30": "564.00000", "2019-03-31": "375.00000", "2018-12-31": "346.00000", "2018-09-30": "472.00000", "2018-06-30": "364.00000", "2018-03-31": "343.00000", "2017-12-31": "429.00000", "2017-09-30": "1200.00000", "2017-06-30": "1201.00000", "2017-03-31": "1178.00000", "2016-12-31": "1164.00000", "2016-09-30": "1046.00000", "2016-06-30": "1022.00000", "2016-03-31": "1086.00000", "2015-12-31": "1074.00000", "2015-09-30": "1278.00000", "2015-06-30": "1244.00000", "2015-03-31": "1219.00000", "2014-12-31": "1038.00000", "2014-09-30": "1144.00000", "2014-06-30": "1216.00000", "2014-03-31": "1299.00000", "2013-12-31": "1123.00000", "2013-09-30": "1055.00000", "2013-06-30": "1101.00000", "2013-03-31": "1199.00000", "2012-12-31": "905.00000", "2012-09-30": "883.00000", "2012-06-30": "878.00000", "2012-03-31": "954.00000", "2011-12-31": "711.00000", "2011-09-30": "781.00000", "2011-06-30": "898.00000", "2011-03-31": "896.00000", "2010-12-31": "728.00000", "2010-09-30": "", "2010-06-30": "", "2010-03-31": "", "2009-12-31": ""}, "Inventory": {"2020-09-30": "152.00000", "2020-06-30": "160.00000", "2020-03-31": "154.00000", "2019-12-31": "136.00000", "2019-09-30": "139.00000", "2019-06-30": "126.00000", "2019-03-31": "127.00000", "2018-12-31": "128.00000", "2018-09-30": "180.00000", "2018-06-30": "174.00000", "2018-03-31": "188.00000", "2017-12-31": "183.00000", "2017-09-30": "183.00000", "2017-06-30": "204.00000", "2017-03-31": "230.00000", "2016-12-31": "210.00000", "2016-09-30": "268.00000", "2016-06-30": "280.00000", "2016-03-31": "283.00000", "2015-12-31": "285.00000", "2015-09-30": "308.00000", "2015-06-30": "319.00000", "2015-03-31": "336.00000", "2014-12-31": "339.00000", "2014-09-30": "272.00000", "2014-06-30": "294.00000", "2014-03-31": "315.00000", "2013-12-31": "311.00000", "2013-09-30": "340.00000", "2013-06-30": "321.00000", "2013-03-31": "310.00000", "2012-12-31": "288.00000", "2012-09-30": "332.00000", "2012-06-30": "357.00000", "2012-03-31": "384.00000", "2011-12-31": "380.00000", "2011-09-30": "463.00000", "2011-06-30": "389.00000", "2011-03-31": "372.00000", "2010-12-31": "293.00000", "2010-09-30": "", "2010-06-30": "", "2010-03-31": "", "2009-12-31": ""}, "Pre-Paid Expenses": {"2020-09-30": "42.00000", "2020-06-30": "43.00000", "2020-03-31": "40.00000", "2019-12-31": "24.00000", "2019-09-30": "147.00000", "2019-06-30": "145.00000", "2019-03-31": "119.00000", "2018-12-31": "27.00000", "2018-09-30": "100.00000", "2018-06-30": "138.00000", "2018-03-31": "87.00000", "2017-12-31": "123.00000", "2017-09-30": "57.00000", "2017-06-30": "75.00000", "2017-03-31": "47.00000", "2016-12-31": "48.00000", "2016-09-30": "73.00000", "2016-06-30": "43.00000", "2016-03-31": "41.00000", "2015-12-31": "31.00000", "2015-09-30": "36.00000", "2015-06-30": "39.00000", "2015-03-31": "37.00000", "2014-12-31": "50.00000", "2014-09-30": "28.00000", "2014-06-30": "46.00000", "2014-03-31": "25.00000", "2013-12-31": "29.00000", "2013-09-30": "23.00000", "2013-06-30": "45.00000", "2013-03-31": "21.00000", "2012-12-31": "21.00000", "2012-09-30": "31.00000", "2012-06-30": "41.00000", "2012-03-31": "32.00000", "2011-12-31": "30.00000", "2011-09-30": "34.00000", "2011-06-30": "40.00000", "2011-03-31": "46.00000", "2010-12-31": "8.00000", "2010-09-30": "", "2010-06-30": "", "2010-03-31": "", "2009-12-31": ""}, "Other Current Assets": {"2020-09-30": "1288.00000", "2020-06-30": "1307.00000", "2020-03-31": "1389.00000", "2019-12-31": "1084.00000", "2019-09-30": "1218.00000", "2019-06-30": "1259.00000", "2019-03-31": "1250.00000", "2018-12-31": "1004.00000", "2018-09-30": "1039.00000", "2018-06-30": "1078.00000", "2018-03-31": "1064.00000", "2017-12-31": "759.00000", "2017-09-30": "", "2017-06-30": "", "2017-03-31": "", "2016-12-31": "", "2016-09-30": "", "2016-06-30": "", "2016-03-31": "", "2015-12-31": "", "2015-09-30": "", "2015-06-30": "", "2015-03-31": "", "2014-12-31": "", "2014-09-30": "", "2014-06-30": "", "2014-03-31": "", "2013-12-31": "", "2013-09-30": "", "2013-06-30": "", "2013-03-31": "", "2012-12-31": "", "2012-09-30": "", "2012-06-30": "", "2012-03-31": "", "2011-12-31": "", "2011-09-30": "", "2011-06-30": "", "2011-03-31": "", "2010-12-31": "", "2010-09-30": "", "2010-06-30": "", "2010-03-31": "", "2009-12-31": ""}, "Total Current Assets": {"2020-09-30": "2881.00000", "2020-06-30": "2739.00000", "2020-03-31": "2137.00000", "2019-12-31": "1785.00000", "2019-09-30": "2025.00000", "2019-06-30": "2123.00000", "2019-03-31": "1922.00000", "2018-12-31": "1745.00000", "2018-09-30": "1859.00000", "2018-06-30": "2152.00000", "2018-03-31": "2210.00000", "2017-12-31": "2195.00000", "2017-09-30": "1939.00000", "2017-06-30": "2033.00000", "2017-03-31": "2063.00000", "2016-12-31": "2142.00000", "2016-09-30": "2344.00000", "2016-06-30": "2197.00000", "2016-03-31": "2203.00000", "2015-12-31": "2284.00000", "2015-09-30": "2419.00000", "2015-06-30": "2694.00000", "2015-03-31": "2628.00000", "2014-12-31": "2417.00000", "2014-09-30": "2380.00000", "2014-06-30": "2327.00000", "2014-03-31": "2544.00000", "2013-12-31": "2676.00000", "2013-09-30": "2531.00000", "2013-06-30": "2269.00000", "2013-03-31": "2391.00000", "2012-12-31": "2484.00000", "2012-09-30": "2226.00000", "2012-06-30": "2167.00000", "2012-03-31": "2156.00000", "2011-12-31": "2268.00000", "2011-09-30": "2082.00000", "2011-06-30": "1994.00000", "2011-03-31": "1832.00000", "2010-12-31": "1313.00000", "2010-09-30": "", "2010-06-30": "", "2010-03-31": "", "2009-12-31": ""}, "Property, Plant, And Equipment": {"2020-09-30": "2907.00000", "2020-06-30": "2879.00000", "2020-03-31": "2848.00000", "2019-12-31": "2832.00000", "2019-09-30": "2700.00000", "2019-06-30": "2626.00000", "2019-03-31": "2569.00000", "2018-12-31": "2517.00000", "2018-09-30": "2332.00000", "2018-06-30": "2258.00000", "2018-03-31": "2219.00000", "2017-12-31": "2215.00000", "2017-09-30": "2093.00000", "2017-06-30": "2034.00000", "2017-03-31": "1986.00000", "2016-12-31": "1986.00000", "2016-09-30": "1841.00000", "2016-06-30": "1813.00000", "2016-03-31": "1809.00000", "2015-12-31": "1827.00000", "2015-09-30": "1750.00000", "2015-06-30": "1757.00000", "2015-03-31": "1768.00000", "2014-12-31": "1792.00000", "2014-09-30": "1852.00000", "2014-06-30": "1850.00000", "2014-03-31": "1856.00000", "2013-12-31": "1897.00000", "2013-09-30": "1964.00000", "2013-06-30": "1990.00000", "2013-03-31": "2004.00000", "2012-12-31": "2034.00000", "2012-09-30": "1988.00000", "2012-06-30": "1992.00000", "2012-03-31": "2005.00000", "2011-12-31": "2033.00000", "2011-09-30": "1979.00000", "2011-06-30": "1985.00000", "2011-03-31": "2006.00000", "2010-12-31": "1997.00000", "2010-09-30": "", "2010-06-30": "", "2010-03-31": "", "2009-12-31": ""}, "Long-Term Investments": {"2020-09-30": "", "2020-06-30": "", "2020-03-31": "", "2019-12-31": "", "2019-09-30": "", "2019-06-30": "", "2019-03-31": "", "2018-12-31": "", "2018-09-30": "", "2018-06-30": "", "2018-03-31": "", "2017-12-31": "", "2017-09-30": "", "2017-06-30": "", "2017-03-31": "", "2016-12-31": "", "2016-09-30": "", "2016-06-30": "", "2016-03-31": "", "2015-12-31": "", "2015-09-30": "", "2015-06-30": "", "2015-03-31": "", "2014-12-31": "", "2014-09-30": "", "2014-06-30": "", "2014-03-31": "", "2013-12-31": "", "2013-09-30": "", "2013-06-30": "", "2013-03-31": "", "2012-12-31": "", "2012-09-30": "", "2012-06-30": "", "2012-03-31": "", "2011-12-31": "", "2011-09-30": "", "2011-06-30": "", "2011-03-31": "", "2010-12-31": "", "2010-09-30": "", "2010-06-30": "", "2010-03-31": "", "2009-12-31": ""}, "Goodwill And Intangible Assets": {"2020-09-30": "2104.00000", "2020-06-30": "2118.00000", "2020-03-31": "2129.00000", "2019-12-31": "1865.00000", "2019-09-30": "1908.00000", "2019-06-30": "1921.00000", "2019-03-31": "1932.00000", "2018-12-31": "1755.00000", "2018-09-30": "1697.00000", "2018-06-30": "1707.00000", "2018-03-31": "1716.00000", "2017-12-31": "1725.00000", "2017-09-30": "1735.00000", "2017-06-30": "1746.00000", "2017-03-31": "1771.00000", "2016-12-31": "1782.00000", "2016-09-30": "1435.00000", "2016-06-30": "1440.00000", "2016-03-31": "1446.00000", "2015-12-31": "1451.00000", "2015-09-30": "1501.00000", "2015-06-30": "1507.00000", "2015-03-31": "1572.00000", "2014-12-31": "1573.00000", "2014-09-30": "1637.00000", "2014-06-30": "1646.00000", "2014-03-31": "1450.00000", "2013-12-31": "1409.00000", "2013-09-30": "1413.00000", "2013-06-30": "1418.00000", "2013-03-31": "1423.00000", "2012-12-31": "1429.00000", "2012-09-30": "1396.00000", "2012-06-30": "1401.00000", "2012-03-31": "1406.00000", "2011-12-31": "1448.00000", "2011-09-30": "1406.00000", "2011-06-30": "1711.00000", "2011-03-31": "1716.00000", "2010-12-31": "1721.00000", "2010-09-30": "0.00000", "2010-06-30": "0.00000", "2010-03-31": "0.00000", "2009-12-31": "0.00000"}, "Other Long-Term Assets": {"2020-09-30": "269.00000", "2020-06-30": "245.00000", "2020-03-31": "231.00000", "2019-12-31": "240.00000", "2019-09-30": "241.00000", "2019-06-30": "224.00000", "2019-03-31": "217.00000", "2018-12-31": "203.00000", "2018-09-30": "213.00000", "2018-06-30": "166.00000", "2018-03-31": "129.00000", "2017-12-31": "125.00000", "2017-09-30": "117.00000", "2017-06-30": "110.00000", "2017-03-31": "122.00000", "2016-12-31": "128.00000", "2016-09-30": "135.00000", "2016-06-30": "127.00000", "2016-03-31": "125.00000", "2015-12-31": "126.00000", "2015-09-30": "156.00000", "2015-06-30": "125.00000", "2015-03-31": "127.00000", "2014-12-31": "99.00000", "2014-09-30": "127.00000", "2014-06-30": "130.00000", "2014-03-31": "131.00000", "2013-12-31": "119.00000", "2013-09-30": "123.00000", "2013-06-30": "117.00000", "2013-03-31": "116.00000", "2012-12-31": "116.00000", "2012-09-30": "122.00000", "2012-06-30": "96.00000", "2012-03-31": "94.00000", "2011-12-31": "97.00000", "2011-09-30": "105.00000", "2011-06-30": "103.00000", "2011-03-31": "107.00000", "2010-12-31": "41.00000", "2010-09-30": "", "2010-06-30": "", "2010-03-31": "", "2009-12-31": ""}, "Total Long-Term Assets": {"2020-09-30": "5564.00000", "2020-06-30": "5494.00000", "2020-03-31": "5478.00000", "2019-12-31": "5246.00000", "2019-09-30": "5159.00000", "2019-06-30": "5107.00000", "2019-03-31": "5078.00000", "2018-12-31": "4638.00000", "2018-09-30": "4340.00000", "2018-06-30": "4223.00000", "2018-03-31": "4166.00000", "2017-12-31": "4179.00000", "2017-09-30": "4233.00000", "2017-06-30": "4157.00000", "2017-03-31": "4171.00000", "2016-12-31": "4210.00000", "2016-09-30": "3664.00000", "2016-06-30": "3662.00000", "2016-03-31": "3693.00000", "2015-12-31": "3740.00000", "2015-09-30": "3623.00000", "2015-06-30": "3618.00000", "2015-03-31": "3691.00000", "2014-12-31": "3822.00000", "2014-09-30": "3745.00000", "2014-06-30": "3753.00000", "2014-03-31": "3563.00000", "2013-12-31": "3549.00000", "2013-09-30": "3748.00000", "2013-06-30": "3778.00000", "2013-03-31": "3860.00000", "2012-12-31": "3908.00000", "2012-09-30": "3637.00000", "2012-06-30": "3645.00000", "2012-03-31": "3668.00000", "2011-12-31": "3801.00000", "2011-09-30": "3633.00000", "2011-06-30": "3943.00000", "2011-03-31": "3973.00000", "2010-12-31": "3890.00000", "2010-09-30": "", "2010-06-30": "", "2010-03-31": "", "2009-12-31": ""}, "Total Assets": {"2020-09-30": "8445.00000", "2020-06-30": "8233.00000", "2020-03-31": "7615.00000", "2019-12-31": "7031.00000", "2019-09-30": "7184.00000", "2019-06-30": "7230.00000", "2019-03-31": "7000.00000", "2018-12-31": "6383.00000", "2018-09-30": "6199.00000", "2018-06-30": "6375.00000", "2018-03-31": "6376.00000", "2017-12-31": "6374.00000", "2017-09-30": "6172.00000", "2017-06-30": "6190.00000", "2017-03-31": "6234.00000", "2016-12-31": "6352.00000", "2016-09-30": "6008.00000", "2016-06-30": "5859.00000", "2016-03-31": "5896.00000", "2015-12-31": "6024.00000", "2015-09-30": "6042.00000", "2015-06-30": "6312.00000", "2015-03-31": "6319.00000", "2014-12-31": "6239.00000", "2014-09-30": "6125.00000", "2014-06-30": "6080.00000", "2014-03-31": "6107.00000", "2013-12-31": "6225.00000", "2013-09-30": "6279.00000", "2013-06-30": "6047.00000", "2013-03-31": "6251.00000", "2012-12-31": "6392.00000", "2012-09-30": "5863.00000", "2012-06-30": "5812.00000", "2012-03-31": "5824.00000", "2011-12-31": "6069.00000", "2011-09-30": "5715.00000", "2011-06-30": "5937.00000", "2011-03-31": "5805.00000", "2010-12-31": "5203.00000", "2010-09-30": "0.00000", "2010-06-30": "0.00000", "2010-03-31": "0.00000", "2009-12-31": "0.00000"}, "Total Current Liabilities": {"2020-09-30": "2233.00000", "2020-06-30": "2114.00000", "2020-03-31": "2080.00000", "2019-12-31": "1890.00000", "2019-09-30": "1950.00000", "2019-06-30": "1902.00000", "2019-03-31": "1960.00000", "2018-12-31": "1829.00000", "2018-09-30": "1631.00000", "2018-06-30": "1509.00000", "2018-03-31": "1463.00000", "2017-12-31": "1391.00000", "2017-09-30": "1275.00000", "2017-06-30": "1247.00000", "2017-03-31": "1273.00000", "2016-12-31": "1343.00000", "2016-09-30": "1228.00000", "2016-06-30": "1141.00000", "2016-03-31": "1155.00000", "2015-12-31": "1274.00000", "2015-09-30": "1294.00000", "2015-06-30": "1589.00000", "2015-03-31": "1332.00000", "2014-12-31": "1312.00000", "2014-09-30": "1234.00000", "2014-06-30": "1267.00000", "2014-03-31": "1240.00000", "2013-12-31": "1392.00000", "2013-09-30": "1402.00000", "2013-06-30": "1220.00000", "2013-03-31": "1177.00000", "2012-12-31": "1384.00000", "2012-09-30": "1239.00000", "2012-06-30": "1217.00000", "2012-03-31": "1252.00000", "2011-12-31": "1372.00000", "2011-09-30": "1207.00000", "2011-06-30": "1184.00000", "2011-03-31": "1124.00000", "2010-12-31": "2226.00000", "2010-09-30": "", "2010-06-30": "", "2010-03-31": "", "2009-12-31": ""}, "Long Term Debt": {"2020-09-30": "2278.00000", "2020-06-30": "2276.00000", "2020-03-31": "1667.00000", "2019-12-31": "1286.00000", "2019-09-30": "1549.00000", "2019-06-30": "1698.00000", "2019-03-31": "1496.00000", "2018-12-31": "1283.00000", "2018-09-30": "1282.00000", "2018-06-30": "1281.00000", "2018-03-31": "1280.00000", "2017-12-31": "1279.00000", "2017-09-30": "1282.00000", "2017-06-30": "1281.00000", "2017-03-31": "1280.00000", "2016-12-31": "1278.00000", "2016-09-30": "1277.00000", "2016-06-30": "1276.00000", "2016-03-31": "1275.00000", "2015-12-31": "1273.00000", "2015-09-30": "1305.00000", "2015-06-30": "1305.00000", "2015-03-31": "1592.00000", "2014-12-31": "1562.00000", "2014-09-30": "1650.00000", "2014-06-30": "1679.00000", "2014-03-31": "1700.00000", "2013-12-31": "1700.00000", "2013-09-30": "1743.00000", "2013-06-30": "1765.00000", "2013-03-31": "1779.00000", "2012-12-31": "1779.00000", "2012-09-30": "1794.00000", "2012-06-30": "1808.00000", "2012-03-31": "1822.00000", "2011-12-31": "1830.00000", "2011-09-30": "1837.00000", "2011-06-30": "1844.00000", "2011-03-31": "1851.00000", "2010-12-31": "105.00000", "2010-09-30": "", "2010-06-30": "", "2010-03-31": "", "2009-12-31": ""}, "Other Non-Current Liabilities": {"2020-09-30": "799.00000", "2020-06-30": "760.00000", "2020-03-31": "753.00000", "2019-12-31": "748.00000", "2019-09-30": "714.00000", "2019-06-30": "714.00000", "2019-03-31": "684.00000", "2018-12-31": "643.00000", "2018-09-30": "612.00000", "2018-06-30": "636.00000", "2018-03-31": "614.00000", "2017-12-31": "610.00000", "2017-09-30": "547.00000", "2017-06-30": "538.00000", "2017-03-31": "532.00000", "2016-12-31": "531.00000", "2016-09-30": "561.00000", "2016-06-30": "550.00000", "2016-03-31": "562.00000", "2015-12-31": "563.00000", "2015-09-30": "561.00000", "2015-06-30": "556.00000", "2015-03-31": "557.00000", "2014-12-31": "554.00000", "2014-09-30": "523.00000", "2014-06-30": "534.00000", "2014-03-31": "528.00000", "2013-12-31": "523.00000", "2013-09-30": "461.00000", "2013-06-30": "470.00000", "2013-03-31": "465.00000", "2012-12-31": "462.00000", "2012-09-30": "436.00000", "2012-06-30": "413.00000", "2012-03-31": "413.00000", "2011-12-31": "410.00000", "2011-09-30": "404.00000", "2011-06-30": "405.00000", "2011-03-31": "402.00000", "2010-12-31": "407.00000", "2010-09-30": "", "2010-06-30": "", "2010-03-31": "", "2009-12-31": ""}, "Total Long Term Liabilities": {"2020-09-30": "4332.00000", "2020-06-30": "4441.00000", "2020-03-31": "3892.00000", "2019-12-31": "3553.00000", "2019-09-30": "3529.00000", "2019-06-30": "3700.00000", "2019-03-31": "3477.00000", "2018-12-31": "3038.00000", "2018-09-30": "2743.00000", "2018-06-30": "3167.00000", "2018-03-31": "3195.00000", "2017-12-31": "3225.00000", "2017-09-30": "3185.00000", "2017-06-30": "3293.00000", "2017-03-31": "3323.00000", "2016-12-31": "3356.00000", "2016-09-30": "3128.00000", "2016-06-30": "3106.00000", "2016-03-31": "3220.00000", "2015-12-31": "3260.00000", "2015-09-30": "3258.00000", "2015-06-30": "3238.00000", "2015-03-31": "3607.00000", "2014-12-31": "3562.00000", "2014-09-30": "3229.00000", "2014-06-30": "3244.00000", "2014-03-31": "3306.00000", "2013-12-31": "3312.00000", "2013-09-30": "3942.00000", "2013-06-30": "3954.00000", "2013-03-31": "4367.00000", "2012-12-31": "4341.00000", "2012-09-30": "3586.00000", "2012-06-30": "3601.00000", "2012-03-31": "3654.00000", "2011-12-31": "3838.00000", "2011-09-30": "3353.00000", "2011-06-30": "3342.00000", "2011-03-31": "3319.00000", "2010-12-31": "1559.00000", "2010-09-30": "", "2010-06-30": "", "2010-03-31": "", "2009-12-31": ""}, "Total Liabilities": {"2020-09-30": "6565.00000", "2020-06-30": "6555.00000", "2020-03-31": "5972.00000", "2019-12-31": "5443.00000", "2019-09-30": "5479.00000", "2019-06-30": "5602.00000", "2019-03-31": "5437.00000", "2018-12-31": "4867.00000", "2018-09-30": "4374.00000", "2018-06-30": "4676.00000", "2018-03-31": "4658.00000", "2017-12-31": "4616.00000", "2017-09-30": "4460.00000", "2017-06-30": "4540.00000", "2017-03-31": "4596.00000", "2016-12-31": "4699.00000", "2016-09-30": "4356.00000", "2016-06-30": "4247.00000", "2016-03-31": "4375.00000", "2015-12-31": "4534.00000", "2015-09-30": "4552.00000", "2015-06-30": "4827.00000", "2015-03-31": "4939.00000", "2014-12-31": "4874.00000", "2014-09-30": "4463.00000", "2014-06-30": "4511.00000", "2014-03-31": "4546.00000", "2013-12-31": "4704.00000", "2013-09-30": "5344.00000", "2013-06-30": "5174.00000", "2013-03-31": "5544.00000", "2012-12-31": "5725.00000", "2012-09-30": "4825.00000", "2012-06-30": "4818.00000", "2012-03-31": "4906.00000", "2011-12-31": "5210.00000", "2011-09-30": "4560.00000", "2011-06-30": "4526.00000", "2011-03-31": "4443.00000", "2010-12-31": "3785.00000", "2010-09-30": "0.00000", "2010-06-30": "0.00000", "2010-03-31": "0.00000", "2009-12-31": "0.00000"}, "Common Stock Net": {"2020-09-30": "1.00000", "2020-06-30": "1.00000", "2020-03-31": "1.00000", "2019-12-31": "1.00000", "2019-09-30": "1.00000", "2019-06-30": "1.00000", "2019-03-31": "1.00000", "2018-12-31": "1.00000", "2018-09-30": "1.00000", "2018-06-30": "1.00000", "2018-03-31": "1.00000", "2017-12-31": "1.00000", "2017-09-30": "1.00000", "2017-06-30": "1.00000", "2017-03-31": "1.00000", "2016-12-31": "1.00000", "2016-09-30": "1.00000", "2016-06-30": "1.00000", "2016-03-31": "1.00000", "2015-12-31": "1.00000", "2015-09-30": "1.00000", "2015-06-30": "1.00000", "2015-03-31": "1.00000", "2014-12-31": "1.00000", "2014-09-30": "1.00000", "2014-06-30": "1.00000", "2014-03-31": "1.00000", "2013-12-31": "1.00000", "2013-09-30": "1.00000", "2013-06-30": "1.00000", "2013-03-31": "1.00000", "2012-12-31": "", "2012-09-30": "", "2012-06-30": "", "2012-03-31": "", "2011-12-31": "", "2011-09-30": "", "2011-06-30": "", "2011-03-31": "", "2010-12-31": "", "2010-09-30": "0.00000", "2010-06-30": "0.00000", "2010-03-31": "0.00000", "2009-12-31": "0.00000"}, "Retained Earnings (Accumulated Deficit)": {"2020-09-30": "3330.00000", "2020-06-30": "3150.00000", "2020-03-31": "3139.00000", "2019-12-31": "3009.00000", "2019-09-30": "2902.00000", "2019-06-30": "2783.00000", "2019-03-31": "2691.00000", "2018-12-31": "2609.00000", "2018-09-30": "2434.00000", "2018-06-30": "2236.00000", "2018-03-31": "2029.00000", "2017-12-31": "1687.00000", "2017-09-30": "1656.00000", "2017-06-30": "1534.00000", "2017-03-31": "1414.00000", "2016-12-31": "1323.00000", "2016-09-30": "1154.00000", "2016-06-30": "1069.00000", "2016-03-31": "960.00000", "2015-12-31": "848.00000", "2015-09-30": "821.00000", "2015-06-30": "729.00000", "2015-03-31": "593.00000", "2014-12-31": "525.00000", "2014-09-30": "492.00000", "2014-06-30": "406.00000", "2014-03-31": "316.00000", "2013-12-31": "236.00000", "2013-09-30": "155.00000", "2013-06-30": "91.00000", "2013-03-31": "39.00000", "2012-12-31": "", "2012-09-30": "-45.00000", "2012-06-30": "-58.00000", "2012-03-31": "-108.00000", "2011-12-31": "-146.00000", "2011-09-30": "-210.00000", "2011-06-30": "38.00000", "2011-03-31": "-2.00000", "2010-12-31": "", "2010-09-30": "", "2010-06-30": "", "2010-03-31": "", "2009-12-31": ""}, "Comprehensive Income": {"2020-09-30": "-1357.00000", "2020-06-30": "-1376.00000", "2020-03-31": "-1394.00000", "2019-12-31": "-1409.00000", "2019-09-30": "-1232.00000", "2019-06-30": "-1251.00000", "2019-03-31": "-1269.00000", "2018-12-31": "-1288.00000", "2018-09-30": "-1070.00000", "2018-06-30": "-1085.00000", "2018-03-31": "-1098.00000", "2017-12-31": "-900.00000", "2017-09-30": "-949.00000", "2017-06-30": "-919.00000", "2017-03-31": "-935.00000", "2016-12-31": "-951.00000", "2016-09-30": "-808.00000", "2016-06-30": "-821.00000", "2016-03-31": "-833.00000", "2015-12-31": "-845.00000", "2015-09-30": "-826.00000", "2015-06-30": "-836.00000", "2015-03-31": "-849.00000", "2014-12-31": "-862.00000", "2014-09-30": "-506.00000", "2014-06-30": "-509.00000", "2014-03-31": "-515.00000", "2013-12-31": "-521.00000", "2013-09-30": "-1078.00000", "2013-06-30": "-1096.00000", "2013-03-31": "-1224.00000", "2012-12-31": "-1226.00000", "2012-09-30": "-804.00000", "2012-06-30": "-821.00000", "2012-03-31": "-834.00000", "2011-12-31": "-862.00000", "2011-09-30": "-483.00000", "2011-06-30": "-491.00000", "2011-03-31": "-498.00000", "2010-12-31": "-515.00000", "2010-09-30": "", "2010-06-30": "", "2010-03-31": "", "2009-12-31": ""}, "Other Share Holders Equity": {"2020-09-30": "", "2020-06-30": "", "2020-03-31": "", "2019-12-31": "", "2019-09-30": "", "2019-06-30": "", "2019-03-31": "", "2018-12-31": "", "2018-09-30": "", "2018-06-30": "", "2018-03-31": "", "2017-12-31": "", "2017-09-30": "", "2017-06-30": "", "2017-03-31": "", "2016-12-31": "", "2016-09-30": "", "2016-06-30": "", "2016-03-31": "", "2015-12-31": "", "2015-09-30": "", "2015-06-30": "", "2015-03-31": "", "2014-12-31": "", "2014-09-30": "", "2014-06-30": "", "2014-03-31": "", "2013-12-31": "", "2013-09-30": "", "2013-06-30": "", "2013-03-31": "", "2012-12-31": "", "2012-09-30": "", "2012-06-30": "", "2012-03-31": "", "2011-12-31": "", "2011-09-30": "0.00000", "2011-06-30": "0.00000", "2011-03-31": "", "2010-12-31": "1933.00000", "2010-09-30": "0.00000", "2010-06-30": "0.00000", "2010-03-31": "0.00000", "2009-12-31": "0.00000"}, "Share Holder Equity": {"2020-09-30": "1880.00000", "2020-06-30": "1678.00000", "2020-03-31": "1643.00000", "2019-12-31": "1588.00000", "2019-09-30": "1705.00000", "2019-06-30": "1628.00000", "2019-03-31": "1563.00000", "2018-12-31": "1516.00000", "2018-09-30": "1825.00000", "2018-06-30": "1699.00000", "2018-03-31": "1718.00000", "2017-12-31": "1758.00000", "2017-09-30": "1712.00000", "2017-06-30": "1650.00000", "2017-03-31": "1638.00000", "2016-12-31": "1653.00000", "2016-09-30": "1652.00000", "2016-06-30": "1612.00000", "2016-03-31": "1521.00000", "2015-12-31": "1490.00000", "2015-09-30": "1490.00000", "2015-06-30": "1485.00000", "2015-03-31": "1380.00000", "2014-12-31": "1365.00000", "2014-09-30": "1662.00000", "2014-06-30": "1569.00000", "2014-03-31": "1561.00000", "2013-12-31": "1521.00000", "2013-09-30": "935.00000", "2013-06-30": "873.00000", "2013-03-31": "707.00000", "2012-12-31": "667.00000", "2012-09-30": "1038.00000", "2012-06-30": "994.00000", "2012-03-31": "918.00000", "2011-12-31": "859.00000", "2011-09-30": "1155.00000", "2011-06-30": "1411.00000", "2011-03-31": "1362.00000", "2010-12-31": "1418.00000", "2010-09-30": "0.00000", "2010-06-30": "0.00000", "2010-03-31": "0.00000", "2009-12-31": "0.00000"}, "Total Liabilities And Share Holders Equity": {"2020-09-30": "8445.00000", "2020-06-30": "8233.00000", "2020-03-31": "7615.00000", "2019-12-31": "7031.00000", "2019-09-30": "7184.00000", "2019-06-30": "7230.00000", "2019-03-31": "7000.00000", "2018-12-31": "6383.00000", "2018-09-30": "6199.00000", "2018-06-30": "6375.00000", "2018-03-31": "6376.00000", "2017-12-31": "6374.00000", "2017-09-30": "6172.00000", "2017-06-30": "6190.00000", "2017-03-31": "6234.00000", "2016-12-31": "6352.00000", "2016-09-30": "6008.00000", "2016-06-30": "5859.00000", "2016-03-31": "5896.00000", "2015-12-31": "6024.00000", "2015-09-30": "6042.00000", "2015-06-30": "6312.00000", "2015-03-31": "6319.00000", "2014-12-31": "6239.00000", "2014-09-30": "6125.00000", "2014-06-30": "6080.00000", "2014-03-31": "6107.00000", "2013-12-31": "6225.00000", "2013-09-30": "6279.00000", "2013-06-30": "6047.00000", "2013-03-31": "6251.00000", "2012-12-31": "6392.00000", "2012-09-30": "5863.00000", "2012-06-30": "5812.00000", "2012-03-31": "5824.00000", "2011-12-31": "6069.00000", "2011-09-30": "5715.00000", "2011-06-30": "5937.00000", "2011-03-31": "5805.00000", "2010-12-31": "5203.00000", "2010-09-30": "0.00000", "2010-06-30": "0.00000", "2010-03-31": "0.00000", "2009-12-31": "0.00000"}}, "cash flow statement": {"Net Income/Loss": {"2019-12-31": "549.00000", "2018-12-31": "836.00000", "2017-12-31": "479.00000", "2016-12-31": "573.00000", "2015-12-31": "404.00000", "2014-12-31": "338.00000", "2013-12-31": "261.00000", "2012-12-31": "146.00000", "2011-12-31": "-100.00000", "2010-12-31": "131.00000", "2009-12-31": "124.00000"}, "Total Depreciation And Amortization - Cash Flow": {"2019-12-31": "259.00000", "2018-12-31": "207.00000", "2017-12-31": "211.00000", "2016-12-31": "191.00000", "2015-12-31": "290.00000", "2014-12-31": "252.00000", "2013-12-31": "235.00000", "2012-12-31": "193.00000", "2011-12-31": "480.00000", "2010-12-31": "183.00000", "2009-12-31": "186.00000"}, "Other Non-Cash Items": {"2019-12-31": "127.00000", "2018-12-31": "37.00000", "2017-12-31": "254.00000", "2016-12-31": "107.00000", "2015-12-31": "56.00000", "2014-12-31": "77.00000", "2013-12-31": "-33.00000", "2012-12-31": "43.00000", "2011-12-31": "66.00000", "2010-12-31": "5.00000", "2009-12-31": "-3.00000"}, "Total Non-Cash Items": {"2019-12-31": "386.00000", "2018-12-31": "244.00000", "2017-12-31": "465.00000", "2016-12-31": "298.00000", "2015-12-31": "346.00000", "2014-12-31": "329.00000", "2013-12-31": "202.00000", "2012-12-31": "236.00000", "2011-12-31": "546.00000", "2010-12-31": "188.00000", "2009-12-31": "183.00000"}, "Change In Accounts Receivable": {"2019-12-31": "-51.00000", "2018-12-31": "195.00000", "2017-12-31": "-126.00000", "2016-12-31": "-16.00000", "2015-12-31": "-41.00000", "2014-12-31": "140.00000", "2013-12-31": "-218.00000", "2012-12-31": "-194.00000", "2011-12-31": "17.00000", "2010-12-31": "-190.00000", "2009-12-31": "-56.00000"}, "Change In Inventories": {"2019-12-31": "-11.00000", "2018-12-31": "40.00000", "2017-12-31": "18.00000", "2016-12-31": "75.00000", "2015-12-31": "54.00000", "2014-12-31": "53.00000", "2013-12-31": "51.00000", "2012-12-31": "116.00000", "2011-12-31": "-87.00000", "2010-12-31": "5.00000", "2009-12-31": "-101.00000"}, "Change In Accounts Payable": {"2019-12-31": "4.00000", "2018-12-31": "335.00000", "2017-12-31": "102.00000", "2016-12-31": "-41.00000", "2015-12-31": "97.00000", "2014-12-31": "-86.00000", "2013-12-31": "69.00000", "2012-12-31": "-14.00000", "2011-12-31": "50.00000", "2010-12-31": "205.00000", "2009-12-31": "-111.00000"}, "Change In Assets/Liabilities": {"2019-12-31": "19.00000", "2018-12-31": "-736.00000", "2017-12-31": "-124.00000", "2016-12-31": "-67.00000", "2015-12-31": "1.00000", "2014-12-31": "3.00000", "2013-12-31": "-101.00000", "2012-12-31": "-37.00000", "2011-12-31": "102.00000", "2010-12-31": "41.00000", "2009-12-31": "-29.00000"}, "Total Change In Assets/Liabilities": {"2019-12-31": "-39.00000", "2018-12-31": "-166.00000", "2017-12-31": "-130.00000", "2016-12-31": "-49.00000", "2015-12-31": "111.00000", "2014-12-31": "88.00000", "2013-12-31": "-227.00000", "2012-12-31": "-50.00000", "2011-12-31": "82.00000", "2010-12-31": "40.00000", "2009-12-31": "-395.00000"}, "Cash Flow From Operating Activities": {"2019-12-31": "896.00000", "2018-12-31": "914.00000", "2017-12-31": "814.00000", "2016-12-31": "822.00000", "2015-12-31": "861.00000", "2014-12-31": "755.00000", "2013-12-31": "236.00000", "2012-12-31": "332.00000", "2011-12-31": "528.00000", "2010-12-31": "359.00000", "2009-12-31": "-88.00000"}, "Net Change In Property, Plant, And Equipment": {"2019-12-31": "-530.00000", "2018-12-31": "-450.00000", "2017-12-31": "-373.00000", "2016-12-31": "-281.00000", "2015-12-31": "-156.00000", "2014-12-31": "-165.00000", "2013-12-31": "-139.00000", "2012-12-31": "-162.00000", "2011-12-31": "-197.00000", "2010-12-31": "-191.00000", "2009-12-31": "-181.00000"}, "Net Change In Intangible Assets": {"2019-12-31": "", "2018-12-31": "", "2017-12-31": "", "2016-12-31": "", "2015-12-31": "", "2014-12-31": "", "2013-12-31": "", "2012-12-31": "", "2011-12-31": "", "2010-12-31": "", "2009-12-31": ""}, "Net Acquisitions/Divestitures": {"2019-12-31": "-195.00000", "2018-12-31": "-77.00000", "2017-12-31": "3.00000", "2016-12-31": "-372.00000", "2015-12-31": "-6.00000", "2014-12-31": "-272.00000", "2013-12-31": "", "2012-12-31": "", "2011-12-31": "", "2010-12-31": "", "2009-12-31": ""}, "Net Change In Short-term Investments": {"2019-12-31": "", "2018-12-31": "", "2017-12-31": "", "2016-12-31": "", "2015-12-31": "", "2014-12-31": "", "2013-12-31": "", "2012-12-31": "", "2011-12-31": "", "2010-12-31": "", "2009-12-31": ""}, "Net Change In Long-Term Investments": {"2019-12-31": "", "2018-12-31": "-10.00000", "2017-12-31": "", "2016-12-31": "", "2015-12-31": "", "2014-12-31": "", "2013-12-31": "", "2012-12-31": "", "2011-12-31": "", "2010-12-31": "", "2009-12-31": ""}, "Net Change In Investments - Total": {"2019-12-31": "", "2018-12-31": "-10.00000", "2017-12-31": "", "2016-12-31": "", "2015-12-31": "", "2014-12-31": "", "2013-12-31": "", "2012-12-31": "", "2011-12-31": "", "2010-12-31": "", "2009-12-31": ""}, "Investing Activities - Other": {"2019-12-31": "98.00000", "2018-12-31": "61.00000", "2017-12-31": "21.00000", "2016-12-31": "", "2015-12-31": "21.00000", "2014-12-31": "", "2013-12-31": "58.00000", "2012-12-31": "", "2011-12-31": "", "2010-12-31": "2.00000", "2009-12-31": "3.00000"}, "Cash Flow From Investing Activities": {"2019-12-31": "-627.00000", "2018-12-31": "-476.00000", "2017-12-31": "-349.00000", "2016-12-31": "-653.00000", "2015-12-31": "-141.00000", "2014-12-31": "-437.00000", "2013-12-31": "-81.00000", "2012-12-31": "-162.00000", "2011-12-31": "-197.00000", "2010-12-31": "-189.00000", "2009-12-31": "-178.00000"}, "Net Long-Term Debt": {"2019-12-31": "", "2018-12-31": "", "2017-12-31": "", "2016-12-31": "", "2015-12-31": "-395.00000", "2014-12-31": "-79.00000", "2013-12-31": "-51.00000", "2012-12-31": "-29.00000", "2011-12-31": "1753.00000", "2010-12-31": "", "2009-12-31": ""}, "Net Current Debt": {"2019-12-31": "", "2018-12-31": "", "2017-12-31": "", "2016-12-31": "", "2015-12-31": "", "2014-12-31": "", "2013-12-31": "", "2012-12-31": "", "2011-12-31": "-954.00000", "2010-12-31": "", "2009-12-31": ""}, "Debt Issuance/Retirement Net - Total": {"2019-12-31": "", "2018-12-31": "", "2017-12-31": "", "2016-12-31": "", "2015-12-31": "-395.00000", "2014-12-31": "-79.00000", "2013-12-31": "-51.00000", "2012-12-31": "-29.00000", "2011-12-31": "799.00000", "2010-12-31": "", "2009-12-31": ""}, "Net Common Equity Issued/Repurchased": {"2019-12-31": "-262.00000", "2018-12-31": "-742.00000", "2017-12-31": "-286.00000", "2016-12-31": "-194.00000", "2015-12-31": "-232.00000", "2014-12-31": "-136.00000", "2013-12-31": "-112.00000", "2012-12-31": "6.00000", "2011-12-31": "2.00000", "2010-12-31": "", "2009-12-31": ""}, "Net Total Equity Issued/Repurchased": {"2019-12-31": "-262.00000", "2018-12-31": "-742.00000", "2017-12-31": "-286.00000", "2016-12-31": "-194.00000", "2015-12-31": "-232.00000", "2014-12-31": "-136.00000", "2013-12-31": "-112.00000", "2012-12-31": "6.00000", "2011-12-31": "2.00000", "2010-12-31": "", "2009-12-31": ""}, "Total Common And Preferred Stock Dividends Paid": {"2019-12-31": "-149.00000", "2018-12-31": "-132.00000", "2017-12-31": "-115.00000", "2016-12-31": "-98.00000", "2015-12-31": "-81.00000", "2014-12-31": "-49.00000", "2013-12-31": "-25.00000", "2012-12-31": "-5.00000", "2011-12-31": "-1429.00000", "2010-12-31": "", "2009-12-31": ""}, "Financial Activities - Other": {"2019-12-31": "-23.00000", "2018-12-31": "-25.00000", "2017-12-31": "-83.00000", "2016-12-31": "-51.00000", "2015-12-31": "-108.00000", "2014-12-31": "-107.00000", "2013-12-31": "19.00000", "2012-12-31": "", "2011-12-31": "1212.00000", "2010-12-31": "-170.00000", "2009-12-31": "266.00000"}, "Cash Flow From Financial Activities": {"2019-12-31": "-434.00000", "2018-12-31": "-899.00000", "2017-12-31": "-484.00000", "2016-12-31": "-343.00000", "2015-12-31": "-816.00000", "2014-12-31": "-371.00000", "2013-12-31": "-169.00000", "2012-12-31": "-28.00000", "2011-12-31": "584.00000", "2010-12-31": "-170.00000", "2009-12-31": "266.00000"}, "Net Cash Flow": {"2019-12-31": "-165.00000", "2018-12-31": "-461.00000", "2017-12-31": "-19.00000", "2016-12-31": "-174.00000", "2015-12-31": "-96.00000", "2014-12-31": "-53.00000", "2013-12-31": "-14.00000", "2012-12-31": "142.00000", "2011-12-31": "915.00000", "2010-12-31": "0.00000", "2009-12-31": "0.00000"}, "Stock-Based Compensation": {"2019-12-31": "30.00000", "2018-12-31": "36.00000", "2017-12-31": "34.00000", "2016-12-31": "36.00000", "2015-12-31": "43.00000", "2014-12-31": "34.00000", "2013-12-31": "44.00000", "2012-12-31": "41.00000", "2011-12-31": "42.00000", "2010-12-31": "0.00000", "2009-12-31": "0.00000"}, "Common Stock Dividends Paid": {"2019-12-31": "-149.00000", "2018-12-31": "-132.00000", "2017-12-31": "-115.00000", "2016-12-31": "-98.00000", "2015-12-31": "-81.00000", "2014-12-31": "-49.00000", "2013-12-31": "-25.00000", "2012-12-31": "-5.00000", "2011-12-31": "-1429.00000", "2010-12-31": "0.00000", "2009-12-31": "0.00000"}}, "cash flow statement, quarterly": {"Net Income/Loss": {"2020-09-30": 222, "2020-06-30": 53, "2020-03-31": "172.00000", "2019-12-31": 149, "2019-09-30": 154, "2019-06-30": 128, "2019-03-31": "118.00000", "2018-12-31": 212, "2018-09-30": 229, "2018-06-30": 239, "2018-03-31": "156.00000", "2017-12-31": 64, "2017-09-30": 149, "2017-06-30": 147, "2017-03-31": "119.00000", "2016-12-31": 197, "2016-09-30": 107, "2016-06-30": 133, "2016-03-31": "136.00000", "2015-12-31": 50, "2015-09-30": 111, "2015-06-30": 156, "2015-03-31": "87.00000", "2014-12-31": 52, "2014-09-30": 96, "2014-06-30": 100, "2014-03-31": "90.00000", "2013-12-31": 91, "2013-09-30": 69, "2013-06-30": 57, "2013-03-31": "44.00000", "2012-12-31": 50, "2012-09-30": 13, "2012-06-30": 50, "2012-03-31": "33.00000", "2011-12-31": 63, "2011-09-30": -248, "2011-06-30": 40, "2011-03-31": "45.00000", "2010-12-31": 63, "2010-09-30": 42, "2010-06-30": -11, "2010-03-31": "41.00000", "2009-12-31": 124}, "Total Depreciation And Amortization - Cash Flow": {"2020-09-30": 61, "2020-06-30": 62, "2020-03-31": "59.00000", "2019-12-31": 96, "2019-09-30": 56, "2019-06-30": 54, "2019-03-31": "53.00000", "2018-12-31": 47, "2018-09-30": 55, "2018-06-30": 54, "2018-03-31": "51.00000", "2017-12-31": 54, "2017-09-30": 52, "2017-06-30": 51, "2017-03-31": "54.00000", "2016-12-31": 48, "2016-09-30": 46, "2016-06-30": 49, "2016-03-31": "48.00000", "2015-12-31": 90, "2015-09-30": 46, "2015-06-30": 105, "2015-03-31": "49.00000", "2014-12-31": 88, "2014-09-30": 50, "2014-06-30": 51, "2014-03-31": "63.00000", "2013-12-31": 78, "2013-09-30": 60, "2013-06-30": 46, "2013-03-31": "51.00000", "2012-12-31": 50, "2012-09-30": 47, "2012-06-30": 47, "2012-03-31": "49.00000", "2011-12-31": 38, "2011-09-30": 349, "2011-06-30": 48, "2011-03-31": "45.00000", "2010-12-31": 40, "2010-09-30": 47, "2010-06-30": 46, "2010-03-31": "50.00000", "2009-12-31": 186}, "Other Non-Cash Items": {"2020-09-30": 2, "2020-06-30": -17, "2020-03-31": "44.00000", "2019-12-31": 115, "2019-09-30": 2, "2019-06-30": -4, "2019-03-31": "14.00000", "2018-12-31": 12, "2018-09-30": -4, "2018-06-30": 16, "2018-03-31": "13.00000", "2017-12-31": 216, "2017-09-30": -4, "2017-06-30": -5, "2017-03-31": "47.00000", "2016-12-31": 85, "2016-09-30": -27, "2016-06-30": 42, "2016-03-31": "7.00000", "2015-12-31": 36, "2015-09-30": 21, "2015-06-30": -3, "2015-03-31": "2.00000", "2014-12-31": 69, "2014-09-30": 16, "2014-06-30": -11, "2014-03-31": "3.00000", "2013-12-31": -59, "2013-09-30": -18, "2013-06-30": 24, "2013-03-31": "20.00000", "2012-12-31": -27, "2012-09-30": 53, "2012-06-30": 9, "2012-03-31": "8.00000", "2011-12-31": 44, "2011-09-30": 16, "2011-06-30": 11, "2011-03-31": "-5.00000", "2010-12-31": 26, "2010-09-30": -17, "2010-06-30": 1, "2010-03-31": "-5.00000", "2009-12-31": 0}, "Total Non-Cash Items": {"2020-09-30": 63, "2020-06-30": 45, "2020-03-31": "103.00000", "2019-12-31": 211, "2019-09-30": 58, "2019-06-30": 50, "2019-03-31": "67.00000", "2018-12-31": 59, "2018-09-30": 51, "2018-06-30": 70, "2018-03-31": "64.00000", "2017-12-31": 270, "2017-09-30": 48, "2017-06-30": 46, "2017-03-31": "101.00000", "2016-12-31": 133, "2016-09-30": 19, "2016-06-30": 91, "2016-03-31": "55.00000", "2015-12-31": 126, "2015-09-30": 67, "2015-06-30": 102, "2015-03-31": "51.00000", "2014-12-31": 157, "2014-09-30": 66, "2014-06-30": 40, "2014-03-31": "66.00000", "2013-12-31": 19, "2013-09-30": 42, "2013-06-30": 70, "2013-03-31": "71.00000", "2012-12-31": 23, "2012-09-30": 100, "2012-06-30": 56, "2012-03-31": "57.00000", "2011-12-31": 82, "2011-09-30": 365, "2011-06-30": 59, "2011-03-31": "40.00000", "2010-12-31": 61, "2010-09-30": 30, "2010-06-30": 47, "2010-03-31": "45.00000", "2009-12-31": 186}, "Change In Accounts Receivable": {"2020-09-30": 3, "2020-06-30": -74, "2020-03-31": "-93.00000", "2019-12-31": 172, "2019-09-30": 78, "2019-06-30": -189, "2019-03-31": "-112.00000", "2018-12-31": 228, "2018-09-30": -105, "2018-06-30": -20, "2018-03-31": "92.00000", "2017-12-31": -126, "2017-09-30": 0, "2017-06-30": 0, "2017-03-31": "", "2016-12-31": -44, "2016-09-30": -24, "2016-06-30": 64, "2016-03-31": "-12.00000", "2015-12-31": 204, "2015-09-30": -34, "2015-06-30": -22, "2015-03-31": "-189.00000", "2014-12-31": 106, "2014-09-30": 72, "2014-06-30": 124, "2014-03-31": "-162.00000", "2013-12-31": -68, "2013-09-30": 46, "2013-06-30": 98, "2013-03-31": "-294.00000", "2012-12-31": -22, "2012-09-30": -5, "2012-06-30": 76, "2012-03-31": "-243.00000", "2011-12-31": 70, "2011-09-30": 118, "2011-06-30": -3, "2011-03-31": "-168.00000", "2010-12-31": 28, "2010-09-30": -43, "2010-06-30": -93, "2010-03-31": "-82.00000", "2009-12-31": 0}, "Change In Inventories": {"2020-09-30": 8, "2020-06-30": -7, "2020-03-31": "-6.00000", "2019-12-31": 3, "2019-09-30": -13, "2019-06-30": 1, "2019-03-31": "-2.00000", "2018-12-31": 37, "2018-09-30": -6, "2018-06-30": 14, "2018-03-31": "-5.00000", "2017-12-31": 0, "2017-09-30": 13, "2017-06-30": 25, "2017-03-31": "-20.00000", "2016-12-31": 58, "2016-09-30": 12, "2016-06-30": 3, "2016-03-31": "2.00000", "2015-12-31": 23, "2015-09-30": 11, "2015-06-30": 17, "2015-03-31": "3.00000", "2014-12-31": 12, "2014-09-30": 23, "2014-06-30": 20, "2014-03-31": "-2.00000", "2013-12-31": 153, "2013-09-30": -77, "2013-06-30": -8, "2013-03-31": "-17.00000", "2012-12-31": 59, "2012-09-30": 32, "2012-06-30": 20, "2012-03-31": "5.00000", "2011-12-31": 86, "2011-09-30": -59, "2011-06-30": -4, "2011-03-31": "-110.00000", "2010-12-31": 15, "2010-09-30": -15, "2010-06-30": 41, "2010-03-31": "-36.00000", "2009-12-31": 0}, "Change In Accounts Payable": {"2020-09-30": 143, "2020-06-30": 126, "2020-03-31": "46.00000", "2019-12-31": -143, "2019-09-30": 40, "2019-06-30": -40, "2019-03-31": "147.00000", "2018-12-31": 105, "2018-09-30": 88, "2018-06-30": 42, "2018-03-31": "100.00000", "2017-12-31": 69, "2017-09-30": 35, "2017-06-30": -24, "2017-03-31": "22.00000", "2016-12-31": 1, "2016-09-30": 88, "2016-06-30": -18, "2016-03-31": "-112.00000", "2015-12-31": -11, "2015-09-30": 83, "2015-06-30": -14, "2015-03-31": "39.00000", "2014-12-31": 100, "2014-09-30": -55, "2014-06-30": 66, "2014-03-31": "-197.00000", "2013-12-31": 57, "2013-09-30": 158, "2013-06-30": 48, "2013-03-31": "-194.00000", "2012-12-31": 120, "2012-09-30": 24, "2012-06-30": -33, "2012-03-31": "-125.00000", "2011-12-31": 124, "2011-09-30": 3, "2011-06-30": 54, "2011-03-31": "-131.00000", "2010-12-31": 126, "2010-09-30": 96, "2010-06-30": 73, "2010-03-31": "-90.00000", "2009-12-31": 0}, "Change In Assets/Liabilities": {"2020-09-30": -189, "2020-06-30": 37, "2020-03-31": "-154.00000", "2019-12-31": 216, "2019-09-30": 34, "2019-06-30": -24, "2019-03-31": "-207.00000", "2018-12-31": 7, "2018-09-30": -350, "2018-06-30": -106, "2018-03-31": "-287.00000", "2017-12-31": 183, "2017-09-30": -147, "2017-06-30": -36, "2017-03-31": "-124.00000", "2016-12-31": 59, "2016-09-30": -7, "2016-06-30": -89, "2016-03-31": "-30.00000", "2015-12-31": 41, "2015-09-30": 2, "2015-06-30": -61, "2015-03-31": "19.00000", "2014-12-31": 47, "2014-09-30": 43, "2014-06-30": -70, "2014-03-31": "-17.00000", "2013-12-31": 49, "2013-09-30": 62, "2013-06-30": -240, "2013-03-31": "28.00000", "2012-12-31": 64, "2012-09-30": 2, "2012-06-30": -30, "2012-03-31": "-73.00000", "2011-12-31": 49, "2011-09-30": 34, "2011-06-30": 26, "2011-03-31": "-7.00000", "2010-12-31": -41, "2010-09-30": 26, "2010-06-30": 25, "2010-03-31": "31.00000", "2009-12-31": 0}, "Total Change In Assets/Liabilities": {"2020-09-30": -63, "2020-06-30": 103, "2020-03-31": "-207.00000", "2019-12-31": 206, "2019-09-30": 151, "2019-06-30": -222, "2019-03-31": "-174.00000", "2018-12-31": 377, "2018-09-30": -373, "2018-06-30": -70, "2018-03-31": "-100.00000", "2017-12-31": 100, "2017-09-30": -101, "2017-06-30": -7, "2017-03-31": "-122.00000", "2016-12-31": 15, "2016-09-30": 128, "2016-06-30": -55, "2016-03-31": "-137.00000", "2015-12-31": 257, "2015-09-30": 74, "2015-06-30": -92, "2015-03-31": "-128.00000", "2014-12-31": 232, "2014-09-30": 94, "2014-06-30": 132, "2014-03-31": "-370.00000", "2013-12-31": 182, "2013-09-30": 170, "2013-06-30": -102, "2013-03-31": "-477.00000", "2012-12-31": 300, "2012-09-30": 24, "2012-06-30": 45, "2012-03-31": "-419.00000", "2011-12-31": 329, "2011-09-30": 115, "2011-06-30": 87, "2011-03-31": "-449.00000", "2010-12-31": 79, "2010-09-30": 101, "2010-06-30": 59, "2010-03-31": "-203.00000", "2009-12-31": -395}, "Cash Flow From Operating Activities": {"2020-09-30": 222, "2020-06-30": 201, "2020-03-31": "68.00000", "2019-12-31": 566, "2019-09-30": 363, "2019-06-30": -44, "2019-03-31": "11.00000", "2018-12-31": 648, "2018-09-30": -93, "2018-06-30": 239, "2018-03-31": "120.00000", "2017-12-31": 434, "2017-09-30": 96, "2017-06-30": 186, "2017-03-31": "98.00000", "2016-12-31": 345, "2016-09-30": 254, "2016-06-30": 169, "2016-03-31": "54.00000", "2015-12-31": 433, "2015-09-30": 252, "2015-06-30": 166, "2015-03-31": "10.00000", "2014-12-31": 441, "2014-09-30": 256, "2014-06-30": 272, "2014-03-31": "-214.00000", "2013-12-31": 292, "2013-09-30": 281, "2013-06-30": 25, "2013-03-31": "-362.00000", "2012-12-31": 373, "2012-09-30": 137, "2012-06-30": 151, "2012-03-31": "-329.00000", "2011-12-31": 474, "2011-09-30": 232, "2011-06-30": 186, "2011-03-31": "-364.00000", "2010-12-31": 208, "2010-09-30": 173, "2010-06-30": 95, "2010-03-31": "-117.00000", "2009-12-31": -88}, "Net Change In Property, Plant, And Equipment": {"2020-09-30": -70, "2020-06-30": -79, "2020-03-31": "-71.00000", "2019-12-31": -181, "2019-09-30": -115, "2019-06-30": -124, "2019-03-31": "-110.00000", "2018-12-31": -160, "2018-09-30": -116, "2018-06-30": -102, "2018-03-31": "-72.00000", "2017-12-31": -154, "2017-09-30": -83, "2017-06-30": -78, "2017-03-31": "-58.00000", "2016-12-31": -140, "2016-09-30": -60, "2016-06-30": -44, "2016-03-31": "-37.00000", "2015-12-31": -102, "2015-09-30": -37, "2015-06-30": -29, "2015-03-31": "12.00000", "2014-12-31": -74, "2014-09-30": -40, "2014-06-30": -27, "2014-03-31": "-24.00000", "2013-12-31": -54, "2013-09-30": -30, "2013-06-30": -25, "2013-03-31": "-30.00000", "2012-12-31": -70, "2012-09-30": -35, "2012-06-30": -30, "2012-03-31": "-27.00000", "2011-12-31": -78, "2011-09-30": -36, "2011-06-30": -20, "2011-03-31": "-63.00000", "2010-12-31": -95, "2010-09-30": -36, "2010-06-30": -28, "2010-03-31": "-32.00000", "2009-12-31": -181}, "Net Change In Intangible Assets": {"2020-09-30": 0, "2020-06-30": 0, "2020-03-31": "", "2019-12-31": 0, "2019-09-30": 0, "2019-06-30": 0, "2019-03-31": "", "2018-12-31": 0, "2018-09-30": 0, "2018-06-30": 0, "2018-03-31": "", "2017-12-31": 0, "2017-09-30": 0, "2017-06-30": 0, "2017-03-31": "", "2016-12-31": 0, "2016-09-30": 0, "2016-06-30": 0, "2016-03-31": "", "2015-12-31": 0, "2015-09-30": 0, "2015-06-30": 0, "2015-03-31": "", "2014-12-31": 0, "2014-09-30": 0, "2014-06-30": 0, "2014-03-31": "", "2013-12-31": 0, "2013-09-30": 0, "2013-06-30": 0, "2013-03-31": "", "2012-12-31": 0, "2012-09-30": 0, "2012-06-30": 0, "2012-03-31": "", "2011-12-31": 0, "2011-09-30": 0, "2011-06-30": 0, "2011-03-31": "", "2010-12-31": 0, "2010-09-30": 0, "2010-06-30": 0, "2010-03-31": "", "2009-12-31": 0}, "Net Acquisitions/Divestitures": {"2020-09-30": 1, "2020-06-30": 0, "2020-03-31": "-378.00000", "2019-12-31": 0, "2019-09-30": 1, "2019-06-30": -1, "2019-03-31": "-195.00000", "2018-12-31": -77, "2018-09-30": 0, "2018-06-30": 0, "2018-03-31": "", "2017-12-31": 0, "2017-09-30": 0, "2017-06-30": 3, "2017-03-31": "", "2016-12-31": -372, "2016-09-30": 0, "2016-06-30": 0, "2016-03-31": "", "2015-12-31": 0, "2015-09-30": 0, "2015-06-30": 0, "2015-03-31": "-6.00000", "2014-12-31": 0, "2014-09-30": 1, "2014-06-30": -227, "2014-03-31": "-46.00000", "2013-12-31": 0, "2013-09-30": 0, "2013-06-30": 0, "2013-03-31": "", "2012-12-31": 0, "2012-09-30": 0, "2012-06-30": 0, "2012-03-31": "", "2011-12-31": 0, "2011-09-30": 0, "2011-06-30": 0, "2011-03-31": "", "2010-12-31": 0, "2010-09-30": 0, "2010-06-30": 0, "2010-03-31": "", "2009-12-31": 0}, "Net Change In Short-term Investments": {"2020-09-30": 0, "2020-06-30": 0, "2020-03-31": "", "2019-12-31": 0, "2019-09-30": 0, "2019-06-30": 0, "2019-03-31": "", "2018-12-31": 0, "2018-09-30": 0, "2018-06-30": 0, "2018-03-31": "", "2017-12-31": 0, "2017-09-30": 0, "2017-06-30": 0, "2017-03-31": "", "2016-12-31": 0, "2016-09-30": 0, "2016-06-30": 0, "2016-03-31": "", "2015-12-31": 0, "2015-09-30": 0, "2015-06-30": 0, "2015-03-31": "", "2014-12-31": 0, "2014-09-30": 0, "2014-06-30": 0, "2014-03-31": "", "2013-12-31": 0, "2013-09-30": 0, "2013-06-30": 0, "2013-03-31": "", "2012-12-31": 0, "2012-09-30": 0, "2012-06-30": 0, "2012-03-31": "", "2011-12-31": 0, "2011-09-30": 0, "2011-06-30": 0, "2011-03-31": "", "2010-12-31": 0, "2010-09-30": 0, "2010-06-30": 0, "2010-03-31": "", "2009-12-31": 0}, "Net Change In Long-Term Investments": {"2020-09-30": 0, "2020-06-30": 0, "2020-03-31": "", "2019-12-31": 0, "2019-09-30": 0, "2019-06-30": 0, "2019-03-31": "", "2018-12-31": 0, "2018-09-30": 0, "2018-06-30": -10, "2018-03-31": "", "2017-12-31": 0, "2017-09-30": 0, "2017-06-30": 0, "2017-03-31": "", "2016-12-31": 0, "2016-09-30": 0, "2016-06-30": 0, "2016-03-31": "", "2015-12-31": 0, "2015-09-30": 0, "2015-06-30": 0, "2015-03-31": "", "2014-12-31": 0, "2014-09-30": 0, "2014-06-30": 0, "2014-03-31": "", "2013-12-31": 0, "2013-09-30": 0, "2013-06-30": 0, "2013-03-31": "", "2012-12-31": 0, "2012-09-30": 0, "2012-06-30": 0, "2012-03-31": "", "2011-12-31": 0, "2011-09-30": 0, "2011-06-30": 0, "2011-03-31": "", "2010-12-31": 0, "2010-09-30": 0, "2010-06-30": 0, "2010-03-31": "", "2009-12-31": 0}, "Net Change In Investments - Total": {"2020-09-30": 0, "2020-06-30": 0, "2020-03-31": "", "2019-12-31": 0, "2019-09-30": 0, "2019-06-30": 0, "2019-03-31": "", "2018-12-31": 0, "2018-09-30": 0, "2018-06-30": -10, "2018-03-31": "", "2017-12-31": 0, "2017-09-30": 0, "2017-06-30": 0, "2017-03-31": "", "2016-12-31": 0, "2016-09-30": 0, "2016-06-30": 0, "2016-03-31": "", "2015-12-31": 0, "2015-09-30": 0, "2015-06-30": 0, "2015-03-31": "", "2014-12-31": 0, "2014-09-30": 0, "2014-06-30": 0, "2014-03-31": "", "2013-12-31": 0, "2013-09-30": 0, "2013-06-30": 0, "2013-03-31": "", "2012-12-31": 0, "2012-09-30": 0, "2012-06-30": 0, "2012-03-31": "", "2011-12-31": 0, "2011-09-30": 0, "2011-06-30": 0, "2011-03-31": "", "2010-12-31": 0, "2010-09-30": 0, "2010-06-30": 0, "2010-03-31": "", "2009-12-31": 0}, "Investing Activities - Other": {"2020-09-30": 2, "2020-06-30": 4, "2020-03-31": "5.00000", "2019-12-31": 24, "2019-09-30": 5, "2019-06-30": 33, "2019-03-31": "36.00000", "2018-12-31": 28, "2018-09-30": 14, "2018-06-30": 17, "2018-03-31": "2.00000", "2017-12-31": 21, "2017-09-30": 0, "2017-06-30": 0, "2017-03-31": "", "2016-12-31": 0, "2016-09-30": 0, "2016-06-30": 0, "2016-03-31": "", "2015-12-31": 0, "2015-09-30": 0, "2015-06-30": 21, "2015-03-31": "", "2014-12-31": 0, "2014-09-30": 0, "2014-06-30": 0, "2014-03-31": "", "2013-12-31": 0, "2013-09-30": 58, "2013-06-30": 0, "2013-03-31": "", "2012-12-31": 0, "2012-09-30": 0, "2012-06-30": 0, "2012-03-31": "", "2011-12-31": 0, "2011-09-30": 0, "2011-06-30": 0, "2011-03-31": "", "2010-12-31": 2, "2010-09-30": 0, "2010-06-30": 0, "2010-03-31": "", "2009-12-31": 3}, "Cash Flow From Investing Activities": {"2020-09-30": -67, "2020-06-30": -75, "2020-03-31": "-444.00000", "2019-12-31": -157, "2019-09-30": -109, "2019-06-30": -92, "2019-03-31": "-269.00000", "2018-12-31": -209, "2018-09-30": -102, "2018-06-30": -95, "2018-03-31": "-70.00000", "2017-12-31": -133, "2017-09-30": -83, "2017-06-30": -75, "2017-03-31": "-58.00000", "2016-12-31": -512, "2016-09-30": -60, "2016-06-30": -44, "2016-03-31": "-37.00000", "2015-12-31": -102, "2015-09-30": -37, "2015-06-30": -8, "2015-03-31": "6.00000", "2014-12-31": -74, "2014-09-30": -39, "2014-06-30": -254, "2014-03-31": "-70.00000", "2013-12-31": -54, "2013-09-30": 28, "2013-06-30": -25, "2013-03-31": "-30.00000", "2012-12-31": -70, "2012-09-30": -35, "2012-06-30": -30, "2012-03-31": "-27.00000", "2011-12-31": -78, "2011-09-30": -36, "2011-06-30": -20, "2011-03-31": "-63.00000", "2010-12-31": -93, "2010-09-30": -36, "2010-06-30": -28, "2010-03-31": "-32.00000", "2009-12-31": -178}, "Net Long-Term Debt": {"2020-09-30": 0, "2020-06-30": 1005, "2020-03-31": "380.00000", "2019-12-31": -5048, "2019-09-30": 1762, "2019-06-30": 3074, "2019-03-31": "212.00000", "2018-12-31": 0, "2018-09-30": 0, "2018-06-30": 0, "2018-03-31": "", "2017-12-31": 0, "2017-09-30": 0, "2017-06-30": 0, "2017-03-31": "", "2016-12-31": 0, "2016-09-30": 0, "2016-06-30": 0, "2016-03-31": "", "2015-12-31": 0, "2015-09-30": -374, "2015-06-30": -21, "2015-03-31": "", "2014-12-31": -43, "2014-09-30": -22, "2014-06-30": -14, "2014-03-31": "", "2013-12-31": -29, "2013-09-30": -9, "2013-06-30": 0, "2013-03-31": "-13.00000", "2012-12-31": -7, "2012-09-30": -7, "2012-06-30": -7, "2012-03-31": "-8.00000", "2011-12-31": -8, "2011-09-30": -7, "2011-06-30": -7, "2011-03-31": "1775.00000", "2010-12-31": 0, "2010-09-30": 0, "2010-06-30": 0, "2010-03-31": "", "2009-12-31": 0}, "Net Current Debt": {"2020-09-30": 0, "2020-06-30": -473, "2020-03-31": "88.00000", "2019-12-31": 4784, "2019-09-30": -1912, "2019-06-30": -2872, "2019-03-31": "", "2018-12-31": 0, "2018-09-30": 0, "2018-06-30": 0, "2018-03-31": "", "2017-12-31": 0, "2017-09-30": 0, "2017-06-30": 0, "2017-03-31": "", "2016-12-31": 0, "2016-09-30": 0, "2016-06-30": 0, "2016-03-31": "", "2015-12-31": 0, "2015-09-30": 0, "2015-06-30": 0, "2015-03-31": "", "2014-12-31": 0, "2014-09-30": 0, "2014-06-30": 0, "2014-03-31": "", "2013-12-31": 0, "2013-09-30": 0, "2013-06-30": 0, "2013-03-31": "", "2012-12-31": 0, "2012-09-30": 0, "2012-06-30": 0, "2012-03-31": "", "2011-12-31": 0, "2011-09-30": 0, "2011-06-30": 0, "2011-03-31": "-954.00000", "2010-12-31": 0, "2010-09-30": 0, "2010-06-30": 0, "2010-03-31": "", "2009-12-31": 0}, "Debt Issuance/Retirement Net - Total": {"2020-09-30": 0, "2020-06-30": 532, "2020-03-31": "468.00000", "2019-12-31": -264, "2019-09-30": -150, "2019-06-30": 202, "2019-03-31": "212.00000", "2018-12-31": 0, "2018-09-30": 0, "2018-06-30": 0, "2018-03-31": "", "2017-12-31": 0, "2017-09-30": 0, "2017-06-30": 0, "2017-03-31": "", "2016-12-31": 0, "2016-09-30": 0, "2016-06-30": 0, "2016-03-31": "", "2015-12-31": 0, "2015-09-30": -374, "2015-06-30": -21, "2015-03-31": "", "2014-12-31": -43, "2014-09-30": -22, "2014-06-30": -14, "2014-03-31": "", "2013-12-31": -29, "2013-09-30": -9, "2013-06-30": 0, "2013-03-31": "-13.00000", "2012-12-31": -7, "2012-09-30": -7, "2012-06-30": -7, "2012-03-31": "-8.00000", "2011-12-31": -8, "2011-09-30": -7, "2011-06-30": -7, "2011-03-31": "821.00000", "2010-12-31": 0, "2010-09-30": 0, "2010-06-30": 0, "2010-03-31": "", "2009-12-31": 0}, "Net Common Equity Issued/Repurchased": {"2020-09-30": 0, "2020-06-30": 0, "2020-03-31": "-84.00000", "2019-12-31": -60, "2019-09-30": -66, "2019-06-30": -52, "2019-03-31": "-84.00000", "2018-12-31": -230, "2018-09-30": -104, "2018-06-30": -242, "2018-03-31": "-166.00000", "2017-12-31": -39, "2017-09-30": -40, "2017-06-30": -139, "2017-03-31": "-68.00000", "2016-12-31": -42, "2016-09-30": -66, "2016-06-30": -42, "2016-03-31": "-44.00000", "2015-12-31": -40, "2015-09-30": -102, "2015-06-30": -61, "2015-03-31": "-29.00000", "2014-12-31": -26, "2014-09-30": -8, "2014-06-30": -93, "2014-03-31": "-9.00000", "2013-12-31": -65, "2013-09-30": -25, "2013-06-30": -24, "2013-03-31": "2.00000", "2012-12-31": 0, "2012-09-30": 2, "2012-06-30": 4, "2012-03-31": "", "2011-12-31": 1, "2011-09-30": 0, "2011-06-30": 1, "2011-03-31": "", "2010-12-31": 0, "2010-09-30": 0, "2010-06-30": 0, "2010-03-31": "", "2009-12-31": 0}, "Net Total Equity Issued/Repurchased": {"2020-09-30": 0, "2020-06-30": 0, "2020-03-31": "-84.00000", "2019-12-31": -60, "2019-09-30": -66, "2019-06-30": -52, "2019-03-31": "-84.00000", "2018-12-31": -230, "2018-09-30": -104, "2018-06-30": -242, "2018-03-31": "-166.00000", "2017-12-31": -39, "2017-09-30": -40, "2017-06-30": -139, "2017-03-31": "-68.00000", "2016-12-31": -42, "2016-09-30": -66, "2016-06-30": -42, "2016-03-31": "-44.00000", "2015-12-31": -40, "2015-09-30": -102, "2015-06-30": -61, "2015-03-31": "-29.00000", "2014-12-31": -26, "2014-09-30": -8, "2014-06-30": -93, "2014-03-31": "-9.00000", "2013-12-31": -65, "2013-09-30": -25, "2013-06-30": -24, "2013-03-31": "2.00000", "2012-12-31": 0, "2012-09-30": 2, "2012-06-30": 4, "2012-03-31": "", "2011-12-31": 1, "2011-09-30": 0, "2011-06-30": 1, "2011-03-31": "", "2010-12-31": 0, "2010-09-30": 0, "2010-06-30": 0, "2010-03-31": "", "2009-12-31": 0}, "Total Common And Preferred Stock Dividends Paid": {"2020-09-30": -42, "2020-06-30": -42, "2020-03-31": "-42.00000", "2019-12-31": -42, "2019-09-30": -35, "2019-06-30": -36, "2019-03-31": "-36.00000", "2018-12-31": -37, "2018-09-30": -31, "2018-06-30": -32, "2018-03-31": "-32.00000", "2017-12-31": -33, "2017-09-30": -27, "2017-06-30": -27, "2017-03-31": "-28.00000", "2016-12-31": -28, "2016-09-30": -22, "2016-06-30": -24, "2016-03-31": "-24.00000", "2015-12-31": -23, "2015-09-30": -19, "2015-06-30": -20, "2015-03-31": "-19.00000", "2014-12-31": -19, "2014-09-30": -10, "2014-06-30": -10, "2014-03-31": "-10.00000", "2013-12-31": -10, "2013-09-30": -5, "2013-06-30": -5, "2013-03-31": "-5.00000", "2012-12-31": -5, "2012-09-30": 0, "2012-06-30": 0, "2012-03-31": "", "2011-12-31": 0, "2011-09-30": 0, "2011-06-30": 0, "2011-03-31": "-1429.00000", "2010-12-31": 0, "2010-09-30": 0, "2010-06-30": 0, "2010-03-31": "", "2009-12-31": 0}, "Financial Activities - Other": {"2020-09-30": 0, "2020-06-30": -13, "2020-03-31": "-13.00000", "2019-12-31": 0, "2019-09-30": 0, "2019-06-30": 0, "2019-03-31": "-23.00000", "2018-12-31": 0, "2018-09-30": 0, "2018-06-30": 0, "2018-03-31": "-25.00000", "2017-12-31": -27, "2017-09-30": 0, "2017-06-30": 0, "2017-03-31": "-56.00000", "2016-12-31": 0, "2016-09-30": -1, "2016-06-30": 0, "2016-03-31": "-50.00000", "2015-12-31": -45, "2015-09-30": -9, "2015-06-30": 0, "2015-03-31": "-54.00000", "2014-12-31": -58, "2014-09-30": 0, "2014-06-30": -51, "2014-03-31": "2.00000", "2013-12-31": 14, "2013-09-30": 2, "2013-06-30": 0, "2013-03-31": "3.00000", "2012-12-31": 0, "2012-09-30": 0, "2012-06-30": 0, "2012-03-31": "", "2011-12-31": -10, "2011-09-30": -34, "2011-06-30": -4, "2011-03-31": "1260.00000", "2010-12-31": -115, "2010-09-30": -137, "2010-06-30": -67, "2010-03-31": "149.00000", "2009-12-31": 266}, "Cash Flow From Financial Activities": {"2020-09-30": -42, "2020-06-30": 477, "2020-03-31": "329.00000", "2019-12-31": -366, "2019-09-30": -251, "2019-06-30": 114, "2019-03-31": "69.00000", "2018-12-31": -267, "2018-09-30": -135, "2018-06-30": -274, "2018-03-31": "-223.00000", "2017-12-31": -99, "2017-09-30": -67, "2017-06-30": -166, "2017-03-31": "-152.00000", "2016-12-31": -70, "2016-09-30": -89, "2016-06-30": -66, "2016-03-31": "-118.00000", "2015-12-31": -108, "2015-09-30": -504, "2015-06-30": -102, "2015-03-31": "-102.00000", "2014-12-31": -146, "2014-09-30": -40, "2014-06-30": -168, "2014-03-31": "-17.00000", "2013-12-31": -90, "2013-09-30": -37, "2013-06-30": -29, "2013-03-31": "-13.00000", "2012-12-31": -12, "2012-09-30": -5, "2012-06-30": -3, "2012-03-31": "-8.00000", "2011-12-31": -17, "2011-09-30": -41, "2011-06-30": -10, "2011-03-31": "652.00000", "2010-12-31": -115, "2010-09-30": -137, "2010-06-30": -67, "2010-03-31": "149.00000", "2009-12-31": 266}, "Net Cash Flow": {"2020-09-30": 113, "2020-06-30": 603, "2020-03-31": "-47.00000", "2019-12-31": 43, "2019-09-30": 3, "2019-06-30": -22, "2019-03-31": "-189.00000", "2018-12-31": 172, "2018-09-30": -330, "2018-06-30": -130, "2018-03-31": "-173.00000", "2017-12-31": 202, "2017-09-30": -54, "2017-06-30": -55, "2017-03-31": "-112.00000", "2016-12-31": -237, "2016-09-30": 105, "2016-06-30": 59, "2016-03-31": "-101.00000", "2015-12-31": 223, "2015-09-30": -289, "2015-06-30": 56, "2015-03-31": "-86.00000", "2014-12-31": 221, "2014-09-30": 177, "2014-06-30": -150, "2014-03-31": "-301.00000", "2013-12-31": 148, "2013-09-30": 272, "2013-06-30": -29, "2013-03-31": "-405.00000", "2012-12-31": 291, "2012-09-30": 97, "2012-06-30": 118, "2012-03-31": "-364.00000", "2011-12-31": 379, "2011-09-30": 155, "2011-06-30": 156, "2011-03-31": "225.00000", "2010-12-31": 0, "2010-09-30": 0, "2010-06-30": 0, "2010-03-31": "", "2009-12-31": 0}, "Stock-Based Compensation": {"2020-09-30": 3, "2020-06-30": 13, "2020-03-31": "", "2019-12-31": 11, "2019-09-30": 7, "2019-06-30": 12, "2019-03-31": "", "2018-12-31": 9, "2018-09-30": 12, "2018-06-30": 8, "2018-03-31": "7.00000", "2017-12-31": 7, "2017-09-30": 7, "2017-06-30": 14, "2017-03-31": "6.00000", "2016-12-31": 14, "2016-09-30": 11, "2016-06-30": 6, "2016-03-31": "5.00000", "2015-12-31": 14, "2015-09-30": 8, "2015-06-30": 17, "2015-03-31": "4.00000", "2014-12-31": 12, "2014-09-30": 11, "2014-06-30": 6, "2014-03-31": "5.00000", "2013-12-31": 16, "2013-09-30": 9, "2013-06-30": 10, "2013-03-31": "9.00000", "2012-12-31": 16, "2012-09-30": 9, "2012-06-30": 8, "2012-03-31": "8.00000", "2011-12-31": 20, "2011-09-30": 9, "2011-06-30": 9, "2011-03-31": "4.00000", "2010-12-31": 0, "2010-09-30": 0, "2010-06-30": 0, "2010-03-31": "", "2009-12-31": 0}, "Common Stock Dividends Paid": {"2020-09-30": -42, "2020-06-30": -42, "2020-03-31": "-42.00000", "2019-12-31": -42, "2019-09-30": -35, "2019-06-30": -36, "2019-03-31": "-36.00000", "2018-12-31": -37, "2018-09-30": -31, "2018-06-30": -32, "2018-03-31": "-32.00000", "2017-12-31": -33, "2017-09-30": -27, "2017-06-30": -27, "2017-03-31": "-28.00000", "2016-12-31": -28, "2016-09-30": -22, "2016-06-30": -24, "2016-03-31": "-24.00000", "2015-12-31": -23, "2015-09-30": -19, "2015-06-30": -20, "2015-03-31": "-19.00000", "2014-12-31": -19, "2014-09-30": -10, "2014-06-30": -10, "2014-03-31": "-10.00000", "2013-12-31": -10, "2013-09-30": -5, "2013-06-30": -5, "2013-03-31": "-5.00000", "2012-12-31": -5, "2012-09-30": 0, "2012-06-30": 0, "2012-03-31": "0.00000", "2011-12-31": 0, "2011-09-30": 0, "2011-06-30": 0, "2011-03-31": "-1429.00000", "2010-12-31": 0, "2010-09-30": 0, "2010-06-30": 0, "2010-03-31": "", "2009-12-31": 0}}, "financial ratios": {"Current Ratio": {"2019-12-31": "0.94440", "2018-12-31": "0.95410", "2017-12-31": "1.57800", "2016-12-31": "1.59490", "2015-12-31": "1.79280", "2014-12-31": "1.84220", "2013-12-31": "1.92240", "2012-12-31": "1.79480", "2011-12-31": "1.65310", "2010-12-31": "0.58980", "2009-12-31": ""}, "Long-term Debt / Capital": {"2019-12-31": "0.44750", "2018-12-31": "0.45840", "2017-12-31": "0.42110", "2016-12-31": "0.43600", "2015-12-31": "0.46070", "2014-12-31": "0.53370", "2013-12-31": "0.52780", "2012-12-31": "0.72730", "2011-12-31": "0.68060", "2010-12-31": "0.06890", "2009-12-31": ""}, "Debt/Equity Ratio": {"2019-12-31": "0.80980", "2018-12-31": "0.84630", "2017-12-31": "0.72750", "2016-12-31": "0.77310", "2015-12-31": "0.85440", "2014-12-31": "1.22340", "2013-12-31": "1.16960", "2012-12-31": "2.74360", "2011-12-31": "2.16410", "2010-12-31": "0.57830", "2009-12-31": ""}, "Gross Margin": {"2019-12-31": "17.20420", "2018-12-31": "21.90560", "2017-12-31": "21.87880", "2016-12-31": "22.96270", "2015-12-31": "21.41030", "2014-12-31": "20.36800", "2013-12-31": "18.13780", "2012-12-31": "16.08530", "2011-12-31": "15.27000", "2010-12-31": "13.26790", "2009-12-31": "13.50920"}, "Operating Margin": {"2019-12-31": "8.27060", "2018-12-31": "11.63160", "2017-12-31": "11.83980", "2016-12-31": "12.39390", "2015-12-31": "10.95440", "2014-12-31": "9.41500", "2013-12-31": "7.50730", "2012-12-31": "5.33690", "2011-12-31": "1.52090", "2010-12-31": "3.58470", "2009-12-31": "3.35350"}, "EBIT Margin": {"2019-12-31": "8.51780", "2018-12-31": "11.83950", "2017-12-31": "12.00110", "2016-12-31": "12.47880", "2015-12-31": "11.09690", "2014-12-31": "9.57310", "2013-12-31": "7.71260", "2012-12-31": "5.60520", "2011-12-31": "1.82510", "2010-12-31": "3.86730", "2009-12-31": "3.35350"}, "EBITDA Margin": {"2019-12-31": "11.42830", "2018-12-31": "14.37130", "2017-12-31": "14.83670", "2016-12-31": "15.18110", "2015-12-31": "15.22790", "2014-12-31": "13.19530", "2013-12-31": "11.15840", "2012-12-31": "8.48240", "2011-12-31": "9.12550", "2010-12-31": "6.58930", "2009-12-31": "6.30960"}, "Pre-Tax Profit Margin": {"2019-12-31": "7.67500", "2018-12-31": "11.87620", "2017-12-31": "10.37500", "2016-12-31": "11.09230", "2015-12-31": "9.00280", "2014-12-31": "7.28760", "2013-12-31": "5.77710", "2012-12-31": "3.59270", "2011-12-31": "-0.06080", "2010-12-31": "2.96000", "2009-12-31": "2.79720"}, "Net Profit Margin": {"2019-12-31": "6.16920", "2018-12-31": "10.22510", "2017-12-31": "6.43730", "2016-12-31": "8.10700", "2015-12-31": "5.75500", "2014-12-31": "4.85840", "2013-12-31": "3.82700", "2012-12-31": "2.17650", "2011-12-31": "-1.52090", "2010-12-31": "1.94850", "2009-12-31": "1.97080"}, "Asset Turnover": {"2019-12-31": "1.26570", "2018-12-31": "1.28090", "2017-12-31": "1.16740", "2016-12-31": "1.11270", "2015-12-31": "1.16530", "2014-12-31": "1.11510", "2013-12-31": "1.09560", "2012-12-31": "1.04940", "2011-12-31": "1.08340", "2010-12-31": "1.29210", "2009-12-31": ""}, "Inventory Turnover Ratio": {"2019-12-31": "54.17650", "2018-12-31": "49.88280", "2017-12-31": "31.76500", "2016-12-31": "25.92860", "2015-12-31": "19.35790", "2014-12-31": "16.34220", "2013-12-31": "17.95180", "2012-12-31": "19.54510", "2011-12-31": "14.66050", "2010-12-31": "19.90100", "2009-12-31": ""}, "Receiveable Turnover": {"2019-12-31": "19.09660", "2018-12-31": "23.63010", "2017-12-31": "17.34500", "2016-12-31": "6.07220", "2015-12-31": "6.53630", "2014-12-31": "6.70230", "2013-12-31": "6.07300", "2012-12-31": "7.41220", "2011-12-31": "9.24750", "2010-12-31": "9.23490", "2009-12-31": ""}, "Days Sales In Receivables": {"2019-12-31": "19.11340", "2018-12-31": "15.44640", "2017-12-31": "21.04350", "2016-12-31": "60.11040", "2015-12-31": "55.84190", "2014-12-31": "54.45880", "2013-12-31": "60.10190", "2012-12-31": "49.24340", "2011-12-31": "39.47000", "2010-12-31": "39.52400", "2009-12-31": ""}, "ROE - Return On Equity": {"2019-12-31": "34.57180", "2018-12-31": "55.14510", "2017-12-31": "27.24690", "2016-12-31": "34.66430", "2015-12-31": "27.11410", "2014-12-31": "24.76190", "2013-12-31": "17.15980", "2012-12-31": "21.88910", "2011-12-31": "-11.64140", "2010-12-31": "9.23840", "2009-12-31": ""}, "Return On Tangible Equity": {"2019-12-31": "-198.19490", "2018-12-31": "-349.79080", "2017-12-31": "1451.51500", "2016-12-31": "-444.18610", "2015-12-31": "1035.89700", "2014-12-31": "-162.50000", "2013-12-31": "233.03570", "2012-12-31": "-19.16010", "2011-12-31": "16.97790", "2010-12-31": "-43.23430", "2009-12-31": ""}, "ROA - Return On Assets": {"2019-12-31": "7.80830", "2018-12-31": "13.09730", "2017-12-31": "7.51490", "2016-12-31": "9.02080", "2015-12-31": "6.70650", "2014-12-31": "5.41750", "2013-12-31": "4.19280", "2012-12-31": "2.28410", "2011-12-31": "-1.64770", "2010-12-31": "2.51780", "2009-12-31": ""}, "ROI - Return On Investment": {"2019-12-31": "19.10230", "2018-12-31": "29.86780", "2017-12-31": "15.77210", "2016-12-31": "19.54960", "2015-12-31": "14.62180", "2014-12-31": "11.54770", "2013-12-31": "8.10310", "2012-12-31": "5.96890", "2011-12-31": "-3.71890", "2010-12-31": "8.60140", "2009-12-31": ""}, "Book Value Per Share": {"2019-12-31": "38.92160", "2018-12-31": "36.18140", "2017-12-31": "38.98010", "2016-12-31": "35.77920", "2015-12-31": "31.76970", "2014-12-31": "28.26090", "2013-12-31": "31.23200", "2012-12-31": "13.44760", "2011-12-31": "17.60250", "2010-12-31": "", "2009-12-31": ""}, "Operating Cash Flow Per Share": {"2019-12-31": 0.7749, "2018-12-31": 3.0947, "2017-12-31": 0.3576, "2016-12-31": -0.4108, "2015-12-31": 2.5117, "2014-12-31": 10.6319, "2013-12-31": -1.9442, "2012-12-31": -4.193, "2011-12-31": 3.4631, "2010-12-31": 9.1599, "2009-12-31": -1.8033}, "Free Cash Flow Per Share": {"2019-12-31": -1.753, "2018-12-31": 0.9648, "2017-12-31": -1.8331, "2016-12-31": -3.1344, "2015-12-31": 2.6287, "2014-12-31": 10.043, "2013-12-31": -1.4686, "2012-12-31": -3.3896, "2011-12-31": 3.3402, "2010-12-31": 8.9549, "2009-12-31": -5.5123}}, "financial ratios, quarterly": {"Current Ratio": {"2020-09-30": "1.29020", "2020-06-30": "1.29560", "2020-03-31": "1.02740", "2019-12-31": "0.94440", "2019-09-30": "1.03850", "2019-06-30": "1.11620", "2019-03-31": "0.98060", "2018-12-31": "0.95410", "2018-09-30": "1.13980", "2018-06-30": "1.42610", "2018-03-31": "1.51060", "2017-12-31": "1.57800", "2017-09-30": "1.52080", "2017-06-30": "1.63030", "2017-03-31": "1.62060", "2016-12-31": "1.59490", "2016-09-30": "1.90880", "2016-06-30": "1.92550", "2016-03-31": "1.90740", "2015-12-31": "1.79280", "2015-09-30": "1.86940", "2015-06-30": "1.69540", "2015-03-31": "1.97300", "2014-12-31": "1.84220", "2014-09-30": "1.92870", "2014-06-30": "1.83660", "2014-03-31": "2.05160", "2013-12-31": "1.92240", "2013-09-30": "1.80530", "2013-06-30": "1.85980", "2013-03-31": "2.03140", "2012-12-31": "1.79480", "2012-09-30": "1.79660", "2012-06-30": "1.78060", "2012-03-31": "1.72200", "2011-12-31": "1.65310", "2011-09-30": "1.72490", "2011-06-30": "1.68410", "2011-03-31": "1.62990", "2010-12-31": "0.58980", "2010-09-30": "", "2010-06-30": "", "2010-03-31": "", "2009-12-31": ""}, "Long-term Debt / Capital": {"2020-09-30": "0.54790", "2020-06-30": "0.57560", "2020-03-31": "0.50360", "2019-12-31": "0.44750", "2019-09-30": "0.47600", "2019-06-30": "0.51050", "2019-03-31": "0.48900", "2018-12-31": "0.45840", "2018-09-30": "0.41260", "2018-06-30": "0.42990", "2018-03-31": "0.42700", "2017-12-31": "0.42110", "2017-09-30": "0.42820", "2017-06-30": "0.43710", "2017-03-31": "0.43870", "2016-12-31": "0.43600", "2016-09-30": "0.43600", "2016-06-30": "0.44180", "2016-03-31": "0.45600", "2015-12-31": "0.46070", "2015-09-30": "0.46690", "2015-06-30": "0.46770", "2015-03-31": "0.53570", "2014-12-31": "0.53370", "2014-09-30": "0.49820", "2014-06-30": "0.51690", "2014-03-31": "0.52130", "2013-12-31": "0.52780", "2013-09-30": "0.65090", "2013-06-30": "0.66910", "2013-03-31": "0.71560", "2012-12-31": "0.72730", "2012-09-30": "0.63350", "2012-06-30": "0.64530", "2012-03-31": "0.66500", "2011-12-31": "0.68060", "2011-09-30": "0.61400", "2011-06-30": "0.56650", "2011-03-31": "0.57610", "2010-12-31": "0.06890", "2010-09-30": "", "2010-06-30": "", "2010-03-31": "", "2009-12-31": ""}, "Debt/Equity Ratio": {"2020-09-30": "1.21170", "2020-06-30": "1.35640", "2020-03-31": "1.06820", "2019-12-31": "0.80980", "2019-09-30": "0.90850", "2019-06-30": "1.04300", "2019-03-31": "0.95710", "2018-12-31": "0.84630", "2018-09-30": "0.70250", "2018-06-30": "0.75400", "2018-03-31": "0.74510", "2017-12-31": "0.72750", "2017-09-30": "0.74880", "2017-06-30": "0.77640", "2017-03-31": "0.78140", "2016-12-31": "0.77310", "2016-09-30": "0.77300", "2016-06-30": "0.79160", "2016-03-31": "0.83830", "2015-12-31": "0.85440", "2015-09-30": "0.87580", "2015-06-30": "1.13060", "2015-03-31": "1.23190", "2014-12-31": "1.22340", "2014-09-30": "1.04870", "2014-06-30": "1.12490", "2014-03-31": "1.13970", "2013-12-31": "1.16960", "2013-09-30": "1.93370", "2013-06-30": "2.08130", "2013-03-31": "2.57000", "2012-12-31": "2.74360", "2012-09-30": "1.76980", "2012-06-30": "1.85510", "2012-03-31": "2.01630", "2011-12-31": "2.16410", "2011-09-30": "1.61560", "2011-06-30": "1.32740", "2011-03-31": "1.38030", "2010-12-31": "0.57830", "2010-09-30": "", "2010-06-30": "", "2010-03-31": "", "2009-12-31": ""}, "Gross Margin": {"2020-09-30": "18.84180", "2020-06-30": "13.02420", "2020-03-31": "18.69200", "2019-12-31": "17.91050", "2019-09-30": "18.79230", "2019-06-30": "16.17920", "2019-03-31": "15.76920", "2018-12-31": "21.37340", "2018-09-30": "23.52380", "2018-06-30": "22.37620", "2018-03-31": "20.22410", "2017-12-31": "22.39480", "2017-09-30": "22.27590", "2017-06-30": "22.71260", "2017-03-31": "19.95360", "2016-12-31": "31.47760", "2016-09-30": "18.77600", "2016-06-30": "21.58820", "2016-03-31": "19.00170", "2015-12-31": "18.63520", "2015-09-30": "19.11110", "2015-06-30": "28.59600", "2015-03-31": "19.42680", "2014-12-31": "21.12090", "2014-09-30": "20.55910", "2014-06-30": "20.36070", "2014-03-31": "19.25970", "2013-12-31": "19.14350", "2013-09-30": "18.57060", "2013-06-30": "17.76590", "2013-03-31": "16.83740", "2012-12-31": "19.25400", "2012-09-30": "13.97240", "2012-06-30": "16.15340", "2012-03-31": "14.47700", "2011-12-31": "14.98560", "2011-09-30": "15.94480", "2011-06-30": "16.37880", "2011-03-31": "13.89550", "2010-12-31": "16.93550", "2010-09-30": "14.11410", "2010-06-30": "8.75780", "2010-03-31": "14.07710", "2009-12-31": ""}, "Operating Margin": {"2020-09-30": "9.59380", "2020-06-30": "2.81200", "2020-03-31": "9.50070", "2019-12-31": "7.71140", "2019-09-30": "9.64400", "2019-06-30": "7.99820", "2019-03-31": "7.74040", "2018-12-31": "9.68620", "2018-09-30": "13.92220", "2018-06-30": "12.72280", "2018-03-31": "10.19210", "2017-12-31": "11.57320", "2017-09-30": "12.93610", "2017-06-30": "12.97090", "2017-03-31": "9.74480", "2016-12-31": "14.88030", "2016-09-30": "10.39810", "2016-06-30": "12.76470", "2016-03-31": "11.23090", "2015-12-31": "7.55910", "2015-09-30": "11.11110", "2015-06-30": "15.41550", "2015-03-31": "9.93630", "2014-12-31": "7.47280", "2014-09-30": "9.95920", "2014-06-30": "10.52940", "2014-03-31": "9.97490", "2013-12-31": "8.97830", "2013-09-30": "7.75810", "2013-06-30": "6.89250", "2013-03-31": "6.08190", "2012-12-31": "5.81460", "2012-09-30": "4.13530", "2012-06-30": "6.15920", "2012-03-31": "5.10200", "2011-12-31": "6.57060", "2011-09-30": "-11.92720", "2011-06-30": "5.82210", "2011-03-31": "5.04750", "2010-12-31": "3.39860", "2010-09-30": "4.62460", "2010-06-30": "-1.24220", "2010-03-31": "5.08180", "2009-12-31": ""}, "EBIT Margin": {"2020-09-30": "9.85310", "2020-06-30": "3.15740", "2020-03-31": "9.76580", "2019-12-31": "8.00170", "2019-09-30": "9.91440", "2019-06-30": "8.22670", "2019-03-31": "7.93270", "2018-12-31": "9.91360", "2018-09-30": "14.30630", "2018-06-30": "12.82180", "2018-03-31": "10.29880", "2017-12-31": "11.67340", "2017-09-30": "13.31190", "2017-06-30": "13.02480", "2017-03-31": "9.86080", "2016-12-31": "14.82830", "2016-09-30": "10.75460", "2016-06-30": "12.82350", "2016-03-31": "11.23090", "2015-12-31": "7.61150", "2015-09-30": "11.44440", "2015-06-30": "15.53010", "2015-03-31": "10.00000", "2014-12-31": "7.52470", "2014-09-30": "10.36690", "2014-06-30": "10.58760", "2014-03-31": "10.10040", "2013-12-31": "9.02990", "2013-09-30": "8.30790", "2013-06-30": "7.01130", "2013-03-31": "6.21000", "2012-12-31": "6.03400", "2012-09-30": "4.57390", "2012-06-30": "6.39160", "2012-03-31": "5.29340", "2011-12-31": "6.97410", "2011-09-30": "-11.36220", "2011-06-30": "6.07810", "2011-03-31": "5.04750", "2010-12-31": "3.39860", "2010-09-30": "4.62460", "2010-06-30": "-1.24220", "2010-03-31": "5.08180", "2009-12-31": ""}, "EBITDA Margin": {"2020-09-30": "", "2020-06-30": "", "2020-03-31": "", "2019-12-31": "", "2019-09-30": "", "2019-06-30": "", "2019-03-31": "", "2018-12-31": "", "2018-09-30": "", "2018-06-30": "", "2018-03-31": "", "2017-12-31": "", "2017-09-30": "", "2017-06-30": "", "2017-03-31": "", "2016-12-31": "", "2016-09-30": "", "2016-06-30": "", "2016-03-31": "", "2015-12-31": "", "2015-09-30": "", "2015-06-30": "", "2015-03-31": "", "2014-12-31": "", "2014-09-30": "", "2014-06-30": "", "2014-03-31": "", "2013-12-31": "", "2013-09-30": "", "2013-06-30": "", "2013-03-31": "", "2012-12-31": "", "2012-09-30": "", "2012-06-30": "", "2012-03-31": "", "2011-12-31": "", "2011-09-30": "", "2011-06-30": "", "2011-03-31": "", "2010-12-31": "", "2010-09-30": "", "2010-06-30": "", "2010-03-31": "", "2009-12-31": ""}, "Pre-Tax Profit Margin": {"2020-09-30": "9.76660", "2020-06-30": "3.20670", "2020-03-31": "9.54490", "2019-12-31": "7.13100", "2019-09-30": "8.92290", "2019-06-30": "7.49540", "2019-03-31": "7.16350", "2018-12-31": "9.95910", "2018-09-30": "14.16230", "2018-06-30": "12.97030", "2018-03-31": "10.40560", "2017-12-31": "9.36870", "2017-09-30": "11.80890", "2017-06-30": "11.73310", "2017-03-31": "8.52670", "2016-12-31": "13.05930", "2016-09-30": "9.32860", "2016-06-30": "11.70590", "2016-03-31": "10.03970", "2015-12-31": "4.19950", "2015-09-30": "9.72220", "2015-06-30": "13.98280", "2015-03-31": "8.47130", "2014-12-31": "4.09960", "2014-09-30": "8.38670", "2014-06-30": "8.84240", "2014-03-31": "8.28110", "2013-12-31": "7.37870", "2013-09-30": "6.04760", "2013-06-30": "5.16930", "2013-03-31": "4.16130", "2012-12-31": "4.22380", "2012-09-30": "2.31830", "2012-06-30": "4.47410", "2012-03-31": "3.18880", "2011-12-31": "4.89910", "2011-09-30": "-13.81040", "2011-06-30": "3.90280", "2011-03-31": "4.15680", "2010-12-31": "4.89630", "2010-09-30": "4.02400", "2010-06-30": "-1.86340", "2010-03-31": "4.49770", "2009-12-31": ""}, "Net Profit Margin": {"2020-09-30": "9.59380", "2020-06-30": "2.61470", "2020-03-31": "7.60050", "2019-12-31": "6.17740", "2019-09-30": "6.94010", "2019-06-30": "5.85010", "2019-03-31": "5.67310", "2018-12-31": "9.64070", "2018-09-30": "10.99380", "2018-06-30": "11.83170", "2018-03-31": "8.32440", "2017-12-31": "3.20640", "2017-09-30": "7.99790", "2017-06-30": "7.91170", "2017-03-31": "6.90260", "2016-12-31": "10.24970", "2016-09-30": "6.35770", "2016-06-30": "7.82350", "2016-03-31": "7.71410", "2015-12-31": "2.62470", "2015-09-30": "6.16670", "2015-06-30": "8.93980", "2015-03-31": "5.54140", "2014-12-31": "2.69850", "2014-09-30": "5.59110", "2014-06-30": "5.81730", "2014-03-31": "5.64620", "2013-12-31": "4.69560", "2013-09-30": "4.21500", "2013-06-30": "3.38680", "2013-03-31": "2.81690", "2012-12-31": "2.74270", "2012-09-30": "0.81450", "2012-06-30": "2.90530", "2012-03-31": "2.10460", "2011-12-31": "3.63110", "2011-09-30": "-15.56810", "2011-06-30": "2.55920", "2011-03-31": "2.67220", "2010-12-31": "3.62900", "2010-09-30": "2.52250", "2010-06-30": "-0.68320", "2010-03-31": "2.39490", "2009-12-31": ""}, "Asset Turnover": {"2020-09-30": "0.27400", "2020-06-30": "0.24620", "2020-03-31": "0.29720", "2019-12-31": "0.34310", "2019-09-30": "0.30890", "2019-06-30": "0.30260", "2019-03-31": "0.29710", "2018-12-31": "0.34450", "2018-09-30": "0.33600", "2018-06-30": "0.31690", "2018-03-31": "0.29390", "2017-12-31": "0.31310", "2017-09-30": "0.30180", "2017-06-30": "0.30020", "2017-03-31": "0.27650", "2016-12-31": "0.30260", "2016-09-30": "0.28010", "2016-06-30": "0.29020", "2016-03-31": "0.29900", "2015-12-31": "0.31620", "2015-09-30": "0.29790", "2015-06-30": "0.27650", "2015-03-31": "0.24850", "2014-12-31": "0.30890", "2014-09-30": "0.28030", "2014-06-30": "0.28270", "2014-03-31": "0.26100", "2013-12-31": "0.31130", "2013-09-30": "0.26070", "2013-06-30": "0.27830", "2013-03-31": "0.24990", "2012-12-31": "0.28520", "2012-09-30": "0.27220", "2012-06-30": "0.29610", "2012-03-31": "0.26920", "2011-12-31": "0.28590", "2011-09-30": "0.27870", "2011-06-30": "0.26330", "2011-03-31": "0.29010", "2010-12-31": "0.33370", "2010-09-30": "", "2010-06-30": "", "2010-03-31": "", "2009-12-31": ""}, "Inventory Turnover Ratio": {"2020-09-30": "12.35530", "2020-06-30": "11.01880", "2020-03-31": "11.94810", "2019-12-31": "14.55880", "2019-09-30": "12.96400", "2019-06-30": "14.55560", "2019-03-31": "13.79530", "2018-12-31": "13.50780", "2018-09-30": "8.85000", "2018-06-30": "9.01150", "2018-03-31": "7.95210", "2017-12-31": "8.46450", "2017-09-30": "7.91260", "2017-06-30": "7.03920", "2017-03-31": "6.00000", "2016-12-31": "6.27140", "2016-09-30": "5.10070", "2016-06-30": "4.76070", "2016-03-31": "5.04590", "2015-12-31": "5.43860", "2015-09-30": "4.72730", "2015-06-30": "3.90600", "2015-03-31": "3.76490", "2014-12-31": "4.48380", "2014-09-30": "5.01470", "2014-06-30": "4.65650", "2014-03-31": "4.08570", "2013-12-31": "5.03860", "2013-09-30": "3.92060", "2013-06-30": "4.31150", "2013-03-31": "4.19030", "2012-12-31": "5.11110", "2012-09-30": "4.13550", "2012-06-30": "4.04200", "2012-03-31": "3.49220", "2011-12-31": "3.88160", "2011-09-30": "2.89200", "2011-06-30": "3.35990", "2011-03-31": "3.89790", "2010-12-31": "4.98630", "2010-09-30": "", "2010-06-30": "", "2010-03-31": "", "2009-12-31": ""}, "Receiveable Turnover": {"2020-09-30": "3.53280", "2020-06-30": "3.38960", "2020-03-31": "4.30230", "2019-12-31": "5.17600", "2019-09-30": "4.53780", "2019-06-30": "3.87940", "2019-03-31": "5.54670", "2018-12-31": "6.35550", "2018-09-30": "4.41310", "2018-06-30": "5.54950", "2018-03-31": "5.46360", "2017-12-31": "4.65270", "2017-09-30": "1.55250", "2017-06-30": "1.54700", "2017-03-31": "1.46350", "2016-12-31": "1.65120", "2016-09-30": "1.60900", "2016-06-30": "1.66340", "2016-03-31": "1.62340", "2015-12-31": "1.77370", "2015-09-30": "1.40850", "2015-06-30": "1.40270", "2015-03-31": "1.28790", "2014-12-31": "1.85650", "2014-09-30": "1.50090", "2014-06-30": "1.41370", "2014-03-31": "1.22710", "2013-12-31": "1.72570", "2013-09-30": "1.55170", "2013-06-30": "1.52860", "2013-03-31": "1.30280", "2012-12-31": "2.01440", "2012-09-30": "1.80750", "2012-06-30": "1.96010", "2012-03-31": "1.64360", "2011-12-31": "2.44020", "2011-09-30": "2.03970", "2011-06-30": "1.74050", "2011-03-31": "1.87950", "2010-12-31": "2.38460", "2010-09-30": "", "2010-06-30": "", "2010-03-31": "", "2009-12-31": ""}, "Days Sales In Receivables": {"2020-09-30": "25.47540", "2020-06-30": "26.55160", "2020-03-31": "20.91910", "2019-12-31": "17.38810", "2019-09-30": "19.83330", "2019-06-30": "23.19930", "2019-03-31": "16.22600", "2018-12-31": "14.16100", "2018-09-30": "20.39370", "2018-06-30": "16.21780", "2018-03-31": "16.47280", "2017-12-31": "19.34370", "2017-09-30": "57.97100", "2017-06-30": "58.17550", "2017-03-31": "61.49650", "2016-12-31": "54.50570", "2016-09-30": "55.93580", "2016-06-30": "54.10590", "2016-03-31": "55.43960", "2015-12-31": "50.74020", "2015-09-30": "63.90000", "2015-06-30": "64.16050", "2015-03-31": "69.87900", "2014-12-31": "48.47950", "2014-09-30": "59.96510", "2014-06-30": "63.66490", "2014-03-31": "73.34380", "2013-12-31": "52.15170", "2013-09-30": "58.00250", "2013-06-30": "58.87700", "2013-03-31": "69.08450", "2012-12-31": "44.67910", "2012-09-30": "49.79320", "2012-06-30": "45.91520", "2012-03-31": "54.75770", "2011-12-31": "36.88180", "2011-09-30": "44.12430", "2011-06-30": "51.70830", "2011-03-31": "47.88600", "2010-12-31": "37.74190", "2010-09-30": "", "2010-06-30": "", "2010-03-31": "", "2009-12-31": ""}, "ROE - Return On Equity": {"2020-09-30": "11.80850", "2020-06-30": "3.15850", "2020-03-31": "10.46870", "2019-12-31": "9.38290", "2019-09-30": "9.03230", "2019-06-30": "7.86240", "2019-03-31": "7.54960", "2018-12-31": "13.98420", "2018-09-30": "12.54790", "2018-06-30": "14.06710", "2018-03-31": "9.08030", "2017-12-31": "3.64050", "2017-09-30": "8.70330", "2017-06-30": "8.90910", "2017-03-31": "7.26500", "2016-12-31": "11.91770", "2016-09-30": "6.47700", "2016-06-30": "8.25060", "2016-03-31": "8.94150", "2015-12-31": "3.35570", "2015-09-30": "7.44970", "2015-06-30": "10.50510", "2015-03-31": "6.30430", "2014-12-31": "3.80950", "2014-09-30": "5.77620", "2014-06-30": "6.37350", "2014-03-31": "5.76550", "2013-12-31": "5.98290", "2013-09-30": "7.37970", "2013-06-30": "6.52920", "2013-03-31": "6.22350", "2012-12-31": "7.49630", "2012-09-30": "1.25240", "2012-06-30": "5.03020", "2012-03-31": "3.59480", "2011-12-31": "7.33410", "2011-09-30": "-21.47190", "2011-06-30": "2.83490", "2011-03-31": "3.30400", "2010-12-31": "4.44290", "2010-09-30": "", "2010-06-30": "", "2010-03-31": "", "2009-12-31": ""}, "Return On Tangible Equity": {"2020-09-30": "-99.10710", "2020-06-30": "-12.04550", "2020-03-31": "-35.39100", "2019-12-31": "-53.79060", "2019-09-30": "-75.86210", "2019-06-30": "-43.68600", "2019-03-31": "-31.97830", "2018-12-31": "-88.70290", "2018-09-30": "178.90630", "2018-06-30": "-2987.50000", "2018-03-31": "7800.00000", "2017-12-31": "193.93940", "2017-09-30": "-647.82610", "2017-06-30": "-153.12500", "2017-03-31": "-89.47370", "2016-12-31": "-152.71320", "2016-09-30": "49.30880", "2016-06-30": "77.32560", "2016-03-31": "181.33330", "2015-12-31": "128.20510", "2015-09-30": "-1009.09100", "2015-06-30": "-709.09090", "2015-03-31": "-45.31250", "2014-12-31": "-25.00000", "2014-09-30": "384.00000", "2014-06-30": "-129.87010", "2014-03-31": "81.08110", "2013-12-31": "81.25000", "2013-09-30": "-14.43520", "2013-06-30": "-10.45870", "2013-03-31": "-6.14530", "2012-12-31": "-6.56170", "2012-09-30": "-3.63130", "2012-06-30": "-12.28500", "2012-03-31": "-6.76230", "2011-12-31": "-10.69610", "2011-09-30": "98.80480", "2011-06-30": "-13.33330", "2011-03-31": "-12.71190", "2010-12-31": "-20.79210", "2010-09-30": "", "2010-06-30": "", "2010-03-31": "", "2009-12-31": ""}, "ROA - Return On Assets": {"2020-09-30": "2.62880", "2020-06-30": "0.64380", "2020-03-31": "2.25870", "2019-12-31": "2.11920", "2019-09-30": "2.14370", "2019-06-30": "1.77040", "2019-03-31": "1.68570", "2018-12-31": "3.32130", "2018-09-30": "3.69410", "2018-06-30": "3.74900", "2018-03-31": "2.44670", "2017-12-31": "1.00410", "2017-09-30": "2.41410", "2017-06-30": "2.37480", "2017-03-31": "1.90890", "2016-12-31": "3.10140", "2016-09-30": "1.78100", "2016-06-30": "2.27000", "2016-03-31": "2.30660", "2015-12-31": "0.83000", "2015-09-30": "1.83710", "2015-06-30": "2.47150", "2015-03-31": "1.37680", "2014-12-31": "0.83350", "2014-09-30": "1.56730", "2014-06-30": "1.64470", "2014-03-31": "1.47370", "2013-12-31": "1.46180", "2013-09-30": "1.09890", "2013-06-30": "0.94260", "2013-03-31": "0.70390", "2012-12-31": "0.78220", "2012-09-30": "0.22170", "2012-06-30": "0.86030", "2012-03-31": "0.56660", "2011-12-31": "1.03810", "2011-09-30": "-4.33950", "2011-06-30": "0.67370", "2011-03-31": "0.77520", "2010-12-31": "1.21080", "2010-09-30": "", "2010-06-30": "", "2010-03-31": "", "2009-12-31": ""}, "ROI - Return On Investment": {"2020-09-30": "5.33910", "2020-06-30": "1.34040", "2020-03-31": "5.19640", "2019-12-31": "5.18440", "2019-09-30": "4.73260", "2019-06-30": "3.84850", "2019-03-31": "3.85750", "2018-12-31": "7.57410", "2018-09-30": "7.37050", "2018-06-30": "8.02010", "2018-03-31": "5.20350", "2017-12-31": "2.10730", "2017-09-30": "4.97660", "2017-06-30": "5.01540", "2017-03-31": "4.07810", "2016-12-31": "6.72130", "2016-09-30": "3.65310", "2016-06-30": "4.60530", "2016-03-31": "4.86410", "2015-12-31": "1.80960", "2015-09-30": "3.97140", "2015-06-30": "5.59140", "2015-03-31": "2.92730", "2014-12-31": "1.77660", "2014-09-30": "2.89860", "2014-06-30": "3.07880", "2014-03-31": "2.75990", "2013-12-31": "2.82520", "2013-09-30": "2.57660", "2013-06-30": "2.16070", "2013-03-31": "1.76990", "2012-12-31": "2.04420", "2012-09-30": "0.45900", "2012-06-30": "1.78440", "2012-03-31": "1.20440", "2011-12-31": "2.34290", "2011-09-30": "-8.28880", "2011-06-30": "1.22890", "2011-03-31": "1.40060", "2010-12-31": "4.13660", "2010-09-30": "", "2010-06-30": "", "2010-03-31": "", "2009-12-31": ""}, "Book Value Per Share": {"2020-09-30": "46.41980", "2020-06-30": "41.43210", "2020-03-31": "40.56790", "2019-12-31": "38.92160", "2019-09-30": "41.58540", "2019-06-30": "39.32370", "2019-03-31": "37.57210", "2018-12-31": "36.18140", "2018-09-30": "42.44190", "2018-06-30": "39.05750", "2018-03-31": "38.52020", "2017-12-31": "38.98010", "2017-09-30": "37.79250", "2017-06-30": "36.26370", "2017-03-31": "35.45450", "2016-12-31": "35.77920", "2016-09-30": "35.52690", "2016-06-30": "34.37100", "2016-03-31": "32.29300", "2015-12-31": "31.76970", "2015-09-30": "31.56780", "2015-06-30": "30.87320", "2015-03-31": "28.39510", "2014-12-31": "28.26090", "2014-09-30": "34.26800", "2014-06-30": "32.28400", "2014-03-31": "31.72760", "2013-12-31": "31.23200", "2013-09-30": "18.88890", "2013-06-30": "17.53010", "2013-03-31": "14.08370", "2012-12-31": "13.44760", "2012-09-30": "20.93460", "2012-06-30": "20.08320", "2012-03-31": "18.56570", "2011-12-31": "17.60250", "2011-09-30": "23.66420", "2011-06-30": "28.91450", "2011-03-31": "27.92930", "2010-12-31": "", "2010-09-30": "", "2010-06-30": "", "2010-03-31": "", "2009-12-31": ""}, "Operating Cash Flow Per Share": {"2020-09-30": 5.4546, "2020-06-30": 4.9385, "2020-03-31": "1.67080", "2019-12-31": 13.6328, "2019-09-30": 8.8011, "2019-06-30": -1.0571, "2019-03-31": "0.26570", "2018-12-31": 14.7244, "2018-09-30": -1.9606, "2018-06-30": 5.4252, "2018-03-31": "2.67860", "2017-12-31": 9.4213, "2017-09-30": 2.1507, "2017-06-30": 4.0888, "2017-03-31": "2.11210", "2016-12-31": 7.3094, "2016-09-30": 5.4112, "2016-06-30": 3.5555, "2016-03-31": "1.13920", "2015-12-31": 8.9831, "2015-09-30": 5.2364, "2015-06-30": 3.4013, "2015-03-31": "0.20530", "2014-12-31": 8.9062, "2014-09-30": 5.2269, "2014-06-30": 5.4871, "2014-03-31": "-4.30580", "2013-12-31": 5.7892, "2013-09-30": 5.5402, "2013-06-30": 0.5499, "2013-03-31": "-7.19680", "2012-12-31": 7.4418, "2012-09-30": 2.7378, "2012-06-30": 3.0936, "2012-03-31": "-6.64650", "2011-12-31": 9.7154, "2011-09-30": 4.693, "2011-06-30": 3.8703, "2011-03-31": "-7.45900", "2010-12-31": 4.2623, "2010-09-30": 3.5451, "2010-06-30": 1.9467, "2010-03-31": "-2.39750", "2009-12-31": 0}, "Free Cash Flow Per Share": {"2020-09-30": 3.7347, "2020-06-30": 2.9975, "2020-03-31": "-0.07370", "2019-12-31": 9.3018, "2019-09-30": 5.9417, "2019-06-30": -4.0116, "2019-03-31": "-2.39130", "2018-12-31": 11.1479, "2018-09-30": -4.7304, "2018-06-30": 3.1047, "2018-03-31": "1.07140", "2017-12-31": 6.0903, "2017-09-30": 0.3071, "2017-06-30": 2.3693, "2017-03-31": "0.86210", "2016-12-31": 4.3433, "2016-09-30": 4.1291, "2016-06-30": 2.6309, "2016-03-31": "0.35860", "2015-12-31": 6.869, "2015-09-30": 4.4691, "2015-06-30": 2.8065, "2015-03-31": "0.45170", "2014-12-31": 7.4166, "2014-09-30": 4.4084, "2014-06-30": 4.9313, "2014-03-31": "-4.78870", "2013-12-31": 4.7112, "2013-09-30": 4.9452, "2013-06-30": 0.0614, "2013-03-31": "-7.79320", "2012-12-31": 6.0373, "2012-09-30": 2.0465, "2012-06-30": 2.5013, "2012-03-31": "-7.19190", "2011-12-31": 8.112, "2011-09-30": 3.9329, "2011-06-30": 3.4879, "2011-03-31": "-8.75000", "2010-12-31": 2.3156, "2010-09-30": 2.8073, "2010-06-30": 1.373, "2010-03-31": "-3.05330", "2009-12-31": 0}}, "revenue": {"Huntington Ingalls Industries Annual Revenue (Millions of US $)": {"2019": "$8,899", "2018": "$8,176", "2017": "$7,441", "2016": "$7,068", "2015": "$7,020", "2014": "$6,957", "2013": "$6,820", "2012": "$6,708", "2011": "$6,575", "2010": "$6,723", "2009": "$6,292"}, "Huntington Ingalls Industries Quarterly Revenue (Millions of US $)": {"2020-09-30": "$2,314", "2020-06-30": "$2,027", "2020-03-31": "$2,263", "2019-12-31": "$2,412", "2019-09-30": "$2,219", "2019-06-30": "$2,188", "2019-03-31": "$2,080", "2018-12-31": "$2,199", "2018-09-30": "$2,083", "2018-06-30": "$2,020", "2018-03-31": "$1,874", "2017-12-31": "$1,996", "2017-09-30": "$1,863", "2017-06-30": "$1,858", "2017-03-31": "$1,724", "2016-12-31": "$1,922", "2016-09-30": "$1,683", "2016-06-30": "$1,700", "2016-03-31": "$1,763", "2015-12-31": "$1,905", "2015-09-30": "$1,800", "2015-06-30": "$1,745", "2015-03-31": "$1,570", "2014-12-31": "$1,927", "2014-09-30": "$1,717", "2014-06-30": "$1,719", "2014-03-31": "$1,594", "2013-12-31": "$1,938", "2013-09-30": "$1,637", "2013-06-30": "$1,683", "2013-03-31": "$1,562", "2012-12-31": "$1,823", "2012-09-30": "$1,596", "2012-06-30": "$1,721", "2012-03-31": "$1,568", "2011-12-31": "$1,735", "2011-09-30": "$1,593", "2011-06-30": "$1,563", "2011-03-31": "$1,684", "2010-12-31": "$1,736", "2010-09-30": "$1,665", "2010-06-30": "$1,610", "2010-03-31": "$1,712", "2009-12-31": ""}}, "gross-profit": {"Huntington Ingalls Industries Annual Gross Profit (Millions of US $)": {"2019": "$1,531", "2018": "$1,791", "2017": "$1,628", "2016": "$1,623", "2015": "$1,503", "2014": "$1,417", "2013": "$1,237", "2012": "$1,079", "2011": "$1,004", "2010": "$892", "2009": "$850"}, "Huntington Ingalls Industries Quarterly Gross Profit (Millions of US $)": {"2020-09-30": "$436", "2020-06-30": "$264", "2020-03-31": "$423", "2019-12-31": "$432", "2019-09-30": "$417", "2019-06-30": "$354", "2019-03-31": "$328", "2018-12-31": "$470", "2018-09-30": "$490", "2018-06-30": "$452", "2018-03-31": "$379", "2017-12-31": "$447", "2017-09-30": "$415", "2017-06-30": "$422", "2017-03-31": "$344", "2016-12-31": "$605", "2016-09-30": "$316", "2016-06-30": "$367", "2016-03-31": "$335", "2015-12-31": "$355", "2015-09-30": "$344", "2015-06-30": "$499", "2015-03-31": "$305", "2014-12-31": "$407", "2014-09-30": "$353", "2014-06-30": "$350", "2014-03-31": "$307", "2013-12-31": "$371", "2013-09-30": "$304", "2013-06-30": "$299", "2013-03-31": "$263", "2012-12-31": "$351", "2012-09-30": "$223", "2012-06-30": "$278", "2012-03-31": "$227", "2011-12-31": "$260", "2011-09-30": "$254", "2011-06-30": "$256", "2011-03-31": "$234", "2010-12-31": "$275", "2010-09-30": "$235", "2010-06-30": "$141", "2010-03-31": "$241", "2009-12-31": ""}}, "operating-income": {"Huntington Ingalls Industries Annual Operating Income (Millions of US $)": {"2019": "$736", "2018": "$951", "2017": "$881", "2016": "$876", "2015": "$769", "2014": "$655", "2013": "$512", "2012": "$358", "2011": "$100", "2010": "$241", "2009": "$211"}, "Huntington Ingalls Industries Quarterly Operating Income (Millions of US $)": {"2020-09-30": "$222", "2020-06-30": "$57", "2020-03-31": "$215", "2019-12-31": "$186", "2019-09-30": "$214", "2019-06-30": "$175", "2019-03-31": "$161", "2018-12-31": "$213", "2018-09-30": "$290", "2018-06-30": "$257", "2018-03-31": "$191", "2017-12-31": "$231", "2017-09-30": "$241", "2017-06-30": "$241", "2017-03-31": "$168", "2016-12-31": "$286", "2016-09-30": "$175", "2016-06-30": "$217", "2016-03-31": "$198", "2015-12-31": "$144", "2015-09-30": "$200", "2015-06-30": "$269", "2015-03-31": "$156", "2014-12-31": "$144", "2014-09-30": "$171", "2014-06-30": "$181", "2014-03-31": "$159", "2013-12-31": "$174", "2013-09-30": "$127", "2013-06-30": "$116", "2013-03-31": "$95", "2012-12-31": "$106", "2012-09-30": "$66", "2012-06-30": "$106", "2012-03-31": "$80", "2011-12-31": "$114", "2011-09-30": "$-190", "2011-06-30": "$91", "2011-03-31": "$85", "2010-12-31": "$59", "2010-09-30": "$77", "2010-06-30": "$-20", "2010-03-31": "$87", "2009-12-31": ""}}, "ebitda": {"Huntington Ingalls Industries Annual EBITDA (Millions of US $)": {"2019": "$1,017", "2018": "$1,175", "2017": "$1,104", "2016": "$1,073", "2015": "$1,069", "2014": "$918", "2013": "$761", "2012": "$569", "2011": "$600", "2010": "$443", "2009": "$397"}, "Huntington Ingalls Industries Quarterly EBITDA (Millions of US $)": {"2020-09-30": "$289", "2020-06-30": "$126", "2020-03-31": "$280", "2019-12-31": "$289", "2019-09-30": "$276", "2019-06-30": "$234", "2019-03-31": "$218", "2018-12-31": "$265", "2018-09-30": "$353", "2018-06-30": "$313", "2018-03-31": "$244", "2017-12-31": "$287", "2017-09-30": "$300", "2017-06-30": "$293", "2017-03-31": "$224", "2016-12-31": "$333", "2016-09-30": "$227", "2016-06-30": "$267", "2016-03-31": "$246", "2015-12-31": "$235", "2015-09-30": "$252", "2015-06-30": "$376", "2015-03-31": "$206", "2014-12-31": "$233", "2014-09-30": "$228", "2014-06-30": "$233", "2014-03-31": "$224", "2013-12-31": "$253", "2013-09-30": "$196", "2013-06-30": "$164", "2013-03-31": "$148", "2012-12-31": "$160", "2012-09-30": "$120", "2012-06-30": "$157", "2012-03-31": "$132", "2011-12-31": "$159", "2011-09-30": "$168", "2011-06-30": "$143", "2011-03-31": "$130", "2010-12-31": "$99", "2010-09-30": "$124", "2010-06-30": "$26", "2010-03-31": "$137", "2009-12-31": ""}}, "net-income": {"Huntington Ingalls Industries Annual Net Income (Millions of US $)": {"2019": "$549", "2018": "$836", "2017": "$479", "2016": "$573", "2015": "$404", "2014": "$338", "2013": "$261", "2012": "$146", "2011": "$-100", "2010": "$131", "2009": "$124"}, "Huntington Ingalls Industries Quarterly Net Income (Millions of US $)": {"2020-09-30": "$222", "2020-06-30": "$53", "2020-03-31": "$172", "2019-12-31": "$149", "2019-09-30": "$154", "2019-06-30": "$128", "2019-03-31": "$118", "2018-12-31": "$212", "2018-09-30": "$229", "2018-06-30": "$239", "2018-03-31": "$156", "2017-12-31": "$64", "2017-09-30": "$149", "2017-06-30": "$147", "2017-03-31": "$119", "2016-12-31": "$197", "2016-09-30": "$107", "2016-06-30": "$133", "2016-03-31": "$136", "2015-12-31": "$50", "2015-09-30": "$111", "2015-06-30": "$156", "2015-03-31": "$87", "2014-12-31": "$52", "2014-09-30": "$96", "2014-06-30": "$100", "2014-03-31": "$90", "2013-12-31": "$91", "2013-09-30": "$69", "2013-06-30": "$57", "2013-03-31": "$44", "2012-12-31": "$50", "2012-09-30": "$13", "2012-06-30": "$50", "2012-03-31": "$33", "2011-12-31": "$63", "2011-09-30": "$-248", "2011-06-30": "$40", "2011-03-31": "$45", "2010-12-31": "$63", "2010-09-30": "$42", "2010-06-30": "$-11", "2010-03-31": "$41", "2009-12-31": ""}}, "eps-earnings-per-share-diluted": {"Huntington Ingalls Industries Annual EPS": {"2019": "$13.26", "2018": "$19.09", "2017": "$10.46", "2016": "$12.14", "2015": "$8.36", "2014": "$6.86", "2013": "$5.18", "2012": "$2.91", "2011": "$-2.05", "2010": "$2.68", "2009": "$2.54"}, "Huntington Ingalls Industries Quarterly EPS": {"2020-09-30": "$5.45", "2020-06-30": "$1.30", "2020-03-31": "$4.23", "2019-12-31": "$3.60", "2019-09-30": "$3.74", "2019-06-30": "$3.07", "2019-03-31": "$2.85", "2018-12-31": "$4.92", "2018-09-30": "$5.29", "2018-06-30": "$5.40", "2018-03-31": "$3.48", "2017-12-31": "$1.42", "2017-09-30": "$3.27", "2017-06-30": "$3.21", "2017-03-31": "$2.56", "2016-12-31": "$4.20", "2016-09-30": "$2.27", "2016-06-30": "$2.80", "2016-03-31": "$2.87", "2015-12-31": "$1.08", "2015-09-30": "$2.29", "2015-06-30": "$3.20", "2015-03-31": "$1.79", "2014-12-31": "$1.05", "2014-09-30": "$1.96", "2014-06-30": "$2.04", "2014-03-31": "$1.81", "2013-12-31": "$1.83", "2013-09-30": "$1.36", "2013-06-30": "$1.12", "2013-03-31": "$0.87", "2012-12-31": "$0.98", "2012-09-30": "$0.26", "2012-06-30": "$1.00", "2012-03-31": "$0.67", "2011-12-31": "$1.30", "2011-09-30": "$-5.07", "2011-06-30": "$0.80", "2011-03-31": "$0.92", "2010-12-31": "$1.29", "2010-09-30": "$0.86", "2010-06-30": "$-0.23", "2010-03-31": "$0.85", "2009-12-31": "$0.00"}}, "shares-outstanding": {"Huntington Ingalls Industries Annual Shares Outstanding (Millions of Shares)": {"2019": "41", "2018": "44", "2017": "46", "2016": "47", "2015": "48", "2014": "49", "2013": "50", "2012": "50", "2011": "49", "2010": "49", "2009": "49"}, "Huntington Ingalls Industries Quarterly Shares Outstanding (Millions of Shares)": {"2020-09-30": "41", "2020-06-30": "41", "2020-03-31": "41", "2019-12-31": "41", "2019-09-30": "41", "2019-06-30": "42", "2019-03-31": "41", "2018-12-31": "44", "2018-09-30": "43", "2018-06-30": "44", "2018-03-31": "45", "2017-12-31": "46", "2017-09-30": "46", "2017-06-30": "46", "2017-03-31": "46", "2016-12-31": "47", "2016-09-30": "47", "2016-06-30": "48", "2016-03-31": "47", "2015-12-31": "48", "2015-09-30": "48", "2015-06-30": "49", "2015-03-31": "49", "2014-12-31": "49", "2014-09-30": "49", "2014-06-30": "49", "2014-03-31": "50", "2013-12-31": "50", "2013-09-30": "51", "2013-06-30": "51", "2013-03-31": "50", "2012-12-31": "50", "2012-09-30": "50", "2012-06-30": "50", "2012-03-31": "50", "2011-12-31": "49", "2011-09-30": "49", "2011-06-30": "50", "2011-03-31": "49", "2010-12-31": "49", "2010-09-30": "49", "2010-06-30": "49", "2010-03-31": "49", "2009-12-31": ""}}, "total-assets": {"Huntington Ingalls Industries Annual Total Assets (Millions of US $)": {"2019": "$7,031", "2018": "$6,383", "2017": "$6,374", "2016": "$6,352", "2015": "$6,024", "2014": "$6,239", "2013": "$6,225", "2012": "$6,392", "2011": "$6,069", "2010": "$5,203", "2009": "$0"}, "Huntington Ingalls Industries Quarterly Total Assets (Millions of US $)": {"2020-09-30": "$8,445", "2020-06-30": "$8,233", "2020-03-31": "$7,615", "2019-12-31": "$7,031", "2019-09-30": "$7,184", "2019-06-30": "$7,230", "2019-03-31": "$7,000", "2018-12-31": "$6,383", "2018-09-30": "$6,199", "2018-06-30": "$6,375", "2018-03-31": "$6,376", "2017-12-31": "$6,374", "2017-09-30": "$6,172", "2017-06-30": "$6,190", "2017-03-31": "$6,234", "2016-12-31": "$6,352", "2016-09-30": "$6,008", "2016-06-30": "$5,859", "2016-03-31": "$5,896", "2015-12-31": "$6,024", "2015-09-30": "$6,042", "2015-06-30": "$6,312", "2015-03-31": "$6,319", "2014-12-31": "$6,239", "2014-09-30": "$6,125", "2014-06-30": "$6,080", "2014-03-31": "$6,107", "2013-12-31": "$6,225", "2013-09-30": "$6,279", "2013-06-30": "$6,047", "2013-03-31": "$6,251", "2012-12-31": "$6,392", "2012-09-30": "$5,863", "2012-06-30": "$5,812", "2012-03-31": "$5,824", "2011-12-31": "$6,069", "2011-09-30": "$5,715", "2011-06-30": "$5,937", "2011-03-31": "$5,805", "2010-12-31": "$5,203", "2010-09-30": "$0", "2010-06-30": "$0", "2010-03-31": "$0", "2009-12-31": "$0"}}, "cash-on-hand": {"Huntington Ingalls Industries Annual Cash on Hand (Millions of US $)": {"2019": "$75", "2018": "$240", "2017": "$701", "2016": "$720", "2015": "$894", "2014": "$990", "2013": "$1,043", "2012": "$1,057", "2011": "$915", "2010": "$", "2009": "$"}, "Huntington Ingalls Industries Quarterly Cash on Hand (Millions of US $)": {"2020-09-30": "$744", "2020-06-30": "$631", "2020-03-31": "$28", "2019-12-31": "$75", "2019-09-30": "$32", "2019-06-30": "$29", "2019-03-31": "$51", "2018-12-31": "$240", "2018-09-30": "$68", "2018-06-30": "$398", "2018-03-31": "$528", "2017-12-31": "$701", "2017-09-30": "$499", "2017-06-30": "$553", "2017-03-31": "$608", "2016-12-31": "$720", "2016-09-30": "$957", "2016-06-30": "$852", "2016-03-31": "$793", "2015-12-31": "$894", "2015-09-30": "$671", "2015-06-30": "$960", "2015-03-31": "$904", "2014-12-31": "$990", "2014-09-30": "$769", "2014-06-30": "$592", "2014-03-31": "$742", "2013-12-31": "$1,043", "2013-09-30": "$895", "2013-06-30": "$623", "2013-03-31": "$652", "2012-12-31": "$1,057", "2012-09-30": "$766", "2012-06-30": "$669", "2012-03-31": "$551", "2011-12-31": "$915", "2011-09-30": "$536", "2011-06-30": "$381", "2011-03-31": "$225", "2010-12-31": "", "2010-09-30": "", "2010-06-30": "", "2010-03-31": "", "2009-12-31": ""}}, "long-term-debt": {"Huntington Ingalls Industries Annual Long Term Debt (Millions of US $)": {"2019": "$1,286", "2018": "$1,283", "2017": "$1,279", "2016": "$1,278", "2015": "$1,273", "2014": "$1,562", "2013": "$1,700", "2012": "$1,779", "2011": "$1,830", "2010": "$105", "2009": "$"}, "Huntington Ingalls Industries Quarterly Long Term Debt (Millions of US $)": {"2020-09-30": "$2,278", "2020-06-30": "$2,276", "2020-03-31": "$1,667", "2019-12-31": "$1,286", "2019-09-30": "$1,549", "2019-06-30": "$1,698", "2019-03-31": "$1,496", "2018-12-31": "$1,283", "2018-09-30": "$1,282", "2018-06-30": "$1,281", "2018-03-31": "$1,280", "2017-12-31": "$1,279", "2017-09-30": "$1,282", "2017-06-30": "$1,281", "2017-03-31": "$1,280", "2016-12-31": "$1,278", "2016-09-30": "$1,277", "2016-06-30": "$1,276", "2016-03-31": "$1,275", "2015-12-31": "$1,273", "2015-09-30": "$1,305", "2015-06-30": "$1,305", "2015-03-31": "$1,592", "2014-12-31": "$1,562", "2014-09-30": "$1,650", "2014-06-30": "$1,679", "2014-03-31": "$1,700", "2013-12-31": "$1,700", "2013-09-30": "$1,743", "2013-06-30": "$1,765", "2013-03-31": "$1,779", "2012-12-31": "$1,779", "2012-09-30": "$1,794", "2012-06-30": "$1,808", "2012-03-31": "$1,822", "2011-12-31": "$1,830", "2011-09-30": "$1,837", "2011-06-30": "$1,844", "2011-03-31": "$1,851", "2010-12-31": "$105", "2010-09-30": "", "2010-06-30": "", "2010-03-31": "", "2009-12-31": ""}}, "total-liabilities": {"Huntington Ingalls Industries Annual Total Liabilities (Millions of US $)": {"2019": "$5,443", "2018": "$4,867", "2017": "$4,616", "2016": "$4,699", "2015": "$4,534", "2014": "$4,874", "2013": "$4,704", "2012": "$5,725", "2011": "$5,210", "2010": "$3,785", "2009": "$0"}, "Huntington Ingalls Industries Quarterly Total Liabilities (Millions of US $)": {"2020-09-30": "$6,565", "2020-06-30": "$6,555", "2020-03-31": "$5,972", "2019-12-31": "$5,443", "2019-09-30": "$5,479", "2019-06-30": "$5,602", "2019-03-31": "$5,437", "2018-12-31": "$4,867", "2018-09-30": "$4,374", "2018-06-30": "$4,676", "2018-03-31": "$4,658", "2017-12-31": "$4,616", "2017-09-30": "$4,460", "2017-06-30": "$4,540", "2017-03-31": "$4,596", "2016-12-31": "$4,699", "2016-09-30": "$4,356", "2016-06-30": "$4,247", "2016-03-31": "$4,375", "2015-12-31": "$4,534", "2015-09-30": "$4,552", "2015-06-30": "$4,827", "2015-03-31": "$4,939", "2014-12-31": "$4,874", "2014-09-30": "$4,463", "2014-06-30": "$4,511", "2014-03-31": "$4,546", "2013-12-31": "$4,704", "2013-09-30": "$5,344", "2013-06-30": "$5,174", "2013-03-31": "$5,544", "2012-12-31": "$5,725", "2012-09-30": "$4,825", "2012-06-30": "$4,818", "2012-03-31": "$4,906", "2011-12-31": "$5,210", "2011-09-30": "$4,560", "2011-06-30": "$4,526", "2011-03-31": "$4,443", "2010-12-31": "$3,785", "2010-09-30": "$0", "2010-06-30": "$0", "2010-03-31": "$0", "2009-12-31": "$0"}}, "total-share-holder-equity": {"Huntington Ingalls Industries Annual Share Holder Equity (Millions of US $)": {"2019": "$1,588", "2018": "$1,516", "2017": "$1,758", "2016": "$1,653", "2015": "$1,490", "2014": "$1,365", "2013": "$1,521", "2012": "$667", "2011": "$859", "2010": "$1,418", "2009": "$0"}, "Huntington Ingalls Industries Quarterly Share Holder Equity (Millions of US $)": {"2020-09-30": "$1,880", "2020-06-30": "$1,678", "2020-03-31": "$1,643", "2019-12-31": "$1,588", "2019-09-30": "$1,705", "2019-06-30": "$1,628", "2019-03-31": "$1,563", "2018-12-31": "$1,516", "2018-09-30": "$1,825", "2018-06-30": "$1,699", "2018-03-31": "$1,718", "2017-12-31": "$1,758", "2017-09-30": "$1,712", "2017-06-30": "$1,650", "2017-03-31": "$1,638", "2016-12-31": "$1,653", "2016-09-30": "$1,652", "2016-06-30": "$1,612", "2016-03-31": "$1,521", "2015-12-31": "$1,490", "2015-09-30": "$1,490", "2015-06-30": "$1,485", "2015-03-31": "$1,380", "2014-12-31": "$1,365", "2014-09-30": "$1,662", "2014-06-30": "$1,569", "2014-03-31": "$1,561", "2013-12-31": "$1,521", "2013-09-30": "$935", "2013-06-30": "$873", "2013-03-31": "$707", "2012-12-31": "$667", "2012-09-30": "$1,038", "2012-06-30": "$994", "2012-03-31": "$918", "2011-12-31": "$859", "2011-09-30": "$1,155", "2011-06-30": "$1,411", "2011-03-31": "$1,362", "2010-12-31": "$1,418", "2010-09-30": "$0", "2010-06-30": "$0", "2010-03-31": "$0", "2009-12-31": "$0"}}, "profit-margins": {"current": "6.61%"}, "gross margin": {"2020-09-30": "17.25%", "2020-06-30": "17.22%", "2020-03-31": "17.90%", "2019-12-31": "17.20%", "2019-09-30": "18.06%", "2019-06-30": "19.20%", "2019-03-31": "20.76%", "2018-12-31": "21.91%", "2018-09-30": "22.17%", "2018-06-30": "21.84%", "2018-03-31": "21.91%", "2017-12-31": "21.88%", "2017-09-30": "24.24%", "2017-06-30": "23.47%", "2017-03-31": "23.22%", "2016-12-31": "22.96%", "2016-09-30": "19.47%", "2016-06-30": "19.55%", "2016-03-31": "21.25%", "2015-12-31": "21.41%", "2015-09-30": "22.08%", "2015-06-30": "22.47%", "2015-03-31": "20.41%", "2014-12-31": "20.37%", "2014-09-30": "19.82%", "2014-06-30": "19.34%", "2014-03-31": "18.70%", "2013-12-31": "18.14%", "2013-09-30": "18.15%", "2013-06-30": "17.05%", "2013-03-31": "16.64%", "2012-12-31": "16.09%", "2012-09-30": "14.92%", "2012-06-30": "15.40%", "2012-03-31": "15.44%", "2011-12-31": "15.27%", "2011-09-30": "15.50%", "2011-06-30": "15.04%", "2011-03-31": "13.22%", "2010-12-31": "13.27%"}, "operating margin": {"2020-09-30": "7.54%", "2020-06-30": "7.53%", "2020-03-31": "8.70%", "2019-12-31": "8.27%", "2019-09-30": "8.78%", "2019-06-30": "9.81%", "2019-03-31": "10.99%", "2018-12-31": "11.63%", "2018-09-30": "12.15%", "2018-06-30": "11.87%", "2018-03-31": "11.91%", "2017-12-31": "11.84%", "2017-09-30": "12.71%", "2017-06-30": "12.11%", "2017-03-31": "12.04%", "2016-12-31": "12.39%", "2016-09-30": "10.41%", "2016-06-30": "10.59%", "2016-03-31": "11.24%", "2015-12-31": "10.95%", "2015-09-30": "10.92%", "2015-06-30": "10.63%", "2015-03-31": "9.40%", "2014-12-31": "9.41%", "2014-09-30": "9.83%", "2014-06-30": "9.31%", "2014-03-31": "8.41%", "2013-12-31": "7.51%", "2013-09-30": "6.62%", "2013-06-30": "5.75%", "2013-03-31": "5.57%", "2012-12-31": "5.34%", "2012-09-30": "5.53%", "2012-06-30": "1.66%", "2012-03-31": "1.47%", "2011-12-31": "1.52%", "2011-09-30": "0.68%", "2011-06-30": "4.69%", "2011-03-31": "3.00%", "2010-12-31": "3.02%"}, "ebitda margin": {"2020-09-30": "10.91%", "2020-06-30": "10.88%", "2020-03-31": "11.88%", "2019-12-31": "11.43%", "2019-09-30": "11.43%", "2019-06-30": "12.51%", "2019-03-31": "13.71%", "2018-12-31": "14.37%", "2018-09-30": "15.01%", "2018-06-30": "14.76%", "2018-03-31": "14.81%", "2017-12-31": "14.84%", "2017-09-30": "15.61%", "2017-06-30": "14.99%", "2017-03-31": "14.95%", "2016-12-31": "15.18%", "2016-09-30": "13.83%", "2016-06-30": "13.95%", "2016-03-31": "15.38%", "2015-12-31": "15.23%", "2015-09-30": "15.15%", "2015-06-30": "14.99%", "2015-03-31": "12.98%", "2014-12-31": "13.20%", "2014-09-30": "13.46%", "2014-06-30": "13.15%", "2014-03-31": "12.22%", "2013-12-31": "11.16%", "2013-09-30": "9.96%", "2013-06-30": "8.88%", "2013-03-31": "8.73%", "2012-12-31": "8.48%", "2012-09-30": "8.58%", "2012-06-30": "9.31%", "2012-03-31": "9.32%", "2011-12-31": "9.13%", "2011-09-30": "8.21%", "2011-06-30": "7.46%", "2011-03-31": "5.66%", "2010-12-31": "5.74%"}, "pre tax profit margin": {"2020-09-30": "7.53%", "2020-06-30": "7.30%", "2020-03-31": "8.26%", "2019-12-31": "7.68%", "2019-09-30": "8.40%", "2019-06-30": "9.67%", "2019-03-31": "11.04%", "2018-12-31": "11.88%", "2018-09-30": "11.78%", "2018-06-30": "11.14%", "2018-03-31": "10.80%", "2017-12-31": "10.37%", "2017-09-30": "11.35%", "2017-06-30": "10.76%", "2017-03-31": "10.73%", "2016-12-31": "11.09%", "2016-09-30": "8.69%", "2016-06-30": "8.80%", "2016-03-31": "9.37%", "2015-12-31": "9.00%", "2015-09-30": "8.96%", "2015-06-30": "8.62%", "2015-03-31": "7.33%", "2014-12-31": "7.29%", "2014-09-30": "8.19%", "2014-06-30": "7.64%", "2014-03-31": "6.73%", "2013-12-31": "5.78%", "2013-09-30": "4.89%", "2013-06-30": "3.99%", "2013-03-31": "3.82%", "2012-12-31": "3.59%", "2012-09-30": "3.76%", "2012-06-30": "-0.12%", "2012-03-31": "-0.37%", "2011-12-31": "-0.06%", "2011-09-30": "-0.06%", "2011-06-30": "4.26%", "2011-03-31": "2.87%", "2010-12-31": "2.96%"}, "net profit margin": {"2020-09-30": "6.61%", "2020-06-30": "5.92%", "2020-03-31": "6.64%", "2019-12-31": "6.17%", "2019-09-30": "7.05%", "2019-06-30": "8.04%", "2019-03-31": "9.52%", "2018-12-31": "10.23%", "2018-09-30": "8.63%", "2018-06-30": "7.84%", "2018-03-31": "6.80%", "2017-12-31": "6.44%", "2017-09-30": "8.31%", "2017-06-30": "7.93%", "2017-03-31": "7.91%", "2016-12-31": "8.11%", "2016-09-30": "6.04%", "2016-06-30": "6.00%", "2016-03-31": "6.28%", "2015-12-31": "5.75%", "2015-09-30": "5.77%", "2015-06-30": "5.62%", "2015-03-31": "4.83%", "2014-12-31": "4.86%", "2014-09-30": "5.41%", "2014-06-30": "5.08%", "2014-03-31": "4.48%", "2013-12-31": "3.83%", "2013-09-30": "3.28%", "2013-06-30": "2.46%", "2013-03-31": "2.34%", "2012-12-31": "2.18%", "2012-09-30": "2.40%", "2012-06-30": "-1.54%", "2012-03-31": "-1.73%", "2011-12-31": "-1.52%", "2011-09-30": "-1.52%", "2011-06-30": "2.86%", "2011-03-31": "2.08%", "2010-12-31": "2.01%"}, "pe ratio": {"current": "10.90", "2021-02-11": "11.69", "2020-09-30": "9.58", "2020-06-30": "13.36", "2020-03-31": "12.21", "2019-12-31": "18.47", "2019-09-30": "14.11", "2019-06-30": "13.48", "2019-03-31": "10.82", "2018-12-31": "9.57", "2018-09-30": "15.79", "2018-06-30": "15.32", "2018-03-31": "21.65", "2017-12-31": "21.48", "2017-09-30": "16.24", "2017-06-30": "14.40", "2017-03-31": "15.98", "2016-12-31": "14.28", "2016-09-30": "15.99", "2016-06-30": "17.42", "2016-03-31": "13.55", "2015-12-31": "14.13", "2015-09-30": "11.90", "2015-06-30": "12.98", "2015-03-31": "18.83", "2014-12-31": "15.02", "2014-09-30": "12.47", "2014-06-30": "12.26", "2014-03-31": "15.22", "2013-12-31": "15.80", "2013-09-30": "14.10", "2013-06-30": "15.81", "2013-03-31": "15.48", "2012-12-31": "13.41", "2012-09-30": "11.38", "2012-06-30": "0.00", "2012-03-31": "0.00", "2011-12-31": "0.00"}, "price sales": {"2021-02-11": "0.77", "2020-09-30": "0.63", "2020-06-30": "0.79", "2020-03-31": "0.81", "2019-12-31": "1.14", "2019-09-30": "1.00", "2019-06-30": "1.08", "2019-03-31": "1.03", "2018-12-31": "0.98", "2018-09-30": "1.37", "2018-06-30": "1.21", "2018-03-31": "1.47", "2017-12-31": "1.38", "2017-09-30": "1.35", "2017-06-30": "1.14", "2017-03-31": "1.27", "2016-12-31": "1.16", "2016-09-30": "0.97", "2016-06-30": "1.05", "2016-03-31": "0.85", "2015-12-31": "0.81", "2015-09-30": "0.69", "2015-06-30": "0.73", "2015-03-31": "0.91", "2014-12-31": "0.73", "2014-09-30": "0.68", "2014-06-30": "0.63", "2014-03-31": "0.68", "2013-12-31": "0.61", "2013-09-30": "0.46", "2013-06-30": "0.39", "2013-03-31": "0.36", "2012-12-31": "0.29", "2012-09-30": "0.28", "2012-06-30": "0.27", "2012-03-31": "0.28", "2011-12-31": "0.21"}, "price book": {"current": "3.60", "2021-02-11": "3.67", "2020-09-30": "3.01", "2020-06-30": "4.15", "2020-03-31": "4.41", "2019-12-31": "6.30", "2019-09-30": "4.95", "2019-06-30": "5.54", "2019-03-31": "5.32", "2018-12-31": "5.05", "2018-09-30": "5.80", "2018-06-30": "5.32", "2018-03-31": "6.39", "2017-12-31": "5.76", "2017-09-30": "5.69", "2017-06-30": "4.86", "2017-03-31": "5.33", "2016-12-31": "4.85", "2016-09-30": "4.05", "2016-06-30": "4.57", "2016-03-31": "3.95", "2015-12-31": "3.71", "2015-09-30": "3.14", "2015-06-30": "3.36", "2015-03-31": "4.54", "2014-12-31": "3.65", "2014-09-30": "2.78", "2014-06-30": "2.67", "2014-03-31": "2.93", "2013-12-31": "2.62", "2013-09-30": "3.23", "2013-06-30": "2.91", "2013-03-31": "3.42", "2012-12-31": "2.90", "2012-09-30": "1.80", "2012-06-30": "1.80", "2012-03-31": "1.95", "2011-12-31": "1.60", "2011-09-30": "0.92", "2011-06-30": "1.07", "2011-03-31": "1.33"}, "price fcf": {"2021-02-11": "", "2020-09-30": "$15.96", "2020-06-30": "$18.17", "2020-03-31": "$11.16", "2019-12-31": "$8.84", "2019-09-30": "$10.69", "2019-06-30": "$0.01", "2019-03-31": "$7.13", "2018-12-31": "$10.59", "2018-09-30": "$5.54", "2018-06-30": "$10.57", "2018-03-31": "$9.84", "2017-12-31": "$9.63", "2017-09-30": "$7.88", "2017-06-30": "$11.70", "2017-03-31": "$11.97", "2016-12-31": "$11.46", "2016-09-30": "$13.99", "2016-06-30": "$14.33", "2016-03-31": "$14.50", "2015-12-31": "$14.60", "2015-09-30": "$15.14", "2015-06-30": "$15.08", "2015-03-31": "$17.21", "2014-12-31": "$11.97", "2014-09-30": "$9.26", "2014-06-30": "$9.80", "2014-03-31": "$4.93", "2013-12-31": "$1.92", "2013-09-30": "$3.25", "2013-06-30": "$0.35", "2013-03-31": "$2.79", "2012-12-31": "$3.39", "2012-09-30": "$5.47", "2012-06-30": "$7.35", "2012-03-31": "$8.34", "2011-12-31": "$6.78"}, "net worth": {"value": "$6.77B"}, "current ratio": {"current": "1.29", "2020-09-30": "1.29", "2020-06-30": "1.30", "2020-03-31": "1.03", "2019-12-31": "0.94", "2019-09-30": "1.04", "2019-06-30": "1.12", "2019-03-31": "0.98", "2018-12-31": "0.95", "2018-09-30": "1.14", "2018-06-30": "1.43", "2018-03-31": "1.51", "2017-12-31": "1.58", "2017-09-30": "1.52", "2017-06-30": "1.63", "2017-03-31": "1.62", "2016-12-31": "1.60", "2016-09-30": "1.91", "2016-06-30": "1.93", "2016-03-31": "1.91", "2015-12-31": "1.79", "2015-09-30": "1.87", "2015-06-30": "1.70", "2015-03-31": "1.97", "2014-12-31": "1.84", "2014-09-30": "1.93", "2014-06-30": "1.84", "2014-03-31": "2.05", "2013-12-31": "1.92", "2013-09-30": "1.81", "2013-06-30": "1.86", "2013-03-31": "2.03", "2012-12-31": "1.80", "2012-09-30": "1.80", "2012-06-30": "1.78", "2012-03-31": "1.72", "2011-12-31": "1.65", "2011-09-30": "1.73", "2011-06-30": "1.68", "2011-03-31": "1.63", "2010-12-31": "0.59", "2010-09-30": "0.00", "2010-06-30": "0.00", "2010-03-31": "0.00", "2009-12-31": "0.00"}, "quick ratio": {"2020-09-30": "1.22", "2020-06-30": "1.22", "2020-03-31": "0.95", "2019-12-31": "0.87", "2019-09-30": "0.97", "2019-06-30": "1.05", "2019-03-31": "0.92", "2018-12-31": "0.88", "2018-09-30": "1.03", "2018-06-30": "1.31", "2018-03-31": "1.38", "2017-12-31": "1.45", "2017-09-30": "1.38", "2017-06-30": "1.47", "2017-03-31": "1.44", "2016-12-31": "1.44", "2016-09-30": "1.69", "2016-06-30": "1.68", "2016-03-31": "1.66", "2015-12-31": "1.57", "2015-09-30": "1.63", "2015-06-30": "1.50", "2015-03-31": "1.72", "2014-12-31": "1.58", "2014-09-30": "1.71", "2014-06-30": "1.61", "2014-03-31": "1.80", "2013-12-31": "1.70", "2013-09-30": "1.56", "2013-06-30": "1.60", "2013-03-31": "1.77", "2012-12-31": "1.59", "2012-09-30": "1.53", "2012-06-30": "1.49", "2012-03-31": "1.42", "2011-12-31": "1.38", "2011-09-30": "1.34", "2011-06-30": "1.36", "2011-03-31": "1.30", "2010-12-31": "0.46", "2010-09-30": "0.00", "2010-06-30": "0.00", "2010-03-31": "0.00", "2009-12-31": "0.00"}, "debt equity ratio": {"current": "1.21", "2020-09-30": "3.49", "2020-06-30": "3.91", "2020-03-31": "3.64", "2019-12-31": "3.43", "2019-09-30": "3.21", "2019-06-30": "3.44", "2019-03-31": "3.48", "2018-12-31": "3.21", "2018-09-30": "2.40", "2018-06-30": "2.75", "2018-03-31": "2.71", "2017-12-31": "2.63", "2017-09-30": "2.61", "2017-06-30": "2.75", "2017-03-31": "2.81", "2016-12-31": "2.84", "2016-09-30": "2.64", "2016-06-30": "2.64", "2016-03-31": "2.88", "2015-12-31": "3.04", "2015-09-30": "3.06", "2015-06-30": "3.25", "2015-03-31": "3.58", "2014-12-31": "3.57", "2014-09-30": "2.69", "2014-06-30": "2.88", "2014-03-31": "2.91", "2013-12-31": "3.09", "2013-09-30": "5.72", "2013-06-30": "5.93", "2013-03-31": "7.84", "2012-12-31": "8.58", "2012-09-30": "4.65", "2012-06-30": "4.85", "2012-03-31": "5.34", "2011-12-31": "6.07", "2011-09-30": "3.95", "2011-06-30": "3.21", "2011-03-31": "3.26", "2010-12-31": "2.67", "2010-09-30": "0.00", "2010-06-30": "0.00", "2010-03-31": "0.00", "2009-12-31": "0.00"}, "return on equity": {"2020-09-30": "35.12%", "2020-06-30": "31.93%", "2020-03-31": "36.75%", "2019-12-31": "33.87%", "2019-09-30": "38.18%", "2019-06-30": "42.07%", "2019-03-31": "48.34%", "2018-12-31": "49.48%", "2018-09-30": "39.31%", "2018-06-30": "35.31%", "2018-03-31": "30.18%", "2017-12-31": "28.35%", "2017-09-30": "36.80%", "2017-06-30": "34.58%", "2017-03-31": "33.93%", "2016-12-31": "35.60%", "2016-09-30": "27.16%", "2016-06-30": "28.14%", "2016-03-31": "30.27%", "2015-12-31": "27.65%", "2015-09-30": "28.39%", "2015-06-30": "26.54%", "2015-03-31": "22.42%", "2014-12-31": "21.96%", "2014-09-30": "23.89%", "2014-06-30": "25.06%", "2014-03-31": "25.11%", "2013-12-31": "25.87%", "2013-09-30": "27.66%", "2013-06-30": "19.97%", "2013-03-31": "18.44%", "2012-12-31": "16.15%", "2012-09-30": "16.70%", "2012-06-30": "-10.39%", "2012-03-31": "-10.32%", "2011-12-31": "-8.36%", "2011-09-30": "-7.48%", "2011-06-30": "18.13%", "2011-03-31": "20.00%", "2010-12-31": "38.08%"}, "return on assets": {"2020-09-30": "7.61%", "2020-06-30": "7.03%", "2020-03-31": "8.30%", "2019-12-31": "7.72%", "2019-09-30": "8.81%", "2019-06-30": "10.25%", "2019-03-31": "12.30%", "2018-12-31": "13.20%", "2018-09-30": "10.87%", "2018-06-30": "9.61%", "2018-03-31": "8.22%", "2017-12-31": "7.67%", "2017-09-30": "9.81%", "2017-06-30": "9.20%", "2017-03-31": "9.09%", "2016-12-31": "9.50%", "2016-09-30": "7.16%", "2016-06-30": "7.22%", "2016-03-31": "7.46%", "2015-12-31": "6.54%", "2015-09-30": "6.52%", "2015-06-30": "6.26%", "2015-03-31": "5.41%", "2014-12-31": "5.51%", "2014-09-30": "6.15%", "2014-06-30": "5.67%", "2014-03-31": "4.98%", "2013-12-31": "4.21%", "2013-09-30": "3.52%", "2013-06-30": "2.67%", "2013-03-31": "2.58%", "2012-12-31": "2.44%", "2012-09-30": "2.70%", "2012-06-30": "-1.74%", "2012-03-31": "-1.90%", "2011-12-31": "-1.70%", "2011-09-30": "-1.77%", "2011-06-30": "4.49%", "2011-03-31": "5.05%", "2010-12-31": "10.38%"}, "return on investments": {"2020-09-30": "19.03%", "2020-06-30": "20.07%", "2020-03-31": "24.76%", "2019-12-31": "23.53%", "2019-09-30": "24.54%", "2019-06-30": "27.30%", "2019-03-31": "30.84%", "2018-12-31": "32.01%", "2018-09-30": "31.97%", "2018-06-30": "30.64%", "2018-03-31": "30.23%", "2017-12-31": "29.66%", "2017-09-30": "31.80%", "2017-06-30": "29.72%", "2017-03-31": "29.01%", "2016-12-31": "30.35%", "2016-09-30": "25.81%", "2016-06-30": "27.01%", "2016-03-31": "29.11%", "2015-12-31": "27.17%", "2015-09-30": "26.79%", "2015-06-30": "24.66%", "2015-03-31": "20.93%", "2014-12-31": "20.55%", "2014-09-30": "21.01%", "2014-06-30": "20.66%", "2014-03-31": "19.53%", "2013-12-31": "18.58%", "2013-09-30": "17.33%", "2013-06-30": "14.73%", "2013-03-31": "14.12%", "2012-12-31": "13.23%", "2012-09-30": "13.23%", "2012-06-30": "3.92%", "2012-03-31": "3.25%", "2011-12-31": "3.29%", "2011-09-30": "1.64%", "2011-06-30": "15.62%", "2011-03-31": "16.98%", "2010-12-31": "53.32%"}, "return on tangible equity": {"2020-09-30": "-167.06%", "2020-06-30": "-150.21%", "2020-03-31": "-191.58%", "2019-12-31": "-192.29%", "2019-09-30": "-221.74%", "2019-06-30": "-355.50%", "2019-03-31": "-654.10%", "2018-12-31": "-2858.12%", "2018-09-30": "1775.48%", "2018-06-30": "60800.00%", "2018-03-31": "-2457.14%", "2017-12-31": "-874.89%", "2017-09-30": "-642.52%", "2017-06-30": "-1617.02%", "2017-03-31": "1751.18%", "2016-12-31": "684.18%", "2016-09-30": "338.77%", "2016-06-30": "625.45%", "2016-03-31": "2237.04%", "2015-12-31": "-868.82%", "2015-09-30": "-375.06%", "2015-06-30": "-393.95%", "2015-03-31": "-296.46%", "2014-12-31": "-907.38%", "2014-09-30": "881.87%", "2014-06-30": "-421.69%", "2014-03-31": "-153.50%", "2013-12-31": "-64.17%", "2013-09-30": "-35.19%", "2013-06-30": "-27.55%", "2013-03-31": "-28.00%", "2012-12-31": "-28.98%", "2012-09-30": "-34.53%", "2012-06-30": "23.52%", "2012-03-31": "27.52%", "2011-12-31": "26.77%", "2011-09-30": "33.11%", "2011-06-30": "-79.41%", "2011-03-31": "-84.63%", "2010-12-31": "-178.22%"}, "dividend yield history": {"last payout": "$4.56", "last yield": "2.73%"}}