{"ticker": "HRC", "price": {"title": "Hill-Rom Holdings Historical Annual Stock Price Data", "value": 100.81, "historical": {"2021": {"Average Stock Price": "99.3583", "Year Open": "97.9800", "Year High": "103.8400", "Year Low": "94.8400", "Year Close": "100.8100", "Annual % Change": "2.90%"}, "2020": {"Average Stock Price": "99.8557", "Year Open": "113.7400", "Year High": "117.5700", "Year Low": "74.8800", "Year Close": "97.9700", "Annual % Change": "-13.71%"}, "2019": {"Average Stock Price": "103.2166", "Year Open": "85.0300", "Year High": "114.0100", "Year Low": "83.5800", "Year Close": "113.5300", "Annual % Change": "28.21%"}, "2018": {"Average Stock Price": "89.7918", "Year Open": "84.6400", "Year High": "98.8500", "Year Low": "79.7300", "Year Close": "88.5500", "Annual % Change": "5.05%"}, "2017": {"Average Stock Price": "74.3231", "Year Open": "56.8400", "Year High": "85.3600", "Year Low": "56.7600", "Year Close": "84.2900", "Annual % Change": "50.14%"}, "2016": {"Average Stock Price": "52.7120", "Year Open": "47.1400", "Year High": "62.4500", "Year Low": "43.2900", "Year Close": "56.1400", "Annual % Change": "16.81%"}, "2015": {"Average Stock Price": "51.2033", "Year Open": "45.2700", "Year High": "57.7900", "Year Low": "45.1300", "Year Close": "48.0600", "Annual % Change": "5.35%"}, "2014": {"Average Stock Price": "40.9810", "Year Open": "40.9800", "Year High": "46.5100", "Year Low": "35.1300", "Year Close": "45.6200", "Annual % Change": "10.35%"}, "2013": {"Average Stock Price": "35.9157", "Year Open": "29.6000", "Year High": "42.2400", "Year Low": "29.6000", "Year Close": "41.3400", "Annual % Change": "45.05%"}, "2012": {"Average Stock Price": "30.5271", "Year Open": "34.2800", "Year High": "35.9600", "Year Low": "25.3000", "Year Close": "28.5000", "Annual % Change": "-15.41%"}, "2011": {"Average Stock Price": "37.3400", "Year Open": "39.8300", "Year High": "47.4800", "Year Low": "27.3700", "Year Close": "33.6900", "Annual % Change": "-14.43%"}, "2010": {"Average Stock Price": "32.0370", "Year Open": "24.4300", "Year High": "43.6200", "Year Low": "23.3700", "Year Close": "39.3700", "Annual % Change": "64.11%"}, "2009": {"Average Stock Price": "17.0006", "Year Open": "16.9500", "Year High": "24.1800", "Year Low": "8.8900", "Year Close": "23.9900", "Annual % Change": "45.75%"}, "2008": {"Average Stock Price": "26.7492", "Year Open": "29.8387", "Year High": "33.4600", "Year Low": "15.6400", "Year Close": "16.4600", "Annual % Change": "-45.06%"}, "2007": {"Average Stock Price": "31.8820", "Year Open": "30.4839", "Year High": "36.2849", "Year Low": "28.0108", "Year Close": "29.9624", "Annual % Change": "-2.11%"}, "2006": {"Average Stock Price": "28.7452", "Year Open": "26.6237", "Year High": "33.1129", "Year Low": "25.4086", "Year Close": "30.6075", "Annual % Change": "15.22%"}, "2005": {"Average Stock Price": "27.5499", "Year Open": "29.4624", "Year High": "30.5860", "Year Low": "24.1935", "Year Close": "26.5645", "Annual % Change": "-11.04%"}, "2004": {"Average Stock Price": "31.5994", "Year Open": "33.2581", "Year High": "37.7527", "Year Low": "25.6452", "Year Close": "29.8602", "Annual % Change": "-10.51%"}, "2003": {"Average Stock Price": "28.5656", "Year Open": "28.8011", "Year High": "33.3656", "Year Low": "25.2204", "Year Close": "33.3656", "Annual % Change": "28.46%"}, "2002": {"Average Stock Price": "30.1816", "Year Open": "29.5914", "Year High": "35.4785", "Year Low": "25.2258", "Year Close": "25.9731", "Annual % Change": "-12.59%"}, "2001": {"Average Stock Price": "28.0723", "Year Open": "27.6237", "Year High": "31.2366", "Year Low": "23.5914", "Year Close": "29.7151", "Annual % Change": "7.32%"}, "2000": {"Average Stock Price": "19.6275", "Year Open": "16.8333", "Year High": "29.9086", "Year Low": "15.6237", "Year Close": "27.6882", "Annual % Change": "62.51%"}, "1999": {"Average Stock Price": "21.0981", "Year Open": "29.8387", "Year High": "29.8387", "Year Low": "14.1828", "Year Close": "17.0376", "Annual % Change": "-44.29%"}, "1998": {"Average Stock Price": "31.0729", "Year Open": "27.1505", "Year High": "34.6129", "Year Low": "26.0753", "Year Close": "30.5806", "Annual % Change": "11.12%"}, "1997": {"Average Stock Price": "23.5798", "Year Open": "19.2903", "Year High": "27.5215", "Year Low": "19.2903", "Year Close": "27.5215", "Annual % Change": "41.21%"}, "1996": {"Average Stock Price": "19.1341", "Year Open": "18.2796", "Year High": "21.5054", "Year Low": "17.2043", "Year Close": "19.4892", "Annual % Change": "6.99%"}, "1995": {"Average Stock Price": "16.0471", "Year Open": "15.2581", "Year High": "18.2151", "Year Low": "14.5860", "Year Close": "18.2151", "Annual % Change": "22.09%"}, "1994": {"Average Stock Price": "18.4549", "Year Open": "22.3817", "Year High": "23.2527", "Year Low": "14.4516", "Year Close": "14.9194", "Annual % Change": "-33.34%"}, "1993": {"Average Stock Price": "22.6914", "Year Open": "21.3065", "Year High": "26.0753", "Year Low": "19.6935", "Year Close": "22.3817", "Annual % Change": "5.39%"}, "1992": {"Average Stock Price": "20.7991", "Year Open": "18.0108", "Year High": "23.3226", "Year Low": "18.0108", "Year Close": "21.2366", "Annual % Change": "12.06%"}, "1991": {"Average Stock Price": "13.0438", "Year Open": "10.3145", "Year High": "18.9516", "Year Low": "10.1801", "Year Close": "18.9516", "Annual % Change": "85.53%"}, "1990": {"Average Stock Price": "11.0259", "Year Open": "11.8952", "Year High": "12.9032", "Year Low": "8.5027", "Year Close": "10.2151", "Annual % Change": "-13.14%"}, "1989": {"Average Stock Price": "9.2741", "Year Open": "7.8952", "Year High": "11.9946", "Year Low": "7.1586", "Year Close": "11.7608", "Annual % Change": "42.83%"}, "1988": {"Average Stock Price": "8.1872", "Year Open": "6.6855", "Year High": "9.5780", "Year Low": "6.3522", "Year Close": "8.2339", "Annual % Change": "23.76%"}}}, "market cap": {"value": "$6.69B"}, "income statement": {"Revenue": {"2020-09-30": "2881.00000", "2019-09-30": "2907.30000", "2018-09-30": "2848.00000", "2017-09-30": "2743.70000", "2016-09-30": "2655.20000", "2015-09-30": "1988.20000", "2014-09-30": "1686.10000", "2013-09-30": "1716.20000", "2012-09-30": "1634.30000", "2011-09-30": "1591.70000", "2010-09-30": "1469.60000", "2009-09-30": "1386.90000", "2008-09-30": "1507.70000", "2007-09-30": "1356.50000", "2006-09-30": "1288.30000", "2005-09-30": "1938.10000"}, "Cost Of Goods Sold": {"2020-09-30": "1405.90000", "2019-09-30": "1482.30000", "2018-09-30": "1453.80000", "2017-09-30": "1423.10000", "2016-09-30": "1398.20000", "2015-09-30": "1107.90000", "2014-09-30": "906.20000", "2013-09-30": "935.90000", "2012-09-30": "879.60000", "2011-09-30": "810.40000", "2010-09-30": "753.00000", "2009-09-30": "759.00000", "2008-09-30": "838.20000", "2007-09-30": "754.00000", "2006-09-30": "718.30000", "2005-09-30": "1097.60000"}, "Gross Profit": {"2020-09-30": "1475.10000", "2019-09-30": "1425.00000", "2018-09-30": "1394.20000", "2017-09-30": "1320.60000", "2016-09-30": "1257.00000", "2015-09-30": "880.29990", "2014-09-30": "779.90000", "2013-09-30": "780.30000", "2012-09-30": "754.70000", "2011-09-30": "781.30000", "2010-09-30": "716.60000", "2009-09-30": "627.90000", "2008-09-30": "669.50000", "2007-09-30": "602.50000", "2006-09-30": "570.00010", "2005-09-30": "840.50000"}, "Research And Development Expenses": {"2020-09-30": "136.50000", "2019-09-30": "139.50000", "2018-09-30": "135.60000", "2017-09-30": "133.70000", "2016-09-30": "133.50000", "2015-09-30": "91.80000", "2014-09-30": "71.90000", "2013-09-30": "70.20000", "2012-09-30": "66.90000", "2011-09-30": "63.80000", "2010-09-30": "58.30000", "2009-09-30": "55.70000", "2008-09-30": "57.30000", "2007-09-30": "", "2006-09-30": "", "2005-09-30": ""}, "SG&A Expenses": {"2020-09-30": "820.40000", "2019-09-30": "818.60000", "2018-09-30": "784.70000", "2017-09-30": "874.50000", "2016-09-30": "853.30000", "2015-09-30": "664.20000", "2014-09-30": "548.30000", "2013-09-30": "549.50000", "2012-09-30": "496.40000", "2011-09-30": "502.00000", "2010-09-30": "474.60000", "2009-09-30": "461.60000", "2008-09-30": "486.60000", "2007-09-30": "", "2006-09-30": "", "2005-09-30": ""}, "Other Operating Income Or Expenses": {"2020-09-30": "-41.50000", "2019-09-30": "-28.40000", "2018-09-30": "-77.60000", "2017-09-30": "-37.40000", "2016-09-30": "-39.90000", "2015-09-30": "-41.20000", "2014-09-30": "-37.10000", "2013-09-30": "-5.70000", "2012-09-30": "-14.60000", "2011-09-30": "-48.70000", "2010-09-30": "8.00000", "2009-09-30": "-20.50000", "2008-09-30": "-22.80000", "2007-09-30": "-481.60000", "2006-09-30": "-440.80000", "2005-09-30": "-950.60000"}, "Operating Expenses": {"2020-09-30": "2513.30000", "2019-09-30": "2591.20000", "2018-09-30": "2558.60000", "2017-09-30": "2468.70000", "2016-09-30": "2424.90000", "2015-09-30": "1905.10000", "2014-09-30": "1563.50000", "2013-09-30": "1561.30000", "2012-09-30": "1465.50000", "2011-09-30": "1424.90000", "2010-09-30": "1277.90000", "2009-09-30": "1769.60000", "2008-09-30": "1404.90000", "2007-09-30": "1235.60000", "2006-09-30": "1159.10000", "2005-09-30": "2048.20000"}, "Operating Income": {"2020-09-30": "367.70000", "2019-09-30": "316.10030", "2018-09-30": "289.39990", "2017-09-30": "275.00000", "2016-09-30": "230.30000", "2015-09-30": "83.09990", "2014-09-30": "122.60000", "2013-09-30": "154.90000", "2012-09-30": "168.80000", "2011-09-30": "166.80000", "2010-09-30": "191.70000", "2009-09-30": "-382.70000", "2008-09-30": "102.79990", "2007-09-30": "120.90000", "2006-09-30": "129.20010", "2005-09-30": "-110.10000"}, "Total Non-Operating Income/Expense": {"2020-09-30": "-96.50000", "2019-09-30": "-107.50000", "2018-09-30": "-92.20000", "2017-09-30": "-92.00000", "2016-09-30": "-92.00000", "2015-09-30": "-18.00000", "2014-09-30": "-7.40000", "2013-09-30": "-10.90000", "2012-09-30": "-5.30000", "2011-09-30": "-7.10000", "2010-09-30": "-8.80000", "2009-09-30": "3.90000", "2008-09-30": "-10.50000", "2007-09-30": "-14.70000", "2006-09-30": "-13.90000", "2005-09-30": "-5.80000"}, "Pre-Tax Income": {"2020-09-30": "271.20000", "2019-09-30": "208.60000", "2018-09-30": "197.20000", "2017-09-30": "183.00000", "2016-09-30": "138.30000", "2015-09-30": "65.10000", "2014-09-30": "115.20000", "2013-09-30": "144.00000", "2012-09-30": "163.50000", "2011-09-30": "159.70000", "2010-09-30": "182.90000", "2009-09-30": "-378.80000", "2008-09-30": "92.30000", "2007-09-30": "106.20000", "2006-09-30": "115.30000", "2005-09-30": "-115.90000"}, "Income Taxes": {"2020-09-30": "48.20000", "2019-09-30": "56.40000", "2018-09-30": "-55.20000", "2017-09-30": "50.70000", "2016-09-30": "15.50000", "2015-09-30": "18.30000", "2014-09-30": "54.60000", "2013-09-30": "39.00000", "2012-09-30": "42.70000", "2011-09-30": "26.20000", "2010-09-30": "56.90000", "2009-09-30": "26.20000", "2008-09-30": "25.20000", "2007-09-30": "35.80000", "2006-09-30": "36.80000", "2005-09-30": "-19.60000"}, "Income After Taxes": {"2020-09-30": "223.00000", "2019-09-30": "152.20000", "2018-09-30": "252.40000", "2017-09-30": "132.30000", "2016-09-30": "122.80000", "2015-09-30": "46.80000", "2014-09-30": "60.60000", "2013-09-30": "105.00000", "2012-09-30": "120.80000", "2011-09-30": "133.50000", "2010-09-30": "126.00000", "2009-09-30": "-405.00000", "2008-09-30": "67.10000", "2007-09-30": "70.40000", "2006-09-30": "78.50000", "2005-09-30": "-96.30000"}, "Other Income": {"2020-09-30": "", "2019-09-30": "", "2018-09-30": "", "2017-09-30": "", "2016-09-30": "", "2015-09-30": "", "2014-09-30": "", "2013-09-30": "", "2012-09-30": "", "2011-09-30": "", "2010-09-30": "", "2009-09-30": "", "2008-09-30": "", "2007-09-30": "", "2006-09-30": "", "2005-09-30": ""}, "Income From Continuous Operations": {"2020-09-30": "223.00000", "2019-09-30": "152.20000", "2018-09-30": "252.40000", "2017-09-30": "132.30000", "2016-09-30": "122.80000", "2015-09-30": "46.80000", "2014-09-30": "60.60000", "2013-09-30": "105.00000", "2012-09-30": "120.80000", "2011-09-30": "133.50000", "2010-09-30": "126.00000", "2009-09-30": "-405.00000", "2008-09-30": "67.10000", "2007-09-30": "70.40000", "2006-09-30": "78.50000", "2005-09-30": "-96.30000"}, "Income From Discontinued Operations": {"2020-09-30": "", "2019-09-30": "", "2018-09-30": "", "2017-09-30": "", "2016-09-30": "", "2015-09-30": "", "2014-09-30": "", "2013-09-30": "", "2012-09-30": "", "2011-09-30": "", "2010-09-30": "", "2009-09-30": "", "2008-09-30": "48.70000", "2007-09-30": "120.20000", "2006-09-30": "142.70000", "2005-09-30": "2.20000"}, "Net Income": {"2020-09-30": "223.00000", "2019-09-30": "152.20000", "2018-09-30": "252.40000", "2017-09-30": "133.60000", "2016-09-30": "124.10000", "2015-09-30": "47.70000", "2014-09-30": "60.60000", "2013-09-30": "105.00000", "2012-09-30": "120.80000", "2011-09-30": "133.30000", "2010-09-30": "125.30000", "2009-09-30": "-405.00000", "2008-09-30": "115.80000", "2007-09-30": "190.60000", "2006-09-30": "221.20000", "2005-09-30": "-94.10000"}, "EBITDA": {"2020-09-30": "550.49990", "2019-09-30": "518.00040", "2018-09-30": "493.29990", "2017-09-30": "485.80000", "2016-09-30": "439.30000", "2015-09-30": "201.29990", "2014-09-30": "229.00000", "2013-09-30": "271.70000", "2012-09-30": "280.50010", "2011-09-30": "270.70000", "2010-09-30": "291.40000", "2009-09-30": "190.30000", "2008-09-30": "215.59990", "2007-09-30": "213.20000", "2006-09-30": "223.60010", "2005-09-30": "-10.00000"}, "EBIT": {"2020-09-30": "367.70000", "2019-09-30": "316.10030", "2018-09-30": "289.39990", "2017-09-30": "275.00000", "2016-09-30": "230.30000", "2015-09-30": "83.09990", "2014-09-30": "122.60000", "2013-09-30": "154.90000", "2012-09-30": "168.80000", "2011-09-30": "166.80000", "2010-09-30": "191.70000", "2009-09-30": "-382.70000", "2008-09-30": "102.79990", "2007-09-30": "120.90000", "2006-09-30": "129.20010", "2005-09-30": "-110.10000"}, "Basic Shares Outstanding": {"2020-09-30": "66.63100", "2019-09-30": "66.77200", "2018-09-30": "66.23400", "2017-09-30": "65.59900", "2016-09-30": "65.33300", "2015-09-30": "57.24900", "2014-09-30": "57.55500", "2013-09-30": "59.91000", "2012-09-30": "62.12000", "2011-09-30": "63.16400", "2010-09-30": "62.93400", "2009-09-30": "62.58100", "2008-09-30": "62.42600", "2007-09-30": "61.81800", "2006-09-30": "61.45400", "2005-09-30": "61.77400"}, "Shares Outstanding": {"2020-09-30": "67.21200", "2019-09-30": "67.66000", "2018-09-30": "67.61200", "2017-09-30": "67.22500", "2016-09-30": "66.59600", "2015-09-30": "58.53600", "2014-09-30": "58.52300", "2013-09-30": "60.25000", "2012-09-30": "62.36100", "2011-09-30": "63.89900", "2010-09-30": "63.73900", "2009-09-30": "62.58100", "2008-09-30": "62.62200", "2007-09-30": "62.11500", "2006-09-30": "61.57700", "2005-09-30": "61.77400"}, "Basic EPS": {"2020-09-30": "3.35000", "2019-09-30": "2.28000", "2018-09-30": "3.81000", "2017-09-30": "2.04000", "2016-09-30": "1.90000", "2015-09-30": "0.83000", "2014-09-30": "1.05000", "2013-09-30": "1.75000", "2012-09-30": "1.94000", "2011-09-30": "2.11000", "2010-09-30": "1.99000", "2009-09-30": "-6.47000", "2008-09-30": "1.86000", "2007-09-30": "3.08000", "2006-09-30": "3.60000", "2005-09-30": "-1.52000"}, "EPS - Earnings Per Share": {"2020-09-30": "3.32000", "2019-09-30": "2.25000", "2018-09-30": "3.73000", "2017-09-30": "1.99000", "2016-09-30": "1.86000", "2015-09-30": "0.82000", "2014-09-30": "1.04000", "2013-09-30": "1.74000", "2012-09-30": "1.94000", "2011-09-30": "2.09000", "2010-09-30": "1.97000", "2009-09-30": "-6.47000", "2008-09-30": "1.85000", "2007-09-30": "3.07000", "2006-09-30": "3.59000", "2005-09-30": "-1.52000"}}, "income statement, quarterly": {"Revenue": {"2020-12-31": "741.10000", "2020-09-30": "705.30000", "2020-06-30": "767.50000", "2020-03-31": "723.20000", "2019-12-31": "685.00000", "2019-09-30": "782.80000", "2019-06-30": "726.80000", "2019-03-31": "714.20000", "2018-12-31": "683.50000", "2018-09-30": "759.19990", "2018-06-30": "708.60000", "2018-03-31": "710.50000", "2017-12-31": "669.70000", "2017-09-30": "738.30000", "2017-06-30": "689.10000", "2017-03-31": "678.90000", "2016-12-31": "637.40000", "2016-09-30": "705.99990", "2016-06-30": "655.40000", "2016-03-31": "632.60000", "2015-12-31": "661.20000", "2015-09-30": "573.89990", "2015-06-30": "474.50000", "2015-03-31": "474.80000", "2014-12-31": "465.00000", "2014-09-30": "479.80000", "2014-06-30": "397.60000", "2014-03-31": "415.30000", "2013-12-31": "393.40000", "2013-09-30": "437.90000", "2013-06-30": "424.20000", "2013-03-31": "425.70000", "2012-12-31": "428.40000", "2012-09-30": "431.60010", "2012-06-30": "406.50000", "2012-03-31": "415.10000", "2011-12-31": "381.10000", "2011-09-30": "430.59990", "2011-06-30": "384.80000", "2011-03-31": "402.10000", "2010-12-31": "374.20000", "2010-09-30": "396.60000", "2010-06-30": "360.60000", "2010-03-31": "357.10000", "2009-12-31": "355.30000", "2009-09-30": "363.30000", "2009-06-30": "334.70000", "2009-03-31": "337.30000", "2008-12-31": "351.60000", "2008-09-30": "424.29990", "2008-06-30": "366.80000", "2008-03-31": "375.20000", "2007-12-31": "341.40000", "2007-09-30": "530.20000", "2007-06-30": "328.50000", "2007-03-31": "335.00000", "2006-12-31": "483.20000", "2006-09-30": "520.50000", "2006-06-30": "469.30000", "2006-03-31": "495.60000", "2005-12-31": "477.50000", "2005-09-30": "496.60000", "2005-06-30": "466.00000", "2005-03-31": "500.70000"}, "Cost Of Goods Sold": {"2020-12-31": "361.90000", "2020-09-30": "348.40000", "2020-06-30": "358.50000", "2020-03-31": "355.70000", "2019-12-31": "343.30000", "2019-09-30": "397.00000", "2019-06-30": "370.20000", "2019-03-31": "361.60000", "2018-12-31": "353.50000", "2018-09-30": "383.00000", "2018-06-30": "360.60000", "2018-03-31": "360.10000", "2017-12-31": "350.10000", "2017-09-30": "375.80010", "2017-06-30": "358.00000", "2017-03-31": "354.50000", "2016-12-31": "334.80000", "2016-09-30": "359.30000", "2016-06-30": "340.00000", "2016-03-31": "328.40000", "2015-12-31": "370.50000", "2015-09-30": "317.20000", "2015-06-30": "265.00000", "2015-03-31": "260.60000", "2014-12-31": "265.10000", "2014-09-30": "266.50000", "2014-06-30": "210.50000", "2014-03-31": "212.60000", "2013-12-31": "216.60000", "2013-09-30": "235.20000", "2013-06-30": "234.10000", "2013-03-31": "229.60000", "2012-12-31": "237.00000", "2012-09-30": "230.50010", "2012-06-30": "233.80000", "2012-03-31": "219.30000", "2011-12-31": "196.00000", "2011-09-30": "219.99990", "2011-06-30": "197.20000", "2011-03-31": "203.50000", "2010-12-31": "189.70000", "2010-09-30": "200.60000", "2010-06-30": "182.60000", "2010-03-31": "185.30000", "2009-12-31": "184.50000", "2009-09-30": "192.00000", "2009-06-30": "184.00000", "2009-03-31": "183.90000", "2008-12-31": "199.10000", "2008-09-30": "234.69990", "2008-06-30": "206.20000", "2008-03-31": "207.90000", "2007-12-31": "189.40000", "2007-09-30": "307.90000", "2007-06-30": "183.00000", "2007-03-31": "182.80000", "2006-12-31": "269.00000", "2006-09-30": "290.30000", "2006-06-30": "266.90000", "2006-03-31": "281.70000", "2005-12-31": "274.20000", "2005-09-30": "319.60000", "2005-06-30": "257.10000", "2005-03-31": "266.40000"}, "Gross Profit": {"2020-12-31": "379.20000", "2020-09-30": "356.90000", "2020-06-30": "409.00000", "2020-03-31": "367.50000", "2019-12-31": "341.70000", "2019-09-30": "385.80000", "2019-06-30": "356.60000", "2019-03-31": "352.60000", "2018-12-31": "330.00000", "2018-09-30": "376.19990", "2018-06-30": "348.00000", "2018-03-31": "350.40000", "2017-12-31": "319.60000", "2017-09-30": "362.49990", "2017-06-30": "331.10000", "2017-03-31": "324.40000", "2016-12-31": "302.60000", "2016-09-30": "346.69990", "2016-06-30": "315.40000", "2016-03-31": "304.20000", "2015-12-31": "290.70000", "2015-09-30": "256.69990", "2015-06-30": "209.50000", "2015-03-31": "214.20000", "2014-12-31": "199.90000", "2014-09-30": "213.30000", "2014-06-30": "187.10000", "2014-03-31": "202.70000", "2013-12-31": "176.80000", "2013-09-30": "202.70000", "2013-06-30": "190.10000", "2013-03-31": "196.10000", "2012-12-31": "191.40000", "2012-09-30": "201.10000", "2012-06-30": "172.70000", "2012-03-31": "195.80000", "2011-12-31": "185.10000", "2011-09-30": "210.60000", "2011-06-30": "187.60000", "2011-03-31": "198.60000", "2010-12-31": "184.50000", "2010-09-30": "196.00000", "2010-06-30": "178.00000", "2010-03-31": "171.80000", "2009-12-31": "170.80000", "2009-09-30": "171.30000", "2009-06-30": "150.70000", "2009-03-31": "153.40000", "2008-12-31": "152.50000", "2008-09-30": "189.60000", "2008-06-30": "160.60000", "2008-03-31": "167.30000", "2007-12-31": "152.00000", "2007-09-30": "222.30000", "2007-06-30": "145.50000", "2007-03-31": "152.20000", "2006-12-31": "214.20000", "2006-09-30": "230.20000", "2006-06-30": "202.40000", "2006-03-31": "213.90000", "2005-12-31": "203.30000", "2005-09-30": "177.00000", "2005-06-30": "208.90000", "2005-03-31": "234.30000"}, "Research And Development Expenses": {"2020-12-31": "34.80000", "2020-09-30": "36.20000", "2020-06-30": "34.40000", "2020-03-31": "34.40000", "2019-12-31": "31.50000", "2019-09-30": "35.60000", "2019-06-30": "34.10000", "2019-03-31": "36.60000", "2018-12-31": "33.20000", "2018-09-30": "35.00000", "2018-06-30": "33.60000", "2018-03-31": "34.70000", "2017-12-31": "32.30000", "2017-09-30": "31.50000", "2017-06-30": "34.90000", "2017-03-31": "35.30000", "2016-12-31": "32.00000", "2016-09-30": "32.00000", "2016-06-30": "33.60000", "2016-03-31": "34.30000", "2015-12-31": "33.60000", "2015-09-30": "24.50000", "2015-06-30": "23.30000", "2015-03-31": "22.20000", "2014-12-31": "21.80000", "2014-09-30": "21.60000", "2014-06-30": "17.50000", "2014-03-31": "16.40000", "2013-12-31": "16.40000", "2013-09-30": "18.00000", "2013-06-30": "16.70000", "2013-03-31": "18.30000", "2012-12-31": "17.20000", "2012-09-30": "18.70000", "2012-06-30": "16.10000", "2012-03-31": "16.80000", "2011-12-31": "15.30000", "2011-09-30": "15.50000", "2011-06-30": "17.30000", "2011-03-31": "16.20000", "2010-12-31": "14.80000", "2010-09-30": "14.90000", "2010-06-30": "14.10000", "2010-03-31": "14.40000", "2009-12-31": "14.90000", "2009-09-30": "14.90000", "2009-06-30": "13.00000", "2009-03-31": "14.50000", "2008-12-31": "13.30000", "2008-09-30": "", "2008-06-30": "", "2008-03-31": "", "2007-12-31": "", "2007-09-30": "", "2007-06-30": "", "2007-03-31": "", "2006-12-31": "", "2006-09-30": "", "2006-06-30": "", "2006-03-31": "", "2005-12-31": "", "2005-09-30": "", "2005-06-30": "", "2005-03-31": ""}, "SG&A Expenses": {"2020-12-31": "209.00000", "2020-09-30": "211.40000", "2020-06-30": "202.30000", "2020-03-31": "209.90000", "2019-12-31": "196.80000", "2019-09-30": "205.30000", "2019-06-30": "217.10000", "2019-03-31": "203.90000", "2018-12-31": "192.30000", "2018-09-30": "108.40000", "2018-06-30": "221.90000", "2018-03-31": "232.70000", "2017-12-31": "221.70000", "2017-09-30": "222.30000", "2017-06-30": "221.00000", "2017-03-31": "222.40000", "2016-12-31": "208.80000", "2016-09-30": "212.80000", "2016-06-30": "209.90000", "2016-03-31": "209.40000", "2015-12-31": "221.20000", "2015-09-30": "208.70000", "2015-06-30": "150.50000", "2015-03-31": "149.90000", "2014-12-31": "155.10000", "2014-09-30": "151.60000", "2014-06-30": "128.60000", "2014-03-31": "130.10000", "2013-12-31": "138.00000", "2013-09-30": "135.60000", "2013-06-30": "136.40000", "2013-03-31": "141.40000", "2012-12-31": "136.10000", "2012-09-30": "130.10000", "2012-06-30": "120.50000", "2012-03-31": "125.60000", "2011-12-31": "120.20000", "2011-09-30": "126.90000", "2011-06-30": "124.60000", "2011-03-31": "130.50000", "2010-12-31": "120.00000", "2010-09-30": "116.00000", "2010-06-30": "116.20000", "2010-03-31": "120.80000", "2009-12-31": "121.60000", "2009-09-30": "118.10000", "2009-06-30": "113.70000", "2009-03-31": "113.60000", "2008-12-31": "116.20000", "2008-09-30": "", "2008-06-30": "", "2008-03-31": "", "2007-12-31": "", "2007-09-30": "", "2007-06-30": "", "2007-03-31": "", "2006-12-31": "", "2006-09-30": "", "2006-06-30": "", "2006-03-31": "", "2005-12-31": "", "2005-09-30": "", "2005-06-30": "", "2005-03-31": ""}, "Other Operating Income Or Expenses": {"2020-12-31": "-27.10000", "2020-09-30": "-15.40000", "2020-06-30": "-9.50000", "2020-03-31": "-8.80000", "2019-12-31": "-7.80000", "2019-09-30": "-10.70000", "2019-06-30": "-6.20000", "2019-03-31": "-3.50000", "2018-12-31": "-8.00000", "2018-09-30": "-13.20000", "2018-06-30": "-14.00000", "2018-03-31": "-36.90000", "2017-12-31": "-13.50000", "2017-09-30": "6.30000", "2017-06-30": "-34.80000", "2017-03-31": "-3.10000", "2016-12-31": "-5.80000", "2016-09-30": "-8.40000", "2016-06-30": "-13.70000", "2016-03-31": "-10.70000", "2015-12-31": "-7.10000", "2015-09-30": "-29.30000", "2015-06-30": "-4.40000", "2015-03-31": "-3.80000", "2014-12-31": "-3.70000", "2014-09-30": "-4.70000", "2014-06-30": "-3.00000", "2014-03-31": "-28.40000", "2013-12-31": "-1.00000", "2013-09-30": "-1.00000", "2013-06-30": "-0.80000", "2013-03-31": "-2.90000", "2012-12-31": "-1.00000", "2012-09-30": "-4.90000", "2012-06-30": "-1.70000", "2012-03-31": "-8.00000", "2011-12-31": "", "2011-09-30": "-5.00000", "2011-06-30": "-41.10000", "2011-03-31": "-2.60000", "2010-12-31": "", "2010-09-30": "13.00000", "2010-06-30": "0.00000", "2010-03-31": "-5.00000", "2009-12-31": "", "2009-09-30": "-0.10000", "2009-06-30": "-2.60000", "2009-03-31": "-17.80000", "2008-12-31": "", "2008-09-30": "390.00000", "2008-06-30": "-137.30000", "2008-03-31": "-146.90000", "2007-12-31": "-128.60000", "2007-09-30": "-155.90000", "2007-06-30": "-124.90000", "2007-03-31": "-122.20000", "2006-12-31": "-135.10000", "2006-09-30": "-135.20000", "2006-06-30": "-124.90000", "2006-03-31": "-137.00000", "2005-12-31": "-135.10000", "2005-09-30": "-498.39990", "2005-06-30": "-149.40000", "2005-03-31": "-148.90000"}, "Operating Expenses": {"2020-12-31": "658.70000", "2020-09-30": "639.10020", "2020-06-30": "632.20000", "2020-03-31": "635.90000", "2019-12-31": "606.10000", "2019-09-30": "688.69980", "2019-06-30": "656.90000", "2019-03-31": "632.90000", "2018-12-31": "612.70000", "2018-09-30": "646.50010", "2018-06-30": "630.10000", "2018-03-31": "664.40000", "2017-12-31": "617.60000", "2017-09-30": "623.30010", "2017-06-30": "648.70000", "2017-03-31": "615.29990", "2016-12-31": "581.40000", "2016-09-30": "612.49990", "2016-06-30": "597.20000", "2016-03-31": "582.80000", "2015-12-31": "632.40000", "2015-09-30": "579.70010", "2015-06-30": "443.20000", "2015-03-31": "436.50000", "2014-12-31": "445.70000", "2014-09-30": "444.40000", "2014-06-30": "359.60000", "2014-03-31": "387.50000", "2013-12-31": "372.00000", "2013-09-30": "389.80000", "2013-06-30": "388.00000", "2013-03-31": "392.20000", "2012-12-31": "391.30000", "2012-09-30": "384.19990", "2012-06-30": "372.10000", "2012-03-31": "377.70000", "2011-12-31": "331.50000", "2011-09-30": "367.39990", "2011-06-30": "380.20000", "2011-03-31": "352.80000", "2010-12-31": "324.50000", "2010-09-30": "318.50000", "2010-06-30": "312.90000", "2010-03-31": "325.50000", "2009-12-31": "321.00000", "2009-09-30": "324.10000", "2009-06-30": "317.10000", "2009-03-31": "799.80000", "2008-12-31": "328.60000", "2008-09-30": "388.60000", "2008-06-30": "343.50000", "2008-03-31": "354.80000", "2007-12-31": "318.00000", "2007-09-30": "463.80000", "2007-06-30": "307.90000", "2007-03-31": "305.00000", "2006-12-31": "404.10000", "2006-09-30": "425.50000", "2006-06-30": "391.80000", "2006-03-31": "418.70000", "2005-12-31": "409.30000", "2005-09-30": "817.99990", "2005-06-30": "406.50000", "2005-03-31": "415.30000"}, "Operating Income": {"2020-12-31": "82.40000", "2020-09-30": "66.19980", "2020-06-30": "135.30000", "2020-03-31": "87.30010", "2019-12-31": "78.90000", "2019-09-30": "94.10030", "2019-06-30": "69.90000", "2019-03-31": "81.30000", "2018-12-31": "70.80000", "2018-09-30": "112.69980", "2018-06-30": "78.50000", "2018-03-31": "46.10000", "2017-12-31": "52.10000", "2017-09-30": "114.99990", "2017-06-30": "40.40000", "2017-03-31": "63.60010", "2016-12-31": "56.00010", "2016-09-30": "93.50000", "2016-06-30": "58.20000", "2016-03-31": "49.80000", "2015-12-31": "28.80010", "2015-09-30": "-5.80020", "2015-06-30": "31.30000", "2015-03-31": "38.30000", "2014-12-31": "19.30000", "2014-09-30": "35.40000", "2014-06-30": "38.00000", "2014-03-31": "27.80000", "2013-12-31": "21.40000", "2013-09-30": "48.10000", "2013-06-30": "36.20000", "2013-03-31": "33.50000", "2012-12-31": "37.10000", "2012-09-30": "47.40020", "2012-06-30": "34.40000", "2012-03-31": "37.40000", "2011-12-31": "49.60000", "2011-09-30": "63.20000", "2011-06-30": "4.60000", "2011-03-31": "49.30000", "2010-12-31": "49.70000", "2010-09-30": "78.10000", "2010-06-30": "47.70000", "2010-03-31": "31.60000", "2009-12-31": "34.30000", "2009-09-30": "39.20000", "2009-06-30": "17.60000", "2009-03-31": "-462.50000", "2008-12-31": "23.00000", "2008-09-30": "35.69990", "2008-06-30": "23.30000", "2008-03-31": "20.40000", "2007-12-31": "23.40000", "2007-09-30": "66.40000", "2007-06-30": "20.60000", "2007-03-31": "30.00000", "2006-12-31": "79.10000", "2006-09-30": "95.00000", "2006-06-30": "77.50000", "2006-03-31": "76.90000", "2005-12-31": "68.20000", "2005-09-30": "-321.39990", "2005-06-30": "59.50000", "2005-03-31": "85.40000"}, "Total Non-Operating Income/Expense": {"2020-12-31": "-10.80000", "2020-09-30": "-14.60000", "2020-06-30": "-15.10000", "2020-03-31": "-30.50000", "2019-12-31": "-36.30000", "2019-09-30": "-41.50000", "2019-06-30": "-24.20000", "2019-03-31": "-20.60000", "2018-12-31": "-21.20000", "2018-09-30": "-23.30000", "2018-06-30": "-23.00000", "2018-03-31": "-24.60000", "2017-12-31": "-21.30000", "2017-09-30": "-24.70000", "2017-06-30": "-24.30000", "2017-03-31": "-22.30000", "2016-12-31": "-20.70000", "2016-09-30": "-24.40000", "2016-06-30": "-22.90000", "2016-03-31": "-21.70000", "2015-12-31": "-23.00000", "2015-09-30": "-10.70000", "2015-06-30": "-3.30000", "2015-03-31": "-1.70000", "2014-12-31": "-2.30000", "2014-09-30": "-1.20000", "2014-06-30": "-1.70000", "2014-03-31": "-2.50000", "2013-12-31": "-2.00000", "2013-09-30": "-3.30000", "2013-06-30": "-2.30000", "2013-03-31": "-3.50000", "2012-12-31": "-1.80000", "2012-09-30": "-2.50000", "2012-06-30": "-1.00000", "2012-03-31": "-0.60000", "2011-12-31": "-1.20000", "2011-09-30": "-2.60000", "2011-06-30": "-1.00000", "2011-03-31": "-1.40000", "2010-12-31": "-2.10000", "2010-09-30": "-3.90000", "2010-06-30": "-1.40000", "2010-03-31": "-1.90000", "2009-12-31": "-1.60000", "2009-09-30": "-2.10000", "2009-06-30": "9.50000", "2009-03-31": "-1.50000", "2008-12-31": "-2.00000", "2008-09-30": "-2.90000", "2008-06-30": "-1.30000", "2008-03-31": "-3.50000", "2007-12-31": "-2.80000", "2007-09-30": "4.20000", "2007-06-30": "-3.10000", "2007-03-31": "-4.40000", "2006-12-31": "3.10000", "2006-09-30": "1.00000", "2006-06-30": "2.90000", "2006-03-31": "7.70000", "2005-12-31": "9.80000", "2005-09-30": "-8.50000", "2005-06-30": "0.30000", "2005-03-31": "-0.30000"}, "Pre-Tax Income": {"2020-12-31": "71.60000", "2020-09-30": "51.60000", "2020-06-30": "120.20000", "2020-03-31": "56.80000", "2019-12-31": "42.60000", "2019-09-30": "52.60000", "2019-06-30": "45.70000", "2019-03-31": "60.70000", "2018-12-31": "49.60000", "2018-09-30": "89.40000", "2018-06-30": "55.50000", "2018-03-31": "21.50000", "2017-12-31": "30.80000", "2017-09-30": "90.30000", "2017-06-30": "16.10000", "2017-03-31": "41.30000", "2016-12-31": "35.30000", "2016-09-30": "69.10000", "2016-06-30": "35.30000", "2016-03-31": "28.10000", "2015-12-31": "5.80000", "2015-09-30": "-16.50000", "2015-06-30": "28.00000", "2015-03-31": "36.60000", "2014-12-31": "17.00000", "2014-09-30": "34.20000", "2014-06-30": "36.30000", "2014-03-31": "25.30000", "2013-12-31": "19.40000", "2013-09-30": "44.80000", "2013-06-30": "33.90000", "2013-03-31": "30.00000", "2012-12-31": "35.30000", "2012-09-30": "44.90000", "2012-06-30": "33.40000", "2012-03-31": "36.80000", "2011-12-31": "48.40000", "2011-09-30": "60.60000", "2011-06-30": "3.60000", "2011-03-31": "47.90000", "2010-12-31": "47.60000", "2010-09-30": "74.20000", "2010-06-30": "46.30000", "2010-03-31": "29.70000", "2009-12-31": "32.70000", "2009-09-30": "37.10000", "2009-06-30": "27.10000", "2009-03-31": "-464.00000", "2008-12-31": "21.00000", "2008-09-30": "32.80000", "2008-06-30": "22.00000", "2008-03-31": "16.90000", "2007-12-31": "20.60000", "2007-09-30": "70.60000", "2007-06-30": "17.50000", "2007-03-31": "25.60000", "2006-12-31": "82.20000", "2006-09-30": "96.00000", "2006-06-30": "80.40000", "2006-03-31": "84.60000", "2005-12-31": "78.00000", "2005-09-30": "-329.90000", "2005-06-30": "59.80000", "2005-03-31": "85.10000"}, "Income Taxes": {"2020-12-31": "12.80000", "2020-09-30": "9.20000", "2020-06-30": "26.30000", "2020-03-31": "9.90000", "2019-12-31": "2.80000", "2019-09-30": "24.70000", "2019-06-30": "13.10000", "2019-03-31": "11.20000", "2018-12-31": "7.40000", "2018-09-30": "-1.00000", "2018-06-30": "10.30000", "2018-03-31": "-7.00000", "2017-12-31": "-57.50000", "2017-09-30": "21.20000", "2017-06-30": "10.40000", "2017-03-31": "7.30000", "2016-12-31": "11.80000", "2016-09-30": "17.70000", "2016-06-30": "-9.70000", "2016-03-31": "6.00000", "2015-12-31": "1.50000", "2015-09-30": "-6.40000", "2015-06-30": "9.30000", "2015-03-31": "10.50000", "2014-12-31": "4.90000", "2014-09-30": "9.60000", "2014-06-30": "10.20000", "2014-03-31": "28.60000", "2013-12-31": "6.20000", "2013-09-30": "9.50000", "2013-06-30": "10.50000", "2013-03-31": "7.70000", "2012-12-31": "11.30000", "2012-09-30": "5.70000", "2012-06-30": "10.00000", "2012-03-31": "11.50000", "2011-12-31": "15.50000", "2011-09-30": "-2.90000", "2011-06-30": "2.10000", "2011-03-31": "14.80000", "2010-12-31": "12.20000", "2010-09-30": "23.40000", "2010-06-30": "15.50000", "2010-03-31": "5.20000", "2009-12-31": "12.80000", "2009-09-30": "10.70000", "2009-06-30": "6.90000", "2009-03-31": "1.80000", "2008-12-31": "6.80000", "2008-09-30": "9.00000", "2008-06-30": "0.50000", "2008-03-31": "7.50000", "2007-12-31": "8.20000", "2007-09-30": "22.50000", "2007-06-30": "6.20000", "2007-03-31": "9.90000", "2006-12-31": "30.30000", "2006-09-30": "28.70000", "2006-06-30": "29.30000", "2006-03-31": "30.10000", "2005-12-31": "29.40000", "2005-09-30": "-98.80000", "2005-06-30": "22.10000", "2005-03-31": "31.50000"}, "Income After Taxes": {"2020-12-31": "58.80000", "2020-09-30": "42.40000", "2020-06-30": "93.90000", "2020-03-31": "46.90000", "2019-12-31": "39.80000", "2019-09-30": "27.90000", "2019-06-30": "32.60000", "2019-03-31": "49.50000", "2018-12-31": "42.20000", "2018-09-30": "90.40000", "2018-06-30": "45.20000", "2018-03-31": "28.50000", "2017-12-31": "88.30000", "2017-09-30": "69.10000", "2017-06-30": "5.70000", "2017-03-31": "34.00000", "2016-12-31": "23.50000", "2016-09-30": "51.40000", "2016-06-30": "45.00000", "2016-03-31": "22.10000", "2015-12-31": "4.30000", "2015-09-30": "-10.10000", "2015-06-30": "18.70000", "2015-03-31": "26.10000", "2014-12-31": "12.10000", "2014-09-30": "24.60000", "2014-06-30": "26.10000", "2014-03-31": "-3.30000", "2013-12-31": "13.20000", "2013-09-30": "35.30000", "2013-06-30": "23.40000", "2013-03-31": "22.30000", "2012-12-31": "24.00000", "2012-09-30": "39.20000", "2012-06-30": "23.40000", "2012-03-31": "25.30000", "2011-12-31": "32.90000", "2011-09-30": "63.50000", "2011-06-30": "1.50000", "2011-03-31": "33.10000", "2010-12-31": "35.40000", "2010-09-30": "50.80000", "2010-06-30": "30.80000", "2010-03-31": "24.50000", "2009-12-31": "19.90000", "2009-09-30": "26.40000", "2009-06-30": "20.20000", "2009-03-31": "-465.80000", "2008-12-31": "14.20000", "2008-09-30": "23.80000", "2008-06-30": "21.50000", "2008-03-31": "9.40000", "2007-12-31": "12.40000", "2007-09-30": "48.10000", "2007-06-30": "11.30000", "2007-03-31": "15.70000", "2006-12-31": "51.90000", "2006-09-30": "67.30000", "2006-06-30": "51.10000", "2006-03-31": "54.50000", "2005-12-31": "48.60000", "2005-09-30": "-231.10000", "2005-06-30": "37.70000", "2005-03-31": "53.60000"}, "Other Income": {"2020-12-31": "", "2020-09-30": "", "2020-06-30": "", "2020-03-31": "", "2019-12-31": "", "2019-09-30": "", "2019-06-30": "", "2019-03-31": "", "2018-12-31": "", "2018-09-30": "", "2018-06-30": "", "2018-03-31": "", "2017-12-31": "", "2017-09-30": "", "2017-06-30": "", "2017-03-31": "", "2016-12-31": "", "2016-09-30": "", "2016-06-30": "", "2016-03-31": "", "2015-12-31": "", "2015-09-30": "", "2015-06-30": "", "2015-03-31": "", "2014-12-31": "", "2014-09-30": "", "2014-06-30": "", "2014-03-31": "", "2013-12-31": "", "2013-09-30": "", "2013-06-30": "", "2013-03-31": "", "2012-12-31": "", "2012-09-30": "", "2012-06-30": "", "2012-03-31": "", "2011-12-31": "", "2011-09-30": "", "2011-06-30": "", "2011-03-31": "", "2010-12-31": "", "2010-09-30": "", "2010-06-30": "", "2010-03-31": "", "2009-12-31": "", "2009-09-30": "", "2009-06-30": "", "2009-03-31": "", "2008-12-31": "", "2008-09-30": "", "2008-06-30": "", "2008-03-31": "", "2007-12-31": "", "2007-09-30": "", "2007-06-30": "", "2007-03-31": "", "2006-12-31": "", "2006-09-30": "", "2006-06-30": "", "2006-03-31": "", "2005-12-31": "", "2005-09-30": "", "2005-06-30": "", "2005-03-31": ""}, "Income From Continuous Operations": {"2020-12-31": "58.80000", "2020-09-30": "42.40000", "2020-06-30": "93.90000", "2020-03-31": "46.90000", "2019-12-31": "39.80000", "2019-09-30": "27.90000", "2019-06-30": "32.60000", "2019-03-31": "49.50000", "2018-12-31": "42.20000", "2018-09-30": "90.40000", "2018-06-30": "45.20000", "2018-03-31": "28.50000", "2017-12-31": "88.30000", "2017-09-30": "69.10000", "2017-06-30": "5.70000", "2017-03-31": "34.00000", "2016-12-31": "23.50000", "2016-09-30": "51.40000", "2016-06-30": "45.00000", "2016-03-31": "22.10000", "2015-12-31": "4.30000", "2015-09-30": "-10.10000", "2015-06-30": "18.70000", "2015-03-31": "26.10000", "2014-12-31": "12.10000", "2014-09-30": "24.60000", "2014-06-30": "26.10000", "2014-03-31": "-3.30000", "2013-12-31": "13.20000", "2013-09-30": "35.30000", "2013-06-30": "23.40000", "2013-03-31": "22.30000", "2012-12-31": "24.00000", "2012-09-30": "39.20000", "2012-06-30": "23.40000", "2012-03-31": "25.30000", "2011-12-31": "32.90000", "2011-09-30": "63.50000", "2011-06-30": "1.50000", "2011-03-31": "33.10000", "2010-12-31": "35.40000", "2010-09-30": "50.80000", "2010-06-30": "30.80000", "2010-03-31": "24.50000", "2009-12-31": "19.90000", "2009-09-30": "26.40000", "2009-06-30": "20.20000", "2009-03-31": "-465.80000", "2008-12-31": "14.20000", "2008-09-30": "23.80000", "2008-06-30": "21.50000", "2008-03-31": "9.40000", "2007-12-31": "12.40000", "2007-09-30": "48.10000", "2007-06-30": "11.30000", "2007-03-31": "15.70000", "2006-12-31": "51.90000", "2006-09-30": "67.30000", "2006-06-30": "51.10000", "2006-03-31": "54.50000", "2005-12-31": "48.60000", "2005-09-30": "-231.10000", "2005-06-30": "37.70000", "2005-03-31": "53.60000"}, "Income From Discontinued Operations": {"2020-12-31": "", "2020-09-30": "", "2020-06-30": "", "2020-03-31": "", "2019-12-31": "", "2019-09-30": "", "2019-06-30": "", "2019-03-31": "", "2018-12-31": "", "2018-09-30": "", "2018-06-30": "", "2018-03-31": "", "2017-12-31": "", "2017-09-30": "", "2017-06-30": "", "2017-03-31": "", "2016-12-31": "", "2016-09-30": "", "2016-06-30": "", "2016-03-31": "", "2015-12-31": "", "2015-09-30": "", "2015-06-30": "", "2015-03-31": "", "2014-12-31": "", "2014-09-30": "", "2014-06-30": "", "2014-03-31": "", "2013-12-31": "", "2013-09-30": "", "2013-06-30": "", "2013-03-31": "", "2012-12-31": "", "2012-09-30": "", "2012-06-30": "", "2012-03-31": "", "2011-12-31": "", "2011-09-30": "", "2011-06-30": "", "2011-03-31": "", "2010-12-31": "", "2010-09-30": "", "2010-06-30": "", "2010-03-31": "", "2009-12-31": "", "2009-09-30": "", "2009-06-30": "", "2009-03-31": "", "2008-12-31": "", "2008-09-30": "0.50000", "2008-06-30": "-1.20000", "2008-03-31": "17.00000", "2007-12-31": "32.40000", "2007-09-30": "56.60000", "2007-06-30": "24.40000", "2007-03-31": "39.20000", "2006-12-31": "", "2006-09-30": "143.00000", "2006-06-30": "", "2006-03-31": "", "2005-12-31": "-0.30000", "2005-09-30": "1.40000", "2005-06-30": "0.30000", "2005-03-31": "0.40000"}, "Net Income": {"2020-12-31": "58.80000", "2020-09-30": "42.40000", "2020-06-30": "93.90000", "2020-03-31": "46.90000", "2019-12-31": "39.80000", "2019-09-30": "27.90000", "2019-06-30": "32.60000", "2019-03-31": "49.50000", "2018-12-31": "42.20000", "2018-09-30": "90.40000", "2018-06-30": "45.20000", "2018-03-31": "28.50000", "2017-12-31": "88.30000", "2017-09-30": "69.40000", "2017-06-30": "6.00000", "2017-03-31": "34.40000", "2016-12-31": "23.80000", "2016-09-30": "51.70000", "2016-06-30": "45.30000", "2016-03-31": "22.30000", "2015-12-31": "4.80000", "2015-09-30": "-9.60000", "2015-06-30": "19.10000", "2015-03-31": "26.10000", "2014-12-31": "12.10000", "2014-09-30": "24.60000", "2014-06-30": "26.10000", "2014-03-31": "-3.30000", "2013-12-31": "13.20000", "2013-09-30": "35.30000", "2013-06-30": "23.40000", "2013-03-31": "22.30000", "2012-12-31": "24.00000", "2012-09-30": "39.20000", "2012-06-30": "23.40000", "2012-03-31": "25.30000", "2011-12-31": "32.90000", "2011-09-30": "63.50000", "2011-06-30": "1.50000", "2011-03-31": "33.10000", "2010-12-31": "35.20000", "2010-09-30": "50.70000", "2010-06-30": "30.60000", "2010-03-31": "24.20000", "2009-12-31": "19.80000", "2009-09-30": "26.40000", "2009-06-30": "20.20000", "2009-03-31": "-465.80000", "2008-12-31": "14.20000", "2008-09-30": "24.30000", "2008-06-30": "20.30000", "2008-03-31": "26.40000", "2007-12-31": "44.80000", "2007-09-30": "48.10000", "2007-06-30": "35.70000", "2007-03-31": "54.90000", "2006-12-31": "51.90000", "2006-09-30": "67.30000", "2006-06-30": "51.10000", "2006-03-31": "54.50000", "2005-12-31": "48.30000", "2005-09-30": "-229.70000", "2005-06-30": "38.00000", "2005-03-31": "54.00000"}, "EBITDA": {"2020-12-31": "", "2020-09-30": "113.09980", "2020-06-30": "181.20000", "2020-03-31": "133.00000", "2019-12-31": "123.20000", "2019-09-30": "154.20030", "2019-06-30": "119.10000", "2019-03-31": "128.50000", "2018-12-31": "116.20000", "2018-09-30": "163.89980", "2018-06-30": "128.70000", "2018-03-31": "97.20000", "2017-12-31": "103.50000", "2017-09-30": "169.79990", "2017-06-30": "93.70000", "2017-03-31": "115.00010", "2016-12-31": "107.30010", "2016-09-30": "145.60000", "2016-06-30": "111.70000", "2016-03-31": "101.10000", "2015-12-31": "80.90010", "2015-09-30": "27.59980", "2015-06-30": "60.00000", "2015-03-31": "66.10000", "2014-12-31": "47.60000", "2014-09-30": "61.80000", "2014-06-30": "63.60000", "2014-03-31": "54.40000", "2013-12-31": "49.20000", "2013-09-30": "76.10000", "2013-06-30": "64.80000", "2013-03-31": "62.60000", "2012-12-31": "68.20000", "2012-09-30": "78.40020", "2012-06-30": "61.40000", "2012-03-31": "64.50000", "2011-12-31": "76.20000", "2011-09-30": "89.00000", "2011-06-30": "31.10000", "2011-03-31": "75.50000", "2010-12-31": "75.10000", "2010-09-30": "104.10000", "2010-06-30": "71.90000", "2010-03-31": "56.70000", "2009-12-31": "58.70000", "2009-09-30": "63.10000", "2009-06-30": "45.80000", "2009-03-31": "32.30000", "2008-12-31": "49.10000", "2008-09-30": "64.89990", "2008-06-30": "48.70000", "2008-03-31": "53.50000", "2007-12-31": "48.50000", "2007-09-30": "89.10000", "2007-06-30": "44.20000", "2007-03-31": "53.30000", "2006-12-31": "101.80000", "2006-09-30": "118.70000", "2006-06-30": "100.90000", "2006-03-31": "100.20000", "2005-12-31": "92.20000", "2005-09-30": "-297.69990", "2005-06-30": "85.00000", "2005-03-31": "110.10000"}, "EBIT": {"2020-12-31": "82.40000", "2020-09-30": "66.19990", "2020-06-30": "135.30000", "2020-03-31": "87.30010", "2019-12-31": "78.90000", "2019-09-30": "94.10030", "2019-06-30": "69.90000", "2019-03-31": "81.30000", "2018-12-31": "70.80000", "2018-09-30": "112.69990", "2018-06-30": "78.50000", "2018-03-31": "46.10000", "2017-12-31": "52.10000", "2017-09-30": "114.99990", "2017-06-30": "40.40000", "2017-03-31": "63.60010", "2016-12-31": "56.00010", "2016-09-30": "93.50000", "2016-06-30": "58.20000", "2016-03-31": "49.80000", "2015-12-31": "28.80010", "2015-09-30": "-5.80010", "2015-06-30": "31.30000", "2015-03-31": "38.30000", "2014-12-31": "19.30000", "2014-09-30": "35.40000", "2014-06-30": "38.00000", "2014-03-31": "27.80000", "2013-12-31": "21.40000", "2013-09-30": "48.10000", "2013-06-30": "36.20000", "2013-03-31": "33.50000", "2012-12-31": "37.10000", "2012-09-30": "47.40010", "2012-06-30": "34.40000", "2012-03-31": "37.40000", "2011-12-31": "49.60000", "2011-09-30": "63.20010", "2011-06-30": "4.60000", "2011-03-31": "49.30000", "2010-12-31": "49.70000", "2010-09-30": "78.10000", "2010-06-30": "47.70000", "2010-03-31": "31.60000", "2009-12-31": "34.30000", "2009-09-30": "39.20000", "2009-06-30": "17.60000", "2009-03-31": "-462.50000", "2008-12-31": "23.00000", "2008-09-30": "35.69990", "2008-06-30": "23.30000", "2008-03-31": "20.40000", "2007-12-31": "23.40000", "2007-09-30": "66.40000", "2007-06-30": "20.60000", "2007-03-31": "30.00000", "2006-12-31": "79.10000", "2006-09-30": "95.00000", "2006-06-30": "77.50000", "2006-03-31": "76.90000", "2005-12-31": "68.20000", "2005-09-30": "-321.40000", "2005-06-30": "59.50000", "2005-03-31": "85.40000"}, "Basic Shares Outstanding": {"2020-12-31": "66.49700", "2020-09-30": "66.63100", "2020-06-30": "66.55800", "2020-03-31": "66.68500", "2019-12-31": "66.79200", "2019-09-30": "66.77200", "2019-06-30": "66.77700", "2019-03-31": "66.69600", "2018-12-31": "67.05300", "2018-09-30": "66.23400", "2018-06-30": "66.29900", "2018-03-31": "66.19200", "2017-12-31": "65.90600", "2017-09-30": "65.59900", "2017-06-30": "65.79500", "2017-03-31": "65.46200", "2016-12-31": "65.50400", "2016-09-30": "65.33300", "2016-06-30": "65.40600", "2016-03-31": "65.33100", "2015-12-31": "65.21700", "2015-09-30": "57.24900", "2015-06-30": "56.67000", "2015-03-31": "56.54400", "2014-12-31": "57.13700", "2014-09-30": "57.55500", "2014-06-30": "57.27300", "2014-03-31": "57.30300", "2013-12-31": "58.23000", "2013-09-30": "59.91000", "2013-06-30": "59.74300", "2013-03-31": "60.24700", "2012-12-31": "60.90300", "2012-09-30": "62.12000", "2012-06-30": "62.31900", "2012-03-31": "62.15400", "2011-12-31": "61.97600", "2011-09-30": "63.16400", "2011-06-30": "63.58400", "2011-03-31": "63.00000", "2010-12-31": "62.99500", "2010-09-30": "62.93400", "2010-06-30": "63.19300", "2010-03-31": "62.88700", "2009-12-31": "62.69100", "2009-09-30": "62.58100", "2009-06-30": "62.58300", "2009-03-31": "62.57800", "2008-12-31": "62.53200", "2008-09-30": "62.42600", "2008-06-30": "62.53400", "2008-03-31": "62.36900", "2007-12-31": "62.16000", "2007-09-30": "62.39300", "2007-06-30": "61.91300", "2007-03-31": "61.69800", "2006-12-31": "61.58700", "2006-09-30": "61.68100", "2006-06-30": "61.48700", "2006-03-31": "61.44700", "2005-12-31": "61.37500", "2005-09-30": "61.77400", "2005-06-30": "61.52600", "2005-03-31": "61.94000"}, "Shares Outstanding": {"2020-12-31": "66.92500", "2020-09-30": "67.21200", "2020-06-30": "67.18300", "2020-03-31": "67.21800", "2019-12-31": "67.32900", "2019-09-30": "67.66000", "2019-06-30": "67.44600", "2019-03-31": "67.34400", "2018-12-31": "67.72500", "2018-09-30": "67.61200", "2018-06-30": "67.64600", "2018-03-31": "67.59700", "2017-12-31": "67.43200", "2017-09-30": "67.22500", "2017-06-30": "67.68800", "2017-03-31": "67.13200", "2016-12-31": "66.86000", "2016-09-30": "66.59600", "2016-06-30": "66.55200", "2016-03-31": "66.38200", "2015-12-31": "66.27400", "2015-09-30": "58.53600", "2015-06-30": "57.89900", "2015-03-31": "57.61000", "2014-12-31": "58.15400", "2014-09-30": "58.52300", "2014-06-30": "58.16000", "2014-03-31": "57.30300", "2013-12-31": "59.14200", "2013-09-30": "60.25000", "2013-06-30": "60.16300", "2013-03-31": "60.61200", "2012-12-31": "61.10600", "2012-09-30": "62.36100", "2012-06-30": "62.57000", "2012-03-31": "62.54600", "2011-12-31": "62.33700", "2011-09-30": "63.89900", "2011-06-30": "64.21100", "2011-03-31": "63.91100", "2010-12-31": "64.24400", "2010-09-30": "63.73900", "2010-06-30": "63.98700", "2010-03-31": "63.50000", "2009-12-31": "63.20500", "2009-09-30": "62.58100", "2009-06-30": "62.88000", "2009-03-31": "62.57800", "2008-12-31": "62.80800", "2008-09-30": "62.62200", "2008-06-30": "62.65500", "2008-03-31": "62.56600", "2007-12-31": "62.40300", "2007-09-30": "62.39300", "2007-06-30": "62.24100", "2007-03-31": "61.94400", "2006-12-31": "61.83500", "2006-09-30": "61.68100", "2006-06-30": "61.61000", "2006-03-31": "61.57900", "2005-12-31": "61.45800", "2005-09-30": "61.77400", "2005-06-30": "61.89600", "2005-03-31": "62.38900"}, "Basic EPS": {"2020-12-31": "0.88000", "2020-09-30": "0.64000", "2020-06-30": "1.41000", "2020-03-31": "0.70000", "2019-12-31": "0.60000", "2019-09-30": "0.42000", "2019-06-30": "0.49000", "2019-03-31": "0.74000", "2018-12-31": "0.63000", "2018-09-30": "1.36000", "2018-06-30": "0.68000", "2018-03-31": "0.43000", "2017-12-31": "1.34000", "2017-09-30": "1.07000", "2017-06-30": "0.09000", "2017-03-31": "0.52000", "2016-12-31": "0.36000", "2016-09-30": "0.80000", "2016-06-30": "0.69000", "2016-03-31": "0.34000", "2015-12-31": "0.07000", "2015-09-30": "-0.18000", "2015-06-30": "0.34000", "2015-03-31": "0.46000", "2014-12-31": "0.21000", "2014-09-30": "0.42000", "2014-06-30": "0.46000", "2014-03-31": "-0.06000", "2013-12-31": "0.23000", "2013-09-30": "0.60000", "2013-06-30": "0.39000", "2013-03-31": "0.37000", "2012-12-31": "0.39000", "2012-09-30": "0.62000", "2012-06-30": "0.38000", "2012-03-31": "0.41000", "2011-12-31": "0.53000", "2011-09-30": "1.00000", "2011-06-30": "0.02000", "2011-03-31": "0.53000", "2010-12-31": "0.56000", "2010-09-30": "0.81000", "2010-06-30": "0.48000", "2010-03-31": "0.38000", "2009-12-31": "0.32000", "2009-09-30": "0.42000", "2009-06-30": "0.32000", "2009-03-31": "-7.44000", "2008-12-31": "0.23000", "2008-09-30": "0.39000", "2008-06-30": "0.33000", "2008-03-31": "0.42000", "2007-12-31": "0.72000", "2007-09-30": "0.77000", "2007-06-30": "0.57000", "2007-03-31": "0.89000", "2006-12-31": "0.84000", "2006-09-30": "1.09000", "2006-06-30": "0.83000", "2006-03-31": "0.89000", "2005-12-31": "0.79000", "2005-09-30": "-3.71000", "2005-06-30": "0.62000", "2005-03-31": "0.87000"}, "EPS - Earnings Per Share": {"2020-12-31": "0.88000", "2020-09-30": "0.63000", "2020-06-30": "1.40000", "2020-03-31": "0.70000", "2019-12-31": "0.59000", "2019-09-30": "0.41000", "2019-06-30": "0.48000", "2019-03-31": "0.74000", "2018-12-31": "0.62000", "2018-09-30": "1.33000", "2018-06-30": "0.67000", "2018-03-31": "0.42000", "2017-12-31": "1.31000", "2017-09-30": "1.03000", "2017-06-30": "0.09000", "2017-03-31": "0.51000", "2016-12-31": "0.36000", "2016-09-30": "0.78000", "2016-06-30": "0.68000", "2016-03-31": "0.33000", "2015-12-31": "0.07000", "2015-09-30": "-0.17000", "2015-06-30": "0.33000", "2015-03-31": "0.45000", "2014-12-31": "0.21000", "2014-09-30": "0.43000", "2014-06-30": "0.45000", "2014-03-31": "-0.06000", "2013-12-31": "0.22000", "2013-09-30": "0.59000", "2013-06-30": "0.39000", "2013-03-31": "0.37000", "2012-12-31": "0.39000", "2012-09-30": "0.64000", "2012-06-30": "0.37000", "2012-03-31": "0.40000", "2011-12-31": "0.53000", "2011-09-30": "1.00000", "2011-06-30": "0.02000", "2011-03-31": "0.52000", "2010-12-31": "0.55000", "2010-09-30": "0.80000", "2010-06-30": "0.48000", "2010-03-31": "0.38000", "2009-12-31": "0.31000", "2009-09-30": "0.42000", "2009-06-30": "0.32000", "2009-03-31": "-7.44000", "2008-12-31": "0.23000", "2008-09-30": "0.39000", "2008-06-30": "0.32000", "2008-03-31": "0.42000", "2007-12-31": "0.72000", "2007-09-30": "0.77000", "2007-06-30": "0.57000", "2007-03-31": "0.89000", "2006-12-31": "0.84000", "2006-09-30": "1.09000", "2006-06-30": "0.83000", "2006-03-31": "0.89000", "2005-12-31": "0.79000", "2005-09-30": "-3.70000", "2005-06-30": "0.61000", "2005-03-31": "0.87000"}}, "balance sheet": {"Cash On Hand": {"2020-09-30": "296.50000", "2019-09-30": "633.80000", "2018-09-30": "183.00000", "2017-09-30": "231.80000", "2016-09-30": "232.20000", "2015-09-30": "192.80000", "2014-09-30": "99.30000", "2013-09-30": "127.40000", "2012-09-30": "84.30000", "2011-09-30": "224.60000", "2010-09-30": "184.50000", "2009-09-30": "197.00000", "2008-09-30": "221.70000", "2007-09-30": "194.30000", "2006-09-30": "81.90000", "2005-09-30": "167.80000"}, "Receivables": {"2020-09-30": "594.90000", "2019-09-30": "653.30000", "2018-09-30": "580.70000", "2017-09-30": "579.30000", "2016-09-30": "515.10000", "2015-09-30": "494.70000", "2014-09-30": "411.00000", "2013-09-30": "361.80000", "2012-09-30": "392.60000", "2011-09-30": "386.20000", "2010-09-30": "353.10000", "2009-09-30": "346.60000", "2008-09-30": "395.10000", "2007-09-30": "491.60000", "2006-09-30": "501.00000", "2005-09-30": "448.10000"}, "Inventory": {"2020-09-30": "352.00000", "2019-09-30": "269.60000", "2018-09-30": "291.70000", "2017-09-30": "284.50000", "2016-09-30": "252.00000", "2015-09-30": "267.40000", "2014-09-30": "176.20000", "2013-09-30": "118.30000", "2012-09-30": "126.90000", "2011-09-30": "95.60000", "2010-09-30": "108.50000", "2009-09-30": "92.00000", "2008-09-30": "100.00000", "2007-09-30": "154.90000", "2006-09-30": "129.80000", "2005-09-30": "124.10000"}, "Pre-Paid Expenses": {"2020-09-30": "", "2019-09-30": "", "2018-09-30": "", "2017-09-30": "", "2016-09-30": "", "2015-09-30": "", "2014-09-30": "", "2013-09-30": "", "2012-09-30": "", "2011-09-30": "", "2010-09-30": "", "2009-09-30": "", "2008-09-30": "", "2007-09-30": "", "2006-09-30": "", "2005-09-30": ""}, "Other Current Assets": {"2020-09-30": "121.50000", "2019-09-30": "106.70000", "2018-09-30": "100.20000", "2017-09-30": "70.60000", "2016-09-30": "82.80000", "2015-09-30": "109.10000", "2014-09-30": "51.90000", "2013-09-30": "32.30000", "2012-09-30": "29.40000", "2011-09-30": "42.40000", "2010-09-30": "52.70000", "2009-09-30": "13.50000", "2008-09-30": "25.30000", "2007-09-30": "18.70000", "2006-09-30": "23.00000", "2005-09-30": "27.90000"}, "Total Current Assets": {"2020-09-30": "1364.90000", "2019-09-30": "1663.40000", "2018-09-30": "1155.60000", "2017-09-30": "1166.20000", "2016-09-30": "1082.10000", "2015-09-30": "1141.00000", "2014-09-30": "779.30000", "2013-09-30": "688.00000", "2012-09-30": "681.80000", "2011-09-30": "791.70000", "2010-09-30": "739.20000", "2009-09-30": "695.10000", "2008-09-30": "772.30000", "2007-09-30": "894.40000", "2006-09-30": "763.90000", "2005-09-30": "890.50000"}, "Property, Plant, And Equipment": {"2020-09-30": "306.10000", "2019-09-30": "296.80000", "2018-09-30": "328.30000", "2017-09-30": "355.40000", "2016-09-30": "350.00000", "2015-09-30": "378.40000", "2014-09-30": "261.50000", "2013-09-30": "234.30000", "2012-09-30": "250.10000", "2011-09-30": "222.80000", "2010-09-30": "243.70000", "2009-09-30": "272.40000", "2008-09-30": "296.80000", "2007-09-30": "410.30000", "2006-09-30": "369.10000", "2005-09-30": "376.60000"}, "Long-Term Investments": {"2020-09-30": "", "2019-09-30": "", "2018-09-30": "", "2017-09-30": "", "2016-09-30": "", "2015-09-30": "", "2014-09-30": "", "2013-09-30": "", "2012-09-30": "7.30000", "2011-09-30": "11.10000", "2010-09-30": "12.10000", "2009-09-30": "17.20000", "2008-09-30": "45.60000", "2007-09-30": "62.90000", "2006-09-30": "64.30000", "2005-09-30": "71.50000"}, "Goodwill And Intangible Assets": {"2020-09-30": "2812.20000", "2019-09-30": "2834.40000", "2018-09-30": "2766.00000", "2017-09-30": "2903.60000", "2016-09-30": "2727.70000", "2015-09-30": "1610.50000", "2014-09-30": "399.80000", "2013-09-30": "342.80000", "2012-09-30": "626.00000", "2011-09-30": "213.30000", "2010-09-30": "217.70000", "2009-09-30": "215.00000", "2008-09-30": "551.60000", "2007-09-30": "584.40000", "2006-09-30": "571.70000", "2005-09-30": "596.60000"}, "Other Long-Term Assets": {"2020-09-30": "155.00000", "2019-09-30": "91.30000", "2018-09-30": "75.10000", "2017-09-30": "62.60000", "2016-09-30": "59.50000", "2015-09-30": "58.40000", "2014-09-30": "26.60000", "2013-09-30": "31.50000", "2012-09-30": "23.50000", "2011-09-30": "26.40000", "2010-09-30": "32.90000", "2009-09-30": "32.90000", "2008-09-30": "14.80000", "2007-09-30": "21.70000", "2006-09-30": "23.60000", "2005-09-30": ""}, "Total Long-Term Assets": {"2020-09-30": "3306.20000", "2019-09-30": "3255.60000", "2018-09-30": "3204.40000", "2017-09-30": "3362.50000", "2016-09-30": "3180.30000", "2015-09-30": "3316.60000", "2014-09-30": "972.00000", "2013-09-30": "898.80000", "2012-09-30": "945.80000", "2011-09-30": "507.40000", "2010-09-30": "506.40000", "2009-09-30": "537.50000", "2008-09-30": "917.59990", "2007-09-30": "1222.60000", "2006-09-30": "1188.30000", "2005-09-30": "1338.70000"}, "Total Assets": {"2020-09-30": "4671.10000", "2019-09-30": "4919.00000", "2018-09-30": "4360.00000", "2017-09-30": "4528.70000", "2016-09-30": "4262.40000", "2015-09-30": "4457.60000", "2014-09-30": "1751.30000", "2013-09-30": "1586.80000", "2012-09-30": "1627.60000", "2011-09-30": "1299.10000", "2010-09-30": "1245.60000", "2009-09-30": "1232.60000", "2008-09-30": "1689.90000", "2007-09-30": "2117.00000", "2006-09-30": "1952.20000", "2005-09-30": "2229.20000"}, "Total Current Liabilities": {"2020-09-30": "952.20000", "2019-09-30": "1268.30000", "2018-09-30": "662.40000", "2017-09-30": "658.70000", "2016-09-30": "662.30000", "2015-09-30": "578.80000", "2014-09-30": "442.30000", "2013-09-30": "345.40000", "2012-09-30": "378.10000", "2011-09-30": "334.00000", "2010-09-30": "288.70000", "2009-09-30": "344.30000", "2008-09-30": "394.70000", "2007-09-30": "339.60000", "2006-09-30": "325.20000", "2005-09-30": "669.00000"}, "Long Term Debt": {"2020-09-30": "1655.70000", "2019-09-30": "1783.10000", "2018-09-30": "1790.40000", "2017-09-30": "2120.40000", "2016-09-30": "1938.40000", "2015-09-30": "2175.20000", "2014-09-30": "364.10000", "2013-09-30": "225.80000", "2012-09-30": "237.50000", "2011-09-30": "50.80000", "2010-09-30": "98.50000", "2009-09-30": "99.70000", "2008-09-30": "100.20000", "2007-09-30": "348.60000", "2006-09-30": "347.00000", "2005-09-30": "350.70000"}, "Other Non-Current Liabilities": {"2020-09-30": "134.80000", "2019-09-30": "70.50000", "2018-09-30": "40.40000", "2017-09-30": "39.70000", "2016-09-30": "39.00000", "2015-09-30": "47.30000", "2014-09-30": "30.50000", "2013-09-30": "37.30000", "2012-09-30": "41.70000", "2011-09-30": "49.00000", "2010-09-30": "52.30000", "2009-09-30": "61.80000", "2008-09-30": "55.50000", "2007-09-30": "54.80000", "2006-09-30": "52.50000", "2005-09-30": "100.70000"}, "Total Long Term Liabilities": {"2020-09-30": "1992.80000", "2019-09-30": "2077.40000", "2018-09-30": "2081.40000", "2017-09-30": "2504.40000", "2016-09-30": "2364.20000", "2015-09-30": "2721.90000", "2014-09-30": "502.50000", "2013-09-30": "382.70000", "2012-09-30": "436.90000", "2011-09-30": "223.40000", "2010-09-30": "249.40000", "2009-09-30": "279.00000", "2008-09-30": "212.60000", "2007-09-30": "499.60000", "2006-09-30": "495.30000", "2005-09-30": "590.70000"}, "Total Liabilities": {"2020-09-30": "2945.00000", "2019-09-30": "3345.70000", "2018-09-30": "2743.80000", "2017-09-30": "3163.10000", "2016-09-30": "3026.50000", "2015-09-30": "3300.70000", "2014-09-30": "944.80000", "2013-09-30": "728.10000", "2012-09-30": "815.00000", "2011-09-30": "557.40000", "2010-09-30": "538.10000", "2009-09-30": "623.30000", "2008-09-30": "607.30000", "2007-09-30": "839.20000", "2006-09-30": "820.50000", "2005-09-30": "1259.70000"}, "Common Stock Net": {"2020-09-30": "4.40000", "2019-09-30": "4.40000", "2018-09-30": "4.40000", "2017-09-30": "4.40000", "2016-09-30": "4.40000", "2015-09-30": "4.40000", "2014-09-30": "4.40000", "2013-09-30": "4.40000", "2012-09-30": "4.40000", "2011-09-30": "4.40000", "2010-09-30": "4.40000", "2009-09-30": "4.40000", "2008-09-30": "4.40000", "2007-09-30": "4.40000", "2006-09-30": "4.40000", "2005-09-30": "4.40000"}, "Retained Earnings (Accumulated Deficit)": {"2020-09-30": "2132.20000", "2019-09-30": "1967.40000", "2018-09-30": "1876.20000", "2017-09-30": "1676.20000", "2016-09-30": "1589.70000", "2015-09-30": "1509.90000", "2014-09-30": "1499.80000", "2013-09-30": "1473.80000", "2012-09-30": "1400.30000", "2011-09-30": "1309.80000", "2010-09-30": "1203.60000", "2009-09-30": "1105.20000", "2008-09-30": "1536.10000", "2007-09-30": "1753.40000", "2006-09-30": "1646.80000", "2005-09-30": "1495.40000"}, "Comprehensive Income": {"2020-09-30": "-180.20000", "2019-09-30": "-182.50000", "2018-09-30": "-113.00000", "2017-09-30": "-110.00000", "2016-09-30": "-169.10000", "2015-09-30": "-140.80000", "2014-09-30": "-74.10000", "2013-09-30": "-35.70000", "2012-09-30": "-78.00000", "2011-09-30": "-79.00000", "2010-09-30": "-61.80000", "2009-09-30": "-59.90000", "2008-09-30": "-4.20000", "2007-09-30": "2.30000", "2006-09-30": "-0.30000", "2005-09-30": "0.50000"}, "Other Share Holders Equity": {"2020-09-30": "", "2019-09-30": "", "2018-09-30": "", "2017-09-30": "", "2016-09-30": "", "2015-09-30": "", "2014-09-30": "", "2013-09-30": "", "2012-09-30": "", "2011-09-30": "", "2010-09-30": "", "2009-09-30": "", "2008-09-30": "", "2007-09-30": "", "2006-09-30": "", "2005-09-30": ""}, "Share Holder Equity": {"2020-09-30": "1726.10000", "2019-09-30": "1573.30000", "2018-09-30": "1616.20000", "2017-09-30": "1365.60000", "2016-09-30": "1235.90000", "2015-09-30": "1156.90000", "2014-09-30": "806.50000", "2013-09-30": "858.70000", "2012-09-30": "812.60000", "2011-09-30": "741.70000", "2010-09-30": "707.50000", "2009-09-30": "609.30000", "2008-09-30": "1082.60000", "2007-09-30": "1277.80000", "2006-09-30": "1131.70000", "2005-09-30": "969.50000"}, "Total Liabilities And Share Holders Equity": {"2020-09-30": "4671.10000", "2019-09-30": "4919.00000", "2018-09-30": "4360.00000", "2017-09-30": "4528.70000", "2016-09-30": "4262.40000", "2015-09-30": "4457.60000", "2014-09-30": "1751.30000", "2013-09-30": "1586.80000", "2012-09-30": "1627.60000", "2011-09-30": "1299.10000", "2010-09-30": "1245.60000", "2009-09-30": "1232.60000", "2008-09-30": "1689.90000", "2007-09-30": "2117.00000", "2006-09-30": "1952.20000", "2005-09-30": "2229.20000"}}, "balance sheet, quarterly": {"Cash On Hand": {"2020-12-31": "294.60000", "2020-09-30": "296.50000", "2020-06-30": "331.80000", "2020-03-31": "290.50000", "2019-12-31": "204.40000", "2019-09-30": "633.80000", "2019-06-30": "202.60000", "2019-03-31": "187.00000", "2018-12-31": "184.20000", "2018-09-30": "183.00000", "2018-06-30": "246.50000", "2018-03-31": "239.00000", "2017-12-31": "233.70000", "2017-09-30": "231.80000", "2017-06-30": "243.20000", "2017-03-31": "218.70000", "2016-12-31": "231.70000", "2016-09-30": "232.20000", "2016-06-30": "199.60000", "2016-03-31": "157.60000", "2015-12-31": "174.40000", "2015-09-30": "192.80000", "2015-06-30": "123.40000", "2015-03-31": "114.50000", "2014-12-31": "113.70000", "2014-09-30": "99.30000", "2014-06-30": "111.90000", "2014-03-31": "120.30000", "2013-12-31": "117.60000", "2013-09-30": "127.40000", "2013-06-30": "91.30000", "2013-03-31": "87.30000", "2012-12-31": "107.60000", "2012-09-30": "84.30000", "2012-06-30": "220.00000", "2012-03-31": "174.70000", "2011-12-31": "213.90000", "2011-09-30": "224.60000", "2011-06-30": "282.50000", "2011-03-31": "235.20000", "2010-12-31": "182.40000", "2010-09-30": "184.50000", "2010-06-30": "208.10000", "2010-03-31": "161.30000", "2009-12-31": "150.10000", "2009-09-30": "197.00000", "2009-06-30": "128.30000", "2009-03-31": "84.60000", "2008-12-31": "49.50000", "2008-09-30": "221.70000", "2008-06-30": "131.20000", "2008-03-31": "194.50000", "2007-12-31": "289.80000", "2007-09-30": "194.30000", "2007-06-30": "146.10000", "2007-03-31": "117.70000", "2006-12-31": "135.50000", "2006-09-30": "81.90000", "2006-06-30": "255.30000", "2006-03-31": "191.00000", "2005-12-31": "196.10000", "2005-09-30": "167.80000", "2005-06-30": "152.00000", "2005-03-31": "214.30000"}, "Receivables": {"2020-12-31": "598.00000", "2020-09-30": "594.90000", "2020-06-30": "646.20000", "2020-03-31": "655.40000", "2019-12-31": "593.70000", "2019-09-30": "653.30000", "2019-06-30": "597.90000", "2019-03-31": "581.80000", "2018-12-31": "537.90000", "2018-09-30": "580.70000", "2018-06-30": "555.50000", "2018-03-31": "537.90000", "2017-12-31": "511.00000", "2017-09-30": "579.30000", "2017-06-30": "519.40000", "2017-03-31": "500.90000", "2016-12-31": "471.90000", "2016-09-30": "515.10000", "2016-06-30": "459.00000", "2016-03-31": "467.40000", "2015-12-31": "460.60000", "2015-09-30": "494.70000", "2015-06-30": "390.60000", "2015-03-31": "368.00000", "2014-12-31": "374.90000", "2014-09-30": "411.00000", "2014-06-30": "331.80000", "2014-03-31": "346.00000", "2013-12-31": "326.10000", "2013-09-30": "361.80000", "2013-06-30": "361.20000", "2013-03-31": "359.30000", "2012-12-31": "373.10000", "2012-09-30": "392.60000", "2012-06-30": "351.00000", "2012-03-31": "362.30000", "2011-12-31": "350.70000", "2011-09-30": "386.20000", "2011-06-30": "341.40000", "2011-03-31": "366.60000", "2010-12-31": "352.10000", "2010-09-30": "353.10000", "2010-06-30": "329.30000", "2010-03-31": "345.20000", "2009-12-31": "345.40000", "2009-09-30": "346.60000", "2009-06-30": "314.50000", "2009-03-31": "326.30000", "2008-12-31": "348.80000", "2008-09-30": "395.10000", "2008-06-30": "356.20000", "2008-03-31": "362.10000", "2007-12-31": "434.30000", "2007-09-30": "491.60000", "2007-06-30": "474.90000", "2007-03-31": "479.90000", "2006-12-31": "468.00000", "2006-09-30": "501.00000", "2006-06-30": "461.00000", "2006-03-31": "472.10000", "2005-12-31": "457.10000", "2005-09-30": "448.10000", "2005-06-30": "401.30000", "2005-03-31": "427.50000"}, "Inventory": {"2020-12-31": "335.90000", "2020-09-30": "352.00000", "2020-06-30": "322.80000", "2020-03-31": "265.50000", "2019-12-31": "277.70000", "2019-09-30": "269.60000", "2019-06-30": "297.80000", "2019-03-31": "293.80000", "2018-12-31": "299.90000", "2018-09-30": "291.70000", "2018-06-30": "309.40000", "2018-03-31": "315.10000", "2017-12-31": "298.50000", "2017-09-30": "284.50000", "2017-06-30": "268.10000", "2017-03-31": "264.10000", "2016-12-31": "245.60000", "2016-09-30": "252.00000", "2016-06-30": "254.40000", "2016-03-31": "256.50000", "2015-12-31": "248.90000", "2015-09-30": "267.40000", "2015-06-30": "169.90000", "2015-03-31": "168.70000", "2014-12-31": "171.30000", "2014-09-30": "176.20000", "2014-06-30": "122.10000", "2014-03-31": "120.00000", "2013-12-31": "120.60000", "2013-09-30": "118.30000", "2013-06-30": "122.80000", "2013-03-31": "130.50000", "2012-12-31": "122.70000", "2012-09-30": "126.90000", "2012-06-30": "106.70000", "2012-03-31": "105.80000", "2011-12-31": "93.90000", "2011-09-30": "95.60000", "2011-06-30": "109.10000", "2011-03-31": "115.80000", "2010-12-31": "112.90000", "2010-09-30": "108.50000", "2010-06-30": "106.70000", "2010-03-31": "105.80000", "2009-12-31": "94.70000", "2009-09-30": "92.00000", "2009-06-30": "105.00000", "2009-03-31": "120.30000", "2008-12-31": "127.30000", "2008-09-30": "100.00000", "2008-06-30": "113.70000", "2008-03-31": "113.30000", "2007-12-31": "151.20000", "2007-09-30": "154.90000", "2007-06-30": "172.20000", "2007-03-31": "155.00000", "2006-12-31": "142.50000", "2006-09-30": "129.80000", "2006-06-30": "133.90000", "2006-03-31": "123.60000", "2005-12-31": "128.00000", "2005-09-30": "124.10000", "2005-06-30": "129.40000", "2005-03-31": "116.40000"}, "Pre-Paid Expenses": {"2020-12-31": "", "2020-09-30": "", "2020-06-30": "", "2020-03-31": "", "2019-12-31": "", "2019-09-30": "", "2019-06-30": "", "2019-03-31": "", "2018-12-31": "", "2018-09-30": "", "2018-06-30": "", "2018-03-31": "", "2017-12-31": "", "2017-09-30": "", "2017-06-30": "", "2017-03-31": "", "2016-12-31": "", "2016-09-30": "", "2016-06-30": "", "2016-03-31": "", "2015-12-31": "", "2015-09-30": "", "2015-06-30": "", "2015-03-31": "", "2014-12-31": "", "2014-09-30": "", "2014-06-30": "", "2014-03-31": "", "2013-12-31": "", "2013-09-30": "", "2013-06-30": "", "2013-03-31": "", "2012-12-31": "", "2012-09-30": "", "2012-06-30": "", "2012-03-31": "", "2011-12-31": "", "2011-09-30": "", "2011-06-30": "", "2011-03-31": "", "2010-12-31": "", "2010-09-30": "", "2010-06-30": "", "2010-03-31": "", "2009-12-31": "", "2009-09-30": "", "2009-06-30": "", "2009-03-31": "", "2008-12-31": "", "2008-09-30": "", "2008-06-30": "", "2008-03-31": "", "2007-12-31": "", "2007-09-30": "", "2007-06-30": "", "2007-03-31": "", "2006-12-31": "", "2006-09-30": "", "2006-06-30": "", "2006-03-31": "", "2005-12-31": "", "2005-09-30": "", "2005-06-30": "", "2005-03-31": ""}, "Other Current Assets": {"2020-12-31": "111.50000", "2020-09-30": "121.50000", "2020-06-30": "114.60000", "2020-03-31": "130.30000", "2019-12-31": "120.30000", "2019-09-30": "106.70000", "2019-06-30": "128.00000", "2019-03-31": "118.40000", "2018-12-31": "114.30000", "2018-09-30": "100.20000", "2018-06-30": "109.60000", "2018-03-31": "109.00000", "2017-12-31": "75.10000", "2017-09-30": "70.60000", "2017-06-30": "80.80000", "2017-03-31": "93.70000", "2016-12-31": "78.20000", "2016-09-30": "82.80000", "2016-06-30": "92.70000", "2016-03-31": "102.30000", "2015-12-31": "105.40000", "2015-09-30": "109.10000", "2015-06-30": "54.40000", "2015-03-31": "51.50000", "2014-12-31": "54.80000", "2014-09-30": "51.90000", "2014-06-30": "35.30000", "2014-03-31": "32.50000", "2013-12-31": "28.40000", "2013-09-30": "32.30000", "2013-06-30": "28.60000", "2013-03-31": "34.00000", "2012-12-31": "30.70000", "2012-09-30": "29.40000", "2012-06-30": "36.20000", "2012-03-31": "44.30000", "2011-12-31": "26.60000", "2011-09-30": "42.40000", "2011-06-30": "52.50000", "2011-03-31": "37.80000", "2010-12-31": "42.70000", "2010-09-30": "52.70000", "2010-06-30": "26.20000", "2010-03-31": "36.00000", "2009-12-31": "17.90000", "2009-09-30": "13.50000", "2009-06-30": "33.00000", "2009-03-31": "36.20000", "2008-12-31": "19.30000", "2008-09-30": "25.30000", "2008-06-30": "24.90000", "2008-03-31": "36.70000", "2007-12-31": "22.50000", "2007-09-30": "18.70000", "2007-06-30": "24.90000", "2007-03-31": "27.60000", "2006-12-31": "24.10000", "2006-09-30": "23.00000", "2006-06-30": "24.90000", "2006-03-31": "17.50000", "2005-12-31": "21.60000", "2005-09-30": "27.90000", "2005-06-30": "22.10000", "2005-03-31": "22.80000"}, "Total Current Assets": {"2020-12-31": "1340.00000", "2020-09-30": "1364.90000", "2020-06-30": "1415.40000", "2020-03-31": "1341.70000", "2019-12-31": "1196.10000", "2019-09-30": "1663.40000", "2019-06-30": "1226.30000", "2019-03-31": "1181.00000", "2018-12-31": "1136.30000", "2018-09-30": "1155.60000", "2018-06-30": "1221.00000", "2018-03-31": "1201.00000", "2017-12-31": "1118.30000", "2017-09-30": "1166.20000", "2017-06-30": "1111.50000", "2017-03-31": "1077.40000", "2016-12-31": "1027.40000", "2016-09-30": "1082.10000", "2016-06-30": "1005.70000", "2016-03-31": "983.80000", "2015-12-31": "989.30000", "2015-09-30": "1141.00000", "2015-06-30": "781.40000", "2015-03-31": "744.60000", "2014-12-31": "756.20000", "2014-09-30": "779.30000", "2014-06-30": "638.70000", "2014-03-31": "661.30000", "2013-12-31": "643.40000", "2013-09-30": "688.00000", "2013-06-30": "654.60000", "2013-03-31": "660.00000", "2012-12-31": "682.40000", "2012-09-30": "681.80000", "2012-06-30": "758.90000", "2012-03-31": "731.00000", "2011-12-31": "729.90000", "2011-09-30": "791.70000", "2011-06-30": "825.30000", "2011-03-31": "795.70000", "2010-12-31": "730.60000", "2010-09-30": "739.20000", "2010-06-30": "720.40000", "2010-03-31": "696.00000", "2009-12-31": "655.50000", "2009-09-30": "695.10000", "2009-06-30": "610.80000", "2009-03-31": "597.90000", "2008-12-31": "575.70000", "2008-09-30": "772.30000", "2008-06-30": "654.50000", "2008-03-31": "733.60000", "2007-12-31": "941.70000", "2007-09-30": "894.40000", "2007-06-30": "846.80000", "2007-03-31": "810.90000", "2006-12-31": "800.10000", "2006-09-30": "763.90000", "2006-06-30": "995.50000", "2006-03-31": "920.40000", "2005-12-31": "932.40000", "2005-09-30": "890.50000", "2005-06-30": "731.00000", "2005-03-31": "807.40000"}, "Property, Plant, And Equipment": {"2020-12-31": "308.50000", "2020-09-30": "306.10000", "2020-06-30": "296.70000", "2020-03-31": "294.40000", "2019-12-31": "298.10000", "2019-09-30": "296.80000", "2019-06-30": "311.10000", "2019-03-31": "313.30000", "2018-12-31": "316.20000", "2018-09-30": "328.30000", "2018-06-30": "335.90000", "2018-03-31": "341.80000", "2017-12-31": "357.90000", "2017-09-30": "355.40000", "2017-06-30": "354.80000", "2017-03-31": "363.10000", "2016-12-31": "343.60000", "2016-09-30": "350.00000", "2016-06-30": "356.30000", "2016-03-31": "372.60000", "2015-12-31": "375.30000", "2015-09-30": "378.40000", "2015-06-30": "287.50000", "2015-03-31": "286.00000", "2014-12-31": "287.40000", "2014-09-30": "261.50000", "2014-06-30": "218.40000", "2014-03-31": "222.40000", "2013-12-31": "233.20000", "2013-09-30": "234.30000", "2013-06-30": "237.60000", "2013-03-31": "241.20000", "2012-12-31": "245.50000", "2012-09-30": "250.10000", "2012-06-30": "227.20000", "2012-03-31": "234.00000", "2011-12-31": "216.20000", "2011-09-30": "222.80000", "2011-06-30": "230.30000", "2011-03-31": "230.20000", "2010-12-31": "233.90000", "2010-09-30": "243.70000", "2010-06-30": "249.30000", "2010-03-31": "256.60000", "2009-12-31": "263.80000", "2009-09-30": "272.40000", "2009-06-30": "280.30000", "2009-03-31": "282.80000", "2008-12-31": "289.20000", "2008-09-30": "296.80000", "2008-06-30": "315.80000", "2008-03-31": "318.80000", "2007-12-31": "411.00000", "2007-09-30": "410.30000", "2007-06-30": "397.50000", "2007-03-31": "395.70000", "2006-12-31": "372.00000", "2006-09-30": "369.10000", "2006-06-30": "375.00000", "2006-03-31": "375.50000", "2005-12-31": "369.20000", "2005-09-30": "376.60000", "2005-06-30": "371.20000", "2005-03-31": "372.30000"}, "Long-Term Investments": {"2020-12-31": "", "2020-09-30": "", "2020-06-30": "", "2020-03-31": "", "2019-12-31": "", "2019-09-30": "", "2019-06-30": "", "2019-03-31": "", "2018-12-31": "", "2018-09-30": "", "2018-06-30": "", "2018-03-31": "", "2017-12-31": "", "2017-09-30": "", "2017-06-30": "", "2017-03-31": "", "2016-12-31": "", "2016-09-30": "", "2016-06-30": "", "2016-03-31": "", "2015-12-31": "", "2015-09-30": "", "2015-06-30": "", "2015-03-31": "", "2014-12-31": "", "2014-09-30": "", "2014-06-30": "", "2014-03-31": "", "2013-12-31": "7.30000", "2013-09-30": "", "2013-06-30": "7.30000", "2013-03-31": "7.30000", "2012-12-31": "7.30000", "2012-09-30": "7.30000", "2012-06-30": "7.30000", "2012-03-31": "10.50000", "2011-12-31": "11.10000", "2011-09-30": "11.10000", "2011-06-30": "11.30000", "2011-03-31": "11.50000", "2010-12-31": "11.80000", "2010-09-30": "12.10000", "2010-06-30": "12.30000", "2010-03-31": "12.60000", "2009-12-31": "16.80000", "2009-09-30": "17.20000", "2009-06-30": "44.30000", "2009-03-31": "44.80000", "2008-12-31": "43.00000", "2008-09-30": "45.60000", "2008-06-30": "47.00000", "2008-03-31": "0.80000", "2007-12-31": "59.00000", "2007-09-30": "62.90000", "2007-06-30": "58.20000", "2007-03-31": "55.70000", "2006-12-31": "62.80000", "2006-09-30": "64.30000", "2006-06-30": "63.80000", "2006-03-31": "63.30000", "2005-12-31": "72.60000", "2005-09-30": "71.50000", "2005-06-30": "80.60000", "2005-03-31": "82.40000"}, "Goodwill And Intangible Assets": {"2020-12-31": "2806.50000", "2020-09-30": "2812.20000", "2020-06-30": "2805.40000", "2020-03-31": "2812.20000", "2019-12-31": "2825.30000", "2019-09-30": "2834.40000", "2019-06-30": "2914.50000", "2019-03-31": "2744.90000", "2018-12-31": "2769.20000", "2018-09-30": "2766.00000", "2018-06-30": "2794.10000", "2018-03-31": "2842.30000", "2017-12-31": "2877.20000", "2017-09-30": "2903.60000", "2017-06-30": "2921.80000", "2017-03-31": "2941.30000", "2016-12-31": "2681.00000", "2016-09-30": "2727.70000", "2016-06-30": "2779.70000", "2016-03-31": "2814.10000", "2015-12-31": "2829.40000", "2015-09-30": "1610.50000", "2015-06-30": "641.30000", "2015-03-31": "624.20000", "2014-12-31": "643.30000", "2014-09-30": "399.80000", "2014-06-30": "584.80000", "2014-03-31": "589.40000", "2013-12-31": "587.30000", "2013-09-30": "342.80000", "2013-06-30": "597.00000", "2013-03-31": "606.60000", "2012-12-31": "623.00000", "2012-09-30": "626.00000", "2012-06-30": "249.10000", "2012-03-31": "257.70000", "2011-12-31": "207.70000", "2011-09-30": "213.30000", "2011-06-30": "206.80000", "2011-03-31": "212.00000", "2010-12-31": "215.30000", "2010-09-30": "217.70000", "2010-06-30": "217.40000", "2010-03-31": "223.40000", "2009-12-31": "228.10000", "2009-09-30": "215.00000", "2009-06-30": "215.70000", "2009-03-31": "228.00000", "2008-12-31": "697.50000", "2008-09-30": "551.60000", "2008-06-30": "558.60000", "2008-03-31": "559.50000", "2007-12-31": "579.60000", "2007-09-30": "584.40000", "2007-06-30": "582.80000", "2007-03-31": "584.10000", "2006-12-31": "583.50000", "2006-09-30": "571.70000", "2006-06-30": "577.40000", "2006-03-31": "589.30000", "2005-12-31": "592.60000", "2005-09-30": "596.60000", "2005-06-30": "538.80000", "2005-03-31": "541.90000"}, "Other Long-Term Assets": {"2020-12-31": "153.80000", "2020-09-30": "155.00000", "2020-06-30": "170.20000", "2020-03-31": "166.20000", "2019-12-31": "165.50000", "2019-09-30": "91.30000", "2019-06-30": "87.90000", "2019-03-31": "94.40000", "2018-12-31": "93.70000", "2018-09-30": "75.10000", "2018-06-30": "75.20000", "2018-03-31": "78.10000", "2017-12-31": "67.10000", "2017-09-30": "62.60000", "2017-06-30": "53.30000", "2017-03-31": "51.90000", "2016-12-31": "54.00000", "2016-09-30": "59.50000", "2016-06-30": "47.60000", "2016-03-31": "45.00000", "2015-12-31": "51.50000", "2015-09-30": "58.40000", "2015-06-30": "24.40000", "2015-03-31": "29.90000", "2014-12-31": "26.50000", "2014-09-30": "26.60000", "2014-06-30": "25.40000", "2014-03-31": "27.90000", "2013-12-31": "21.90000", "2013-09-30": "31.50000", "2013-06-30": "22.20000", "2013-03-31": "23.20000", "2012-12-31": "22.50000", "2012-09-30": "23.50000", "2012-06-30": "23.40000", "2012-03-31": "24.70000", "2011-12-31": "25.30000", "2011-09-30": "26.40000", "2011-06-30": "28.10000", "2011-03-31": "31.40000", "2010-12-31": "32.00000", "2010-09-30": "32.90000", "2010-06-30": "27.00000", "2010-03-31": "25.30000", "2009-12-31": "26.70000", "2009-09-30": "32.90000", "2009-06-30": "10.60000", "2009-03-31": "10.50000", "2008-12-31": "14.20000", "2008-09-30": "14.80000", "2008-06-30": "13.60000", "2008-03-31": "12.20000", "2007-12-31": "26.70000", "2007-09-30": "21.70000", "2007-06-30": "", "2007-03-31": "", "2006-12-31": "", "2006-09-30": "23.60000", "2006-06-30": "", "2006-03-31": "", "2005-12-31": "", "2005-09-30": "", "2005-06-30": "", "2005-03-31": ""}, "Total Long-Term Assets": {"2020-12-31": "3303.50000", "2020-09-30": "3306.20000", "2020-06-30": "3305.80000", "2020-03-31": "3305.40000", "2019-12-31": "3322.60000", "2019-09-30": "3255.60000", "2019-06-30": "3349.00000", "2019-03-31": "3186.60000", "2018-12-31": "3214.00000", "2018-09-30": "3204.40000", "2018-06-30": "3244.40000", "2018-03-31": "3303.70000", "2017-12-31": "3342.20000", "2017-09-30": "3362.50000", "2017-06-30": "3372.60000", "2017-03-31": "3396.00000", "2016-12-31": "3117.00000", "2016-09-30": "3180.30000", "2016-06-30": "3230.80000", "2016-03-31": "3258.80000", "2015-12-31": "3282.30000", "2015-09-30": "3316.60000", "2015-06-30": "976.10000", "2015-03-31": "961.60000", "2014-12-31": "980.00010", "2014-09-30": "972.00000", "2014-06-30": "848.20000", "2014-03-31": "859.00010", "2013-12-31": "884.00000", "2013-09-30": "898.80000", "2013-06-30": "898.30000", "2013-03-31": "911.80000", "2012-12-31": "932.60000", "2012-09-30": "945.80000", "2012-06-30": "541.50000", "2012-03-31": "560.50000", "2011-12-31": "492.90000", "2011-09-30": "507.40000", "2011-06-30": "476.50000", "2011-03-31": "485.10000", "2010-12-31": "493.00000", "2010-09-30": "506.40000", "2010-06-30": "512.80000", "2010-03-31": "524.00000", "2009-12-31": "541.10000", "2009-09-30": "537.50000", "2009-06-30": "558.50000", "2009-03-31": "573.80000", "2008-12-31": "1049.70000", "2008-09-30": "917.59990", "2008-06-30": "944.99990", "2008-03-31": "903.30000", "2007-12-31": "1223.30000", "2007-09-30": "1222.60000", "2007-06-30": "1221.10000", "2007-03-31": "1223.70000", "2006-12-31": "1202.70000", "2006-09-30": "1188.30000", "2006-06-30": "1194.70000", "2006-03-31": "1207.70000", "2005-12-31": "1331.80000", "2005-09-30": "1338.70000", "2005-06-30": "1261.20000", "2005-03-31": "1247.20000"}, "Total Assets": {"2020-12-31": "4643.50000", "2020-09-30": "4671.10000", "2020-06-30": "4721.20000", "2020-03-31": "4647.10000", "2019-12-31": "4518.70000", "2019-09-30": "4919.00000", "2019-06-30": "4575.30000", "2019-03-31": "4367.60000", "2018-12-31": "4350.30000", "2018-09-30": "4360.00000", "2018-06-30": "4465.40000", "2018-03-31": "4504.70000", "2017-12-31": "4460.50000", "2017-09-30": "4528.70000", "2017-06-30": "4484.10000", "2017-03-31": "4473.40000", "2016-12-31": "4144.40000", "2016-09-30": "4262.40000", "2016-06-30": "4236.50000", "2016-03-31": "4242.60000", "2015-12-31": "4271.60000", "2015-09-30": "4457.60000", "2015-06-30": "1757.50000", "2015-03-31": "1706.20000", "2014-12-31": "1736.20000", "2014-09-30": "1751.30000", "2014-06-30": "1486.90000", "2014-03-31": "1520.30000", "2013-12-31": "1527.40000", "2013-09-30": "1586.80000", "2013-06-30": "1552.90000", "2013-03-31": "1571.80000", "2012-12-31": "1615.00000", "2012-09-30": "1627.60000", "2012-06-30": "1300.40000", "2012-03-31": "1291.50000", "2011-12-31": "1222.80000", "2011-09-30": "1299.10000", "2011-06-30": "1301.80000", "2011-03-31": "1280.80000", "2010-12-31": "1223.60000", "2010-09-30": "1245.60000", "2010-06-30": "1233.20000", "2010-03-31": "1220.00000", "2009-12-31": "1196.60000", "2009-09-30": "1232.60000", "2009-06-30": "1169.30000", "2009-03-31": "1171.70000", "2008-12-31": "1625.40000", "2008-09-30": "1689.90000", "2008-06-30": "1599.50000", "2008-03-31": "1636.90000", "2007-12-31": "2165.00000", "2007-09-30": "2117.00000", "2007-06-30": "2067.90000", "2007-03-31": "2034.60000", "2006-12-31": "2002.80000", "2006-09-30": "1952.20000", "2006-06-30": "2190.20000", "2006-03-31": "2128.10000", "2005-12-31": "2264.20000", "2005-09-30": "2229.20000", "2005-06-30": "1992.20000", "2005-03-31": "2054.60000"}, "Total Current Liabilities": {"2020-12-31": "900.20000", "2020-09-30": "952.20000", "2020-06-30": "941.10000", "2020-03-31": "885.40000", "2019-12-31": "788.30000", "2019-09-30": "1268.30000", "2019-06-30": "814.20000", "2019-03-31": "697.30000", "2018-12-31": "668.20000", "2018-09-30": "662.40000", "2018-06-30": "770.90000", "2018-03-31": "650.50000", "2017-12-31": "637.30000", "2017-09-30": "658.70000", "2017-06-30": "632.70000", "2017-03-31": "624.20000", "2016-12-31": "615.30000", "2016-09-30": "662.30000", "2016-06-30": "504.20000", "2016-03-31": "491.60000", "2015-12-31": "493.40000", "2015-09-30": "578.80000", "2015-06-30": "408.50000", "2015-03-31": "401.70000", "2014-12-31": "399.60000", "2014-09-30": "442.30000", "2014-06-30": "309.20000", "2014-03-31": "358.10000", "2013-12-31": "316.00000", "2013-09-30": "345.40000", "2013-06-30": "342.40000", "2013-03-31": "349.50000", "2012-12-31": "371.70000", "2012-09-30": "378.10000", "2012-06-30": "272.20000", "2012-03-31": "267.50000", "2011-12-31": "236.60000", "2011-09-30": "334.00000", "2011-06-30": "351.00000", "2011-03-31": "324.90000", "2010-12-31": "303.00000", "2010-09-30": "288.70000", "2010-06-30": "291.60000", "2010-03-31": "300.30000", "2009-12-31": "284.50000", "2009-09-30": "344.30000", "2009-06-30": "325.30000", "2009-03-31": "355.60000", "2008-12-31": "347.00000", "2008-09-30": "394.70000", "2008-06-30": "292.70000", "2008-03-31": "326.00000", "2007-12-31": "331.90000", "2007-09-30": "339.60000", "2007-06-30": "323.20000", "2007-03-31": "320.90000", "2006-12-31": "332.00000", "2006-09-30": "325.20000", "2006-06-30": "644.20000", "2006-03-31": "609.20000", "2005-12-31": "662.00000", "2005-09-30": "669.00000", "2005-06-30": "274.50000", "2005-03-31": "309.50000"}, "Long Term Debt": {"2020-12-31": "1643.80000", "2020-09-30": "1655.70000", "2020-06-30": "1782.60000", "2020-03-31": "1864.40000", "2019-12-31": "1766.30000", "2019-09-30": "1783.10000", "2019-06-30": "1824.00000", "2019-03-31": "1764.40000", "2018-12-31": "1816.50000", "2018-09-30": "1790.40000", "2018-06-30": "1865.30000", "2018-03-31": "2025.60000", "2017-12-31": "2036.30000", "2017-09-30": "2120.40000", "2017-06-30": "2151.50000", "2017-03-31": "2181.40000", "2016-12-31": "1912.20000", "2016-09-30": "1938.40000", "2016-06-30": "2054.60000", "2016-03-31": "2087.30000", "2015-12-31": "2136.20000", "2015-09-30": "2175.20000", "2015-06-30": "447.80000", "2015-03-31": "449.80000", "2014-12-31": "454.80000", "2014-09-30": "364.10000", "2014-06-30": "214.80000", "2014-03-31": "218.60000", "2013-12-31": "222.40000", "2013-09-30": "225.80000", "2013-06-30": "229.50000", "2013-03-31": "232.10000", "2012-12-31": "234.60000", "2012-09-30": "237.50000", "2012-06-30": "50.00000", "2012-03-31": "50.10000", "2011-12-31": "50.10000", "2011-09-30": "50.80000", "2011-06-30": "49.90000", "2011-03-31": "50.00000", "2010-12-31": "50.00000", "2010-09-30": "98.50000", "2010-06-30": "98.70000", "2010-03-31": "99.00000", "2009-12-31": "99.40000", "2009-09-30": "99.70000", "2009-06-30": "99.90000", "2009-03-31": "99.50000", "2008-12-31": "100.80000", "2008-09-30": "100.20000", "2008-06-30": "100.60000", "2008-03-31": "126.60000", "2007-12-31": "351.50000", "2007-09-30": "348.60000", "2007-06-30": "346.80000", "2007-03-31": "347.60000", "2006-12-31": "347.40000", "2006-09-30": "347.00000", "2006-06-30": "344.60000", "2006-03-31": "346.20000", "2005-12-31": "348.70000", "2005-09-30": "350.70000", "2005-06-30": "354.10000", "2005-03-31": "352.00000"}, "Other Non-Current Liabilities": {"2020-12-31": "133.00000", "2020-09-30": "134.80000", "2020-06-30": "127.00000", "2020-03-31": "123.90000", "2019-12-31": "125.30000", "2019-09-30": "70.50000", "2019-06-30": "74.70000", "2019-03-31": "73.20000", "2018-12-31": "75.10000", "2018-09-30": "40.40000", "2018-06-30": "62.90000", "2018-03-31": "59.50000", "2017-12-31": "63.70000", "2017-09-30": "39.70000", "2017-06-30": "38.90000", "2017-03-31": "38.80000", "2016-12-31": "38.70000", "2016-09-30": "39.00000", "2016-06-30": "40.00000", "2016-03-31": "42.00000", "2015-12-31": "44.60000", "2015-09-30": "47.30000", "2015-06-30": "32.40000", "2015-03-31": "30.20000", "2014-12-31": "31.10000", "2014-09-30": "30.50000", "2014-06-30": "30.60000", "2014-03-31": "31.80000", "2013-12-31": "36.50000", "2013-09-30": "37.30000", "2013-06-30": "39.10000", "2013-03-31": "38.20000", "2012-12-31": "41.90000", "2012-09-30": "41.70000", "2012-06-30": "42.30000", "2012-03-31": "43.40000", "2011-12-31": "47.60000", "2011-09-30": "49.00000", "2011-06-30": "55.70000", "2011-03-31": "57.80000", "2010-12-31": "57.20000", "2010-09-30": "52.30000", "2010-06-30": "56.20000", "2010-03-31": "56.40000", "2009-12-31": "64.40000", "2009-09-30": "61.80000", "2009-06-30": "61.60000", "2009-03-31": "57.10000", "2008-12-31": "56.10000", "2008-09-30": "55.50000", "2008-06-30": "58.70000", "2008-03-31": "61.60000", "2007-12-31": "84.20000", "2007-09-30": "54.80000", "2007-06-30": "87.60000", "2007-03-31": "88.00000", "2006-12-31": "91.30000", "2006-09-30": "52.50000", "2006-06-30": "83.20000", "2006-03-31": "87.70000", "2005-12-31": "102.30000", "2005-09-30": "100.70000", "2005-06-30": "102.60000", "2005-03-31": "116.60000"}, "Total Long Term Liabilities": {"2020-12-31": "1980.20000", "2020-09-30": "1992.80000", "2020-06-30": "2127.70000", "2020-03-31": "2212.80000", "2019-12-31": "2111.40000", "2019-09-30": "2077.40000", "2019-06-30": "2136.40000", "2019-03-31": "2071.50000", "2018-12-31": "2130.60000", "2018-09-30": "2081.40000", "2018-06-30": "2185.60000", "2018-03-31": "2343.80000", "2017-12-31": "2359.10000", "2017-09-30": "2504.40000", "2017-06-30": "2560.20000", "2017-03-31": "2596.50000", "2016-12-31": "2333.70000", "2016-09-30": "2364.20000", "2016-06-30": "2534.60000", "2016-03-31": "2573.50000", "2015-12-31": "2632.00000", "2015-09-30": "2721.90000", "2015-06-30": "579.80000", "2015-03-31": "582.20000", "2014-12-31": "594.29990", "2014-09-30": "502.50000", "2014-06-30": "347.10000", "2014-03-31": "357.90000", "2013-12-31": "373.00000", "2013-09-30": "382.70000", "2013-06-30": "405.60000", "2013-03-31": "412.00000", "2012-12-31": "422.40000", "2012-09-30": "436.90000", "2012-06-30": "217.20000", "2012-03-31": "225.20000", "2011-12-31": "217.50000", "2011-09-30": "223.40000", "2011-06-30": "197.50000", "2011-03-31": "195.10000", "2010-12-31": "191.80000", "2010-09-30": "249.40000", "2010-06-30": "265.00000", "2010-03-31": "271.10000", "2009-12-31": "286.40000", "2009-09-30": "279.00000", "2009-06-30": "241.70000", "2009-03-31": "236.10000", "2008-12-31": "216.20000", "2008-09-30": "212.60000", "2008-06-30": "229.20000", "2008-03-31": "258.00000", "2007-12-31": "526.50000", "2007-09-30": "499.60000", "2007-06-30": "489.60000", "2007-03-31": "496.40000", "2006-12-31": "500.20000", "2006-09-30": "495.30000", "2006-06-30": "472.90000", "2006-03-31": "482.90000", "2005-12-31": "602.00000", "2005-09-30": "590.70000", "2005-06-30": "598.20000", "2005-03-31": "608.10000"}, "Total Liabilities": {"2020-12-31": "2880.40000", "2020-09-30": "2945.00000", "2020-06-30": "3068.80000", "2020-03-31": "3098.20000", "2019-12-31": "2899.70000", "2019-09-30": "3345.70000", "2019-06-30": "2950.60000", "2019-03-31": "2768.80000", "2018-12-31": "2798.80000", "2018-09-30": "2743.80000", "2018-06-30": "2956.50000", "2018-03-31": "2994.30000", "2017-12-31": "2996.40000", "2017-09-30": "3163.10000", "2017-06-30": "3192.90000", "2017-03-31": "3220.70000", "2016-12-31": "2949.00000", "2016-09-30": "3026.50000", "2016-06-30": "3038.80000", "2016-03-31": "3065.10000", "2015-12-31": "3125.40000", "2015-09-30": "3300.70000", "2015-06-30": "988.30000", "2015-03-31": "983.90000", "2014-12-31": "993.90000", "2014-09-30": "944.80000", "2014-06-30": "656.30000", "2014-03-31": "716.00000", "2013-12-31": "689.00000", "2013-09-30": "728.10000", "2013-06-30": "748.00000", "2013-03-31": "761.50000", "2012-12-31": "794.10000", "2012-09-30": "815.00000", "2012-06-30": "489.40000", "2012-03-31": "492.70000", "2011-12-31": "454.10000", "2011-09-30": "557.40000", "2011-06-30": "548.50000", "2011-03-31": "520.00000", "2010-12-31": "494.80000", "2010-09-30": "538.10000", "2010-06-30": "556.60000", "2010-03-31": "571.40000", "2009-12-31": "570.90000", "2009-09-30": "623.30000", "2009-06-30": "567.00000", "2009-03-31": "591.70000", "2008-12-31": "563.20000", "2008-09-30": "607.30000", "2008-06-30": "521.90000", "2008-03-31": "584.00000", "2007-12-31": "858.40000", "2007-09-30": "839.20000", "2007-06-30": "812.80000", "2007-03-31": "817.30000", "2006-12-31": "832.20000", "2006-09-30": "820.50000", "2006-06-30": "1117.10000", "2006-03-31": "1092.10000", "2005-12-31": "1264.00000", "2005-09-30": "1259.70000", "2005-06-30": "872.70000", "2005-03-31": "917.60000"}, "Common Stock Net": {"2020-12-31": "4.40000", "2020-09-30": "4.40000", "2020-06-30": "4.40000", "2020-03-31": "4.40000", "2019-12-31": "4.40000", "2019-09-30": "4.40000", "2019-06-30": "4.40000", "2019-03-31": "4.40000", "2018-12-31": "4.40000", "2018-09-30": "4.40000", "2018-06-30": "4.40000", "2018-03-31": "4.40000", "2017-12-31": "4.40000", "2017-09-30": "4.40000", "2017-06-30": "4.40000", "2017-03-31": "4.40000", "2016-12-31": "4.40000", "2016-09-30": "4.40000", "2016-06-30": "4.40000", "2016-03-31": "4.40000", "2015-12-31": "4.40000", "2015-09-30": "4.40000", "2015-06-30": "4.40000", "2015-03-31": "4.40000", "2014-12-31": "4.40000", "2014-09-30": "4.40000", "2014-06-30": "4.40000", "2014-03-31": "4.40000", "2013-12-31": "4.40000", "2013-09-30": "4.40000", "2013-06-30": "4.40000", "2013-03-31": "4.40000", "2012-12-31": "4.40000", "2012-09-30": "4.40000", "2012-06-30": "4.40000", "2012-03-31": "4.40000", "2011-12-31": "4.40000", "2011-09-30": "4.40000", "2011-06-30": "4.40000", "2011-03-31": "4.40000", "2010-12-31": "4.40000", "2010-09-30": "4.40000", "2010-06-30": "4.40000", "2010-03-31": "4.40000", "2009-12-31": "4.40000", "2009-09-30": "4.40000", "2009-06-30": "4.40000", "2009-03-31": "4.40000", "2008-12-31": "4.40000", "2008-09-30": "4.40000", "2008-06-30": "4.40000", "2008-03-31": "4.40000", "2007-12-31": "4.40000", "2007-09-30": "4.40000", "2007-06-30": "4.40000", "2007-03-31": "4.40000", "2006-12-31": "4.40000", "2006-09-30": "4.40000", "2006-06-30": "4.40000", "2006-03-31": "4.40000", "2005-12-31": "4.40000", "2005-09-30": "4.40000", "2005-06-30": "4.40000", "2005-03-31": "4.40000"}, "Retained Earnings (Accumulated Deficit)": {"2020-12-31": "2174.10000", "2020-09-30": "2132.20000", "2020-06-30": "2104.60000", "2020-03-31": "2025.20000", "2019-12-31": "1993.10000", "2019-09-30": "1967.40000", "2019-06-30": "1953.70000", "2019-03-31": "1935.20000", "2018-12-31": "1899.90000", "2018-09-30": "1876.20000", "2018-06-30": "1799.40000", "2018-03-31": "1767.60000", "2017-12-31": "1752.50000", "2017-09-30": "1676.20000", "2017-06-30": "1618.70000", "2017-03-31": "1624.70000", "2016-12-31": "1602.30000", "2016-09-30": "1589.70000", "2016-06-30": "1549.30000", "2016-03-31": "1515.20000", "2015-12-31": "1504.20000", "2015-09-30": "1509.90000", "2015-06-30": "1530.10000", "2015-03-31": "1520.20000", "2014-12-31": "1503.20000", "2014-09-30": "1499.80000", "2014-06-30": "1484.10000", "2014-03-31": "1466.80000", "2013-12-31": "1479.00000", "2013-09-30": "1473.80000", "2013-06-30": "1446.60000", "2013-03-31": "1431.40000", "2012-12-31": "1416.70000", "2012-09-30": "1400.30000", "2012-06-30": "1368.80000", "2012-03-31": "1353.20000", "2011-12-31": "1335.70000", "2011-09-30": "1309.80000", "2011-06-30": "1253.30000", "2011-03-31": "1258.90000", "2010-12-31": "1232.30000", "2010-09-30": "1203.60000", "2010-06-30": "1159.30000", "2010-03-31": "1135.50000", "2009-12-31": "1118.40000", "2009-09-30": "1105.20000", "2009-06-30": "1085.30000", "2009-03-31": "1071.50000", "2008-12-31": "1543.80000", "2008-09-30": "1536.10000", "2008-06-30": "1519.50000", "2008-03-31": "1505.60000", "2007-12-31": "1770.10000", "2007-09-30": "1753.40000", "2007-06-30": "1736.40000", "2007-03-31": "1718.40000", "2006-12-31": "1681.20000", "2006-09-30": "1646.80000", "2006-06-30": "1597.00000", "2006-03-31": "1563.40000", "2005-12-31": "1526.30000", "2005-09-30": "1495.40000", "2005-06-30": "1658.30000", "2005-03-31": "1637.40000"}, "Comprehensive Income": {"2020-12-31": "-143.30000", "2020-09-30": "-180.20000", "2020-06-30": "-212.20000", "2020-03-31": "-223.60000", "2019-12-31": "-161.30000", "2019-09-30": "-182.50000", "2019-06-30": "-145.20000", "2019-03-31": "-140.30000", "2018-12-31": "-135.30000", "2018-09-30": "-113.00000", "2018-06-30": "-115.20000", "2018-03-31": "-74.50000", "2017-12-31": "-99.70000", "2017-09-30": "-110.00000", "2017-06-30": "-146.20000", "2017-03-31": "-182.50000", "2016-12-31": "-197.10000", "2016-09-30": "-169.10000", "2016-06-30": "-161.30000", "2016-03-31": "-138.80000", "2015-12-31": "-150.20000", "2015-09-30": "-140.80000", "2015-06-30": "-123.20000", "2015-03-31": "-143.50000", "2014-12-31": "-96.20000", "2014-09-30": "-74.10000", "2014-06-30": "-27.60000", "2014-03-31": "-28.80000", "2013-12-31": "-29.20000", "2013-09-30": "-35.70000", "2013-06-30": "-82.10000", "2013-03-31": "-81.90000", "2012-12-31": "-72.30000", "2012-09-30": "-78.00000", "2012-06-30": "-85.60000", "2012-03-31": "-76.40000", "2011-12-31": "-82.40000", "2011-09-30": "-79.00000", "2011-06-30": "-51.20000", "2011-03-31": "-52.80000", "2010-12-31": "-61.60000", "2010-09-30": "-61.80000", "2010-06-30": "-72.90000", "2010-03-31": "-63.90000", "2009-12-31": "-62.90000", "2009-09-30": "-59.90000", "2009-06-30": "-42.80000", "2009-03-31": "-47.30000", "2008-12-31": "-34.40000", "2008-09-30": "-4.20000", "2008-06-30": "11.40000", "2008-03-31": "10.10000", "2007-12-31": "2.60000", "2007-09-30": "2.30000", "2007-06-30": "1.90000", "2007-03-31": "-0.20000", "2006-12-31": "-0.20000", "2006-09-30": "-0.30000", "2006-06-30": "-5.10000", "2006-03-31": "-6.90000", "2005-12-31": "-1.40000", "2005-09-30": "0.50000", "2005-06-30": "2.50000", "2005-03-31": "7.10000"}, "Other Share Holders Equity": {"2020-12-31": "", "2020-09-30": "", "2020-06-30": "", "2020-03-31": "", "2019-12-31": "", "2019-09-30": "", "2019-06-30": "", "2019-03-31": "", "2018-12-31": "", "2018-09-30": "", "2018-06-30": "", "2018-03-31": "", "2017-12-31": "", "2017-09-30": "", "2017-06-30": "", "2017-03-31": "", "2016-12-31": "", "2016-09-30": "", "2016-06-30": "", "2016-03-31": "", "2015-12-31": "", "2015-09-30": "", "2015-06-30": "", "2015-03-31": "", "2014-12-31": "", "2014-09-30": "", "2014-06-30": "", "2014-03-31": "", "2013-12-31": "", "2013-09-30": "", "2013-06-30": "", "2013-03-31": "", "2012-12-31": "", "2012-09-30": "", "2012-06-30": "", "2012-03-31": "", "2011-12-31": "", "2011-09-30": "", "2011-06-30": "", "2011-03-31": "", "2010-12-31": "", "2010-09-30": "", "2010-06-30": "", "2010-03-31": "", "2009-12-31": "", "2009-09-30": "", "2009-06-30": "", "2009-03-31": "", "2008-12-31": "", "2008-09-30": "", "2008-06-30": "", "2008-03-31": "", "2007-12-31": "", "2007-09-30": "", "2007-06-30": "", "2007-03-31": "", "2006-12-31": "", "2006-09-30": "", "2006-06-30": "", "2006-03-31": "", "2005-12-31": "", "2005-09-30": "", "2005-06-30": "", "2005-03-31": ""}, "Share Holder Equity": {"2020-12-31": "1763.10000", "2020-09-30": "1726.10000", "2020-06-30": "1652.40000", "2020-03-31": "1548.90000", "2019-12-31": "1619.00000", "2019-09-30": "1573.30000", "2019-06-30": "1624.70000", "2019-03-31": "1598.80000", "2018-12-31": "1551.50000", "2018-09-30": "1616.20000", "2018-06-30": "1508.90000", "2018-03-31": "1510.40000", "2017-12-31": "1464.10000", "2017-09-30": "1365.60000", "2017-06-30": "1291.20000", "2017-03-31": "1252.70000", "2016-12-31": "1195.40000", "2016-09-30": "1235.90000", "2016-06-30": "1197.70000", "2016-03-31": "1177.50000", "2015-12-31": "1146.20000", "2015-09-30": "1156.90000", "2015-06-30": "769.20000", "2015-03-31": "722.30000", "2014-12-31": "742.30000", "2014-09-30": "806.50000", "2014-06-30": "830.60000", "2014-03-31": "804.30000", "2013-12-31": "838.40000", "2013-09-30": "858.70000", "2013-06-30": "804.90000", "2013-03-31": "810.30000", "2012-12-31": "820.90000", "2012-09-30": "812.60000", "2012-06-30": "811.00000", "2012-03-31": "798.80000", "2011-12-31": "768.70000", "2011-09-30": "741.70000", "2011-06-30": "753.30000", "2011-03-31": "760.80000", "2010-12-31": "728.80000", "2010-09-30": "707.50000", "2010-06-30": "676.60000", "2010-03-31": "648.60000", "2009-12-31": "625.70000", "2009-09-30": "609.30000", "2009-06-30": "602.30000", "2009-03-31": "580.00000", "2008-12-31": "1062.20000", "2008-09-30": "1082.60000", "2008-06-30": "1077.60000", "2008-03-31": "1052.90000", "2007-12-31": "1306.60000", "2007-09-30": "1277.80000", "2007-06-30": "1255.10000", "2007-03-31": "1217.30000", "2006-12-31": "1170.60000", "2006-09-30": "1131.70000", "2006-06-30": "1073.10000", "2006-03-31": "1036.00000", "2005-12-31": "1000.20000", "2005-09-30": "969.50000", "2005-06-30": "1119.50000", "2005-03-31": "1137.00000"}, "Total Liabilities And Share Holders Equity": {"2020-12-31": "4643.50000", "2020-09-30": "4671.10000", "2020-06-30": "4721.20000", "2020-03-31": "4647.10000", "2019-12-31": "4518.70000", "2019-09-30": "4919.00000", "2019-06-30": "4575.30000", "2019-03-31": "4367.60000", "2018-12-31": "4350.30000", "2018-09-30": "4360.00000", "2018-06-30": "4465.40000", "2018-03-31": "4504.70000", "2017-12-31": "4460.50000", "2017-09-30": "4528.70000", "2017-06-30": "4484.10000", "2017-03-31": "4473.40000", "2016-12-31": "4144.40000", "2016-09-30": "4262.40000", "2016-06-30": "4236.50000", "2016-03-31": "4242.60000", "2015-12-31": "4271.60000", "2015-09-30": "4457.60000", "2015-06-30": "1757.50000", "2015-03-31": "1706.20000", "2014-12-31": "1736.20000", "2014-09-30": "1751.30000", "2014-06-30": "1486.90000", "2014-03-31": "1520.30000", "2013-12-31": "1527.40000", "2013-09-30": "1586.80000", "2013-06-30": "1552.90000", "2013-03-31": "1571.80000", "2012-12-31": "1615.00000", "2012-09-30": "1627.60000", "2012-06-30": "1300.40000", "2012-03-31": "1291.50000", "2011-12-31": "1222.80000", "2011-09-30": "1299.10000", "2011-06-30": "1301.80000", "2011-03-31": "1280.80000", "2010-12-31": "1223.60000", "2010-09-30": "1245.60000", "2010-06-30": "1233.20000", "2010-03-31": "1220.00000", "2009-12-31": "1196.60000", "2009-09-30": "1232.60000", "2009-06-30": "1169.30000", "2009-03-31": "1171.70000", "2008-12-31": "1625.40000", "2008-09-30": "1689.90000", "2008-06-30": "1599.50000", "2008-03-31": "1636.90000", "2007-12-31": "2165.00000", "2007-09-30": "2117.00000", "2007-06-30": "2067.90000", "2007-03-31": "2034.60000", "2006-12-31": "2002.80000", "2006-09-30": "1952.20000", "2006-06-30": "2190.20000", "2006-03-31": "2128.10000", "2005-12-31": "2264.20000", "2005-09-30": "2229.20000", "2005-06-30": "1992.20000", "2005-03-31": "2054.60000"}}, "cash flow statement": {"Net Income/Loss": {"2020-09-30": "223.00000", "2019-09-30": "152.20000", "2018-09-30": "252.40000", "2017-09-30": "132.30000", "2016-09-30": "122.80000", "2015-09-30": "46.80000", "2014-09-30": "60.60000", "2013-09-30": "105.00000", "2012-09-30": "120.80000", "2011-09-30": "133.50000", "2010-09-30": "126.00000", "2009-09-30": "-405.00000", "2008-09-30": "115.80000", "2007-09-30": "190.60000", "2006-09-30": "221.20000", "2005-09-30": "-94.10000"}, "Total Depreciation And Amortization - Cash Flow": {"2020-09-30": "182.80000", "2019-09-30": "201.90000", "2018-09-30": "203.90000", "2017-09-30": "210.80000", "2016-09-30": "209.00000", "2015-09-30": "118.20000", "2014-09-30": "106.40000", "2013-09-30": "116.80000", "2012-09-30": "111.70000", "2011-09-30": "103.90000", "2010-09-30": "99.70000", "2009-09-30": "573.00000", "2008-09-30": "112.80000", "2007-09-30": "92.30000", "2006-09-30": "94.40000", "2005-09-30": "100.10000"}, "Other Non-Cash Items": {"2020-09-30": "37.70000", "2019-09-30": "22.00000", "2018-09-30": "-54.00000", "2017-09-30": "24.10000", "2016-09-30": "-8.40000", "2015-09-30": "9.20000", "2014-09-30": "29.40000", "2013-09-30": "-0.10000", "2012-09-30": "-13.90000", "2011-09-30": "-19.70000", "2010-09-30": "-41.20000", "2009-09-30": "-2.30000", "2008-09-30": "21.50000", "2007-09-30": "-17.70000", "2006-09-30": "103.10000", "2005-09-30": "234.60000"}, "Total Non-Cash Items": {"2020-09-30": "220.50000", "2019-09-30": "223.90000", "2018-09-30": "149.90000", "2017-09-30": "234.90000", "2016-09-30": "200.60000", "2015-09-30": "127.40000", "2014-09-30": "135.80000", "2013-09-30": "116.70000", "2012-09-30": "97.80000", "2011-09-30": "84.20000", "2010-09-30": "58.50000", "2009-09-30": "570.70000", "2008-09-30": "134.30000", "2007-09-30": "74.60000", "2006-09-30": "197.50000", "2005-09-30": "334.70000"}, "Change In Accounts Receivable": {"2020-09-30": "71.30000", "2019-09-30": "-62.30000", "2018-09-30": "-7.70000", "2017-09-30": "-45.80000", "2016-09-30": "-15.80000", "2015-09-30": "-39.70000", "2014-09-30": "17.10000", "2013-09-30": "30.80000", "2012-09-30": "20.10000", "2011-09-30": "-24.70000", "2010-09-30": "-7.00000", "2009-09-30": "61.20000", "2008-09-30": "-2.80000", "2007-09-30": "6.20000", "2006-09-30": "-46.60000", "2005-09-30": "-31.40000"}, "Change In Inventories": {"2020-09-30": "-91.80000", "2019-09-30": "-0.90000", "2018-09-30": "-18.70000", "2017-09-30": "-22.20000", "2016-09-30": "21.30000", "2015-09-30": "11.00000", "2014-09-30": "9.10000", "2013-09-30": "8.40000", "2012-09-30": "4.40000", "2011-09-30": "14.70000", "2010-09-30": "-16.20000", "2009-09-30": "23.70000", "2008-09-30": "5.20000", "2007-09-30": "-21.90000", "2006-09-30": "-5.20000", "2005-09-30": "-2.60000"}, "Change In Accounts Payable": {"2020-09-30": "24.00000", "2019-09-30": "13.20000", "2018-09-30": "12.50000", "2017-09-30": "21.60000", "2016-09-30": "-0.50000", "2015-09-30": "0.70000", "2014-09-30": "7.00000", "2013-09-30": "0.10000", "2012-09-30": "0.30000", "2011-09-30": "-18.00000", "2010-09-30": "-2.40000", "2009-09-30": "-23.90000", "2008-09-30": "15.10000", "2007-09-30": "8.70000", "2006-09-30": "-6.60000", "2005-09-30": "4.30000"}, "Change In Assets/Liabilities": {"2020-09-30": "19.30000", "2019-09-30": "46.50000", "2018-09-30": "8.40000", "2017-09-30": "22.60000", "2016-09-30": "25.80000", "2015-09-30": "13.80000", "2014-09-30": "-6.80000", "2013-09-30": "2.40000", "2012-09-30": "24.40000", "2011-09-30": "22.80000", "2010-09-30": "-31.60000", "2009-09-30": "19.20000", "2008-09-30": "5.50000", "2007-09-30": "23.00000", "2006-09-30": "3.20000", "2005-09-30": "9.30000"}, "Total Change In Assets/Liabilities": {"2020-09-30": "38.20000", "2019-09-30": "25.30000", "2018-09-30": "-7.10000", "2017-09-30": "-56.10000", "2016-09-30": "-42.20000", "2015-09-30": "39.60000", "2014-09-30": "13.90000", "2013-09-30": "41.50000", "2012-09-30": "43.10000", "2011-09-30": "4.80000", "2010-09-30": "-44.70000", "2009-09-30": "60.00000", "2008-09-30": "20.40000", "2007-09-30": "20.10000", "2006-09-30": "-389.60000", "2005-09-30": "-0.90000"}, "Cash Flow From Operating Activities": {"2020-09-30": "481.70000", "2019-09-30": "401.40000", "2018-09-30": "395.20000", "2017-09-30": "311.10000", "2016-09-30": "281.20000", "2015-09-30": "213.80000", "2014-09-30": "210.30000", "2013-09-30": "263.20000", "2012-09-30": "261.70000", "2011-09-30": "222.50000", "2010-09-30": "139.80000", "2009-09-30": "225.70000", "2008-09-30": "270.50000", "2007-09-30": "285.30000", "2006-09-30": "29.10000", "2005-09-30": "239.70000"}, "Net Change In Property, Plant, And Equipment": {"2020-09-30": "-103.40000", "2019-09-30": "-70.50000", "2018-09-30": "-85.30000", "2017-09-30": "-82.40000", "2016-09-30": "-81.10000", "2015-09-30": "-119.80000", "2014-09-30": "-60.30000", "2013-09-30": "-59.40000", "2012-09-30": "-67.20000", "2011-09-30": "-63.00000", "2010-09-30": "-62.20000", "2009-09-30": "-49.10000", "2008-09-30": "-102.00000", "2007-09-30": "-133.50000", "2006-09-30": "-85.30000", "2005-09-30": "-121.20000"}, "Net Change In Intangible Assets": {"2020-09-30": "", "2019-09-30": "-17.10000", "2018-09-30": "", "2017-09-30": "", "2016-09-30": "", "2015-09-30": "", "2014-09-30": "", "2013-09-30": "", "2012-09-30": "", "2011-09-30": "", "2010-09-30": "", "2009-09-30": "", "2008-09-30": "", "2007-09-30": "", "2006-09-30": "", "2005-09-30": "0.00000"}, "Net Acquisitions/Divestitures": {"2020-09-30": "-27.60000", "2019-09-30": "-163.40000", "2018-09-30": "1.00000", "2017-09-30": "-305.60000", "2016-09-30": "-15.00000", "2015-09-30": "-1638.70000", "2014-09-30": "-234.90000", "2013-09-30": "0.80000", "2012-09-30": "-476.80000", "2011-09-30": "-15.50000", "2010-09-30": "-7.30000", "2009-09-30": "-187.20000", "2008-09-30": "", "2007-09-30": "-21.20000", "2006-09-30": "5.50000", "2005-09-30": "-9.50000"}, "Net Change In Short-term Investments": {"2020-09-30": "", "2019-09-30": "", "2018-09-30": "", "2017-09-30": "", "2016-09-30": "", "2015-09-30": "", "2014-09-30": "", "2013-09-30": "", "2012-09-30": "", "2011-09-30": "", "2010-09-30": "", "2009-09-30": "", "2008-09-30": "", "2007-09-30": "6.50000", "2006-09-30": "", "2005-09-30": ""}, "Net Change In Long-Term Investments": {"2020-09-30": "", "2019-09-30": "", "2018-09-30": "", "2017-09-30": "", "2016-09-30": "", "2015-09-30": "", "2014-09-30": "", "2013-09-30": "", "2012-09-30": "", "2011-09-30": "0.50000", "2010-09-30": "31.30000", "2009-09-30": "2.10000", "2008-09-30": "45.70000", "2007-09-30": "-93.00000", "2006-09-30": "111.60000", "2005-09-30": "-44.50000"}, "Net Change In Investments - Total": {"2020-09-30": "", "2019-09-30": "", "2018-09-30": "", "2017-09-30": "", "2016-09-30": "", "2015-09-30": "", "2014-09-30": "", "2013-09-30": "", "2012-09-30": "", "2011-09-30": "0.50000", "2010-09-30": "31.30000", "2009-09-30": "2.10000", "2008-09-30": "45.70000", "2007-09-30": "-86.50000", "2006-09-30": "111.60000", "2005-09-30": "-44.50000"}, "Investing Activities - Other": {"2020-09-30": "-0.20000", "2019-09-30": "2.00000", "2018-09-30": "1.90000", "2017-09-30": "-1.40000", "2016-09-30": "-1.60000", "2015-09-30": "2.10000", "2014-09-30": "0.70000", "2013-09-30": "", "2012-09-30": "4.50000", "2011-09-30": "", "2010-09-30": "", "2009-09-30": "", "2008-09-30": "", "2007-09-30": "", "2006-09-30": "", "2005-09-30": ""}, "Cash Flow From Investing Activities": {"2020-09-30": "-131.20000", "2019-09-30": "-249.00000", "2018-09-30": "-82.40000", "2017-09-30": "-389.40000", "2016-09-30": "-97.70000", "2015-09-30": "-1756.40000", "2014-09-30": "-294.50000", "2013-09-30": "-58.60000", "2012-09-30": "-539.50000", "2011-09-30": "-78.00000", "2010-09-30": "-38.20000", "2009-09-30": "-234.20000", "2008-09-30": "-56.30000", "2007-09-30": "-241.20000", "2006-09-30": "31.80000", "2005-09-30": "-175.20000"}, "Net Long-Term Debt": {"2020-09-30": "-503.70000", "2019-09-30": "392.70010", "2018-09-30": "-246.70000", "2017-09-30": "305.90000", "2016-09-30": "-237.50000", "2015-09-30": "1817.50000", "2014-09-30": "-37.40000", "2013-09-30": "-10.10000", "2012-09-30": "150.00000", "2011-09-30": "", "2010-09-30": "", "2009-09-30": "-25.70000", "2008-09-30": "-225.30000", "2007-09-30": "", "2006-09-30": "10.80000", "2005-09-30": ""}, "Net Current Debt": {"2020-09-30": "-80.00000", "2019-09-30": "80.00000", "2018-09-30": "-90.00000", "2017-09-30": "-145.80000", "2016-09-30": "136.90000", "2015-09-30": "-40.70000", "2014-09-30": "194.80000", "2013-09-30": "-35.00000", "2012-09-30": "52.20000", "2011-09-30": "-0.60000", "2010-09-30": "-49.10000", "2009-09-30": "5.20000", "2008-09-30": "335.90000", "2007-09-30": "-2.10000", "2006-09-30": "-6.00000", "2005-09-30": "-4.90000"}, "Debt Issuance/Retirement Net - Total": {"2020-09-30": "-583.70000", "2019-09-30": "472.70010", "2018-09-30": "-336.70000", "2017-09-30": "160.10000", "2016-09-30": "-100.60000", "2015-09-30": "1776.80000", "2014-09-30": "157.40000", "2013-09-30": "-45.10000", "2012-09-30": "202.20000", "2011-09-30": "-0.60000", "2010-09-30": "-49.10000", "2009-09-30": "-20.50000", "2008-09-30": "110.60000", "2007-09-30": "-2.10000", "2006-09-30": "4.80000", "2005-09-30": "-4.90000"}, "Net Common Equity Issued/Repurchased": {"2020-09-30": "-62.00000", "2019-09-30": "-107.40000", "2018-09-30": "25.90000", "2017-09-30": "-37.80000", "2016-09-30": "1.60000", "2015-09-30": "-48.40000", "2014-09-30": "-57.80000", "2013-09-30": "-83.90000", "2012-09-30": "-33.60000", "2011-09-30": "-69.30000", "2010-09-30": "-11.40000", "2009-09-30": "0.80000", "2008-09-30": "15.10000", "2007-09-30": "24.60000", "2006-09-30": "4.50000", "2005-09-30": "-52.70000"}, "Net Total Equity Issued/Repurchased": {"2020-09-30": "-62.00000", "2019-09-30": "-107.40000", "2018-09-30": "25.90000", "2017-09-30": "-37.80000", "2016-09-30": "1.60000", "2015-09-30": "-48.40000", "2014-09-30": "-57.80000", "2013-09-30": "-83.90000", "2012-09-30": "-33.60000", "2011-09-30": "-69.30000", "2010-09-30": "-11.40000", "2009-09-30": "0.80000", "2008-09-30": "15.10000", "2007-09-30": "24.60000", "2006-09-30": "4.50000", "2005-09-30": "-52.70000"}, "Total Common And Preferred Stock Dividends Paid": {"2020-09-30": "-58.00000", "2019-09-30": "-55.40000", "2018-09-30": "-51.80000", "2017-09-30": "-46.60000", "2016-09-30": "-43.80000", "2015-09-30": "-37.10000", "2014-09-30": "-34.20000", "2013-09-30": "-31.20000", "2012-09-30": "-30.10000", "2011-09-30": "-27.00000", "2010-09-30": "-25.80000", "2009-09-30": "-25.60000", "2008-09-30": "-48.20000", "2007-09-30": "-70.30000", "2006-09-30": "-69.80000", "2005-09-30": "-69.40000"}, "Financial Activities - Other": {"2020-09-30": "8.70000", "2019-09-30": "-5.20000", "2018-09-30": "6.00000", "2017-09-30": "-5.10000", "2016-09-30": "0.90000", "2015-09-30": "-48.60000", "2014-09-30": "-1.60000", "2013-09-30": "-1.30000", "2012-09-30": "-2.90000", "2011-09-30": "-5.00000", "2010-09-30": "-1.10000", "2009-09-30": "", "2008-09-30": "-141.30000", "2007-09-30": "0.60000", "2006-09-30": "4.10000", "2005-09-30": "12.10000"}, "Cash Flow From Financial Activities": {"2020-09-30": "-695.00000", "2019-09-30": "304.70000", "2018-09-30": "-356.60000", "2017-09-30": "70.60000", "2016-09-30": "-141.90000", "2015-09-30": "1642.70000", "2014-09-30": "63.80000", "2013-09-30": "-161.50000", "2012-09-30": "135.60000", "2011-09-30": "-101.90000", "2010-09-30": "-87.40000", "2009-09-30": "-45.30000", "2008-09-30": "-63.80000", "2007-09-30": "-47.20000", "2006-09-30": "-56.40000", "2005-09-30": "-114.90000"}, "Net Cash Flow": {"2020-09-30": "-337.30000", "2019-09-30": "450.80000", "2018-09-30": "-48.80000", "2017-09-30": "-0.40000", "2016-09-30": "39.40000", "2015-09-30": "93.50000", "2014-09-30": "-28.10000", "2013-09-30": "43.10000", "2012-09-30": "-140.30000", "2011-09-30": "40.10000", "2010-09-30": "13.90000", "2009-09-30": "-51.10000", "2008-09-30": "140.20000", "2007-09-30": "-0.40000", "2006-09-30": "5.10000", "2005-09-30": "-50.90000"}, "Stock-Based Compensation": {"2020-09-30": "38.40000", "2019-09-30": "34.40000", "2018-09-30": "28.10000", "2017-09-30": "23.00000", "2016-09-30": "23.10000", "2015-09-30": "25.00000", "2014-09-30": "18.00000", "2013-09-30": "13.50000", "2012-09-30": "11.60000", "2011-09-30": "12.20000", "2010-09-30": "12.00000", "2009-09-30": "12.10000", "2008-09-30": "23.20000", "2007-09-30": "9.00000", "2006-09-30": "7.40000", "2005-09-30": ""}, "Common Stock Dividends Paid": {"2020-09-30": "-58.00000", "2019-09-30": "-55.40000", "2018-09-30": "-51.80000", "2017-09-30": "-46.60000", "2016-09-30": "-43.80000", "2015-09-30": "-37.10000", "2014-09-30": "-34.20000", "2013-09-30": "-31.20000", "2012-09-30": "-30.10000", "2011-09-30": "-27.00000", "2010-09-30": "-25.80000", "2009-09-30": "-25.60000", "2008-09-30": "-48.20000", "2007-09-30": "-70.30000", "2006-09-30": "-69.80000", "2005-09-30": "-69.40000"}}, "cash flow statement, quarterly": {"Net Income/Loss": {"2020-12-31": "58.80000", "2020-09-30": 42.4, "2020-06-30": 93.9, "2020-03-31": 46.9, "2019-12-31": "39.80000", "2019-09-30": 27.9, "2019-06-30": 32.6, "2019-03-31": 49.5, "2018-12-31": "42.20000", "2018-09-30": 90.4, "2018-06-30": 45.2, "2018-03-31": 28.5, "2017-12-31": "88.30000", "2017-09-30": 69.1, "2017-06-30": 5.7, "2017-03-31": 34, "2016-12-31": "23.50000", "2016-09-30": 51.4, "2016-06-30": 45, "2016-03-31": 22.1, "2015-12-31": "4.30000", "2015-09-30": -10.1, "2015-06-30": 18.7, "2015-03-31": 26.1, "2014-12-31": "12.10000", "2014-09-30": 24.6, "2014-06-30": 26.1, "2014-03-31": -3.3, "2013-12-31": "13.20000", "2013-09-30": 35.3, "2013-06-30": 23.4, "2013-03-31": 22.3, "2012-12-31": "24.00000", "2012-09-30": 39.2, "2012-06-30": 23.4, "2012-03-31": 25.3, "2011-12-31": "32.90000", "2011-09-30": 63.5, "2011-06-30": 1.5, "2011-03-31": 33.1, "2010-12-31": "35.40000", "2010-09-30": 50.8, "2010-06-30": 30.8, "2010-03-31": 24.5, "2009-12-31": "19.90000", "2009-09-30": 26.4, "2009-06-30": 20.2, "2009-03-31": -465.8, "2008-12-31": "14.20000", "2008-09-30": 24.3, "2008-06-30": 20.3, "2008-03-31": 26.4, "2007-12-31": "44.80000", "2007-09-30": 48.1, "2007-06-30": 35.7, "2007-03-31": 54.9, "2006-12-31": "51.90000", "2006-09-30": 67.3, "2006-06-30": 51.1, "2006-03-31": 54.5, "2005-12-31": "48.30000", "2005-09-30": -229.7, "2005-06-30": 38, "2005-03-31": 97.6}, "Total Depreciation And Amortization - Cash Flow": {"2020-12-31": "45.40000", "2020-09-30": 46.9, "2020-06-30": 45.9, "2020-03-31": 45.7, "2019-12-31": "44.30000", "2019-09-30": 60.1, "2019-06-30": 49.2, "2019-03-31": 47.2, "2018-12-31": "45.40000", "2018-09-30": 51.2, "2018-06-30": 50.2, "2018-03-31": 51.1, "2017-12-31": "51.40000", "2017-09-30": 54.8, "2017-06-30": 53.3, "2017-03-31": 51.4, "2016-12-31": "51.30000", "2016-09-30": 52.1, "2016-06-30": 53.5, "2016-03-31": 51.3, "2015-12-31": "52.10000", "2015-09-30": 33.4, "2015-06-30": 28.7, "2015-03-31": 27.8, "2014-12-31": "28.30000", "2014-09-30": 26.4, "2014-06-30": 25.6, "2014-03-31": 26.6, "2013-12-31": "27.80000", "2013-09-30": 28, "2013-06-30": 28.6, "2013-03-31": 29.1, "2012-12-31": "31.10000", "2012-09-30": 31, "2012-06-30": 27, "2012-03-31": 27.1, "2011-12-31": "26.60000", "2011-09-30": 25.8, "2011-06-30": 26.5, "2011-03-31": 26.2, "2010-12-31": "25.40000", "2010-09-30": 26, "2010-06-30": 24.2, "2010-03-31": 25.1, "2009-12-31": "24.40000", "2009-09-30": 23.9, "2009-06-30": 28.2, "2009-03-31": 494.8, "2008-12-31": "26.10000", "2008-09-30": 29.2, "2008-06-30": 25.4, "2008-03-31": 33.1, "2007-12-31": "25.10000", "2007-09-30": 22.7, "2007-06-30": 23.6, "2007-03-31": 23.3, "2006-12-31": "22.70000", "2006-09-30": 23.7, "2006-06-30": 23.4, "2006-03-31": 23.3, "2005-12-31": "24.00000", "2005-09-30": 23.7, "2005-06-30": 25.5, "2005-03-31": 50.9}, "Other Non-Cash Items": {"2020-12-31": "12.30000", "2020-09-30": 7.5, "2020-06-30": -9.6, "2020-03-31": 18.7, "2019-12-31": "21.10000", "2019-09-30": 4, "2019-06-30": 13.6, "2019-03-31": 2.6, "2018-12-31": "1.80000", "2018-09-30": -9.7, "2018-06-30": 7.3, "2018-03-31": 30.1, "2017-12-31": "-81.70000", "2017-09-30": 7.4, "2017-06-30": 23.1, "2017-03-31": -4.8, "2016-12-31": "-1.60000", "2016-09-30": -18.7, "2016-06-30": -17.1, "2016-03-31": 0.4, "2015-12-31": "27.00000", "2015-09-30": 9.2, "2015-06-30": -2.1, "2015-03-31": -1.6, "2014-12-31": "3.70000", "2014-09-30": 3.8, "2014-06-30": 1.7, "2014-03-31": 26.3, "2013-12-31": "-2.40000", "2013-09-30": 4.5, "2013-06-30": -2.8, "2013-03-31": -0.9, "2012-12-31": "-0.90000", "2012-09-30": -19.4, "2012-06-30": -3.8, "2012-03-31": 12.7, "2011-12-31": "-3.40000", "2011-09-30": -67.9, "2011-06-30": 45.9, "2011-03-31": 5, "2010-12-31": "-2.70000", "2010-09-30": -31.3, "2010-06-30": -4, "2010-03-31": -4.9, "2009-12-31": "-1.00000", "2009-09-30": -2, "2009-06-30": -5.2, "2009-03-31": 4.9, "2008-12-31": "0.00000", "2008-09-30": 0.3, "2008-06-30": 1.9, "2008-03-31": 16.3, "2007-12-31": "3.00000", "2007-09-30": -8.8, "2007-06-30": -4.8, "2007-03-31": -1, "2006-12-31": "-3.10000", "2006-09-30": 95.7, "2006-06-30": -9.4, "2006-03-31": 22.3, "2005-12-31": "-5.50000", "2005-09-30": 288.9, "2005-06-30": -72.7, "2005-03-31": 18.4}, "Total Non-Cash Items": {"2020-12-31": "57.70000", "2020-09-30": 54.4, "2020-06-30": 36.3, "2020-03-31": 64.4, "2019-12-31": "65.40000", "2019-09-30": 64.1, "2019-06-30": 62.8, "2019-03-31": 49.8, "2018-12-31": "47.20000", "2018-09-30": 41.5, "2018-06-30": 57.5, "2018-03-31": 81.2, "2017-12-31": "-30.30000", "2017-09-30": 62.2, "2017-06-30": 76.4, "2017-03-31": 46.6, "2016-12-31": "49.70000", "2016-09-30": 33.4, "2016-06-30": 36.4, "2016-03-31": 51.7, "2015-12-31": "79.10000", "2015-09-30": 42.6, "2015-06-30": 26.6, "2015-03-31": 26.2, "2014-12-31": "32.00000", "2014-09-30": 30.2, "2014-06-30": 27.3, "2014-03-31": 52.9, "2013-12-31": "25.40000", "2013-09-30": 32.5, "2013-06-30": 25.8, "2013-03-31": 28.2, "2012-12-31": "30.20000", "2012-09-30": 11.6, "2012-06-30": 23.2, "2012-03-31": 39.8, "2011-12-31": "23.20000", "2011-09-30": -42.1, "2011-06-30": 72.4, "2011-03-31": 31.2, "2010-12-31": "22.70000", "2010-09-30": -5.3, "2010-06-30": 20.2, "2010-03-31": 20.2, "2009-12-31": "23.40000", "2009-09-30": 21.9, "2009-06-30": 23, "2009-03-31": 499.7, "2008-12-31": "26.10000", "2008-09-30": 29.5, "2008-06-30": 27.3, "2008-03-31": 49.4, "2007-12-31": "28.10000", "2007-09-30": 13.9, "2007-06-30": 18.8, "2007-03-31": 22.3, "2006-12-31": "19.60000", "2006-09-30": 119.4, "2006-06-30": 14, "2006-03-31": 45.6, "2005-12-31": "18.50000", "2005-09-30": 312.6, "2005-06-30": -47.2, "2005-03-31": 69.3}, "Change In Accounts Receivable": {"2020-12-31": "6.20000", "2020-09-30": 59, "2020-06-30": 0.1, "2020-03-31": -62.6, "2019-12-31": "74.80000", "2019-09-30": -77.6, "2019-06-30": -8.7, "2019-03-31": -44.4, "2018-12-31": "68.40000", "2018-09-30": -28.2, "2018-06-30": -25.2, "2018-03-31": -23.9, "2017-12-31": "69.60000", "2017-09-30": -59.5, "2017-06-30": -11.7, "2017-03-31": -10.1, "2016-12-31": "35.50000", "2016-09-30": -49.3, "2016-06-30": 4.6, "2016-03-31": -2.7, "2015-12-31": "31.60000", "2015-09-30": -44.4, "2015-06-30": -17.9, "2015-03-31": -13.5, "2014-12-31": "36.10000", "2014-09-30": -12.7, "2014-06-30": 14, "2014-03-31": -19.7, "2013-12-31": "35.50000", "2013-09-30": -0.6, "2013-06-30": -1.9, "2013-03-31": 13.8, "2012-12-31": "19.50000", "2012-09-30": -25.9, "2012-06-30": 11.4, "2012-03-31": -0.2, "2011-12-31": "34.80000", "2011-09-30": -37.3, "2011-06-30": 25.1, "2011-03-31": -14.2, "2010-12-31": "1.70000", "2010-09-30": -26.2, "2010-06-30": 15.3, "2010-03-31": -0.3, "2009-12-31": "4.20000", "2009-09-30": -30, "2009-06-30": 12, "2009-03-31": 20.4, "2008-12-31": "58.80000", "2008-09-30": -2.8, "2008-06-30": 0, "2008-03-31": 0, "2007-12-31": "", "2007-09-30": 6.2, "2007-06-30": 0, "2007-03-31": 0, "2006-12-31": "", "2006-09-30": -46.6, "2006-06-30": 0, "2006-03-31": 0, "2005-12-31": "", "2005-09-30": -31.4, "2005-06-30": 0, "2005-03-31": 0}, "Change In Inventories": {"2020-12-31": "15.40000", "2020-09-30": -31.6, "2020-06-30": -58.5, "2020-03-31": 8.1, "2019-12-31": "-9.80000", "2019-09-30": 4, "2019-06-30": -3.4, "2019-03-31": 6.1, "2018-12-31": "-7.60000", "2018-09-30": 8.7, "2018-06-30": 1.6, "2018-03-31": -15.9, "2017-12-31": "-13.10000", "2017-09-30": -20.4, "2017-06-30": -4.7, "2017-03-31": 3.9, "2016-12-31": "-1.00000", "2016-09-30": 9.5, "2016-06-30": -0.2, "2016-03-31": -5.4, "2015-12-31": "17.40000", "2015-09-30": 14.4, "2015-06-30": 0.5, "2015-03-31": -8.2, "2014-12-31": "4.30000", "2014-09-30": 10.3, "2014-06-30": -2.1, "2014-03-31": 3.2, "2013-12-31": "-2.30000", "2013-09-30": 4.5, "2013-06-30": 7.7, "2013-03-31": -8, "2012-12-31": "4.20000", "2012-09-30": 5.8, "2012-06-30": -1, "2012-03-31": -2.2, "2011-12-31": "1.80000", "2011-09-30": 15.3, "2011-06-30": 6.7, "2011-03-31": -3, "2010-12-31": "-4.30000", "2010-09-30": -1.8, "2010-06-30": -1, "2010-03-31": -11.2, "2009-12-31": "-2.20000", "2009-09-30": 12.9, "2009-06-30": 15.3, "2009-03-31": 7.1, "2008-12-31": "-11.60000", "2008-09-30": 5.2, "2008-06-30": 0, "2008-03-31": 0, "2007-12-31": "", "2007-09-30": -21.9, "2007-06-30": 0, "2007-03-31": 0, "2006-12-31": "", "2006-09-30": -5.2, "2006-06-30": 0, "2006-03-31": 0, "2005-12-31": "", "2005-09-30": -2.6, "2005-06-30": 0, "2005-03-31": 0}, "Change In Accounts Payable": {"2020-12-31": "-35.70000", "2020-09-30": 7.5, "2020-06-30": 10.2, "2020-03-31": 15.3, "2019-12-31": "-9.00000", "2019-09-30": 22.2, "2019-06-30": -2.4, "2019-03-31": -0.7, "2018-12-31": "-5.90000", "2018-09-30": 15.1, "2018-06-30": 6.1, "2018-03-31": 9, "2017-12-31": "-17.70000", "2017-09-30": 20.6, "2017-06-30": 6.7, "2017-03-31": 1.9, "2016-12-31": "-7.60000", "2016-09-30": 14.8, "2016-06-30": -0.3, "2016-03-31": 8.8, "2015-12-31": "-23.80000", "2015-09-30": 18.8, "2015-06-30": -1.5, "2015-03-31": -0.6, "2014-12-31": "-16.00000", "2014-09-30": 16.4, "2014-06-30": 5.1, "2014-03-31": -4.9, "2013-12-31": "-9.60000", "2013-09-30": 15.2, "2013-06-30": -8.6, "2013-03-31": -4, "2012-12-31": "-2.50000", "2012-09-30": 12.1, "2012-06-30": -6.7, "2012-03-31": -3.4, "2011-12-31": "-1.70000", "2011-09-30": 2, "2011-06-30": -11.9, "2011-03-31": 4.7, "2010-12-31": "-12.80000", "2010-09-30": 9, "2010-06-30": -6.7, "2010-03-31": 6.7, "2009-12-31": "-11.40000", "2009-09-30": 16.2, "2009-06-30": -7.6, "2009-03-31": -8.3, "2008-12-31": "-24.20000", "2008-09-30": 15.1, "2008-06-30": 0, "2008-03-31": 0, "2007-12-31": "", "2007-09-30": 8.7, "2007-06-30": 0, "2007-03-31": 0, "2006-12-31": "", "2006-09-30": -6.6, "2006-06-30": 0, "2006-03-31": 0, "2005-12-31": "", "2005-09-30": 4.3, "2005-06-30": 0, "2005-03-31": 0}, "Change In Assets/Liabilities": {"2020-12-31": "13.90000", "2020-09-30": 11.7, "2020-06-30": 29, "2020-03-31": 2.6, "2019-12-31": "-24.00000", "2019-09-30": 45.2, "2019-06-30": -6.6, "2019-03-31": -6.6, "2018-12-31": "14.50000", "2018-09-30": 20.5, "2018-06-30": 2.2, "2018-03-31": -34.6, "2017-12-31": "20.30000", "2017-09-30": 1.8, "2017-06-30": 15.8, "2017-03-31": -12.1, "2016-12-31": "17.10000", "2016-09-30": 10, "2016-06-30": 8.5, "2016-03-31": 3.6, "2015-12-31": "3.70000", "2015-09-30": 14.6, "2015-06-30": 1.2, "2015-03-31": 4.9, "2014-12-31": "-6.90000", "2014-09-30": -3.3, "2014-06-30": -5.6, "2014-03-31": -4.6, "2013-12-31": "6.70000", "2013-09-30": 6.9, "2013-06-30": 7.4, "2013-03-31": -9.2, "2012-12-31": "-2.70000", "2012-09-30": 20.9, "2012-06-30": 6.3, "2012-03-31": -17.4, "2011-12-31": "14.60000", "2011-09-30": 11.3, "2011-06-30": -9.7, "2011-03-31": 9.4, "2010-12-31": "11.80000", "2010-09-30": -9.8, "2010-06-30": 4.7, "2010-03-31": -21.6, "2009-12-31": "-4.90000", "2009-09-30": 9.6, "2009-06-30": 6.2, "2009-03-31": 2.8, "2008-12-31": "0.60000", "2008-09-30": -25.4, "2008-06-30": -24.6, "2008-03-31": 8.3, "2007-12-31": "47.20000", "2007-09-30": 29.4, "2007-06-30": 5.7, "2007-03-31": -42.4, "2006-12-31": "30.30000", "2006-09-30": 49.5, "2006-06-30": 36.5, "2006-03-31": -70.3, "2005-12-31": "-12.50000", "2005-09-30": -11.4, "2005-06-30": 45.6, "2005-03-31": -24.9}, "Total Change In Assets/Liabilities": {"2020-12-31": "-16.30000", "2020-09-30": 70.1, "2020-06-30": 27.9, "2020-03-31": -31.6, "2019-12-31": "-28.20000", "2019-09-30": 8.3, "2019-06-30": 47.5, "2019-03-31": -57.1, "2018-12-31": "26.60000", "2018-09-30": 13.5, "2018-06-30": 21.5, "2018-03-31": -77.2, "2017-12-31": "35.10000", "2017-09-30": -59.9, "2017-06-30": 31.2, "2017-03-31": -25.2, "2016-12-31": "-2.20000", "2016-09-30": -9, "2016-06-30": 36.5, "2016-03-31": -32.5, "2015-12-31": "-37.20000", "2015-09-30": 56.9, "2015-06-30": -8, "2015-03-31": 3.8, "2014-12-31": "-13.10000", "2014-09-30": 21.3, "2014-06-30": 2.9, "2014-03-31": -14, "2013-12-31": "3.70000", "2013-09-30": 27.7, "2013-06-30": 5.8, "2013-03-31": -2.6, "2012-12-31": "10.60000", "2012-09-30": 23.5, "2012-06-30": 17.2, "2012-03-31": -3.6, "2011-12-31": "6.00000", "2011-09-30": 11.9, "2011-06-30": 7.7, "2011-03-31": 19.8, "2010-12-31": "-34.60000", "2010-09-30": -16.9, "2010-06-30": 11.1, "2010-03-31": -17.2, "2009-12-31": "-21.70000", "2009-09-30": 9.5, "2009-06-30": 34.7, "2009-03-31": 21.2, "2008-12-31": "-5.40000", "2008-09-30": -10.5, "2008-06-30": -24.6, "2008-03-31": 8.3, "2007-12-31": "47.20000", "2007-09-30": 26.5, "2007-06-30": 5.7, "2007-03-31": -42.4, "2006-12-31": "30.30000", "2006-09-30": -343.3, "2006-06-30": 36.5, "2006-03-31": -70.3, "2005-12-31": "-12.50000", "2005-09-30": -21.6, "2005-06-30": 45.6, "2005-03-31": -24.9}, "Cash Flow From Operating Activities": {"2020-12-31": "100.20000", "2020-09-30": 166.9, "2020-06-30": 158.1, "2020-03-31": 79.7, "2019-12-31": "77.00000", "2019-09-30": 100.3, "2019-06-30": 142.9, "2019-03-31": 42.2, "2018-12-31": "116.00000", "2018-09-30": 145.4, "2018-06-30": 124.2, "2018-03-31": 32.5, "2017-12-31": "93.10000", "2017-09-30": 71.4, "2017-06-30": 113.3, "2017-03-31": 55.4, "2016-12-31": "71.00000", "2016-09-30": 75.8, "2016-06-30": 117.9, "2016-03-31": 41.3, "2015-12-31": "46.20000", "2015-09-30": 89.4, "2015-06-30": 37.3, "2015-03-31": 56.1, "2014-12-31": "31.00000", "2014-09-30": 76.1, "2014-06-30": 56.3, "2014-03-31": 35.6, "2013-12-31": "42.30000", "2013-09-30": 95.5, "2013-06-30": 55, "2013-03-31": 47.9, "2012-12-31": "64.80000", "2012-09-30": 74.3, "2012-06-30": 63.8, "2012-03-31": 61.5, "2011-12-31": "62.10000", "2011-09-30": 33.3, "2011-06-30": 81.6, "2011-03-31": 84.1, "2010-12-31": "23.50000", "2010-09-30": 28.6, "2010-06-30": 62.1, "2010-03-31": 27.5, "2009-12-31": "21.60000", "2009-09-30": 57.8, "2009-06-30": 77.9, "2009-03-31": 55.1, "2008-12-31": "34.90000", "2008-09-30": 43.3, "2008-06-30": 23, "2008-03-31": 84.1, "2007-12-31": "120.10000", "2007-09-30": 88.5, "2007-06-30": 60.2, "2007-03-31": 34.8, "2006-12-31": "101.80000", "2006-09-30": -156.6, "2006-06-30": 101.6, "2006-03-31": 29.8, "2005-12-31": "54.30000", "2005-09-30": 61.3, "2005-06-30": 36.4, "2005-03-31": 142}, "Net Change In Property, Plant, And Equipment": {"2020-12-31": "-29.00000", "2020-09-30": -33, "2020-06-30": -25.7, "2020-03-31": -20.9, "2019-12-31": "-23.80000", "2019-09-30": -22.1, "2019-06-30": -20.1, "2019-03-31": -13.4, "2018-12-31": "-14.90000", "2018-09-30": -17.4, "2018-06-30": -20.2, "2018-03-31": -22, "2017-12-31": "-25.70000", "2017-09-30": -22.3, "2017-06-30": -23.4, "2017-03-31": -18.4, "2016-12-31": "-18.30000", "2016-09-30": -21.9, "2016-06-30": -13.2, "2016-03-31": -28.6, "2015-12-31": "-17.40000", "2015-09-30": -18.4, "2015-06-30": -22, "2015-03-31": -35, "2014-12-31": "-44.40000", "2014-09-30": -17.7, "2014-06-30": -12.5, "2014-03-31": -13.8, "2013-12-31": "-16.30000", "2013-09-30": -15, "2013-06-30": -14.8, "2013-03-31": -16, "2012-12-31": "-13.60000", "2012-09-30": -11.3, "2012-06-30": -23, "2012-03-31": -17.4, "2011-12-31": "-15.50000", "2011-09-30": -16.2, "2011-06-30": -20.2, "2011-03-31": -16.2, "2010-12-31": "-10.40000", "2010-09-30": -19.9, "2010-06-30": -15.8, "2010-03-31": -15, "2009-12-31": "-11.50000", "2009-09-30": -16.2, "2009-06-30": -4.7, "2009-03-31": -15.1, "2008-12-31": "-13.10000", "2008-09-30": -25.3, "2008-06-30": -20.6, "2008-03-31": -30.4, "2007-12-31": "-25.70000", "2007-09-30": -34.5, "2007-06-30": -27.8, "2007-03-31": -44.6, "2006-12-31": "-26.60000", "2006-09-30": -20.6, "2006-06-30": -19, "2006-03-31": -28.5, "2005-12-31": "-17.20000", "2005-09-30": -39.2, "2005-06-30": -27.9, "2005-03-31": -54.1}, "Net Change In Intangible Assets": {"2020-12-31": "", "2020-09-30": 0, "2020-06-30": 0, "2020-03-31": 0, "2019-12-31": "", "2019-09-30": 0, "2019-06-30": 0, "2019-03-31": 0, "2018-12-31": "-17.10000", "2018-09-30": 0, "2018-06-30": 0, "2018-03-31": 0, "2017-12-31": "", "2017-09-30": 0, "2017-06-30": 0, "2017-03-31": 0, "2016-12-31": "", "2016-09-30": 0, "2016-06-30": 0, "2016-03-31": 0, "2015-12-31": "", "2015-09-30": 0, "2015-06-30": 0, "2015-03-31": 0, "2014-12-31": "", "2014-09-30": 0, "2014-06-30": 0, "2014-03-31": 0, "2013-12-31": "", "2013-09-30": 0, "2013-06-30": 0, "2013-03-31": 0, "2012-12-31": "", "2012-09-30": 0, "2012-06-30": 0, "2012-03-31": 0, "2011-12-31": "", "2011-09-30": 0, "2011-06-30": 0, "2011-03-31": 0, "2010-12-31": "", "2010-09-30": 0, "2010-06-30": 0, "2010-03-31": 0, "2009-12-31": "", "2009-09-30": 0, "2009-06-30": 0, "2009-03-31": 0, "2008-12-31": "0.00000", "2008-09-30": 0, "2008-06-30": 0, "2008-03-31": 0, "2007-12-31": "", "2007-09-30": 0, "2007-06-30": 0, "2007-03-31": 0, "2006-12-31": "0.00000", "2006-09-30": 0, "2006-06-30": 0, "2006-03-31": 0, "2005-12-31": "0.00000", "2005-09-30": 0, "2005-06-30": 0, "2005-03-31": 0}, "Net Acquisitions/Divestitures": {"2020-12-31": "", "2020-09-30": -7, "2020-06-30": -7.5, "2020-03-31": -13.1, "2019-12-31": "", "2019-09-30": 39, "2019-06-30": -175.8, "2019-03-31": 0, "2018-12-31": "-26.60000", "2018-09-30": 0, "2018-06-30": 0, "2018-03-31": 0, "2017-12-31": "1.00000", "2017-09-30": 1.3, "2017-06-30": 2.9, "2017-03-31": -314.3, "2016-12-31": "4.50000", "2016-09-30": -15.5, "2016-06-30": 0.5, "2016-03-31": 0, "2015-12-31": "", "2015-09-30": -1633.6, "2015-06-30": -2.4, "2015-03-31": -2.7, "2014-12-31": "", "2014-09-30": -224, "2014-06-30": -1.2, "2014-03-31": -13, "2013-12-31": "3.30000", "2013-09-30": 1, "2013-06-30": 0, "2013-03-31": 0, "2012-12-31": "-0.20000", "2012-09-30": -406.9, "2012-06-30": 7.1, "2012-03-31": -77, "2011-12-31": "", "2011-09-30": -15.5, "2011-06-30": 0, "2011-03-31": 0, "2010-12-31": "", "2010-09-30": -0.2, "2010-06-30": 0, "2010-03-31": 0, "2009-12-31": "-7.10000", "2009-09-30": 0, "2009-06-30": 0, "2009-03-31": 0, "2008-12-31": "-187.20000", "2008-09-30": 0, "2008-06-30": 0, "2008-03-31": 0, "2007-12-31": "", "2007-09-30": -0.5, "2007-06-30": 0.1, "2007-03-31": -6.3, "2006-12-31": "-14.50000", "2006-09-30": 7.3, "2006-06-30": -0.1, "2006-03-31": 4, "2005-12-31": "-5.70000", "2005-09-30": 0, "2005-06-30": -0.1, "2005-03-31": -9.4}, "Net Change In Short-term Investments": {"2020-12-31": "", "2020-09-30": 0, "2020-06-30": 0, "2020-03-31": 0, "2019-12-31": "", "2019-09-30": 0, "2019-06-30": 0, "2019-03-31": 0, "2018-12-31": "", "2018-09-30": 0, "2018-06-30": 0, "2018-03-31": 0, "2017-12-31": "", "2017-09-30": 0, "2017-06-30": 0, "2017-03-31": 0, "2016-12-31": "", "2016-09-30": 0, "2016-06-30": 0, "2016-03-31": 0, "2015-12-31": "", "2015-09-30": 0, "2015-06-30": 0, "2015-03-31": 0, "2014-12-31": "", "2014-09-30": 0, "2014-06-30": 0, "2014-03-31": 0, "2013-12-31": "", "2013-09-30": 0, "2013-06-30": 0, "2013-03-31": 0, "2012-12-31": "", "2012-09-30": 0, "2012-06-30": 0, "2012-03-31": 0, "2011-12-31": "", "2011-09-30": 0, "2011-06-30": 0, "2011-03-31": 0, "2010-12-31": "", "2010-09-30": 0, "2010-06-30": 0, "2010-03-31": 0, "2009-12-31": "", "2009-09-30": 0, "2009-06-30": 0, "2009-03-31": 0, "2008-12-31": "", "2008-09-30": 0, "2008-06-30": 0, "2008-03-31": 0, "2007-12-31": "", "2007-09-30": 6.5, "2007-06-30": 0, "2007-03-31": 0, "2006-12-31": "", "2006-09-30": 0, "2006-06-30": 0, "2006-03-31": 0, "2005-12-31": "0.00000", "2005-09-30": 0, "2005-06-30": 0, "2005-03-31": 0}, "Net Change In Long-Term Investments": {"2020-12-31": "", "2020-09-30": 0, "2020-06-30": 0, "2020-03-31": 0, "2019-12-31": "", "2019-09-30": 0, "2019-06-30": 0, "2019-03-31": 0, "2018-12-31": "", "2018-09-30": 0, "2018-06-30": 0, "2018-03-31": 0, "2017-12-31": "", "2017-09-30": 0, "2017-06-30": 0, "2017-03-31": 0, "2016-12-31": "", "2016-09-30": 0, "2016-06-30": 0, "2016-03-31": 0, "2015-12-31": "", "2015-09-30": 0, "2015-06-30": 0, "2015-03-31": 0, "2014-12-31": "", "2014-09-30": 0, "2014-06-30": 0, "2014-03-31": 0, "2013-12-31": "", "2013-09-30": 0, "2013-06-30": 0, "2013-03-31": 0, "2012-12-31": "", "2012-09-30": -4.5, "2012-06-30": 3.6, "2012-03-31": 0.9, "2011-12-31": "", "2011-09-30": 0.1, "2011-06-30": 0.2, "2011-03-31": 0, "2010-12-31": "0.20000", "2010-09-30": 12.1, "2010-06-30": 14.2, "2010-03-31": 4.5, "2009-12-31": "0.50000", "2009-09-30": 0.5, "2009-06-30": 0.3, "2009-03-31": 0, "2008-12-31": "1.30000", "2008-09-30": 1.4, "2008-06-30": 2.4, "2008-03-31": 85.3, "2007-12-31": "-43.40000", "2007-09-30": -43.6, "2007-06-30": -30, "2007-03-31": 16.4, "2006-12-31": "-35.80000", "2006-09-30": 178.6, "2006-06-30": -63.4, "2006-03-31": -59.3, "2005-12-31": "55.70000", "2005-09-30": -12.9, "2005-06-30": 19.5, "2005-03-31": -51.1}, "Net Change In Investments - Total": {"2020-12-31": "", "2020-09-30": 0, "2020-06-30": 0, "2020-03-31": 0, "2019-12-31": "", "2019-09-30": 0, "2019-06-30": 0, "2019-03-31": 0, "2018-12-31": "", "2018-09-30": 0, "2018-06-30": 0, "2018-03-31": 0, "2017-12-31": "", "2017-09-30": 0, "2017-06-30": 0, "2017-03-31": 0, "2016-12-31": "", "2016-09-30": 0, "2016-06-30": 0, "2016-03-31": 0, "2015-12-31": "", "2015-09-30": 0, "2015-06-30": 0, "2015-03-31": 0, "2014-12-31": "", "2014-09-30": 0, "2014-06-30": 0, "2014-03-31": 0, "2013-12-31": "", "2013-09-30": 0, "2013-06-30": 0, "2013-03-31": 0, "2012-12-31": "", "2012-09-30": -4.5, "2012-06-30": 3.6, "2012-03-31": 0.9, "2011-12-31": "", "2011-09-30": 0.1, "2011-06-30": 0.2, "2011-03-31": 0, "2010-12-31": "0.20000", "2010-09-30": 12.1, "2010-06-30": 14.2, "2010-03-31": 4.5, "2009-12-31": "0.50000", "2009-09-30": 0.5, "2009-06-30": 0.3, "2009-03-31": 0, "2008-12-31": "1.30000", "2008-09-30": 1.4, "2008-06-30": 2.4, "2008-03-31": 85.3, "2007-12-31": "-43.40000", "2007-09-30": -37.1, "2007-06-30": -30, "2007-03-31": 16.4, "2006-12-31": "-35.80000", "2006-09-30": 178.6, "2006-06-30": -63.4, "2006-03-31": -59.3, "2005-12-31": "55.70000", "2005-09-30": -12.9, "2005-06-30": 19.5, "2005-03-31": -51.1}, "Investing Activities - Other": {"2020-12-31": "", "2020-09-30": -0.8, "2020-06-30": 0.7, "2020-03-31": -0.1, "2019-12-31": "", "2019-09-30": 2, "2019-06-30": -0.2, "2019-03-31": 0.1, "2018-12-31": "0.10000", "2018-09-30": -0.3, "2018-06-30": 3.2, "2018-03-31": -0.6, "2017-12-31": "-0.40000", "2017-09-30": 0.7, "2017-06-30": -1.7, "2017-03-31": -0.1, "2016-12-31": "-0.30000", "2016-09-30": 0, "2016-06-30": -4, "2016-03-31": 2.4, "2015-12-31": "", "2015-09-30": 0, "2015-06-30": 6.9, "2015-03-31": -4.8, "2014-12-31": "", "2014-09-30": -2.5, "2014-06-30": 3.2, "2014-03-31": 0, "2013-12-31": "", "2013-09-30": 0, "2013-06-30": 0, "2013-03-31": 0, "2012-12-31": "", "2012-09-30": 4.5, "2012-06-30": 0, "2012-03-31": 0, "2011-12-31": "", "2011-09-30": 0, "2011-06-30": 0, "2011-03-31": 0, "2010-12-31": "", "2010-09-30": 0, "2010-06-30": 0, "2010-03-31": 0, "2009-12-31": "", "2009-09-30": 0, "2009-06-30": 0, "2009-03-31": 0, "2008-12-31": "", "2008-09-30": 0, "2008-06-30": 0, "2008-03-31": 0, "2007-12-31": "", "2007-09-30": 0, "2007-06-30": 0, "2007-03-31": 0, "2006-12-31": "", "2006-09-30": 0, "2006-06-30": 0, "2006-03-31": 0, "2005-12-31": "", "2005-09-30": 0, "2005-06-30": 0, "2005-03-31": 0}, "Cash Flow From Investing Activities": {"2020-12-31": "-29.00000", "2020-09-30": -40.8, "2020-06-30": -32.5, "2020-03-31": -34.1, "2019-12-31": "-23.80000", "2019-09-30": 18.9, "2019-06-30": -196.1, "2019-03-31": -13.3, "2018-12-31": "-58.50000", "2018-09-30": -17.7, "2018-06-30": -17, "2018-03-31": -22.6, "2017-12-31": "-25.10000", "2017-09-30": -20.3, "2017-06-30": -22.2, "2017-03-31": -332.8, "2016-12-31": "-14.10000", "2016-09-30": -37.4, "2016-06-30": -16.7, "2016-03-31": -26.2, "2015-12-31": "-17.40000", "2015-09-30": -1652, "2015-06-30": -17.5, "2015-03-31": -42.5, "2014-12-31": "-44.40000", "2014-09-30": -244.2, "2014-06-30": -10.5, "2014-03-31": -26.8, "2013-12-31": "-13.00000", "2013-09-30": -14, "2013-06-30": -14.8, "2013-03-31": -16, "2012-12-31": "-13.80000", "2012-09-30": -418.2, "2012-06-30": -12.3, "2012-03-31": -93.5, "2011-12-31": "-15.50000", "2011-09-30": -31.6, "2011-06-30": -20, "2011-03-31": -16.2, "2010-12-31": "-10.20000", "2010-09-30": -8, "2010-06-30": -1.6, "2010-03-31": -10.5, "2009-12-31": "-18.10000", "2009-09-30": -15.7, "2009-06-30": -4.4, "2009-03-31": -15.1, "2008-12-31": "-199.00000", "2008-09-30": -23.9, "2008-06-30": -18.2, "2008-03-31": 54.9, "2007-12-31": "-69.10000", "2007-09-30": -72.1, "2007-06-30": -57.7, "2007-03-31": -34.5, "2006-12-31": "-76.90000", "2006-09-30": 165.3, "2006-06-30": -82.5, "2006-03-31": -83.8, "2005-12-31": "32.80000", "2005-09-30": -52.1, "2005-06-30": -8.5, "2005-03-31": -114.6}, "Net Long-Term Debt": {"2020-12-31": "-12.50000", "2020-09-30": -40.3, "2020-06-30": -8, "2020-03-31": 3.1, "2019-12-31": "-458.50000", "2019-09-30": 398.7001, "2019-06-30": -15, "2019-03-31": 3.1, "2018-12-31": "5.90000", "2018-09-30": -136.8, "2018-06-30": -69.1, "2018-03-31": -27.7, "2017-12-31": "-13.10000", "2017-09-30": -26, "2017-06-30": 68.5, "2017-03-31": 281.7, "2016-12-31": "-18.30000", "2016-09-30": -130.1, "2016-06-30": -28.3, "2016-03-31": -44.6, "2015-12-31": "-34.50000", "2015-09-30": 1829, "2015-06-30": -3.9, "2015-03-31": -3.8, "2014-12-31": "-3.80000", "2014-09-30": -30.4, "2014-06-30": -2.6, "2014-03-31": -2.5, "2013-12-31": "-1.90000", "2013-09-30": -2.1, "2013-06-30": -2.7, "2013-03-31": -2.5, "2012-12-31": "-2.80000", "2012-09-30": 197.5, "2012-06-30": -0.1, "2012-03-31": -0.1, "2011-12-31": "-47.30000", "2011-09-30": 0, "2011-06-30": 0, "2011-03-31": 0, "2010-12-31": "", "2010-09-30": 0, "2010-06-30": 0, "2010-03-31": 0, "2009-12-31": "", "2009-09-30": 0, "2009-06-30": -25.7, "2009-03-31": 0, "2008-12-31": "", "2008-09-30": 0, "2008-06-30": 0, "2008-03-31": -225.3, "2007-12-31": "", "2007-09-30": 0, "2007-06-30": 0, "2007-03-31": 0, "2006-12-31": "", "2006-09-30": 10.8, "2006-06-30": 0, "2006-03-31": 0, "2005-12-31": "", "2005-09-30": 0, "2005-06-30": 0, "2005-03-31": 0}, "Net Current Debt": {"2020-12-31": "", "2020-09-30": -115, "2020-06-30": -70, "2020-03-31": 110, "2019-12-31": "-5.00000", "2019-09-30": -20, "2019-06-30": 95, "2019-03-31": -20, "2018-12-31": "25.00000", "2018-09-30": -61, "2018-06-30": -9, "2018-03-31": 30, "2017-12-31": "-50.00000", "2017-09-30": -5, "2017-06-30": -133, "2017-03-31": -17, "2016-12-31": "9.20000", "2016-09-30": 136.9, "2016-06-30": -20, "2016-03-31": 20, "2015-12-31": "", "2015-09-30": -135, "2015-06-30": 0, "2015-03-31": 0, "2014-12-31": "94.30000", "2014-09-30": 200, "2014-06-30": -46, "2014-03-31": 33.9, "2013-12-31": "6.90000", "2013-09-30": -14.9, "2013-06-30": -0.1, "2013-03-31": -20, "2012-12-31": "", "2012-09-30": 60, "2012-06-30": -0.2, "2012-03-31": -3.8, "2011-12-31": "-3.80000", "2011-09-30": -2.4, "2011-06-30": -1.4, "2011-03-31": -3.8, "2010-12-31": "7.00000", "2010-09-30": -2.7, "2010-06-30": -1.2, "2010-03-31": -1.8, "2009-12-31": "-43.40000", "2009-09-30": 3.7, "2009-06-30": -0.9, "2009-03-31": 2.4, "2008-12-31": "", "2008-09-30": 86.7, "2008-06-30": -3.4, "2008-03-31": 250.7, "2007-12-31": "1.90000", "2007-09-30": 0.5, "2007-06-30": -3.3, "2007-03-31": 0, "2006-12-31": "0.70000", "2006-09-30": -10.6, "2006-06-30": -1.8, "2006-03-31": 5.2, "2005-12-31": "1.20000", "2005-09-30": -0.8, "2005-06-30": -3.9, "2005-03-31": -0.2}, "Debt Issuance/Retirement Net - Total": {"2020-12-31": "-12.50000", "2020-09-30": -155.3, "2020-06-30": -78, "2020-03-31": 113.1, "2019-12-31": "-463.50000", "2019-09-30": 378.7001, "2019-06-30": 80, "2019-03-31": -16.9, "2018-12-31": "30.90000", "2018-09-30": -197.8, "2018-06-30": -78.1, "2018-03-31": 2.3, "2017-12-31": "-63.10000", "2017-09-30": -31, "2017-06-30": -64.5, "2017-03-31": 264.7, "2016-12-31": "-9.10000", "2016-09-30": 6.8, "2016-06-30": -48.3, "2016-03-31": -24.6, "2015-12-31": "-34.50000", "2015-09-30": 1694, "2015-06-30": -3.9, "2015-03-31": -3.8, "2014-12-31": "90.50000", "2014-09-30": 169.6, "2014-06-30": -48.6, "2014-03-31": 31.4, "2013-12-31": "5.00000", "2013-09-30": -17, "2013-06-30": -2.8, "2013-03-31": -22.5, "2012-12-31": "-2.80000", "2012-09-30": 257.5, "2012-06-30": -0.3, "2012-03-31": -3.9, "2011-12-31": "-51.10000", "2011-09-30": -2.4, "2011-06-30": -1.4, "2011-03-31": -3.8, "2010-12-31": "7.00000", "2010-09-30": -2.7, "2010-06-30": -1.2, "2010-03-31": -1.8, "2009-12-31": "-43.40000", "2009-09-30": 3.7, "2009-06-30": -26.6, "2009-03-31": 2.4, "2008-12-31": "", "2008-09-30": 86.7, "2008-06-30": -3.4, "2008-03-31": 25.4, "2007-12-31": "1.90000", "2007-09-30": 0.5, "2007-06-30": -3.3, "2007-03-31": 0, "2006-12-31": "0.70000", "2006-09-30": 0.2, "2006-06-30": -1.8, "2006-03-31": 5.2, "2005-12-31": "1.20000", "2005-09-30": -0.8, "2005-06-30": -3.9, "2005-03-31": -0.2}, "Net Common Equity Issued/Repurchased": {"2020-12-31": "-55.20000", "2020-09-30": 0, "2020-06-30": 2.2, "2020-03-31": -52.8, "2019-12-31": "-11.40000", "2019-09-30": -37.4, "2019-06-30": 0.4, "2019-03-31": 3.5, "2018-12-31": "-73.90000", "2018-09-30": 19.7, "2018-06-30": 0.1, "2018-03-31": 1.6, "2017-12-31": "4.50000", "2017-09-30": -24.5, "2017-06-30": 3.4, "2017-03-31": 13.3, "2016-12-31": "-30.00000", "2016-09-30": -1.4, "2016-06-30": 2.4, "2016-03-31": 1.9, "2015-12-31": "-1.30000", "2015-09-30": -3.3, "2015-06-30": 1.6, "2015-03-31": 4.8, "2014-12-31": "-51.50000", "2014-09-30": 1.8, "2014-06-30": 3.3, "2014-03-31": -28, "2013-12-31": "-34.90000", "2013-09-30": -22.1, "2013-06-30": -24.1, "2013-03-31": -20.5, "2012-12-31": "-17.20000", "2012-09-30": -40.2, "2012-06-30": 3, "2012-03-31": 2.3, "2011-12-31": "1.30000", "2011-09-30": -43.4, "2011-06-30": -8.9, "2011-03-31": -8.1, "2010-12-31": "-8.90000", "2010-09-30": -26.1, "2010-06-30": 11.5, "2010-03-31": 3.1, "2009-12-31": "0.10000", "2009-09-30": 0.8, "2009-06-30": 0.6, "2009-03-31": -0.1, "2008-12-31": "-0.50000", "2008-09-30": 0.6, "2008-06-30": 5.4, "2008-03-31": 0.1, "2007-12-31": "9.00000", "2007-09-30": 3.5, "2007-06-30": 13.2, "2007-03-31": 5, "2006-12-31": "2.90000", "2006-09-30": 2.1, "2006-06-30": 0, "2006-03-31": 1.8, "2005-12-31": "0.60000", "2005-09-30": 7.2, "2005-06-30": -35, "2005-03-31": -24.9}, "Net Total Equity Issued/Repurchased": {"2020-12-31": "-55.20000", "2020-09-30": 0, "2020-06-30": 2.2, "2020-03-31": -52.8, "2019-12-31": "-11.40000", "2019-09-30": -37.4, "2019-06-30": 0.4, "2019-03-31": 3.5, "2018-12-31": "-73.90000", "2018-09-30": 19.7, "2018-06-30": 0.1, "2018-03-31": 1.6, "2017-12-31": "4.50000", "2017-09-30": -24.5, "2017-06-30": 3.4, "2017-03-31": 13.3, "2016-12-31": "-30.00000", "2016-09-30": -1.4, "2016-06-30": 2.4, "2016-03-31": 1.9, "2015-12-31": "-1.30000", "2015-09-30": -3.3, "2015-06-30": 1.6, "2015-03-31": 4.8, "2014-12-31": "-51.50000", "2014-09-30": 1.8, "2014-06-30": 3.3, "2014-03-31": -28, "2013-12-31": "-34.90000", "2013-09-30": -22.1, "2013-06-30": -24.1, "2013-03-31": -20.5, "2012-12-31": "-17.20000", "2012-09-30": -40.2, "2012-06-30": 3, "2012-03-31": 2.3, "2011-12-31": "1.30000", "2011-09-30": -43.4, "2011-06-30": -8.9, "2011-03-31": -8.1, "2010-12-31": "-8.90000", "2010-09-30": -26.1, "2010-06-30": 11.5, "2010-03-31": 3.1, "2009-12-31": "0.10000", "2009-09-30": 0.8, "2009-06-30": 0.6, "2009-03-31": -0.1, "2008-12-31": "-0.50000", "2008-09-30": 0.6, "2008-06-30": 5.4, "2008-03-31": 0.1, "2007-12-31": "9.00000", "2007-09-30": 3.5, "2007-06-30": 13.2, "2007-03-31": 5, "2006-12-31": "2.90000", "2006-09-30": 2.1, "2006-06-30": 0, "2006-03-31": 1.8, "2005-12-31": "0.60000", "2005-09-30": 7.2, "2005-06-30": -35, "2005-03-31": -24.9}, "Total Common And Preferred Stock Dividends Paid": {"2020-12-31": "-14.60000", "2020-09-30": -14.7, "2020-06-30": -14.6, "2020-03-31": -14.6, "2019-12-31": "-14.10000", "2019-09-30": -14, "2019-06-30": -14, "2019-03-31": -14.1, "2018-12-31": "-13.30000", "2018-09-30": -13.4, "2018-06-30": -13.3, "2018-03-31": -13.2, "2017-12-31": "-11.90000", "2017-09-30": -11.8, "2017-06-30": -11.9, "2017-03-31": -11.8, "2016-12-31": "-11.10000", "2016-09-30": -11.2, "2016-06-30": -11.1, "2016-03-31": -11.1, "2015-12-31": "-10.40000", "2015-09-30": -10.4, "2015-06-30": -9, "2015-03-31": -9.1, "2014-12-31": "-8.60000", "2014-09-30": -8.8, "2014-06-30": -8.7, "2014-03-31": -8.8, "2013-12-31": "-7.90000", "2013-09-30": -8.1, "2013-06-30": -8.1, "2013-03-31": -7.5, "2012-12-31": "-7.50000", "2012-09-30": -7.6, "2012-06-30": -7.8, "2012-03-31": -7.7, "2011-12-31": "-7.00000", "2011-09-30": -7, "2011-06-30": -7.1, "2011-03-31": -6.4, "2010-12-31": "-6.50000", "2010-09-30": -6.4, "2010-06-30": -6.5, "2010-03-31": -6.5, "2009-12-31": "-6.40000", "2009-09-30": -6.4, "2009-06-30": -6.4, "2009-03-31": -6.4, "2008-12-31": "-6.40000", "2008-09-30": -6.4, "2008-06-30": -6.4, "2008-03-31": -17.7, "2007-12-31": "-17.70000", "2007-09-30": -17.4, "2007-06-30": -17.7, "2007-03-31": -17.7, "2006-12-31": "-17.50000", "2006-09-30": -17.5, "2006-06-30": -17.5, "2006-03-31": -17.4, "2005-12-31": "-17.40000", "2005-09-30": -17.8, "2005-06-30": -17.1, "2005-03-31": -34.5}, "Financial Activities - Other": {"2020-12-31": "2.30000", "2020-09-30": 2.7, "2020-06-30": 2.1, "2020-03-31": 2.2, "2019-12-31": "1.70000", "2019-09-30": -10.7, "2019-06-30": 1.8, "2019-03-31": 2, "2018-12-31": "1.70000", "2018-09-30": 0.9, "2018-06-30": 1.1, "2018-03-31": 1.6, "2017-12-31": "2.40000", "2017-09-30": 0, "2017-06-30": -0.8, "2017-03-31": -4.3, "2016-12-31": "", "2016-09-30": 0, "2016-06-30": 0.2, "2016-03-31": 0.1, "2015-12-31": "0.60000", "2015-09-30": -47.1, "2015-06-30": -1.6, "2015-03-31": 0.1, "2014-12-31": "", "2014-09-30": 0.2, "2014-06-30": -0.2, "2014-03-31": -0.1, "2013-12-31": "-1.50000", "2013-09-30": -0.4, "2013-06-30": -0.2, "2013-03-31": -0.1, "2012-12-31": "-0.60000", "2012-09-30": -2.9, "2012-06-30": 0.1, "2012-03-31": -0.1, "2011-12-31": "0.00000", "2011-09-30": -0.3, "2011-06-30": 2.4, "2011-03-31": -0.1, "2010-12-31": "-7.00000", "2010-09-30": -1.1, "2010-06-30": 0, "2010-03-31": 0, "2009-12-31": "", "2009-09-30": 0, "2009-06-30": 0, "2009-03-31": 0, "2008-12-31": "", "2008-09-30": 1.8, "2008-06-30": -15.4, "2008-03-31": -127.7, "2007-12-31": "", "2007-09-30": 0, "2007-06-30": 0.4, "2007-03-31": 0.2, "2006-12-31": "", "2006-09-30": 0, "2006-06-30": 0, "2006-03-31": 0, "2005-12-31": "4.10000", "2005-09-30": 3.5, "2005-06-30": 2.1, "2005-03-31": 6.5}, "Cash Flow From Financial Activities": {"2020-12-31": "-80.00000", "2020-09-30": -167.3, "2020-06-30": -88.3, "2020-03-31": 47.9, "2019-12-31": "-487.30000", "2019-09-30": 316.6, "2019-06-30": 68.2, "2019-03-31": -25.5, "2018-12-31": "-54.60000", "2018-09-30": -190.6, "2018-06-30": -90.2, "2018-03-31": -7.7, "2017-12-31": "-68.10000", "2017-09-30": -67.3, "2017-06-30": -73.8, "2017-03-31": 261.9, "2016-12-31": "-50.20000", "2016-09-30": -5.8, "2016-06-30": -56.8, "2016-03-31": -33.7, "2015-12-31": "-45.60000", "2015-09-30": 1633.2, "2015-06-30": -12.9, "2015-03-31": -8, "2014-12-31": "30.40000", "2014-09-30": 162.8, "2014-06-30": -54.2, "2014-03-31": -5.5, "2013-12-31": "-39.30000", "2013-09-30": -47.6, "2013-06-30": -35.2, "2013-03-31": -50.6, "2012-12-31": "-28.10000", "2012-09-30": 206.8, "2012-06-30": -5, "2012-03-31": -9.4, "2011-12-31": "-56.80000", "2011-09-30": -53.1, "2011-06-30": -15, "2011-03-31": -18.4, "2010-12-31": "-15.40000", "2010-09-30": -36.3, "2010-06-30": 3.8, "2010-03-31": -5.2, "2009-12-31": "-49.70000", "2009-09-30": -1.9, "2009-06-30": -32.4, "2009-03-31": -4.1, "2008-12-31": "-6.90000", "2008-09-30": 82.7, "2008-06-30": -19.8, "2008-03-31": -119.9, "2007-12-31": "-6.80000", "2007-09-30": -13.4, "2007-06-30": -7.4, "2007-03-31": -12.5, "2006-12-31": "-13.90000", "2006-09-30": -15.2, "2006-06-30": -19.3, "2006-03-31": -10.4, "2005-12-31": "-11.50000", "2005-09-30": -7.9, "2005-06-30": -53.9, "2005-03-31": -53.1}, "Net Cash Flow": {"2020-12-31": "-1.90000", "2020-09-30": -35.3, "2020-06-30": 41.3, "2020-03-31": 86.1, "2019-12-31": "-429.40000", "2019-09-30": 431.2, "2019-06-30": 15.6, "2019-03-31": 2.8, "2018-12-31": "1.20000", "2018-09-30": -63.5, "2018-06-30": 7.5, "2018-03-31": 5.3, "2017-12-31": "1.90000", "2017-09-30": -11.4, "2017-06-30": 24.5, "2017-03-31": -13, "2016-12-31": "-0.50000", "2016-09-30": 32.6, "2016-06-30": 42, "2016-03-31": -16.8, "2015-12-31": "-18.40000", "2015-09-30": 69.4, "2015-06-30": 8.9, "2015-03-31": 0.8, "2014-12-31": "14.40000", "2014-09-30": -12.6, "2014-06-30": -8.4, "2014-03-31": 2.7, "2013-12-31": "-9.80000", "2013-09-30": 36.1, "2013-06-30": 4, "2013-03-31": -20.3, "2012-12-31": "23.30000", "2012-09-30": -135.7, "2012-06-30": 45.3, "2012-03-31": -39.2, "2011-12-31": "-10.70000", "2011-09-30": -57.9, "2011-06-30": 47.3, "2011-03-31": 52.8, "2010-12-31": "-2.10000", "2010-09-30": -11.6, "2010-06-30": 60.9, "2010-03-31": 11.4, "2009-12-31": "-46.80000", "2009-09-30": 42.3, "2009-06-30": 43.7, "2009-03-31": 35.1, "2008-12-31": "-172.20000", "2008-09-30": 90.5, "2008-06-30": -14.7, "2008-03-31": 20.4, "2007-12-31": "44.00000", "2007-09-30": 3.8, "2007-06-30": -4.3, "2007-03-31": -11.9, "2006-12-31": "12.00000", "2006-09-30": -6.9, "2006-06-30": 0.7, "2006-03-31": -64, "2005-12-31": "75.30000", "2005-09-30": 1.3, "2005-06-30": -26.9, "2005-03-31": -25.3}, "Stock-Based Compensation": {"2020-12-31": "11.00000", "2020-09-30": 11.2, "2020-06-30": 8.2, "2020-03-31": 10.7, "2019-12-31": "8.30000", "2019-09-30": 7.5, "2019-06-30": 10, "2019-03-31": 11.4, "2018-12-31": "5.50000", "2018-09-30": 6.5, "2018-06-30": 5.8, "2018-03-31": 9.5, "2017-12-31": "6.30000", "2017-09-30": 5.5, "2017-06-30": 5.3, "2017-03-31": 7.1, "2016-12-31": "5.10000", "2016-09-30": 5, "2016-06-30": 6, "2016-03-31": 7.1, "2015-12-31": "5.00000", "2015-09-30": 11, "2015-06-30": 4.1, "2015-03-31": 5.2, "2014-12-31": "4.70000", "2014-09-30": 4.8, "2014-06-30": 4.2, "2014-03-31": 5.4, "2013-12-31": "3.60000", "2013-09-30": 2.2, "2013-06-30": 3.7, "2013-03-31": 4.3, "2012-12-31": "3.30000", "2012-09-30": 2.6, "2012-06-30": 2.6, "2012-03-31": 3.9, "2011-12-31": "2.50000", "2011-09-30": 3, "2011-06-30": 2.5, "2011-03-31": 4.1, "2010-12-31": "2.60000", "2010-09-30": 3, "2010-06-30": 1.8, "2010-03-31": 3.6, "2009-12-31": "3.60000", "2009-09-30": 3.2, "2009-06-30": 3.6, "2009-03-31": 2.9, "2008-12-31": "2.40000", "2008-09-30": 3.1, "2008-06-30": 4, "2008-03-31": 13.8, "2007-12-31": "2.30000", "2007-09-30": 1.6, "2007-06-30": 2.7, "2007-03-31": 4.7, "2006-12-31": "", "2006-09-30": 7.4, "2006-06-30": 0, "2006-03-31": 0, "2005-12-31": "", "2005-09-30": 0, "2005-06-30": 0, "2005-03-31": 0}, "Common Stock Dividends Paid": {"2020-12-31": "-14.60000", "2020-09-30": -14.7, "2020-06-30": -14.6, "2020-03-31": -14.6, "2019-12-31": "-14.10000", "2019-09-30": -14, "2019-06-30": -14, "2019-03-31": -14.1, "2018-12-31": "-13.30000", "2018-09-30": -13.4, "2018-06-30": -13.3, "2018-03-31": -13.2, "2017-12-31": "-11.90000", "2017-09-30": -11.8, "2017-06-30": -11.9, "2017-03-31": -11.8, "2016-12-31": "-11.10000", "2016-09-30": -11.2, "2016-06-30": -11.1, "2016-03-31": -11.1, "2015-12-31": "-10.40000", "2015-09-30": -10.4, "2015-06-30": -9, "2015-03-31": -9.1, "2014-12-31": "-8.60000", "2014-09-30": -8.8, "2014-06-30": -8.7, "2014-03-31": -8.8, "2013-12-31": "-7.90000", "2013-09-30": -8.1, "2013-06-30": -8.1, "2013-03-31": -7.5, "2012-12-31": "-7.50000", "2012-09-30": -7.6, "2012-06-30": -7.8, "2012-03-31": -7.7, "2011-12-31": "-7.00000", "2011-09-30": -7, "2011-06-30": -7.1, "2011-03-31": -6.4, "2010-12-31": "-6.50000", "2010-09-30": -6.4, "2010-06-30": -6.5, "2010-03-31": -6.5, "2009-12-31": "-6.40000", "2009-09-30": -6.4, "2009-06-30": -6.4, "2009-03-31": -6.4, "2008-12-31": "-6.40000", "2008-09-30": -6.4, "2008-06-30": -6.4, "2008-03-31": -17.7, "2007-12-31": "-17.70000", "2007-09-30": -17.4, "2007-06-30": -17.7, "2007-03-31": -17.7, "2006-12-31": "-17.50000", "2006-09-30": -17.5, "2006-06-30": -17.5, "2006-03-31": -17.4, "2005-12-31": "-17.40000", "2005-09-30": -17.8, "2005-06-30": -17.1, "2005-03-31": -34.5}}, "financial ratios": {"Current Ratio": {"2020-09-30": "1.43340", "2019-09-30": "1.31150", "2018-09-30": "1.74460", "2017-09-30": "1.77050", "2016-09-30": "1.63390", "2015-09-30": "1.97130", "2014-09-30": "1.76190", "2013-09-30": "1.99190", "2012-09-30": "1.80320", "2011-09-30": "2.37040", "2010-09-30": "2.56040", "2009-09-30": "2.01890", "2008-09-30": "1.95670", "2007-09-30": "2.63370", "2006-09-30": "2.34900", "2005-09-30": "1.33110"}, "Long-term Debt / Capital": {"2020-09-30": "0.48960", "2019-09-30": "0.53130", "2018-09-30": "0.52560", "2017-09-30": "0.60830", "2016-09-30": "0.61070", "2015-09-30": "0.65280", "2014-09-30": "0.31100", "2013-09-30": "0.20820", "2012-09-30": "0.22620", "2011-09-30": "0.06410", "2010-09-30": "0.12220", "2009-09-30": "0.14060", "2008-09-30": "0.08470", "2007-09-30": "0.21430", "2006-09-30": "0.23470", "2005-09-30": "0.26560"}, "Debt/Equity Ratio": {"2020-09-30": "1.08800", "2019-09-30": "1.55310", "2018-09-30": "1.22070", "2017-09-30": "1.69110", "2016-09-30": "1.73840", "2015-09-30": "1.93030", "2014-09-30": "0.60880", "2013-09-30": "0.35750", "2012-09-30": "0.43400", "2011-09-30": "0.20370", "2010-09-30": "0.21430", "2009-09-30": "0.33140", "2008-09-30": "0.20580", "2007-09-30": "0.27970", "2006-09-30": "0.31620", "2005-09-30": "0.36800"}, "Gross Margin": {"2020-09-30": "51.20100", "2019-09-30": "49.01460", "2018-09-30": "48.95370", "2017-09-30": "48.13210", "2016-09-30": "47.34110", "2015-09-30": "44.27620", "2014-09-30": "46.25470", "2013-09-30": "45.46670", "2012-09-30": "46.17880", "2011-09-30": "49.08590", "2010-09-30": "48.76160", "2009-09-30": "45.27360", "2008-09-30": "44.40540", "2007-09-30": "44.41580", "2006-09-30": "44.24440", "2005-09-30": "43.36720"}, "Operating Margin": {"2020-09-30": "12.76290", "2019-09-30": "10.87260", "2018-09-30": "10.16150", "2017-09-30": "10.02300", "2016-09-30": "8.67350", "2015-09-30": "4.17970", "2014-09-30": "7.27120", "2013-09-30": "9.02580", "2012-09-30": "10.32860", "2011-09-30": "10.47940", "2010-09-30": "13.04440", "2009-09-30": "-27.59390", "2008-09-30": "6.81830", "2007-09-30": "8.91260", "2006-09-30": "10.02870", "2005-09-30": "-5.68080"}, "EBIT Margin": {"2020-09-30": "12.76290", "2019-09-30": "10.87260", "2018-09-30": "10.16150", "2017-09-30": "10.02300", "2016-09-30": "8.67350", "2015-09-30": "4.17970", "2014-09-30": "7.27120", "2013-09-30": "9.02580", "2012-09-30": "10.32860", "2011-09-30": "10.47940", "2010-09-30": "13.04440", "2009-09-30": "-27.59390", "2008-09-30": "6.81830", "2007-09-30": "8.91260", "2006-09-30": "10.02870", "2005-09-30": "-5.68080"}, "EBITDA Margin": {"2020-09-30": "19.10800", "2019-09-30": "17.81720", "2018-09-30": "17.32090", "2017-09-30": "17.70600", "2016-09-30": "16.54490", "2015-09-30": "10.12470", "2014-09-30": "13.58160", "2013-09-30": "15.83150", "2012-09-30": "17.16330", "2011-09-30": "17.00700", "2010-09-30": "19.82850", "2009-09-30": "13.72130", "2008-09-30": "14.29990", "2007-09-30": "15.71690", "2006-09-30": "17.35620", "2005-09-30": "-0.51600"}, "Pre-Tax Profit Margin": {"2020-09-30": "9.41340", "2019-09-30": "7.17500", "2018-09-30": "6.92420", "2017-09-30": "6.66980", "2016-09-30": "5.20860", "2015-09-30": "3.27430", "2014-09-30": "6.83230", "2013-09-30": "8.39060", "2012-09-30": "10.00430", "2011-09-30": "10.03330", "2010-09-30": "12.44560", "2009-09-30": "-27.31270", "2008-09-30": "6.12190", "2007-09-30": "7.82900", "2006-09-30": "8.94980", "2005-09-30": "-5.98010"}, "Net Profit Margin": {"2020-09-30": "7.74040", "2019-09-30": "5.23510", "2018-09-30": "8.86240", "2017-09-30": "4.86930", "2016-09-30": "4.67380", "2015-09-30": "2.39920", "2014-09-30": "3.59410", "2013-09-30": "6.11820", "2012-09-30": "7.39150", "2011-09-30": "8.37470", "2010-09-30": "8.52610", "2009-09-30": "-29.20180", "2008-09-30": "7.68060", "2007-09-30": "14.05090", "2006-09-30": "17.16990", "2005-09-30": "-4.85530"}, "Asset Turnover": {"2020-09-30": "0.61680", "2019-09-30": "0.59100", "2018-09-30": "0.65320", "2017-09-30": "0.60580", "2016-09-30": "0.62290", "2015-09-30": "0.44600", "2014-09-30": "0.96280", "2013-09-30": "1.08150", "2012-09-30": "1.00410", "2011-09-30": "1.22520", "2010-09-30": "1.17980", "2009-09-30": "1.12520", "2008-09-30": "0.89220", "2007-09-30": "0.64080", "2006-09-30": "0.65990", "2005-09-30": "0.86940"}, "Inventory Turnover Ratio": {"2020-09-30": "3.99400", "2019-09-30": "5.49810", "2018-09-30": "4.98390", "2017-09-30": "5.00210", "2016-09-30": "5.54840", "2015-09-30": "4.14320", "2014-09-30": "5.14300", "2013-09-30": "7.91120", "2012-09-30": "6.93140", "2011-09-30": "8.47700", "2010-09-30": "6.94010", "2009-09-30": "8.25000", "2008-09-30": "8.38200", "2007-09-30": "4.86770", "2006-09-30": "5.53390", "2005-09-30": "8.84450"}, "Receiveable Turnover": {"2020-09-30": "4.84280", "2019-09-30": "4.45020", "2018-09-30": "4.90440", "2017-09-30": "4.73620", "2016-09-30": "5.15470", "2015-09-30": "4.01900", "2014-09-30": "4.10240", "2013-09-30": "4.74350", "2012-09-30": "4.16280", "2011-09-30": "4.12140", "2010-09-30": "4.16200", "2009-09-30": "4.00140", "2008-09-30": "3.81600", "2007-09-30": "2.75940", "2006-09-30": "2.57150", "2005-09-30": "4.32520"}, "Days Sales In Receivables": {"2020-09-30": "75.36910", "2019-09-30": "82.01920", "2018-09-30": "74.42260", "2017-09-30": "77.06550", "2016-09-30": "70.80880", "2015-09-30": "90.81860", "2014-09-30": "88.97160", "2013-09-30": "76.94730", "2012-09-30": "87.68220", "2011-09-30": "88.56130", "2010-09-30": "87.69840", "2009-09-30": "91.21710", "2008-09-30": "95.65000", "2007-09-30": "132.27720", "2006-09-30": "141.94290", "2005-09-30": "84.39010"}, "ROE - Return On Equity": {"2020-09-30": "12.91930", "2019-09-30": "9.67390", "2018-09-30": "15.61690", "2017-09-30": "9.68800", "2016-09-30": "9.93610", "2015-09-30": "4.04530", "2014-09-30": "7.51390", "2013-09-30": "12.22780", "2012-09-30": "14.86590", "2011-09-30": "17.99920", "2010-09-30": "17.80920", "2009-09-30": "-66.46970", "2008-09-30": "6.19800", "2007-09-30": "5.50950", "2006-09-30": "6.93650", "2005-09-30": "-9.93300"}, "Return On Tangible Equity": {"2020-09-30": "-20.53220", "2019-09-30": "-12.06880", "2018-09-30": "-21.95160", "2017-09-30": "-8.60210", "2016-09-30": "-8.23170", "2015-09-30": "-10.31750", "2014-09-30": "14.90040", "2013-09-30": "20.35280", "2012-09-30": "64.73740", "2011-09-30": "25.26500", "2010-09-30": "25.72480", "2009-09-30": "-102.71370", "2008-09-30": "12.63650", "2007-09-30": "10.15290", "2006-09-30": "14.01790", "2005-09-30": "-25.82460"}, "ROA - Return On Assets": {"2020-09-30": "4.77400", "2019-09-30": "3.09410", "2018-09-30": "5.78900", "2017-09-30": "2.92140", "2016-09-30": "2.88100", "2015-09-30": "1.04990", "2014-09-30": "3.46030", "2013-09-30": "6.61710", "2012-09-30": "7.42200", "2011-09-30": "10.27640", "2010-09-30": "10.11560", "2009-09-30": "-32.85740", "2008-09-30": "3.97060", "2007-09-30": "3.32550", "2006-09-30": "4.02110", "2005-09-30": "-4.31990"}, "ROI - Return On Investment": {"2020-09-30": "6.59410", "2019-09-30": "4.53460", "2018-09-30": "7.40910", "2017-09-30": "3.79520", "2016-09-30": "3.86860", "2015-09-30": "1.40450", "2014-09-30": "5.17680", "2013-09-30": "9.68190", "2012-09-30": "11.50370", "2011-09-30": "16.84540", "2010-09-30": "15.63280", "2009-09-30": "-57.12270", "2008-09-30": "5.67300", "2007-09-30": "4.32860", "2006-09-30": "5.30870", "2005-09-30": "-7.29440"}, "Book Value Per Share": {"2020-09-30": "25.90150", "2019-09-30": "23.61430", "2018-09-30": "24.03060", "2017-09-30": "20.74940", "2016-09-30": "18.80980", "2015-09-30": "17.75310", "2014-09-30": "14.04070", "2013-09-30": "14.67290", "2012-09-30": "13.36580", "2011-09-30": "12.02380", "2010-09-30": "11.26830", "2009-09-30": "9.72270", "2008-09-30": "17.31910", "2007-09-30": "20.61230", "2006-09-30": "18.42710", "2005-09-30": "15.82500"}, "Operating Cash Flow Per Share": {"2020-09-30": 1.2343, "2019-09-30": 0.0875, "2018-09-30": 1.2174, "2017-09-30": 0.4052, "2016-09-30": 0.57, "2015-09-30": 0.059, "2014-09-30": -0.775, "2013-09-30": 0.172, "2012-09-30": 0.7144, "2011-09-30": 1.2888, "2010-09-30": -1.4132, "2009-09-30": -0.7131, "2008-09-30": -0.2735, "2007-09-30": 4.1205, "2006-09-30": -3.4077, "2005-09-30": 3.8803}, "Free Cash Flow Per Share": {"2020-09-30": 0.7379, "2019-09-30": 0.3071, "2018-09-30": 1.1815, "2017-09-30": 0.3973, "2016-09-30": 1.3989, "2015-09-30": -0.9573, "2014-09-30": -0.8195, "2013-09-30": 0.2637, "2012-09-30": 0.6228, "2011-09-30": 1.2786, "2010-09-30": -1.6044, "2009-09-30": 0.1312, "2008-09-30": 0.2468, "2007-09-30": 3.3566, "2006-09-30": -2.831, "2005-09-30": 1.9183}}, "financial ratios, quarterly": {"Current Ratio": {"2020-09-30": "1.43340", "2020-06-30": "1.50400", "2020-03-31": "1.51540", "2019-12-31": "1.51730", "2019-09-30": "1.31150", "2019-06-30": "1.50610", "2019-03-31": "1.69370", "2018-12-31": "1.70050", "2018-09-30": "1.74460", "2018-06-30": "1.58390", "2018-03-31": "1.84630", "2017-12-31": "1.75470", "2017-09-30": "1.77050", "2017-06-30": "1.75680", "2017-03-31": "1.72600", "2016-12-31": "1.66980", "2016-09-30": "1.63390", "2016-06-30": "1.99460", "2016-03-31": "2.00120", "2015-12-31": "2.00510", "2015-09-30": "1.97130", "2015-06-30": "1.91290", "2015-03-31": "1.85360", "2014-12-31": "1.89240", "2014-09-30": "1.76190", "2014-06-30": "2.06570", "2014-03-31": "1.84670", "2013-12-31": "2.03610", "2013-09-30": "1.99190", "2013-06-30": "1.91180", "2013-03-31": "1.88840", "2012-12-31": "1.83590", "2012-09-30": "1.80320", "2012-06-30": "2.78800", "2012-03-31": "2.73270", "2011-12-31": "3.08500", "2011-09-30": "2.37040", "2011-06-30": "2.35130", "2011-03-31": "2.44910", "2010-12-31": "2.41120", "2010-09-30": "2.56040", "2010-06-30": "2.47050", "2010-03-31": "2.31770", "2009-12-31": "2.30400", "2009-09-30": "2.01890", "2009-06-30": "1.87770", "2009-03-31": "1.68140", "2008-12-31": "1.65910", "2008-09-30": "1.95670", "2008-06-30": "2.23610", "2008-03-31": "2.25030", "2007-12-31": "2.83730", "2007-09-30": "2.63370", "2007-06-30": "2.62000", "2007-03-31": "2.52700", "2006-12-31": "2.40990", "2006-09-30": "2.34900", "2006-06-30": "1.54530", "2006-03-31": "1.51080", "2005-12-31": "1.40850", "2005-09-30": "1.33110", "2005-06-30": "2.66300", "2005-03-31": "2.60870"}, "Long-term Debt / Capital": {"2020-09-30": "0.48960", "2020-06-30": "0.51900", "2020-03-31": "0.54620", "2019-12-31": "0.52180", "2019-09-30": "0.53130", "2019-06-30": "0.52890", "2019-03-31": "0.52460", "2018-12-31": "0.53930", "2018-09-30": "0.52560", "2018-06-30": "0.55280", "2018-03-31": "0.57290", "2017-12-31": "0.58170", "2017-09-30": "0.60830", "2017-06-30": "0.62490", "2017-03-31": "0.63520", "2016-12-31": "0.61530", "2016-09-30": "0.61070", "2016-06-30": "0.63170", "2016-03-31": "0.63930", "2015-12-31": "0.65080", "2015-09-30": "0.65280", "2015-06-30": "0.36800", "2015-03-31": "0.38380", "2014-12-31": "0.37990", "2014-09-30": "0.31100", "2014-06-30": "0.20550", "2014-03-31": "0.21370", "2013-12-31": "0.20970", "2013-09-30": "0.20820", "2013-06-30": "0.22190", "2013-03-31": "0.22270", "2012-12-31": "0.22230", "2012-09-30": "0.22620", "2012-06-30": "0.05810", "2012-03-31": "0.05900", "2011-12-31": "0.06120", "2011-09-30": "0.06410", "2011-06-30": "0.06210", "2011-03-31": "0.06170", "2010-12-31": "0.06420", "2010-09-30": "0.12220", "2010-06-30": "0.12730", "2010-03-31": "0.13240", "2009-12-31": "0.13710", "2009-09-30": "0.14060", "2009-06-30": "0.14230", "2009-03-31": "0.14640", "2008-12-31": "0.08670", "2008-09-30": "0.08470", "2008-06-30": "0.08540", "2008-03-31": "0.10730", "2007-12-31": "0.21200", "2007-09-30": "0.21430", "2007-06-30": "0.21650", "2007-03-31": "0.22210", "2006-12-31": "0.22890", "2006-09-30": "0.23470", "2006-06-30": "0.24310", "2006-03-31": "0.25050", "2005-12-31": "0.25850", "2005-09-30": "0.26560", "2005-06-30": "0.24030", "2005-03-31": "0.23640"}, "Debt/Equity Ratio": {"2020-09-30": "1.08800", "2020-06-30": "1.23020", "2020-03-31": "1.36230", "2019-12-31": "1.23300", "2019-09-30": "1.55310", "2019-06-30": "1.27420", "2019-03-31": "1.24410", "2018-12-31": "1.29220", "2018-09-30": "1.22070", "2018-06-30": "1.43820", "2018-03-31": "1.48760", "2017-12-31": "1.53580", "2017-09-30": "1.69110", "2017-06-30": "1.81140", "2017-03-31": "1.91750", "2016-12-31": "1.79080", "2016-09-30": "1.73840", "2016-06-30": "1.77960", "2016-03-31": "1.84960", "2015-12-31": "1.91990", "2015-09-30": "1.93030", "2015-06-30": "0.75120", "2015-03-31": "0.80090", "2014-12-31": "0.78450", "2014-09-30": "0.60880", "2014-06-30": "0.35490", "2014-03-31": "0.42680", "2013-12-31": "0.37210", "2013-09-30": "0.35750", "2013-06-30": "0.40330", "2013-03-31": "0.40380", "2012-12-31": "0.42610", "2012-09-30": "0.43400", "2012-06-30": "0.11710", "2012-03-31": "0.11930", "2011-12-31": "0.12890", "2011-09-30": "0.20370", "2011-06-30": "0.20270", "2011-03-31": "0.20280", "2010-12-31": "0.21720", "2010-09-30": "0.21430", "2010-06-30": "0.22830", "2010-03-31": "0.24070", "2009-12-31": "0.25300", "2009-09-30": "0.33140", "2009-06-30": "0.32920", "2009-03-31": "0.38860", "2008-12-31": "0.20980", "2008-09-30": "0.20580", "2008-06-30": "0.12460", "2008-03-31": "0.13110", "2007-12-31": "0.27720", "2007-09-30": "0.27970", "2007-06-30": "0.28290", "2007-03-31": "0.29510", "2006-12-31": "0.30670", "2006-09-30": "0.31620", "2006-06-30": "0.33120", "2006-03-31": "0.34620", "2005-12-31": "0.35590", "2005-09-30": "0.36800", "2005-06-30": "0.32250", "2005-03-31": "0.31910"}, "Gross Margin": {"2020-09-30": "50.60260", "2020-06-30": "53.28990", "2020-03-31": "50.81580", "2019-12-31": "49.88320", "2019-09-30": "49.28460", "2019-06-30": "49.06440", "2019-03-31": "49.36990", "2018-12-31": "48.28090", "2018-09-30": "49.55220", "2018-06-30": "49.11090", "2018-03-31": "49.31740", "2017-12-31": "47.72290", "2017-09-30": "49.09930", "2017-06-30": "48.04820", "2017-03-31": "47.78320", "2016-12-31": "47.47410", "2016-09-30": "49.10770", "2016-06-30": "48.12330", "2016-03-31": "48.08730", "2015-12-31": "43.96550", "2015-09-30": "44.72910", "2015-06-30": "44.15170", "2015-03-31": "45.11370", "2014-12-31": "42.98930", "2014-09-30": "44.45600", "2014-06-30": "47.05740", "2014-03-31": "48.80810", "2013-12-31": "44.94150", "2013-09-30": "46.28910", "2013-06-30": "44.81380", "2013-03-31": "46.06530", "2012-12-31": "44.67790", "2012-09-30": "46.59410", "2012-06-30": "42.48460", "2012-03-31": "47.16940", "2011-12-31": "48.56990", "2011-09-30": "48.90850", "2011-06-30": "48.75260", "2011-03-31": "49.39070", "2010-12-31": "49.30520", "2010-09-30": "49.42010", "2010-06-30": "49.36220", "2010-03-31": "48.10980", "2009-12-31": "48.07210", "2009-09-30": "47.15110", "2009-06-30": "45.02540", "2009-03-31": "45.47880", "2008-12-31": "43.37320", "2008-09-30": "44.68540", "2008-06-30": "43.78410", "2008-03-31": "44.58960", "2007-12-31": "44.52260", "2007-09-30": "41.92760", "2007-06-30": "44.29220", "2007-03-31": "45.43280", "2006-12-31": "44.32950", "2006-09-30": "44.22670", "2006-06-30": "43.12810", "2006-03-31": "43.15980", "2005-12-31": "42.57590", "2005-09-30": "35.64240", "2005-06-30": "44.82830", "2005-03-31": "46.79450"}, "Operating Margin": {"2020-09-30": "9.38610", "2020-06-30": "17.62870", "2020-03-31": "12.07140", "2019-12-31": "11.51830", "2019-09-30": "12.02100", "2019-06-30": "9.61750", "2019-03-31": "11.38340", "2018-12-31": "10.35850", "2018-09-30": "14.84450", "2018-06-30": "11.07820", "2018-03-31": "6.48840", "2017-12-31": "7.77960", "2017-09-30": "15.57630", "2017-06-30": "5.86270", "2017-03-31": "9.36810", "2016-12-31": "8.78570", "2016-09-30": "13.24360", "2016-06-30": "8.88010", "2016-03-31": "7.87230", "2015-12-31": "4.35570", "2015-09-30": "-1.01070", "2015-06-30": "6.59640", "2015-03-31": "8.06660", "2014-12-31": "4.15050", "2014-09-30": "7.37810", "2014-06-30": "9.55730", "2014-03-31": "6.69400", "2013-12-31": "5.43980", "2013-09-30": "10.98420", "2013-06-30": "8.53370", "2013-03-31": "7.86940", "2012-12-31": "8.66010", "2012-09-30": "10.98240", "2012-06-30": "8.46250", "2012-03-31": "9.00990", "2011-12-31": "13.01500", "2011-09-30": "14.67720", "2011-06-30": "1.19540", "2011-03-31": "12.26060", "2010-12-31": "13.28170", "2010-09-30": "19.69240", "2010-06-30": "13.22800", "2010-03-31": "8.84910", "2009-12-31": "9.65380", "2009-09-30": "10.79000", "2009-06-30": "5.25840", "2009-03-31": "-137.11830", "2008-12-31": "6.54150", "2008-09-30": "8.41380", "2008-06-30": "6.35220", "2008-03-31": "5.43710", "2007-12-31": "6.85410", "2007-09-30": "12.52360", "2007-06-30": "6.27090", "2007-03-31": "8.95520", "2006-12-31": "16.37000", "2006-09-30": "18.25170", "2006-06-30": "16.51400", "2006-03-31": "15.51660", "2005-12-31": "14.28270", "2005-09-30": "-64.72010", "2005-06-30": "12.76820", "2005-03-31": "17.05610"}, "EBIT Margin": {"2020-09-30": "9.38610", "2020-06-30": "17.62870", "2020-03-31": "12.07140", "2019-12-31": "11.51830", "2019-09-30": "12.02100", "2019-06-30": "9.61750", "2019-03-31": "11.38340", "2018-12-31": "10.35850", "2018-09-30": "14.84460", "2018-06-30": "11.07820", "2018-03-31": "6.48840", "2017-12-31": "7.77960", "2017-09-30": "15.57630", "2017-06-30": "5.86270", "2017-03-31": "9.36810", "2016-12-31": "8.78570", "2016-09-30": "13.24360", "2016-06-30": "8.88010", "2016-03-31": "7.87230", "2015-12-31": "4.35570", "2015-09-30": "-1.01070", "2015-06-30": "6.59640", "2015-03-31": "8.06660", "2014-12-31": "4.15050", "2014-09-30": "7.37810", "2014-06-30": "9.55730", "2014-03-31": "6.69400", "2013-12-31": "5.43980", "2013-09-30": "10.98420", "2013-06-30": "8.53370", "2013-03-31": "7.86940", "2012-12-31": "8.66010", "2012-09-30": "10.98240", "2012-06-30": "8.46250", "2012-03-31": "9.00990", "2011-12-31": "13.01500", "2011-09-30": "14.67720", "2011-06-30": "1.19540", "2011-03-31": "12.26060", "2010-12-31": "13.28170", "2010-09-30": "19.69240", "2010-06-30": "13.22800", "2010-03-31": "8.84910", "2009-12-31": "9.65380", "2009-09-30": "10.79000", "2009-06-30": "5.25840", "2009-03-31": "-137.11830", "2008-12-31": "6.54150", "2008-09-30": "8.41380", "2008-06-30": "6.35220", "2008-03-31": "5.43710", "2007-12-31": "6.85410", "2007-09-30": "12.52360", "2007-06-30": "6.27090", "2007-03-31": "8.95520", "2006-12-31": "16.37000", "2006-09-30": "18.25170", "2006-06-30": "16.51400", "2006-03-31": "15.51660", "2005-12-31": "14.28270", "2005-09-30": "-64.72010", "2005-06-30": "12.76820", "2005-03-31": "17.05610"}, "EBITDA Margin": {"2020-09-30": "", "2020-06-30": "", "2020-03-31": "", "2019-12-31": "", "2019-09-30": "", "2019-06-30": "", "2019-03-31": "", "2018-12-31": "", "2018-09-30": "", "2018-06-30": "", "2018-03-31": "", "2017-12-31": "", "2017-09-30": "", "2017-06-30": "", "2017-03-31": "", "2016-12-31": "", "2016-09-30": "", "2016-06-30": "", "2016-03-31": "", "2015-12-31": "", "2015-09-30": "", "2015-06-30": "", "2015-03-31": "", "2014-12-31": "", "2014-09-30": "", "2014-06-30": "", "2014-03-31": "", "2013-12-31": "", "2013-09-30": "", "2013-06-30": "", "2013-03-31": "", "2012-12-31": "", "2012-09-30": "", "2012-06-30": "", "2012-03-31": "", "2011-12-31": "", "2011-09-30": "", "2011-06-30": "", "2011-03-31": "", "2010-12-31": "", "2010-09-30": "", "2010-06-30": "", "2010-03-31": "", "2009-12-31": "", "2009-09-30": "", "2009-06-30": "", "2009-03-31": "", "2008-12-31": "", "2008-09-30": "", "2008-06-30": "", "2008-03-31": "", "2007-12-31": "", "2007-09-30": "", "2007-06-30": "", "2007-03-31": "", "2006-12-31": "", "2006-09-30": "", "2006-06-30": "", "2006-03-31": "", "2005-12-31": "", "2005-09-30": "", "2005-06-30": "", "2005-03-31": ""}, "Pre-Tax Profit Margin": {"2020-09-30": "7.31600", "2020-06-30": "15.66120", "2020-03-31": "7.85400", "2019-12-31": "6.21900", "2019-09-30": "6.71950", "2019-06-30": "6.28780", "2019-03-31": "8.49900", "2018-12-31": "7.25680", "2018-09-30": "11.77560", "2018-06-30": "7.83230", "2018-03-31": "3.02600", "2017-12-31": "4.59910", "2017-09-30": "12.23080", "2017-06-30": "2.33640", "2017-03-31": "6.08340", "2016-12-31": "5.53810", "2016-09-30": "9.78750", "2016-06-30": "5.38600", "2016-03-31": "4.44200", "2015-12-31": "0.87720", "2015-09-30": "-2.87510", "2015-06-30": "5.90090", "2015-03-31": "7.70850", "2014-12-31": "3.65590", "2014-09-30": "7.12800", "2014-06-30": "9.12980", "2014-03-31": "6.09200", "2013-12-31": "4.93140", "2013-09-30": "10.23070", "2013-06-30": "7.99150", "2013-03-31": "7.04720", "2012-12-31": "8.24000", "2012-09-30": "10.40320", "2012-06-30": "8.21650", "2012-03-31": "8.86530", "2011-12-31": "12.70010", "2011-09-30": "14.07340", "2011-06-30": "0.93560", "2011-03-31": "11.91250", "2010-12-31": "12.72050", "2010-09-30": "18.70900", "2010-06-30": "12.83970", "2010-03-31": "8.31700", "2009-12-31": "9.20350", "2009-09-30": "10.21200", "2009-06-30": "8.09680", "2009-03-31": "-137.56300", "2008-12-31": "5.97270", "2008-09-30": "7.73040", "2008-06-30": "5.99780", "2008-03-31": "4.50430", "2007-12-31": "6.03400", "2007-09-30": "13.31570", "2007-06-30": "5.32720", "2007-03-31": "7.64180", "2006-12-31": "17.01160", "2006-09-30": "18.44380", "2006-06-30": "17.13190", "2006-03-31": "17.07020", "2005-12-31": "16.33510", "2005-09-30": "-66.43170", "2005-06-30": "12.83260", "2005-03-31": "16.99620"}, "Net Profit Margin": {"2020-09-30": "6.01160", "2020-06-30": "12.23450", "2020-03-31": "6.48510", "2019-12-31": "5.81020", "2019-09-30": "3.56410", "2019-06-30": "4.48540", "2019-03-31": "6.93080", "2018-12-31": "6.17410", "2018-09-30": "11.90730", "2018-06-30": "6.37880", "2018-03-31": "4.01130", "2017-12-31": "13.18500", "2017-09-30": "9.40000", "2017-06-30": "0.87070", "2017-03-31": "5.06700", "2016-12-31": "3.73390", "2016-09-30": "7.32290", "2016-06-30": "6.91180", "2016-03-31": "3.52510", "2015-12-31": "0.72600", "2015-09-30": "-1.67280", "2015-06-30": "4.02530", "2015-03-31": "5.49710", "2014-12-31": "2.60220", "2014-09-30": "5.12710", "2014-06-30": "6.56440", "2014-03-31": "-0.79460", "2013-12-31": "3.35540", "2013-09-30": "8.06120", "2013-06-30": "5.51630", "2013-03-31": "5.23840", "2012-12-31": "5.60220", "2012-09-30": "9.08250", "2012-06-30": "5.75650", "2012-03-31": "6.09490", "2011-12-31": "8.63290", "2011-09-30": "14.74690", "2011-06-30": "0.38980", "2011-03-31": "8.23180", "2010-12-31": "9.40670", "2010-09-30": "12.78370", "2010-06-30": "8.48590", "2010-03-31": "6.77680", "2009-12-31": "5.57280", "2009-09-30": "7.26670", "2009-06-30": "6.03530", "2009-03-31": "-138.09660", "2008-12-31": "4.03870", "2008-09-30": "5.72710", "2008-06-30": "5.53440", "2008-03-31": "7.03620", "2007-12-31": "13.12240", "2007-09-30": "9.07200", "2007-06-30": "10.86760", "2007-03-31": "16.38810", "2006-12-31": "10.74090", "2006-09-30": "12.92990", "2006-06-30": "10.88860", "2006-03-31": "10.99680", "2005-12-31": "10.11520", "2005-09-30": "-46.25450", "2005-06-30": "8.15450", "2005-03-31": "10.78490"}, "Asset Turnover": {"2020-09-30": "0.15100", "2020-06-30": "0.16260", "2020-03-31": "0.15560", "2019-12-31": "0.15160", "2019-09-30": "0.15910", "2019-06-30": "0.15890", "2019-03-31": "0.16350", "2018-12-31": "0.15710", "2018-09-30": "0.17410", "2018-06-30": "0.15870", "2018-03-31": "0.15770", "2017-12-31": "0.15010", "2017-09-30": "0.16300", "2017-06-30": "0.15370", "2017-03-31": "0.15180", "2016-12-31": "0.15380", "2016-09-30": "0.16560", "2016-06-30": "0.15470", "2016-03-31": "0.14910", "2015-12-31": "0.15480", "2015-09-30": "0.12870", "2015-06-30": "0.27000", "2015-03-31": "0.27830", "2014-12-31": "0.26780", "2014-09-30": "0.27400", "2014-06-30": "0.26740", "2014-03-31": "0.27320", "2013-12-31": "0.25760", "2013-09-30": "0.27600", "2013-06-30": "0.27320", "2013-03-31": "0.27080", "2012-12-31": "0.26530", "2012-09-30": "0.26520", "2012-06-30": "0.31260", "2012-03-31": "0.32140", "2011-12-31": "0.31170", "2011-09-30": "0.33150", "2011-06-30": "0.29560", "2011-03-31": "0.31390", "2010-12-31": "0.30580", "2010-09-30": "0.31840", "2010-06-30": "0.29240", "2010-03-31": "0.29270", "2009-12-31": "0.29690", "2009-09-30": "0.29470", "2009-06-30": "0.28620", "2009-03-31": "0.28790", "2008-12-31": "0.21630", "2008-09-30": "0.25110", "2008-06-30": "0.22930", "2008-03-31": "0.22920", "2007-12-31": "0.15770", "2007-09-30": "0.25040", "2007-06-30": "0.15890", "2007-03-31": "0.16470", "2006-12-31": "0.24130", "2006-09-30": "0.26660", "2006-06-30": "0.21430", "2006-03-31": "0.23290", "2005-12-31": "0.21090", "2005-09-30": "0.22280", "2005-06-30": "0.23390", "2005-03-31": "0.24370"}, "Inventory Turnover Ratio": {"2020-09-30": "0.98980", "2020-06-30": "1.11060", "2020-03-31": "1.33970", "2019-12-31": "1.23620", "2019-09-30": "1.47260", "2019-06-30": "1.24310", "2019-03-31": "1.23080", "2018-12-31": "1.17870", "2018-09-30": "1.31300", "2018-06-30": "1.16550", "2018-03-31": "1.14280", "2017-12-31": "1.17290", "2017-09-30": "1.32090", "2017-06-30": "1.33530", "2017-03-31": "1.34230", "2016-12-31": "1.36320", "2016-09-30": "1.42580", "2016-06-30": "1.33650", "2016-03-31": "1.28030", "2015-12-31": "1.48860", "2015-09-30": "1.18620", "2015-06-30": "1.55970", "2015-03-31": "1.54480", "2014-12-31": "1.54760", "2014-09-30": "1.51250", "2014-06-30": "1.72400", "2014-03-31": "1.77170", "2013-12-31": "1.79600", "2013-09-30": "1.98820", "2013-06-30": "1.90640", "2013-03-31": "1.75940", "2012-12-31": "1.93150", "2012-09-30": "1.81640", "2012-06-30": "2.19120", "2012-03-31": "2.07280", "2011-12-31": "2.08730", "2011-09-30": "2.30130", "2011-06-30": "1.80750", "2011-03-31": "1.75730", "2010-12-31": "1.68020", "2010-09-30": "1.84880", "2010-06-30": "1.71130", "2010-03-31": "1.75140", "2009-12-31": "1.94830", "2009-09-30": "2.08700", "2009-06-30": "1.75240", "2009-03-31": "1.52870", "2008-12-31": "1.56400", "2008-09-30": "2.34700", "2008-06-30": "1.81350", "2008-03-31": "1.83500", "2007-12-31": "1.25260", "2007-09-30": "1.98770", "2007-06-30": "1.06270", "2007-03-31": "1.17940", "2006-12-31": "1.88770", "2006-09-30": "2.23650", "2006-06-30": "1.99330", "2006-03-31": "2.27910", "2005-12-31": "2.14220", "2005-09-30": "2.57530", "2005-06-30": "1.98690", "2005-03-31": "2.28870"}, "Receiveable Turnover": {"2020-09-30": "1.18560", "2020-06-30": "1.18770", "2020-03-31": "1.10340", "2019-12-31": "1.15380", "2019-09-30": "1.19820", "2019-06-30": "1.21560", "2019-03-31": "1.22760", "2018-12-31": "1.27070", "2018-09-30": "1.30740", "2018-06-30": "1.27560", "2018-03-31": "1.32090", "2017-12-31": "1.31060", "2017-09-30": "1.27450", "2017-06-30": "1.32670", "2017-03-31": "1.35540", "2016-12-31": "1.35070", "2016-09-30": "1.37060", "2016-06-30": "1.42790", "2016-03-31": "1.35340", "2015-12-31": "1.43550", "2015-09-30": "1.16010", "2015-06-30": "1.21480", "2015-03-31": "1.29020", "2014-12-31": "1.24030", "2014-09-30": "1.16740", "2014-06-30": "1.19830", "2014-03-31": "1.20030", "2013-12-31": "1.20640", "2013-09-30": "1.21030", "2013-06-30": "1.17440", "2013-03-31": "1.18480", "2012-12-31": "1.14820", "2012-09-30": "1.09930", "2012-06-30": "1.15810", "2012-03-31": "1.14570", "2011-12-31": "1.08670", "2011-09-30": "1.11500", "2011-06-30": "1.12710", "2011-03-31": "1.09680", "2010-12-31": "1.06280", "2010-09-30": "1.12320", "2010-06-30": "1.09510", "2010-03-31": "1.03450", "2009-12-31": "1.02870", "2009-09-30": "1.04820", "2009-06-30": "1.06420", "2009-03-31": "1.03370", "2008-12-31": "1.00800", "2008-09-30": "1.07390", "2008-06-30": "1.02980", "2008-03-31": "1.03620", "2007-12-31": "0.78610", "2007-09-30": "1.07850", "2007-06-30": "0.69170", "2007-03-31": "0.69810", "2006-12-31": "1.03250", "2006-09-30": "1.03890", "2006-06-30": "1.01800", "2006-03-31": "1.04980", "2005-12-31": "1.04460", "2005-09-30": "1.10820", "2005-06-30": "1.16120", "2005-03-31": "1.17120"}, "Days Sales In Receivables": {"2020-09-30": "75.91240", "2020-06-30": "75.77590", "2020-03-31": "81.56250", "2019-12-31": "78.00440", "2019-09-30": "75.11110", "2019-06-30": "74.03830", "2019-03-31": "73.31560", "2018-12-31": "70.82810", "2018-09-30": "68.83960", "2018-06-30": "70.55460", "2018-03-31": "68.13650", "2017-12-31": "68.67250", "2017-09-30": "70.61760", "2017-06-30": "67.83630", "2017-03-31": "66.40300", "2016-12-31": "66.63160", "2016-09-30": "65.66430", "2016-06-30": "63.03020", "2016-03-31": "66.49700", "2015-12-31": "62.69510", "2015-09-30": "77.57970", "2015-06-30": "74.08640", "2015-03-31": "69.75570", "2014-12-31": "72.56130", "2014-09-30": "77.09460", "2014-06-30": "75.10560", "2014-03-31": "74.98190", "2013-12-31": "74.60350", "2013-09-30": "74.35940", "2013-06-30": "76.63370", "2013-03-31": "75.96190", "2012-12-31": "78.38240", "2012-09-30": "81.86750", "2012-06-30": "77.71220", "2012-03-31": "78.55220", "2011-12-31": "82.82080", "2011-09-30": "80.72000", "2011-06-30": "79.84930", "2011-03-31": "82.05420", "2010-12-31": "84.68470", "2010-09-30": "80.12860", "2010-06-30": "82.18800", "2010-03-31": "87.00090", "2009-12-31": "87.49230", "2009-09-30": "85.86290", "2009-06-30": "84.56830", "2009-03-31": "87.06490", "2008-12-31": "89.28330", "2008-09-30": "83.80630", "2008-06-30": "87.39910", "2008-03-31": "86.85770", "2007-12-31": "114.49030", "2007-09-30": "83.44780", "2007-06-30": "130.10960", "2007-03-31": "128.92840", "2006-12-31": "87.16890", "2006-09-30": "86.62820", "2006-06-30": "88.40830", "2006-03-31": "85.73240", "2005-12-31": "86.15500", "2005-09-30": "81.21020", "2005-06-30": "77.50430", "2005-03-31": "76.84240"}, "ROE - Return On Equity": {"2020-09-30": "2.45640", "2020-06-30": "5.68260", "2020-03-31": "3.02800", "2019-12-31": "2.45830", "2019-09-30": "1.77330", "2019-06-30": "2.00650", "2019-03-31": "3.09610", "2018-12-31": "2.71990", "2018-09-30": "5.59340", "2018-06-30": "2.99560", "2018-03-31": "1.88690", "2017-12-31": "6.03100", "2017-09-30": "5.06000", "2017-06-30": "0.44140", "2017-03-31": "2.71410", "2016-12-31": "1.96590", "2016-09-30": "4.15890", "2016-06-30": "3.75720", "2016-03-31": "1.87690", "2015-12-31": "0.37520", "2015-09-30": "-0.87300", "2015-06-30": "2.43110", "2015-03-31": "3.61350", "2014-12-31": "1.63010", "2014-09-30": "3.05020", "2014-06-30": "3.14230", "2014-03-31": "-0.41030", "2013-12-31": "1.57440", "2013-09-30": "4.11090", "2013-06-30": "2.90720", "2013-03-31": "2.75210", "2012-12-31": "2.92360", "2012-09-30": "4.82400", "2012-06-30": "2.88530", "2012-03-31": "3.16730", "2011-12-31": "4.28000", "2011-09-30": "8.56140", "2011-06-30": "0.19910", "2011-03-31": "4.35070", "2010-12-31": "4.85730", "2010-09-30": "7.18020", "2010-06-30": "4.55220", "2010-03-31": "3.77740", "2009-12-31": "3.18040", "2009-09-30": "4.33280", "2009-06-30": "3.35380", "2009-03-31": "-80.31030", "2008-12-31": "1.33680", "2008-09-30": "2.19840", "2008-06-30": "1.99520", "2008-03-31": "0.89280", "2007-12-31": "0.94900", "2007-09-30": "3.76430", "2007-06-30": "0.90030", "2007-03-31": "1.28970", "2006-12-31": "4.43360", "2006-09-30": "5.94680", "2006-06-30": "4.76190", "2006-03-31": "5.26060", "2005-12-31": "4.85900", "2005-09-30": "-23.83700", "2005-06-30": "3.36760", "2005-03-31": "4.71420"}, "Return On Tangible Equity": {"2020-09-30": "-3.90390", "2020-06-30": "-8.14400", "2020-03-31": "-3.71250", "2019-12-31": "-3.29930", "2019-09-30": "-2.21240", "2019-06-30": "-2.52750", "2019-03-31": "-4.31900", "2018-12-31": "-3.46550", "2018-09-30": "-7.86220", "2018-06-30": "-3.51700", "2018-03-31": "-2.13980", "2017-12-31": "-6.24870", "2017-09-30": "-4.49280", "2017-06-30": "-0.34960", "2017-03-31": "-2.01350", "2016-12-31": "-1.58190", "2016-09-30": "-3.44550", "2016-06-30": "-2.84450", "2016-03-31": "-1.35040", "2015-12-31": "-0.25550", "2015-09-30": "2.22660", "2015-06-30": "14.62080", "2015-03-31": "26.60550", "2014-12-31": "12.22220", "2014-09-30": "6.04870", "2014-06-30": "10.61840", "2014-03-31": "-1.53560", "2013-12-31": "5.25690", "2013-09-30": "6.84240", "2013-06-30": "11.25540", "2013-03-31": "10.94750", "2012-12-31": "12.12730", "2012-09-30": "21.00750", "2012-06-30": "4.16440", "2012-03-31": "4.67570", "2011-12-31": "5.86450", "2011-09-30": "12.01740", "2011-06-30": "0.27450", "2011-03-31": "6.03130", "2010-12-31": "6.89390", "2010-09-30": "10.37160", "2010-06-30": "6.70730", "2010-03-31": "5.76200", "2009-12-31": "5.00500", "2009-09-30": "6.69540", "2009-06-30": "5.22500", "2009-03-31": "-132.32960", "2008-12-31": "3.89360", "2008-09-30": "4.48210", "2008-06-30": "4.14260", "2008-03-31": "1.90510", "2007-12-31": "1.70560", "2007-09-30": "6.93680", "2007-06-30": "1.68080", "2007-03-31": "2.47950", "2006-12-31": "8.84010", "2006-09-30": "12.01790", "2006-06-30": "10.30870", "2006-03-31": "12.20060", "2005-12-31": "11.92350", "2005-09-30": "-61.97370", "2005-06-30": "6.49220", "2005-03-31": "9.00690"}, "ROA - Return On Assets": {"2020-09-30": "0.90770", "2020-06-30": "1.98890", "2020-03-31": "1.00920", "2019-12-31": "0.88080", "2019-09-30": "0.56720", "2019-06-30": "0.71250", "2019-03-31": "1.13330", "2018-12-31": "0.97000", "2018-09-30": "2.07340", "2018-06-30": "1.01220", "2018-03-31": "0.63270", "2017-12-31": "1.97960", "2017-09-30": "1.52580", "2017-06-30": "0.12710", "2017-03-31": "0.76000", "2016-12-31": "0.56700", "2016-09-30": "1.20590", "2016-06-30": "1.06220", "2016-03-31": "0.52090", "2015-12-31": "0.10070", "2015-09-30": "-0.22660", "2015-06-30": "1.06400", "2015-03-31": "1.52970", "2014-12-31": "0.69690", "2014-09-30": "1.40470", "2014-06-30": "1.75530", "2014-03-31": "-0.21710", "2013-12-31": "0.86420", "2013-09-30": "2.22460", "2013-06-30": "1.50690", "2013-03-31": "1.41880", "2012-12-31": "1.48610", "2012-09-30": "2.40850", "2012-06-30": "1.79940", "2012-03-31": "1.95900", "2011-12-31": "2.69050", "2011-09-30": "4.88800", "2011-06-30": "0.11520", "2011-03-31": "2.58430", "2010-12-31": "2.89310", "2010-09-30": "4.07840", "2010-06-30": "2.49760", "2010-03-31": "2.00820", "2009-12-31": "1.66300", "2009-09-30": "2.14180", "2009-06-30": "1.72750", "2009-03-31": "-39.75420", "2008-12-31": "0.87360", "2008-09-30": "1.40840", "2008-06-30": "1.34420", "2008-03-31": "0.57430", "2007-12-31": "0.57270", "2007-09-30": "2.27210", "2007-06-30": "0.54640", "2007-03-31": "0.77170", "2006-12-31": "2.59140", "2006-09-30": "3.44740", "2006-06-30": "2.33310", "2006-03-31": "2.56100", "2005-12-31": "2.14650", "2005-09-30": "-10.36700", "2005-06-30": "1.89240", "2005-03-31": "2.60880"}, "ROI - Return On Investment": {"2020-09-30": "1.25380", "2020-06-30": "2.73360", "2020-03-31": "1.37400", "2019-12-31": "1.17570", "2019-09-30": "0.83120", "2019-06-30": "0.94530", "2019-03-31": "1.47180", "2018-12-31": "1.25300", "2018-09-30": "2.65370", "2018-06-30": "1.33960", "2018-03-31": "0.80600", "2017-12-31": "2.52260", "2017-09-30": "1.98220", "2017-06-30": "0.16560", "2017-03-31": "0.99010", "2016-12-31": "0.75620", "2016-09-30": "1.61930", "2016-06-30": "1.38360", "2016-03-31": "0.67690", "2015-12-31": "0.13100", "2015-09-30": "-0.30310", "2015-06-30": "1.53660", "2015-03-31": "2.22680", "2014-12-31": "1.01080", "2014-09-30": "2.10150", "2014-06-30": "2.49670", "2014-03-31": "-0.32260", "2013-12-31": "1.24430", "2013-09-30": "3.25500", "2013-06-30": "2.26220", "2013-03-31": "2.13930", "2012-12-31": "2.27380", "2012-09-30": "3.73300", "2012-06-30": "2.71780", "2012-03-31": "2.98030", "2011-12-31": "4.01810", "2011-09-30": "8.01260", "2011-06-30": "0.18680", "2011-03-31": "4.08240", "2010-12-31": "4.54550", "2010-09-30": "6.30270", "2010-06-30": "3.97270", "2010-03-31": "3.27720", "2009-12-31": "2.74440", "2009-09-30": "3.72360", "2009-06-30": "2.87670", "2009-03-31": "-68.55040", "2008-12-31": "1.22100", "2008-09-30": "2.01220", "2008-06-30": "1.82480", "2008-03-31": "0.79690", "2007-12-31": "0.74780", "2007-09-30": "2.95750", "2007-06-30": "0.70540", "2007-03-31": "1.00330", "2006-12-31": "3.41900", "2006-09-30": "4.55130", "2006-06-30": "3.60440", "2006-03-31": "3.94300", "2005-12-31": "3.60290", "2005-09-30": "-17.50490", "2005-06-30": "2.55840", "2005-03-31": "3.59970"}, "Book Value Per Share": {"2020-09-30": "25.90150", "2020-06-30": "24.81010", "2020-03-31": "23.28190", "2019-12-31": "24.18010", "2019-09-30": "23.61430", "2019-06-30": "24.33210", "2019-03-31": "23.94380", "2018-12-31": "23.27550", "2018-09-30": "24.03060", "2018-06-30": "22.72990", "2018-03-31": "22.80500", "2017-12-31": "22.13640", "2017-09-30": "20.74940", "2017-06-30": "19.59930", "2017-03-31": "19.04780", "2016-12-31": "18.29620", "2016-09-30": "18.80980", "2016-06-30": "18.29560", "2016-03-31": "18.01010", "2015-12-31": "17.55310", "2015-09-30": "17.75310", "2015-06-30": "13.56140", "2015-03-31": "12.74930", "2014-12-31": "13.13920", "2014-09-30": "14.04070", "2014-06-30": "14.48450", "2014-03-31": "14.05630", "2013-12-31": "14.49770", "2013-09-30": "14.67290", "2013-06-30": "13.61100", "2013-03-31": "13.55880", "2012-12-31": "13.60930", "2012-09-30": "13.36580", "2012-06-30": "13.04470", "2012-03-31": "12.87910", "2011-12-31": "12.41520", "2011-09-30": "12.02380", "2011-06-30": "11.93380", "2011-03-31": "12.08100", "2010-12-31": "11.55210", "2010-09-30": "11.26830", "2010-06-30": "10.65700", "2010-03-31": "10.30130", "2009-12-31": "9.96500", "2009-09-30": "9.72270", "2009-06-30": "9.61730", "2009-03-31": "9.26780", "2008-12-31": "16.97670", "2008-09-30": "17.31910", "2008-06-30": "17.24710", "2008-03-31": "16.91050", "2007-12-31": "20.99630", "2007-09-30": "20.61230", "2007-06-30": "20.27070", "2007-03-31": "19.74500", "2006-12-31": "19.03010", "2006-09-30": "18.42710", "2006-06-30": "17.48970", "2006-03-31": "16.88560", "2005-12-31": "16.31810", "2005-09-30": "15.82500", "2005-06-30": "18.32360", "2005-03-31": "18.41420"}, "Operating Cash Flow Per Share": {"2020-09-30": 2.4812, "2020-06-30": 2.3545, "2020-03-31": 1.1876, "2019-12-31": "1.14360", "2019-09-30": 1.4683, "2019-06-30": 2.1152, "2019-03-31": 0.6363, "2018-12-31": "1.71280", "2018-09-30": 2.1523, "2018-06-30": 1.8347, "2018-03-31": 0.4774, "2017-12-31": "1.38070", "2017-09-30": 1.0865, "2017-06-30": 1.6583, "2017-03-31": 0.821, "2016-12-31": "1.06190", "2016-09-30": 1.1362, "2016-06-30": 1.7682, "2016-03-31": 0.621, "2015-12-31": "0.69710", "2015-09-30": 1.5039, "2015-06-30": 0.6367, "2015-03-31": 0.9788, "2014-12-31": "0.53310", "2014-09-30": 1.2861, "2014-06-30": 0.948, "2014-03-31": 0.6442, "2013-12-31": "0.71520", "2013-09-30": 1.5811, "2013-06-30": 0.928, "2013-03-31": 0.7989, "2012-12-31": "1.06050", "2012-09-30": 1.2015, "2012-06-30": 1.0189, "2012-03-31": 0.9799, "2011-12-31": "0.99620", "2011-09-30": 0.5356, "2011-06-30": 1.2629, "2011-03-31": 1.3178, "2010-12-31": "0.36580", "2010-09-30": 0.4554, "2010-06-30": 0.9647, "2010-03-31": 0.4315, "2009-12-31": "0.34170", "2009-09-30": 0.9363, "2009-06-30": 1.232, "2009-03-31": 0.8825, "2008-12-31": "0.55570", "2008-09-30": 0.6934, "2008-06-30": 0.3624, "2008-03-31": 1.3392, "2007-12-31": "1.92460", "2007-09-30": 1.4107, "2007-06-30": 0.9567, "2007-03-31": 0.5589, "2006-12-31": "1.64630", "2006-09-30": -2.5423, "2006-06-30": 1.6484, "2006-03-31": 0.4822, "2005-12-31": "0.88350", "2005-09-30": 0.998, "2005-06-30": 0.6063, "2005-03-31": 2.276}, "Free Cash Flow Per Share": {"2020-09-30": 1.9907, "2020-06-30": 1.9716, "2020-03-31": 0.8761, "2019-12-31": "0.79010", "2019-09-30": 1.1439, "2019-06-30": 1.8178, "2019-03-31": 0.4361, "2018-12-31": "1.49280", "2018-09-30": 1.8945, "2018-06-30": 1.5366, "2018-03-31": 0.1529, "2017-12-31": "0.99950", "2017-09-30": 0.7486, "2017-06-30": 1.3172, "2017-03-31": 0.548, "2016-12-31": "0.78820", "2016-09-30": 0.8079, "2016-06-30": 1.5716, "2016-03-31": 0.1906, "2015-12-31": "0.43460", "2015-09-30": 1.2086, "2015-06-30": 0.2635, "2015-03-31": 0.3641, "2014-12-31": "-0.23040", "2014-09-30": 0.9881, "2014-06-30": 0.7408, "2014-03-31": 0.3946, "2013-12-31": "0.43960", "2013-09-30": 1.3332, "2013-06-30": 0.6784, "2013-03-31": 0.5331, "2012-12-31": "0.83790", "2012-09-30": 1.0173, "2012-06-30": 0.6515, "2012-03-31": 0.7026, "2011-12-31": "0.74750", "2011-09-30": 0.2784, "2011-06-30": 0.9503, "2011-03-31": 1.0635, "2010-12-31": "0.20390", "2010-09-30": 0.1407, "2010-06-30": 0.7209, "2010-03-31": 0.1961, "2009-12-31": "0.15980", "2009-09-30": 0.675, "2009-06-30": 1.1593, "2009-03-31": 0.6405, "2008-12-31": "0.34710", "2008-09-30": 0.2887, "2008-06-30": 0.0349, "2008-03-31": 0.8544, "2007-12-31": "1.51270", "2007-09-30": 0.8617, "2007-06-30": 0.5155, "2007-03-31": -0.1603, "2006-12-31": "1.21610", "2006-09-30": -2.8751, "2006-06-30": 1.3404, "2006-03-31": 0.0199, "2005-12-31": "0.60370", "2005-09-30": 0.3608, "2005-06-30": 0.1486, "2005-03-31": 1.4089}}, "revenue": {"Hill-Rom Holdings Annual Revenue (Millions of US $)": {"2020": "$2,881", "2019": "$2,907", "2018": "$2,848", "2017": "$2,744", "2016": "$2,655", "2015": "$1,988", "2014": "$1,686", "2013": "$1,716", "2012": "$1,634", "2011": "$1,592", "2010": "$1,470", "2009": "$1,387", "2008": "$1,508", "2007": "$1,357", "2006": "$1,288", "2005": "$1,938"}, "Hill-Rom Holdings Quarterly Revenue (Millions of US $)": {"2020-12-31": "$741", "2020-09-30": "$705", "2020-06-30": "$768", "2020-03-31": "$723", "2019-12-31": "$685", "2019-09-30": "$783", "2019-06-30": "$727", "2019-03-31": "$714", "2018-12-31": "$684", "2018-09-30": "$759", "2018-06-30": "$709", "2018-03-31": "$711", "2017-12-31": "$670", "2017-09-30": "$738", "2017-06-30": "$689", "2017-03-31": "$679", "2016-12-31": "$637", "2016-09-30": "$706", "2016-06-30": "$655", "2016-03-31": "$633", "2015-12-31": "$661", "2015-09-30": "$574", "2015-06-30": "$475", "2015-03-31": "$475", "2014-12-31": "$465", "2014-09-30": "$480", "2014-06-30": "$398", "2014-03-31": "$415", "2013-12-31": "$393", "2013-09-30": "$438", "2013-06-30": "$424", "2013-03-31": "$426", "2012-12-31": "$428", "2012-09-30": "$432", "2012-06-30": "$407", "2012-03-31": "$415", "2011-12-31": "$381", "2011-09-30": "$431", "2011-06-30": "$385", "2011-03-31": "$402", "2010-12-31": "$374", "2010-09-30": "$397", "2010-06-30": "$361", "2010-03-31": "$357", "2009-12-31": "$355", "2009-09-30": "$363", "2009-06-30": "$335", "2009-03-31": "$337", "2008-12-31": "$352", "2008-09-30": "$424", "2008-06-30": "$367", "2008-03-31": "$375", "2007-12-31": "$341", "2007-09-30": "$530", "2007-06-30": "$329", "2007-03-31": "$335", "2006-12-31": "$483", "2006-09-30": "$521", "2006-06-30": "$469", "2006-03-31": "$496", "2005-12-31": "$478", "2005-09-30": "$497", "2005-06-30": "$466", "2005-03-31": "$501"}}, "gross-profit": {"Hill-Rom Holdings Annual Gross Profit (Millions of US $)": {"2020": "$1,475", "2019": "$1,425", "2018": "$1,394", "2017": "$1,321", "2016": "$1,257", "2015": "$880", "2014": "$780", "2013": "$780", "2012": "$755", "2011": "$781", "2010": "$717", "2009": "$628", "2008": "$670", "2007": "$603", "2006": "$570", "2005": "$841"}, "Hill-Rom Holdings Quarterly Gross Profit (Millions of US $)": {"2020-12-31": "$379", "2020-09-30": "$357", "2020-06-30": "$409", "2020-03-31": "$368", "2019-12-31": "$342", "2019-09-30": "$386", "2019-06-30": "$357", "2019-03-31": "$353", "2018-12-31": "$330", "2018-09-30": "$376", "2018-06-30": "$348", "2018-03-31": "$350", "2017-12-31": "$320", "2017-09-30": "$363", "2017-06-30": "$331", "2017-03-31": "$324", "2016-12-31": "$303", "2016-09-30": "$347", "2016-06-30": "$315", "2016-03-31": "$304", "2015-12-31": "$291", "2015-09-30": "$257", "2015-06-30": "$210", "2015-03-31": "$214", "2014-12-31": "$200", "2014-09-30": "$213", "2014-06-30": "$187", "2014-03-31": "$203", "2013-12-31": "$177", "2013-09-30": "$203", "2013-06-30": "$190", "2013-03-31": "$196", "2012-12-31": "$191", "2012-09-30": "$201", "2012-06-30": "$173", "2012-03-31": "$196", "2011-12-31": "$185", "2011-09-30": "$211", "2011-06-30": "$188", "2011-03-31": "$199", "2010-12-31": "$185", "2010-09-30": "$196", "2010-06-30": "$178", "2010-03-31": "$172", "2009-12-31": "$171", "2009-09-30": "$171", "2009-06-30": "$151", "2009-03-31": "$153", "2008-12-31": "$153", "2008-09-30": "$190", "2008-06-30": "$161", "2008-03-31": "$167", "2007-12-31": "$152", "2007-09-30": "$222", "2007-06-30": "$146", "2007-03-31": "$152", "2006-12-31": "$214", "2006-09-30": "$230", "2006-06-30": "$202", "2006-03-31": "$214", "2005-12-31": "$203", "2005-09-30": "$177", "2005-06-30": "$209", "2005-03-31": "$234"}}, "operating-income": {"Hill-Rom Holdings Annual Operating Income (Millions of US $)": {"2020": "$368", "2019": "$316", "2018": "$289", "2017": "$275", "2016": "$230", "2015": "$83", "2014": "$123", "2013": "$155", "2012": "$169", "2011": "$167", "2010": "$192", "2009": "$-383", "2008": "$103", "2007": "$121", "2006": "$129", "2005": "$-110"}, "Hill-Rom Holdings Quarterly Operating Income (Millions of US $)": {"2020-12-31": "$82", "2020-09-30": "$66", "2020-06-30": "$135", "2020-03-31": "$87", "2019-12-31": "$79", "2019-09-30": "$94", "2019-06-30": "$70", "2019-03-31": "$81", "2018-12-31": "$71", "2018-09-30": "$113", "2018-06-30": "$79", "2018-03-31": "$46", "2017-12-31": "$52", "2017-09-30": "$115", "2017-06-30": "$40", "2017-03-31": "$64", "2016-12-31": "$56", "2016-09-30": "$94", "2016-06-30": "$58", "2016-03-31": "$50", "2015-12-31": "$29", "2015-09-30": "$-6", "2015-06-30": "$31", "2015-03-31": "$38", "2014-12-31": "$19", "2014-09-30": "$35", "2014-06-30": "$38", "2014-03-31": "$28", "2013-12-31": "$21", "2013-09-30": "$48", "2013-06-30": "$36", "2013-03-31": "$34", "2012-12-31": "$37", "2012-09-30": "$47", "2012-06-30": "$34", "2012-03-31": "$37", "2011-12-31": "$50", "2011-09-30": "$63", "2011-06-30": "$5", "2011-03-31": "$49", "2010-12-31": "$50", "2010-09-30": "$78", "2010-06-30": "$48", "2010-03-31": "$32", "2009-12-31": "$34", "2009-09-30": "$39", "2009-06-30": "$18", "2009-03-31": "$-463", "2008-12-31": "$23", "2008-09-30": "$36", "2008-06-30": "$23", "2008-03-31": "$20", "2007-12-31": "$23", "2007-09-30": "$66", "2007-06-30": "$21", "2007-03-31": "$30", "2006-12-31": "$79", "2006-09-30": "$95", "2006-06-30": "$78", "2006-03-31": "$77", "2005-12-31": "$68", "2005-09-30": "$-321", "2005-06-30": "$60", "2005-03-31": "$85"}}, "ebitda": {"Hill-Rom Holdings Annual EBITDA (Millions of US $)": {"2020": "$551", "2019": "$518", "2018": "$493", "2017": "$486", "2016": "$439", "2015": "$201", "2014": "$229", "2013": "$272", "2012": "$281", "2011": "$271", "2010": "$291", "2009": "$190", "2008": "$216", "2007": "$213", "2006": "$224", "2005": "$-10"}, "Hill-Rom Holdings Quarterly EBITDA (Millions of US $)": {"2020-09-30": "$113", "2020-06-30": "$181", "2020-03-31": "$133", "2019-12-31": "$123", "2019-09-30": "$154", "2019-06-30": "$119", "2019-03-31": "$129", "2018-12-31": "$116", "2018-09-30": "$164", "2018-06-30": "$129", "2018-03-31": "$97", "2017-12-31": "$104", "2017-09-30": "$170", "2017-06-30": "$94", "2017-03-31": "$115", "2016-12-31": "$107", "2016-09-30": "$146", "2016-06-30": "$112", "2016-03-31": "$101", "2015-12-31": "$81", "2015-09-30": "$28", "2015-06-30": "$60", "2015-03-31": "$66", "2014-12-31": "$48", "2014-09-30": "$62", "2014-06-30": "$64", "2014-03-31": "$54", "2013-12-31": "$49", "2013-09-30": "$76", "2013-06-30": "$65", "2013-03-31": "$63", "2012-12-31": "$68", "2012-09-30": "$78", "2012-06-30": "$61", "2012-03-31": "$65", "2011-12-31": "$76", "2011-09-30": "$89", "2011-06-30": "$31", "2011-03-31": "$76", "2010-12-31": "$75", "2010-09-30": "$104", "2010-06-30": "$72", "2010-03-31": "$57", "2009-12-31": "$59", "2009-09-30": "$63", "2009-06-30": "$46", "2009-03-31": "$32", "2008-12-31": "$49", "2008-09-30": "$65", "2008-06-30": "$49", "2008-03-31": "$54", "2007-12-31": "$49", "2007-09-30": "$89", "2007-06-30": "$44", "2007-03-31": "$53", "2006-12-31": "$102", "2006-09-30": "$119", "2006-06-30": "$101", "2006-03-31": "$100", "2005-12-31": "$92", "2005-09-30": "$-298", "2005-06-30": "$85", "2005-03-31": "$110"}}, "net-income": {"Hill-Rom Holdings Annual Net Income (Millions of US $)": {"2020": "$223", "2019": "$152", "2018": "$252", "2017": "$134", "2016": "$124", "2015": "$48", "2014": "$61", "2013": "$105", "2012": "$121", "2011": "$133", "2010": "$125", "2009": "$-405", "2008": "$116", "2007": "$191", "2006": "$221", "2005": "$-94"}, "Hill-Rom Holdings Quarterly Net Income (Millions of US $)": {"2020-12-31": "$59", "2020-09-30": "$42", "2020-06-30": "$94", "2020-03-31": "$47", "2019-12-31": "$40", "2019-09-30": "$28", "2019-06-30": "$33", "2019-03-31": "$50", "2018-12-31": "$42", "2018-09-30": "$90", "2018-06-30": "$45", "2018-03-31": "$29", "2017-12-31": "$88", "2017-09-30": "$69", "2017-06-30": "$6", "2017-03-31": "$34", "2016-12-31": "$24", "2016-09-30": "$52", "2016-06-30": "$45", "2016-03-31": "$22", "2015-12-31": "$5", "2015-09-30": "$-10", "2015-06-30": "$19", "2015-03-31": "$26", "2014-12-31": "$12", "2014-09-30": "$25", "2014-06-30": "$26", "2014-03-31": "$-3", "2013-12-31": "$13", "2013-09-30": "$35", "2013-06-30": "$23", "2013-03-31": "$22", "2012-12-31": "$24", "2012-09-30": "$39", "2012-06-30": "$23", "2012-03-31": "$25", "2011-12-31": "$33", "2011-09-30": "$64", "2011-06-30": "$2", "2011-03-31": "$33", "2010-12-31": "$35", "2010-09-30": "$51", "2010-06-30": "$31", "2010-03-31": "$24", "2009-12-31": "$20", "2009-09-30": "$26", "2009-06-30": "$20", "2009-03-31": "$-466", "2008-12-31": "$14", "2008-09-30": "$24", "2008-06-30": "$20", "2008-03-31": "$26", "2007-12-31": "$45", "2007-09-30": "$48", "2007-06-30": "$36", "2007-03-31": "$55", "2006-12-31": "$52", "2006-09-30": "$67", "2006-06-30": "$51", "2006-03-31": "$55", "2005-12-31": "$48", "2005-09-30": "$-230", "2005-06-30": "$38", "2005-03-31": "$54"}}, "eps-earnings-per-share-diluted": {"Hill-Rom Holdings Annual EPS": {"2020": "$3.32", "2019": "$2.25", "2018": "$3.73", "2017": "$1.99", "2016": "$1.86", "2015": "$0.82", "2014": "$1.04", "2013": "$1.74", "2012": "$1.94", "2011": "$2.09", "2010": "$1.97", "2009": "$-6.47", "2008": "$1.85", "2007": "$3.07", "2006": "$3.59", "2005": "$-1.52"}, "Hill-Rom Holdings Quarterly EPS": {"2020-12-31": "$0.88", "2020-09-30": "$0.63", "2020-06-30": "$1.40", "2020-03-31": "$0.70", "2019-12-31": "$0.59", "2019-09-30": "$0.41", "2019-06-30": "$0.48", "2019-03-31": "$0.74", "2018-12-31": "$0.62", "2018-09-30": "$1.33", "2018-06-30": "$0.67", "2018-03-31": "$0.42", "2017-12-31": "$1.31", "2017-09-30": "$1.03", "2017-06-30": "$0.09", "2017-03-31": "$0.51", "2016-12-31": "$0.36", "2016-09-30": "$0.78", "2016-06-30": "$0.68", "2016-03-31": "$0.33", "2015-12-31": "$0.07", "2015-09-30": "$-0.17", "2015-06-30": "$0.33", "2015-03-31": "$0.45", "2014-12-31": "$0.21", "2014-09-30": "$0.43", "2014-06-30": "$0.45", "2014-03-31": "$-0.06", "2013-12-31": "$0.22", "2013-09-30": "$0.59", "2013-06-30": "$0.39", "2013-03-31": "$0.37", "2012-12-31": "$0.39", "2012-09-30": "$0.64", "2012-06-30": "$0.37", "2012-03-31": "$0.40", "2011-12-31": "$0.53", "2011-09-30": "$1.00", "2011-06-30": "$0.02", "2011-03-31": "$0.52", "2010-12-31": "$0.55", "2010-09-30": "$0.80", "2010-06-30": "$0.48", "2010-03-31": "$0.38", "2009-12-31": "$0.31", "2009-09-30": "$0.42", "2009-06-30": "$0.32", "2009-03-31": "$-7.44", "2008-12-31": "$0.23", "2008-09-30": "$0.39", "2008-06-30": "$0.32", "2008-03-31": "$0.42", "2007-12-31": "$0.72", "2007-09-30": "$0.77", "2007-06-30": "$0.57", "2007-03-31": "$0.89", "2006-12-31": "$0.84", "2006-09-30": "$1.09", "2006-06-30": "$0.83", "2006-03-31": "$0.89", "2005-12-31": "$0.79", "2005-09-30": "$-3.70", "2005-06-30": "$0.61", "2005-03-31": "$0.87"}}, "shares-outstanding": {"Hill-Rom Holdings Annual Shares Outstanding (Millions of Shares)": {"2020": "67", "2019": "68", "2018": "68", "2017": "67", "2016": "67", "2015": "59", "2014": "59", "2013": "60", "2012": "62", "2011": "64", "2010": "64", "2009": "63", "2008": "63", "2007": "62", "2006": "62", "2005": "62"}, "Hill-Rom Holdings Quarterly Shares Outstanding (Millions of Shares)": {"2020-12-31": "67", "2020-09-30": "67", "2020-06-30": "67", "2020-03-31": "67", "2019-12-31": "67", "2019-09-30": "68", "2019-06-30": "67", "2019-03-31": "67", "2018-12-31": "68", "2018-09-30": "68", "2018-06-30": "68", "2018-03-31": "68", "2017-12-31": "67", "2017-09-30": "67", "2017-06-30": "68", "2017-03-31": "67", "2016-12-31": "67", "2016-09-30": "67", "2016-06-30": "67", "2016-03-31": "66", "2015-12-31": "66", "2015-09-30": "59", "2015-06-30": "58", "2015-03-31": "58", "2014-12-31": "58", "2014-09-30": "59", "2014-06-30": "58", "2014-03-31": "57", "2013-12-31": "59", "2013-09-30": "60", "2013-06-30": "60", "2013-03-31": "61", "2012-12-31": "61", "2012-09-30": "62", "2012-06-30": "63", "2012-03-31": "63", "2011-12-31": "62", "2011-09-30": "64", "2011-06-30": "64", "2011-03-31": "64", "2010-12-31": "64", "2010-09-30": "64", "2010-06-30": "64", "2010-03-31": "64", "2009-12-31": "63", "2009-09-30": "63", "2009-06-30": "63", "2009-03-31": "63", "2008-12-31": "63", "2008-09-30": "63", "2008-06-30": "63", "2008-03-31": "63", "2007-12-31": "62", "2007-09-30": "62", "2007-06-30": "62", "2007-03-31": "62", "2006-12-31": "62", "2006-09-30": "62", "2006-06-30": "62", "2006-03-31": "62", "2005-12-31": "61", "2005-09-30": "62", "2005-06-30": "62", "2005-03-31": "62"}}, "total-assets": {"Hill-Rom Holdings Annual Total Assets (Millions of US $)": {"2020": "$4,671", "2019": "$4,919", "2018": "$4,360", "2017": "$4,529", "2016": "$4,262", "2015": "$4,458", "2014": "$1,751", "2013": "$1,587", "2012": "$1,628", "2011": "$1,299", "2010": "$1,246", "2009": "$1,233", "2008": "$1,690", "2007": "$2,117", "2006": "$1,952", "2005": "$2,229"}, "Hill-Rom Holdings Quarterly Total Assets (Millions of US $)": {"2020-09-30": "$4,671", "2020-06-30": "$4,721", "2020-03-31": "$4,647", "2019-12-31": "$4,519", "2019-09-30": "$4,919", "2019-06-30": "$4,575", "2019-03-31": "$4,368", "2018-12-31": "$4,350", "2018-09-30": "$4,360", "2018-06-30": "$4,465", "2018-03-31": "$4,505", "2017-12-31": "$4,461", "2017-09-30": "$4,529", "2017-06-30": "$4,484", "2017-03-31": "$4,473", "2016-12-31": "$4,144", "2016-09-30": "$4,262", "2016-06-30": "$4,237", "2016-03-31": "$4,243", "2015-12-31": "$4,272", "2015-09-30": "$4,458", "2015-06-30": "$1,758", "2015-03-31": "$1,706", "2014-12-31": "$1,736", "2014-09-30": "$1,751", "2014-06-30": "$1,487", "2014-03-31": "$1,520", "2013-12-31": "$1,527", "2013-09-30": "$1,587", "2013-06-30": "$1,553", "2013-03-31": "$1,572", "2012-12-31": "$1,615", "2012-09-30": "$1,628", "2012-06-30": "$1,300", "2012-03-31": "$1,292", "2011-12-31": "$1,223", "2011-09-30": "$1,299", "2011-06-30": "$1,302", "2011-03-31": "$1,281", "2010-12-31": "$1,224", "2010-09-30": "$1,246", "2010-06-30": "$1,233", "2010-03-31": "$1,220", "2009-12-31": "$1,197", "2009-09-30": "$1,233", "2009-06-30": "$1,169", "2009-03-31": "$1,172", "2008-12-31": "$1,625", "2008-09-30": "$1,690", "2008-06-30": "$1,600", "2008-03-31": "$1,637", "2007-12-31": "$2,165", "2007-09-30": "$2,117", "2007-06-30": "$2,068", "2007-03-31": "$2,035", "2006-12-31": "$2,003", "2006-09-30": "$1,952", "2006-06-30": "$2,190", "2006-03-31": "$2,128", "2005-12-31": "$2,264", "2005-09-30": "$2,229", "2005-06-30": "$1,992", "2005-03-31": "$2,055"}}, "cash-on-hand": {"Hill-Rom Holdings Annual Cash on Hand (Millions of US $)": {"2020": "$297", "2019": "$634", "2018": "$183", "2017": "$232", "2016": "$232", "2015": "$193", "2014": "$99", "2013": "$127", "2012": "$84", "2011": "$225", "2010": "$185", "2009": "$197", "2008": "$222", "2007": "$194", "2006": "$82", "2005": "$168"}, "Hill-Rom Holdings Quarterly Cash on Hand (Millions of US $)": {"2020-09-30": "$297", "2020-06-30": "$332", "2020-03-31": "$291", "2019-12-31": "$204", "2019-09-30": "$634", "2019-06-30": "$203", "2019-03-31": "$187", "2018-12-31": "$184", "2018-09-30": "$183", "2018-06-30": "$247", "2018-03-31": "$239", "2017-12-31": "$234", "2017-09-30": "$232", "2017-06-30": "$243", "2017-03-31": "$219", "2016-12-31": "$232", "2016-09-30": "$232", "2016-06-30": "$200", "2016-03-31": "$158", "2015-12-31": "$174", "2015-09-30": "$193", "2015-06-30": "$123", "2015-03-31": "$115", "2014-12-31": "$114", "2014-09-30": "$99", "2014-06-30": "$112", "2014-03-31": "$120", "2013-12-31": "$118", "2013-09-30": "$127", "2013-06-30": "$91", "2013-03-31": "$87", "2012-12-31": "$108", "2012-09-30": "$84", "2012-06-30": "$220", "2012-03-31": "$175", "2011-12-31": "$214", "2011-09-30": "$225", "2011-06-30": "$283", "2011-03-31": "$235", "2010-12-31": "$182", "2010-09-30": "$185", "2010-06-30": "$208", "2010-03-31": "$161", "2009-12-31": "$150", "2009-09-30": "$197", "2009-06-30": "$128", "2009-03-31": "$85", "2008-12-31": "$50", "2008-09-30": "$222", "2008-06-30": "$131", "2008-03-31": "$195", "2007-12-31": "$290", "2007-09-30": "$194", "2007-06-30": "$146", "2007-03-31": "$118", "2006-12-31": "$136", "2006-09-30": "$82", "2006-06-30": "$255", "2006-03-31": "$191", "2005-12-31": "$196", "2005-09-30": "$168", "2005-06-30": "$152", "2005-03-31": "$214"}}, "long-term-debt": {"Hill-Rom Holdings Annual Long Term Debt (Millions of US $)": {"2020": "$1,656", "2019": "$1,783", "2018": "$1,790", "2017": "$2,120", "2016": "$1,938", "2015": "$2,175", "2014": "$364", "2013": "$226", "2012": "$238", "2011": "$51", "2010": "$99", "2009": "$100", "2008": "$100", "2007": "$349", "2006": "$347", "2005": "$351"}, "Hill-Rom Holdings Quarterly Long Term Debt (Millions of US $)": {"2020-09-30": "$1,656", "2020-06-30": "$1,783", "2020-03-31": "$1,864", "2019-12-31": "$1,766", "2019-09-30": "$1,783", "2019-06-30": "$1,824", "2019-03-31": "$1,764", "2018-12-31": "$1,817", "2018-09-30": "$1,790", "2018-06-30": "$1,865", "2018-03-31": "$2,026", "2017-12-31": "$2,036", "2017-09-30": "$2,120", "2017-06-30": "$2,152", "2017-03-31": "$2,181", "2016-12-31": "$1,912", "2016-09-30": "$1,938", "2016-06-30": "$2,055", "2016-03-31": "$2,087", "2015-12-31": "$2,136", "2015-09-30": "$2,175", "2015-06-30": "$448", "2015-03-31": "$450", "2014-12-31": "$455", "2014-09-30": "$364", "2014-06-30": "$215", "2014-03-31": "$219", "2013-12-31": "$222", "2013-09-30": "$226", "2013-06-30": "$230", "2013-03-31": "$232", "2012-12-31": "$235", "2012-09-30": "$238", "2012-06-30": "$50", "2012-03-31": "$50", "2011-12-31": "$50", "2011-09-30": "$51", "2011-06-30": "$50", "2011-03-31": "$50", "2010-12-31": "$50", "2010-09-30": "$99", "2010-06-30": "$99", "2010-03-31": "$99", "2009-12-31": "$99", "2009-09-30": "$100", "2009-06-30": "$100", "2009-03-31": "$100", "2008-12-31": "$101", "2008-09-30": "$100", "2008-06-30": "$101", "2008-03-31": "$127", "2007-12-31": "$352", "2007-09-30": "$349", "2007-06-30": "$347", "2007-03-31": "$348", "2006-12-31": "$347", "2006-09-30": "$347", "2006-06-30": "$345", "2006-03-31": "$346", "2005-12-31": "$349", "2005-09-30": "$351", "2005-06-30": "$354", "2005-03-31": "$352"}}, "total-liabilities": {"Hill-Rom Holdings Annual Total Liabilities (Millions of US $)": {"2020": "$2,945", "2019": "$3,346", "2018": "$2,744", "2017": "$3,163", "2016": "$3,027", "2015": "$3,301", "2014": "$945", "2013": "$728", "2012": "$815", "2011": "$557", "2010": "$538", "2009": "$623", "2008": "$607", "2007": "$839", "2006": "$821", "2005": "$1,260"}, "Hill-Rom Holdings Quarterly Total Liabilities (Millions of US $)": {"2020-09-30": "$2,945", "2020-06-30": "$3,069", "2020-03-31": "$3,098", "2019-12-31": "$2,900", "2019-09-30": "$3,346", "2019-06-30": "$2,951", "2019-03-31": "$2,769", "2018-12-31": "$2,799", "2018-09-30": "$2,744", "2018-06-30": "$2,957", "2018-03-31": "$2,994", "2017-12-31": "$2,996", "2017-09-30": "$3,163", "2017-06-30": "$3,193", "2017-03-31": "$3,221", "2016-12-31": "$2,949", "2016-09-30": "$3,027", "2016-06-30": "$3,039", "2016-03-31": "$3,065", "2015-12-31": "$3,125", "2015-09-30": "$3,301", "2015-06-30": "$988", "2015-03-31": "$984", "2014-12-31": "$994", "2014-09-30": "$945", "2014-06-30": "$656", "2014-03-31": "$716", "2013-12-31": "$689", "2013-09-30": "$728", "2013-06-30": "$748", "2013-03-31": "$762", "2012-12-31": "$794", "2012-09-30": "$815", "2012-06-30": "$489", "2012-03-31": "$493", "2011-12-31": "$454", "2011-09-30": "$557", "2011-06-30": "$549", "2011-03-31": "$520", "2010-12-31": "$495", "2010-09-30": "$538", "2010-06-30": "$557", "2010-03-31": "$571", "2009-12-31": "$571", "2009-09-30": "$623", "2009-06-30": "$567", "2009-03-31": "$592", "2008-12-31": "$563", "2008-09-30": "$607", "2008-06-30": "$522", "2008-03-31": "$584", "2007-12-31": "$858", "2007-09-30": "$839", "2007-06-30": "$813", "2007-03-31": "$817", "2006-12-31": "$832", "2006-09-30": "$821", "2006-06-30": "$1,117", "2006-03-31": "$1,092", "2005-12-31": "$1,264", "2005-09-30": "$1,260", "2005-06-30": "$873", "2005-03-31": "$918"}}, "total-share-holder-equity": {"Hill-Rom Holdings Annual Share Holder Equity (Millions of US $)": {"2020": "$1,726", "2019": "$1,573", "2018": "$1,616", "2017": "$1,366", "2016": "$1,236", "2015": "$1,157", "2014": "$807", "2013": "$859", "2012": "$813", "2011": "$742", "2010": "$708", "2009": "$609", "2008": "$1,083", "2007": "$1,278", "2006": "$1,132", "2005": "$970"}, "Hill-Rom Holdings Quarterly Share Holder Equity (Millions of US $)": {"2020-09-30": "$1,726", "2020-06-30": "$1,652", "2020-03-31": "$1,549", "2019-12-31": "$1,619", "2019-09-30": "$1,573", "2019-06-30": "$1,625", "2019-03-31": "$1,599", "2018-12-31": "$1,552", "2018-09-30": "$1,616", "2018-06-30": "$1,509", "2018-03-31": "$1,510", "2017-12-31": "$1,464", "2017-09-30": "$1,366", "2017-06-30": "$1,291", "2017-03-31": "$1,253", "2016-12-31": "$1,195", "2016-09-30": "$1,236", "2016-06-30": "$1,198", "2016-03-31": "$1,178", "2015-12-31": "$1,146", "2015-09-30": "$1,157", "2015-06-30": "$769", "2015-03-31": "$722", "2014-12-31": "$742", "2014-09-30": "$807", "2014-06-30": "$831", "2014-03-31": "$804", "2013-12-31": "$838", "2013-09-30": "$859", "2013-06-30": "$805", "2013-03-31": "$810", "2012-12-31": "$821", "2012-09-30": "$813", "2012-06-30": "$811", "2012-03-31": "$799", "2011-12-31": "$769", "2011-09-30": "$742", "2011-06-30": "$753", "2011-03-31": "$761", "2010-12-31": "$729", "2010-09-30": "$708", "2010-06-30": "$677", "2010-03-31": "$649", "2009-12-31": "$626", "2009-09-30": "$609", "2009-06-30": "$602", "2009-03-31": "$580", "2008-12-31": "$1,062", "2008-09-30": "$1,083", "2008-06-30": "$1,078", "2008-03-31": "$1,053", "2007-12-31": "$1,307", "2007-09-30": "$1,278", "2007-06-30": "$1,255", "2007-03-31": "$1,217", "2006-12-31": "$1,171", "2006-09-30": "$1,132", "2006-06-30": "$1,073", "2006-03-31": "$1,036", "2005-12-31": "$1,000", "2005-09-30": "$970", "2005-06-30": "$1,120", "2005-03-31": "$1,137"}}, "profit-margins": {"current": "7.74%"}, "gross margin": {"2020-12-31": "51.52%", "2020-09-30": "51.23%", "2020-06-30": "50.86%", "2020-03-31": "49.79%", "2019-12-31": "49.43%", "2019-09-30": "49.04%", "2019-06-30": "49.10%", "2019-03-31": "49.09%", "2018-12-31": "49.04%", "2018-09-30": "48.93%", "2018-06-30": "48.80%", "2018-03-31": "48.54%", "2017-12-31": "48.16%", "2017-09-30": "48.12%", "2017-06-30": "48.14%", "2017-03-31": "48.15%", "2016-12-31": "48.23%", "2016-09-30": "47.34%", "2016-06-30": "46.25%", "2016-03-31": "45.33%", "2015-12-31": "44.49%", "2015-09-30": "44.29%", "2015-06-30": "44.17%", "2015-03-31": "44.77%", "2014-12-31": "45.68%", "2014-09-30": "46.26%", "2014-06-30": "46.84%", "2014-03-31": "46.29%", "2013-12-31": "45.57%", "2013-09-30": "45.45%", "2013-06-30": "45.50%", "2013-03-31": "44.95%", "2012-12-31": "45.24%", "2012-09-30": "46.18%", "2012-06-30": "46.82%", "2012-03-31": "48.39%", "2011-12-31": "48.97%", "2011-09-30": "49.18%", "2011-06-30": "49.29%", "2011-03-31": "49.41%", "2010-12-31": "49.09%", "2010-09-30": "48.78%", "2010-06-30": "48.19%", "2010-03-31": "47.16%", "2009-12-31": "46.47%", "2009-09-30": "45.28%", "2009-06-30": "44.68%", "2009-03-31": "44.39%", "2008-12-31": "44.20%", "2008-09-30": "44.46%", "2008-06-30": "43.52%", "2008-03-31": "43.62%", "2007-12-31": "43.78%", "2007-09-30": "43.77%", "2007-06-30": "44.48%", "2007-03-31": "44.14%", "2006-12-31": "43.68%", "2006-09-30": "43.23%", "2006-06-30": "41.03%", "2006-03-31": "41.46%", "2005-12-31": "42.38%"}, "operating margin": {"2020-12-31": "12.60%", "2020-09-30": "12.74%", "2020-06-30": "13.35%", "2020-03-31": "11.31%", "2019-12-31": "11.14%", "2019-09-30": "10.87%", "2019-06-30": "11.62%", "2019-03-31": "12.00%", "2018-12-31": "10.79%", "2018-09-30": "10.18%", "2018-06-30": "10.33%", "2018-03-31": "9.01%", "2017-12-31": "9.76%", "2017-09-30": "10.03%", "2017-06-30": "9.37%", "2017-03-31": "10.16%", "2016-12-31": "9.81%", "2016-09-30": "8.70%", "2016-06-30": "5.19%", "2016-03-31": "4.44%", "2015-12-31": "4.21%", "2015-09-30": "4.12%", "2015-06-30": "6.49%", "2015-03-31": "7.15%", "2014-12-31": "6.83%", "2014-09-30": "7.24%", "2014-06-30": "8.21%", "2014-03-31": "7.96%", "2013-12-31": "8.27%", "2013-09-30": "9.03%", "2013-06-30": "9.01%", "2013-03-31": "8.98%", "2012-12-31": "9.22%", "2012-09-30": "10.28%", "2012-06-30": "11.26%", "2012-03-31": "9.62%", "2011-12-31": "10.44%", "2011-09-30": "10.49%", "2011-06-30": "11.68%", "2011-03-31": "14.67%", "2010-12-31": "13.97%", "2010-09-30": "13.06%", "2010-06-30": "10.65%", "2010-03-31": "8.72%", "2009-12-31": "-26.76%", "2009-09-30": "-27.61%", "2009-06-30": "-26.66%", "2009-03-31": "-25.74%", "2008-12-31": "6.72%", "2008-09-30": "6.77%", "2008-06-30": "8.18%", "2008-03-31": "8.25%", "2007-12-31": "9.12%", "2007-09-30": "11.69%", "2007-06-30": "13.49%", "2007-03-31": "15.60%", "2006-12-31": "16.71%", "2006-09-30": "16.19%", "2006-06-30": "-5.05%", "2006-03-31": "-5.99%", "2005-12-31": "-5.56%"}, "ebitda margin": {"2020-09-30": "19.09%", "2020-06-30": "19.97%", "2020-03-31": "18.13%", "2019-12-31": "18.05%", "2019-09-30": "17.81%", "2019-06-30": "18.31%", "2019-03-31": "18.77%", "2018-12-31": "17.67%", "2018-09-30": "17.34%", "2018-06-30": "17.68%", "2018-03-31": "16.56%", "2017-12-31": "17.40%", "2017-09-30": "17.72%", "2017-06-30": "17.04%", "2017-03-31": "17.93%", "2016-12-31": "17.71%", "2016-09-30": "16.57%", "2016-06-30": "12.76%", "2016-03-31": "11.52%", "2015-12-31": "10.76%", "2015-09-30": "10.16%", "2015-06-30": "12.45%", "2015-03-31": "13.20%", "2014-12-31": "12.97%", "2014-09-30": "13.58%", "2014-06-30": "14.78%", "2014-03-31": "14.61%", "2013-12-31": "15.05%", "2013-09-30": "15.85%", "2013-06-30": "16.02%", "2013-03-31": "15.95%", "2012-12-31": "16.17%", "2012-09-30": "17.13%", "2012-06-30": "17.81%", "2012-03-31": "16.19%", "2011-12-31": "17.01%", "2011-09-30": "17.02%", "2011-06-30": "18.36%", "2011-03-31": "21.32%", "2010-12-31": "20.69%", "2010-09-30": "19.86%", "2010-06-30": "17.48%", "2010-03-31": "15.96%", "2009-12-31": "14.39%", "2009-09-30": "13.70%", "2009-06-30": "13.26%", "2009-03-31": "13.18%", "2008-12-31": "14.30%", "2008-09-30": "14.40%", "2008-06-30": "14.94%", "2008-03-31": "14.98%", "2007-12-31": "15.31%", "2007-09-30": "17.17%", "2007-06-30": "19.06%", "2007-03-31": "20.74%", "2006-12-31": "21.43%", "2006-09-30": "20.98%", "2006-06-30": "-0.26%", "2006-03-31": "-1.08%", "2005-12-31": "-0.57%"}, "pre tax profit margin": {"2020-12-31": "10.25%", "2020-09-30": "9.44%", "2020-06-30": "9.23%", "2020-03-31": "6.82%", "2019-12-31": "6.98%", "2019-09-30": "7.22%", "2019-06-30": "8.53%", "2019-03-31": "8.93%", "2018-12-31": "7.58%", "2018-09-30": "6.95%", "2018-06-30": "7.04%", "2018-03-31": "5.66%", "2017-12-31": "6.41%", "2017-09-30": "6.64%", "2017-06-30": "5.94%", "2017-03-31": "6.72%", "2016-12-31": "6.35%", "2016-09-30": "5.20%", "2016-06-30": "2.06%", "2016-03-31": "1.92%", "2015-12-31": "2.47%", "2015-09-30": "3.27%", "2015-06-30": "6.12%", "2015-03-31": "6.82%", "2014-12-31": "6.37%", "2014-09-30": "6.76%", "2014-06-30": "7.60%", "2014-03-31": "7.37%", "2013-12-31": "7.61%", "2013-09-30": "8.39%", "2013-06-30": "8.42%", "2013-03-31": "8.45%", "2012-12-31": "8.92%", "2012-09-30": "9.97%", "2012-06-30": "10.95%", "2012-03-31": "9.31%", "2011-12-31": "10.07%", "2011-09-30": "10.11%", "2011-06-30": "11.17%", "2011-03-31": "14.08%", "2010-12-31": "13.30%", "2010-09-30": "12.45%", "2010-06-30": "10.17%", "2010-03-31": "9.01%", "2009-12-31": "-26.40%", "2009-09-30": "-27.33%", "2009-06-30": "-26.45%", "2009-03-31": "-26.22%", "2008-12-31": "6.13%", "2008-09-30": "6.17%", "2008-06-30": "8.12%", "2008-03-31": "8.06%", "2007-12-31": "8.86%", "2007-09-30": "11.75%", "2007-06-30": "13.31%", "2007-03-31": "15.71%", "2006-12-31": "17.42%", "2006-09-30": "17.26%", "2006-06-30": "-4.48%", "2006-03-31": "-5.52%", "2005-12-31": "-5.51%"}, "net profit margin": {"2020-12-31": "8.24%", "2020-09-30": "7.74%", "2020-06-30": "7.06%", "2020-03-31": "5.07%", "2019-12-31": "5.19%", "2019-09-30": "5.26%", "2019-06-30": "7.45%", "2019-03-31": "7.92%", "2018-12-31": "7.20%", "2018-09-30": "8.85%", "2018-06-30": "8.17%", "2018-03-31": "6.84%", "2017-12-31": "7.10%", "2017-09-30": "4.85%", "2017-06-30": "4.28%", "2017-03-31": "5.79%", "2016-12-31": "5.44%", "2016-09-30": "4.67%", "2016-06-30": "2.46%", "2016-03-31": "1.54%", "2015-12-31": "1.83%", "2015-09-30": "2.36%", "2015-06-30": "4.33%", "2015-03-31": "4.90%", "2014-12-31": "3.41%", "2014-09-30": "3.62%", "2014-06-30": "4.32%", "2014-03-31": "4.07%", "2013-12-31": "5.53%", "2013-09-30": "6.06%", "2013-06-30": "6.32%", "2013-03-31": "6.38%", "2012-12-31": "6.60%", "2012-09-30": "7.34%", "2012-06-30": "8.87%", "2012-03-31": "7.69%", "2011-12-31": "8.26%", "2011-09-30": "8.42%", "2011-06-30": "7.77%", "2011-03-31": "9.78%", "2010-12-31": "9.47%", "2010-09-30": "8.57%", "2010-06-30": "7.03%", "2010-03-31": "6.38%", "2009-12-31": "-28.78%", "2009-09-30": "-29.27%", "2009-06-30": "-28.18%", "2009-03-31": "-27.57%", "2008-12-31": "5.53%", "2008-09-30": "7.63%", "2008-06-30": "8.62%", "2008-03-31": "9.84%", "2007-12-31": "11.99%", "2007-09-30": "11.39%", "2007-06-30": "12.59%", "2007-03-31": "12.44%", "2006-12-31": "11.43%", "2006-09-30": "11.25%", "2006-06-30": "-3.92%", "2006-03-31": "-4.59%", "2005-12-31": "-4.63%"}, "pe ratio": {"current": "17.00", "2021-02-05": "36.93", "2020-12-31": "35.89", "2020-09-30": "25.10", "2020-06-30": "35.24", "2020-03-31": "45.82", "2019-12-31": "50.63", "2019-09-30": "46.22", "2019-06-30": "32.55", "2019-03-31": "31.01", "2018-12-31": "28.61", "2018-09-30": "24.81", "2018-06-30": "24.91", "2018-03-31": "29.79", "2017-12-31": "27.92", "2017-09-30": "36.13", "2017-06-30": "44.60", "2017-03-31": "29.43", "2016-12-31": "25.31", "2016-09-30": "32.22", "2016-06-30": "52.58", "2016-03-31": "84.33", "2015-12-31": "66.32", "2015-09-30": "59.44", "2015-06-30": "36.45", "2015-03-31": "30.21", "2014-12-31": "42.05", "2014-09-30": "37.69", "2014-06-30": "32.30", "2014-03-31": "31.45", "2013-12-31": "24.40", "2013-09-30": "19.01", "2013-06-30": "17.40", "2013-03-31": "18.33", "2012-12-31": "14.54", "2012-09-30": "13.69", "2012-06-30": "12.09", "2012-03-31": "15.37", "2011-12-31": "14.55", "2011-09-30": "12.80", "2011-06-30": "21.84", "2011-03-31": "14.44", "2010-12-31": "15.87", "2010-09-30": "16.20", "2010-06-30": "16.88", "2010-03-31": "16.73", "2009-12-31": "0.00", "2009-09-30": "0.00", "2009-06-30": "0.00", "2009-03-31": "0.00", "2008-12-31": "12.77", "2008-09-30": "16.18", "2008-06-30": "11.53", "2008-03-31": "9.80", "2007-12-31": "8.51", "2007-09-30": "8.03", "2007-06-30": "8.55", "2007-03-31": "7.22", "2006-12-31": "6.89"}, "price sales": {"2021-02-05": "2.30", "2020-12-31": "2.24", "2020-09-30": "1.94", "2020-06-30": "2.49", "2020-03-31": "2.31", "2019-12-31": "2.61", "2019-09-30": "2.42", "2019-06-30": "2.42", "2019-03-31": "2.46", "2018-12-31": "2.06", "2018-09-30": "2.20", "2018-06-30": "2.04", "2018-03-31": "2.04", "2017-12-31": "1.99", "2017-09-30": "1.76", "2017-06-30": "1.91", "2017-03-31": "1.70", "2016-12-31": "1.37", "2016-09-30": "1.49", "2016-06-30": "1.24", "2016-03-31": "1.28", "2015-12-31": "1.26", "2015-09-30": "1.44", "2015-06-30": "1.58", "2015-03-31": "1.48", "2014-12-31": "1.42", "2014-09-30": "1.34", "2014-06-30": "1.38", "2014-03-31": "1.27", "2013-12-31": "1.37", "2013-09-30": "1.17", "2013-06-30": "1.11", "2013-03-31": "1.18", "2012-12-31": "0.96", "2012-09-30": "1.01", "2012-06-30": "1.07", "2012-03-31": "1.18", "2011-12-31": "1.20", "2011-09-30": "1.08", "2011-06-30": "1.69", "2011-03-31": "1.41", "2010-12-31": "1.50", "2010-09-30": "1.37", "2010-06-30": "1.18", "2010-03-31": "1.07", "2009-12-31": "0.95", "2009-09-30": "0.86", "2009-06-30": "0.61", "2009-03-31": "0.36", "2008-12-31": "0.58", "2008-09-30": "1.07", "2008-06-30": "0.88", "2008-03-31": "0.86", "2007-12-31": "1.02", "2007-09-30": "0.91", "2007-06-30": "1.08", "2007-03-31": "0.90", "2006-12-31": "0.79"}, "price book": {"current": "3.89", "2021-02-05": "3.89", "2020-09-30": "3.22", "2020-06-30": "4.40", "2020-03-31": "4.29", "2019-12-31": "4.65", "2019-09-30": "4.40", "2019-06-30": "4.24", "2019-03-31": "4.35", "2018-12-31": "3.74", "2018-09-30": "3.85", "2018-06-30": "3.76", "2018-03-31": "3.72", "2017-12-31": "3.71", "2017-09-30": "3.46", "2017-06-30": "3.94", "2017-03-31": "3.58", "2016-12-31": "2.96", "2016-09-30": "3.17", "2016-06-30": "2.64", "2016-03-31": "2.67", "2015-12-31": "2.61", "2015-09-30": "2.78", "2015-06-30": "3.79", "2015-03-31": "3.63", "2014-12-31": "3.26", "2014-09-30": "2.76", "2014-06-30": "2.68", "2014-03-31": "2.55", "2013-12-31": "2.64", "2013-09-30": "2.25", "2013-06-30": "2.28", "2013-03-31": "2.38", "2012-12-31": "1.91", "2012-09-30": "1.98", "2012-06-30": "2.14", "2012-03-31": "2.34", "2011-12-31": "2.44", "2011-09-30": "2.23", "2011-06-30": "3.44", "2011-03-31": "2.80", "2010-12-31": "3.02", "2010-09-30": "2.82", "2010-06-30": "2.52", "2010-03-31": "2.32", "2009-12-31": "2.11", "2009-09-30": "1.95", "2009-06-30": "1.46", "2009-03-31": "0.92", "2008-12-31": "0.83", "2008-09-30": "1.49", "2008-06-30": "1.32", "2008-03-31": "1.28", "2007-12-31": "1.20", "2007-09-30": "1.20", "2007-06-30": "1.43", "2007-03-31": "1.34", "2006-12-31": "1.32", "2006-09-30": "1.36", "2006-06-30": "1.21", "2006-03-31": "1.42"}, "price fcf": {"2021-02-05": "", "2020-09-30": "$5.63", "2020-06-30": "$4.78", "2020-03-31": "$4.63", "2019-12-31": "$4.19", "2019-09-30": "$4.89", "2019-06-30": "$5.64", "2019-03-31": "$5.36", "2018-12-31": "$5.08", "2018-09-30": "$4.58", "2018-06-30": "$3.44", "2018-03-31": "$3.22", "2017-12-31": "$3.61", "2017-09-30": "$3.40", "2017-06-30": "$3.46", "2017-03-31": "$3.72", "2016-12-31": "$3.36", "2016-09-30": "$3.00", "2016-06-30": "$3.41", "2016-03-31": "$2.10", "2015-12-31": "$2.27", "2015-09-30": "$1.61", "2015-06-30": "$1.39", "2015-03-31": "$1.86", "2014-12-31": "$1.89", "2014-09-30": "$2.56", "2014-06-30": "$2.91", "2014-03-31": "$2.85", "2013-12-31": "$2.98", "2013-09-30": "$3.38", "2013-06-30": "$3.07", "2013-03-31": "$3.04", "2012-12-31": "$3.21", "2012-09-30": "$3.12", "2012-06-30": "$2.38", "2012-03-31": "$2.68", "2011-12-31": "$3.04", "2011-09-30": "$2.50", "2011-06-30": "$2.36", "2011-03-31": "$2.13", "2010-12-31": "$1.26", "2010-09-30": "$1.22", "2010-06-30": "$1.75", "2010-03-31": "$2.19", "2009-12-31": "$2.63", "2009-09-30": "$2.82", "2009-06-30": "$2.44", "2009-03-31": "$1.31", "2008-12-31": "$1.53", "2008-09-30": "$2.69", "2008-06-30": "$3.26", "2008-03-31": "$3.74", "2007-12-31": "$2.73", "2007-09-30": "$2.43", "2007-06-30": "$-1.30", "2007-03-31": "$-0.48", "2006-12-31": "$0.31"}, "net worth": {"value": "$6.69B"}, "current ratio": {"2020-12-31": "1.49", "2020-09-30": "1.43", "2020-06-30": "1.50", "2020-03-31": "1.52", "2019-12-31": "1.52", "2019-09-30": "1.31", "2019-06-30": "1.51", "2019-03-31": "1.69", "2018-12-31": "1.70", "2018-09-30": "1.75", "2018-06-30": "1.58", "2018-03-31": "1.85", "2017-12-31": "1.76", "2017-09-30": "1.77", "2017-06-30": "1.76", "2017-03-31": "1.73", "2016-12-31": "1.67", "2016-09-30": "1.63", "2016-06-30": "2.00", "2016-03-31": "2.00", "2015-12-31": "2.01", "2015-09-30": "1.97", "2015-06-30": "1.91", "2015-03-31": "1.85", "2014-12-31": "1.89", "2014-09-30": "1.76", "2014-06-30": "2.07", "2014-03-31": "1.85", "2013-12-31": "2.04", "2013-09-30": "1.99", "2013-06-30": "1.91", "2013-03-31": "1.89", "2012-12-31": "1.84", "2012-09-30": "1.80", "2012-06-30": "2.79", "2012-03-31": "2.73", "2011-12-31": "3.09", "2011-09-30": "2.37", "2011-06-30": "2.35", "2011-03-31": "2.45", "2010-12-31": "2.41", "2010-09-30": "2.56", "2010-06-30": "2.47", "2010-03-31": "2.32", "2009-12-31": "2.30", "2009-09-30": "2.02", "2009-06-30": "1.88", "2009-03-31": "1.68", "2008-12-31": "1.66", "2008-09-30": "1.96", "2008-06-30": "2.24", "2008-03-31": "2.25", "2007-12-31": "2.84", "2007-09-30": "2.63", "2007-06-30": "2.62", "2007-03-31": "2.53", "2006-12-31": "2.41", "2006-09-30": "2.35", "2006-06-30": "1.55", "2006-03-31": "1.51", "2005-12-31": "1.41", "2005-09-30": "1.33", "2005-06-30": "2.66", "2005-03-31": "2.61"}, "quick ratio": {"2020-12-31": "1.12", "2020-09-30": "1.06", "2020-06-30": "1.16", "2020-03-31": "1.22", "2019-12-31": "1.17", "2019-09-30": "1.10", "2019-06-30": "1.14", "2019-03-31": "1.27", "2018-12-31": "1.25", "2018-09-30": "1.30", "2018-06-30": "1.18", "2018-03-31": "1.36", "2017-12-31": "1.29", "2017-09-30": "1.34", "2017-06-30": "1.33", "2017-03-31": "1.30", "2016-12-31": "1.27", "2016-09-30": "1.25", "2016-06-30": "1.49", "2016-03-31": "1.48", "2015-12-31": "1.50", "2015-09-30": "1.51", "2015-06-30": "1.50", "2015-03-31": "1.43", "2014-12-31": "1.46", "2014-09-30": "1.36", "2014-06-30": "1.67", "2014-03-31": "1.51", "2013-12-31": "1.65", "2013-09-30": "1.65", "2013-06-30": "1.55", "2013-03-31": "1.52", "2012-12-31": "1.51", "2012-09-30": "1.47", "2012-06-30": "2.40", "2012-03-31": "2.34", "2011-12-31": "2.69", "2011-09-30": "2.08", "2011-06-30": "2.04", "2011-03-31": "2.09", "2010-12-31": "2.04", "2010-09-30": "2.19", "2010-06-30": "2.11", "2010-03-31": "1.97", "2009-12-31": "1.97", "2009-09-30": "1.75", "2009-06-30": "1.56", "2009-03-31": "1.34", "2008-12-31": "1.29", "2008-09-30": "1.70", "2008-06-30": "1.85", "2008-03-31": "1.90", "2007-12-31": "2.38", "2007-09-30": "2.18", "2007-06-30": "2.09", "2007-03-31": "2.04", "2006-12-31": "1.98", "2006-09-30": "1.95", "2006-06-30": "1.34", "2006-03-31": "1.31", "2005-12-31": "1.22", "2005-09-30": "1.15", "2005-06-30": "2.19", "2005-03-31": "2.23"}, "debt equity ratio": {"current": "0.96", "2020-12-31": "1.63", "2020-09-30": "1.71", "2020-06-30": "1.86", "2020-03-31": "2.00", "2019-12-31": "1.79", "2019-09-30": "2.13", "2019-06-30": "1.82", "2019-03-31": "1.73", "2018-12-31": "1.80", "2018-09-30": "1.70", "2018-06-30": "1.96", "2018-03-31": "1.98", "2017-12-31": "2.05", "2017-09-30": "2.32", "2017-06-30": "2.47", "2017-03-31": "2.57", "2016-12-31": "2.47", "2016-09-30": "2.45", "2016-06-30": "2.54", "2016-03-31": "2.60", "2015-12-31": "2.73", "2015-09-30": "2.85", "2015-06-30": "1.29", "2015-03-31": "1.36", "2014-12-31": "1.34", "2014-09-30": "1.17", "2014-06-30": "0.79", "2014-03-31": "0.89", "2013-12-31": "0.82", "2013-09-30": "0.85", "2013-06-30": "0.93", "2013-03-31": "0.94", "2012-12-31": "0.97", "2012-09-30": "1.00", "2012-06-30": "0.60", "2012-03-31": "0.62", "2011-12-31": "0.59", "2011-09-30": "0.75", "2011-06-30": "0.73", "2011-03-31": "0.68", "2010-12-31": "0.68", "2010-09-30": "0.76", "2010-06-30": "0.82", "2010-03-31": "0.88", "2009-12-31": "0.91", "2009-09-30": "1.02", "2009-06-30": "0.94", "2009-03-31": "1.02", "2008-12-31": "0.53", "2008-09-30": "0.56", "2008-06-30": "0.48", "2008-03-31": "0.56", "2007-12-31": "0.66", "2007-09-30": "0.66", "2007-06-30": "0.65", "2007-03-31": "0.67", "2006-12-31": "0.71", "2006-09-30": "0.73", "2006-06-30": "1.04", "2006-03-31": "1.05", "2005-12-31": "1.26", "2005-09-30": "1.30", "2005-06-30": "0.78", "2005-03-31": "0.81"}, "return on equity": {"2020-12-31": "14.47%", "2020-09-30": "13.63%", "2020-06-30": "13.08%", "2020-03-31": "9.30%", "2019-12-31": "9.41%", "2019-09-30": "9.64%", "2019-06-30": "13.45%", "2019-03-31": "14.47%", "2018-12-31": "13.32%", "2018-09-30": "16.53%", "2018-06-30": "15.80%", "2018-03-31": "13.64%", "2017-12-31": "14.66%", "2017-09-30": "10.42%", "2017-06-30": "9.33%", "2017-03-31": "12.70%", "2016-12-31": "11.90%", "2016-09-30": "10.42%", "2016-06-30": "5.30%", "2016-03-31": "3.39%", "2015-12-31": "4.22%", "2015-09-30": "5.55%", "2015-06-30": "10.79%", "2015-03-31": "11.48%", "2014-12-31": "7.54%", "2014-09-30": "7.44%", "2014-06-30": "8.52%", "2014-03-31": "8.23%", "2013-12-31": "11.23%", "2013-09-30": "12.63%", "2013-06-30": "13.30%", "2013-03-31": "13.27%", "2012-12-31": "13.69%", "2012-09-30": "15.04%", "2012-06-30": "18.58%", "2012-03-31": "16.19%", "2011-12-31": "17.45%", "2011-09-30": "17.96%", "2011-06-30": "16.40%", "2011-03-31": "20.87%", "2010-12-31": "20.41%", "2010-09-30": "18.95%", "2010-06-30": "15.78%", "2010-03-31": "14.48%", "2009-12-31": "-66.20%", "2009-09-30": "-56.92%", "2009-06-30": "-49.05%", "2009-03-31": "-42.91%", "2008-12-31": "7.86%", "2008-09-30": "10.17%", "2008-06-30": "11.79%", "2008-03-31": "12.67%", "2007-12-31": "14.55%", "2007-09-30": "15.53%", "2007-06-30": "17.59%", "2007-03-31": "19.60%", "2006-12-31": "20.40%", "2006-09-30": "20.84%", "2006-06-30": "-7.45%", "2006-03-31": "-8.63%", "2005-12-31": "-8.52%"}, "return on assets": {"2020-12-31": "5.18%", "2020-09-30": "4.81%", "2020-06-30": "4.45%", "2020-03-31": "3.17%", "2019-12-31": "3.29%", "2019-09-30": "3.36%", "2019-06-30": "4.87%", "2019-03-31": "5.18%", "2018-12-31": "4.66%", "2018-09-30": "5.67%", "2018-06-30": "5.14%", "2018-03-31": "4.27%", "2017-12-31": "4.39%", "2017-09-30": "3.02%", "2017-06-30": "2.67%", "2017-03-31": "3.62%", "2016-12-31": "3.39%", "2016-09-30": "2.92%", "2016-06-30": "1.44%", "2016-03-31": "0.98%", "2015-12-31": "1.31%", "2015-09-30": "1.95%", "2015-06-30": "4.72%", "2015-03-31": "5.33%", "2014-12-31": "3.70%", "2014-09-30": "3.88%", "2014-06-30": "4.64%", "2014-03-31": "4.40%", "2013-12-31": "5.96%", "2013-09-30": "6.57%", "2013-06-30": "6.78%", "2013-03-31": "7.06%", "2012-12-31": "7.61%", "2012-09-30": "8.82%", "2012-06-30": "11.34%", "2012-03-31": "9.70%", "2011-12-31": "10.34%", "2011-09-30": "10.50%", "2011-06-30": "9.58%", "2011-03-31": "12.04%", "2010-12-31": "11.46%", "2010-09-30": "10.29%", "2010-06-30": "8.27%", "2010-03-31": "7.47%", "2009-12-31": "-33.54%", "2009-09-30": "-31.24%", "2009-06-30": "-28.85%", "2009-03-31": "-26.81%", "2008-12-31": "5.13%", "2008-09-30": "6.49%", "2008-06-30": "7.39%", "2008-03-31": "7.76%", "2007-12-31": "8.78%", "2007-09-30": "9.29%", "2007-06-30": "10.42%", "2007-03-31": "11.00%", "2006-12-31": "10.88%", "2006-09-30": "10.36%", "2006-06-30": "-3.45%", "2006-03-31": "-4.13%", "2005-12-31": "-4.22%"}, "return on investments": {"2020-12-31": "10.85%", "2020-09-30": "10.78%", "2020-06-30": "11.63%", "2020-03-31": "9.70%", "2019-12-31": "9.56%", "2019-09-30": "9.34%", "2019-06-30": "9.86%", "2019-03-31": "10.18%", "2018-12-31": "9.03%", "2018-09-30": "8.40%", "2018-06-30": "8.41%", "2018-03-31": "7.25%", "2017-12-31": "7.82%", "2017-09-30": "8.17%", "2017-06-30": "7.72%", "2017-03-31": "8.39%", "2016-12-31": "8.06%", "2016-09-30": "7.12%", "2016-06-30": "3.99%", "2016-03-31": "3.75%", "2015-12-31": "4.09%", "2015-09-30": "4.74%", "2015-06-30": "10.34%", "2015-03-31": "11.34%", "2014-12-31": "10.82%", "2014-09-30": "11.35%", "2014-06-30": "12.81%", "2014-03-31": "12.66%", "2013-12-31": "13.17%", "2013-09-30": "14.70%", "2013-06-30": "14.73%", "2013-03-31": "15.17%", "2012-12-31": "16.25%", "2012-09-30": "18.78%", "2012-06-30": "22.16%", "2012-03-31": "19.00%", "2011-12-31": "20.71%", "2011-09-30": "20.97%", "2011-06-30": "22.76%", "2011-03-31": "28.38%", "2010-12-31": "26.77%", "2010-09-30": "25.15%", "2010-06-30": "20.70%", "2010-03-31": "17.06%", "2009-12-31": "-52.84%", "2009-09-30": "-47.08%", "2009-06-30": "-41.42%", "2009-03-31": "-36.25%", "2008-12-31": "8.67%", "2008-09-30": "7.85%", "2008-06-30": "9.36%", "2008-03-31": "8.57%", "2007-12-31": "8.68%", "2007-09-30": "12.42%", "2007-06-30": "14.60%", "2007-03-31": "18.86%", "2006-12-31": "22.70%", "2006-09-30": "22.60%", "2006-06-30": "-7.17%", "2006-03-31": "-8.40%", "2005-12-31": "-7.67%"}, "return on tangible equity": {"2020-09-30": "-18.95%", "2020-06-30": "-17.12%", "2020-03-31": "-11.79%", "2019-12-31": "-12.32%", "2019-09-30": "-12.45%", "2019-06-30": "-17.90%", "2019-03-31": "-18.92%", "2018-12-31": "-16.53%", "2018-09-30": "-19.46%", "2018-06-30": "-16.59%", "2018-03-31": "-12.99%", "2017-12-31": "-12.57%", "2017-09-30": "-8.39%", "2017-06-30": "-7.37%", "2017-03-31": "-9.92%", "2016-12-31": "-9.23%", "2016-09-30": "-7.76%", "2016-06-30": "-4.63%", "2016-03-31": "-3.95%", "2015-12-31": "-8.37%", "2015-09-30": "-145.74%", "2015-06-30": "44.81%", "2015-03-31": "41.88%", "2014-12-31": "24.82%", "2014-09-30": "21.81%", "2014-06-30": "23.13%", "2014-03-31": "22.86%", "2013-12-31": "31.55%", "2013-09-30": "36.94%", "2013-06-30": "54.20%", "2013-03-31": "37.53%", "2012-12-31": "29.84%", "2012-09-30": "25.93%", "2012-06-30": "26.46%", "2012-03-31": "22.78%", "2011-12-31": "24.16%", "2011-09-30": "25.07%", "2011-06-30": "23.05%", "2011-03-31": "29.82%", "2010-12-31": "29.87%", "2010-09-30": "28.44%", "2010-06-30": "24.11%", "2010-03-31": "22.44%", "2009-12-31": "-104.51%", "2009-09-30": "-108.41%", "2009-06-30": "-99.82%", "2009-03-31": "-92.36%", "2008-12-31": "17.61%", "2008-09-30": "20.26%", "2008-06-30": "22.86%", "2008-03-31": "23.98%", "2007-12-31": "27.01%", "2007-09-30": "29.56%", "2007-06-30": "34.26%", "2007-03-31": "39.54%", "2006-12-31": "43.06%", "2006-09-30": "46.26%", "2006-06-30": "-17.63%", "2006-03-31": "-19.68%", "2005-12-31": "-18.40%"}, "dividend yield history": {"last payout": "$0.88", "last yield": "0.87%"}}