{"ticker": "HLT", "price": {"title": "Hilton Worldwide Holdings Historical Annual Stock Price Data", "value": 109.5, "historical": {"2020": {"Average Stock Price": "88.5481", "Year Open": "111.4500", "Year High": "113.9200", "Year Low": "55.9400", "Year Close": "111.2600", "Annual % Change": "0.32%"}, "2019": {"Average Stock Price": "91.2233", "Year Open": "70.9400", "Year High": "112.3900", "Year Low": "67.3000", "Year Close": "110.9100", "Annual % Change": "54.47%"}, "2018": {"Average Stock Price": "78.6057", "Year Open": "79.6800", "Year High": "87.6900", "Year Low": "63.8200", "Year Close": "71.8000", "Annual % Change": "-10.09%"}, "2017": {"Average Stock Price": "64.5868", "Year Open": "82.1782", "Year High": "82.1782", "Year Low": "55.4000", "Year Close": "79.8600", "Annual % Change": "-2.14%"}, "2016": {"Average Stock Price": "67.3496", "Year Open": "63.2763", "Year High": "83.2283", "Year Low": "51.5452", "Year Close": "81.6082", "Annual % Change": "27.10%"}, "2015": {"Average Stock Price": "79.6374", "Year Open": "77.8278", "Year High": "93.3093", "Year Low": "63.8464", "Year Close": "64.2064", "Annual % Change": "-17.98%"}, "2014": {"Average Stock Price": "70.5650", "Year Open": "65.5866", "Year High": "79.2679", "Year Low": "62.4062", "Year Close": "78.2778", "Annual % Change": "17.26%"}, "2013": {"Average Stock Price": "65.4250", "Year Open": "64.5065", "Year High": "66.8467", "Year Low": "64.5065", "Year Close": "66.7567", "Annual % Change": "0.00%"}}}, "market cap": {"value": "$30.62B"}, "income statement": {"Revenue": {"2019-12-31": "9452.00000", "2018-12-31": "8906.00000", "2017-12-31": "8131.00000", "2016-12-31": "6576.00000", "2015-12-31": "7133.00000", "2014-12-31": "10502.00000", "2013-12-31": "9735.00000", "2012-12-31": "9276.00000", "2011-12-31": "8783.00000", "2010-12-31": "8068.00000", "2006-12-31": "8162.00000", "2005-12-31": "4437.00000"}, "Cost Of Goods Sold": {"2019-12-31": "1254.00000", "2018-12-31": "1332.00000", "2017-12-31": "1269.00000", "2016-12-31": "1279.00000", "2015-12-31": "1414.00000", "2014-12-31": "4019.00000", "2013-12-31": "3877.00000", "2012-12-31": "3988.00000", "2011-12-31": "3881.00000", "2010-12-31": "3643.00000", "2006-12-31": "5597.00000", "2005-12-31": "2770.00000"}, "Gross Profit": {"2019-12-31": "8198.00000", "2018-12-31": "7574.00000", "2017-12-31": "6862.00000", "2016-12-31": "5297.00000", "2015-12-31": "5719.00000", "2014-12-31": "6483.00000", "2013-12-31": "5858.00000", "2012-12-31": "5288.00000", "2011-12-31": "4902.00000", "2010-12-31": "4425.00000", "2006-12-31": "2565.00000", "2005-12-31": "1667.00000"}, "Research And Development Expenses": {"2019-12-31": "", "2018-12-31": "", "2017-12-31": "", "2016-12-31": "", "2015-12-31": "", "2014-12-31": "", "2013-12-31": "", "2012-12-31": "", "2011-12-31": "", "2010-12-31": "", "2006-12-31": "", "2005-12-31": ""}, "SG&A Expenses": {"2019-12-31": "441.00000", "2018-12-31": "443.00000", "2017-12-31": "439.00000", "2016-12-31": "409.00000", "2015-12-31": "537.00000", "2014-12-31": "491.00000", "2013-12-31": "748.00000", "2012-12-31": "460.00000", "2011-12-31": "416.00000", "2010-12-31": "637.00000", "2006-12-31": "907.00000", "2005-12-31": "600.00000"}, "Other Operating Income Or Expenses": {"2019-12-31": "-5754.00000", "2018-12-31": "-5374.00000", "2017-12-31": "-4955.00000", "2016-12-31": "-3667.00000", "2015-12-31": "-3897.00000", "2014-12-31": "-3691.00000", "2013-12-31": "-3405.00000", "2012-12-31": "-3178.00000", "2011-12-31": "-2947.00000", "2010-12-31": "-2661.00000", "2006-12-31": "", "2005-12-31": ""}, "Operating Expenses": {"2019-12-31": "7795.00000", "2018-12-31": "7474.00000", "2017-12-31": "6999.00000", "2016-12-31": "5708.00000", "2015-12-31": "6233.00000", "2014-12-31": "8829.00000", "2013-12-31": "8633.00000", "2012-12-31": "8176.00000", "2011-12-31": "7808.00000", "2010-12-31": "7515.00000", "2006-12-31": "6945.00000", "2005-12-31": "3669.00000"}, "Operating Income": {"2019-12-31": "1657.00000", "2018-12-31": "1432.00000", "2017-12-31": "1132.00000", "2016-12-31": "868.00000", "2015-12-31": "900.00000", "2014-12-31": "1673.00000", "2013-12-31": "1102.00000", "2012-12-31": "1100.00000", "2011-12-31": "975.00000", "2010-12-31": "553.00000", "2006-12-31": "1217.00000", "2005-12-31": "768.00000"}, "Total Non-Operating Income/Expense": {"2019-12-31": "-413.00000", "2018-12-31": "-354.00000", "2017-12-31": "-379.00000", "2016-12-31": "-328.00000", "2015-12-31": "-367.00000", "2014-12-31": "-526.00000", "2013-12-31": "-404.00000", "2012-12-31": "-527.00000", "2011-12-31": "-779.00000", "2010-12-31": "-134.00000", "2006-12-31": "-379.00000", "2005-12-31": "-130.00000"}, "Pre-Tax Income": {"2019-12-31": "1244.00000", "2018-12-31": "1078.00000", "2017-12-31": "753.00000", "2016-12-31": "540.00000", "2015-12-31": "533.00000", "2014-12-31": "1147.00000", "2013-12-31": "698.00000", "2012-12-31": "573.00000", "2011-12-31": "196.00000", "2010-12-31": "419.00000", "2006-12-31": "838.00000", "2005-12-31": "638.00000"}, "Income Taxes": {"2019-12-31": "358.00000", "2018-12-31": "309.00000", "2017-12-31": "-336.00000", "2016-12-31": "557.00000", "2015-12-31": "-348.00000", "2014-12-31": "465.00000", "2013-12-31": "238.00000", "2012-12-31": "214.00000", "2011-12-31": "-59.00000", "2010-12-31": "308.00000", "2006-12-31": "259.00000", "2005-12-31": "166.00000"}, "Income After Taxes": {"2019-12-31": "886.00000", "2018-12-31": "769.00000", "2017-12-31": "1089.00000", "2016-12-31": "-17.00000", "2015-12-31": "881.00000", "2014-12-31": "682.00000", "2013-12-31": "460.00000", "2012-12-31": "359.00000", "2011-12-31": "255.00000", "2010-12-31": "111.00000", "2006-12-31": "579.00000", "2005-12-31": "472.00000"}, "Other Income": {"2019-12-31": "", "2018-12-31": "", "2017-12-31": "", "2016-12-31": "", "2015-12-31": "", "2014-12-31": "", "2013-12-31": "", "2012-12-31": "", "2011-12-31": "", "2010-12-31": "", "2006-12-31": "", "2005-12-31": ""}, "Income From Continuous Operations": {"2019-12-31": "886.00000", "2018-12-31": "769.00000", "2017-12-31": "1089.00000", "2016-12-31": "-17.00000", "2015-12-31": "881.00000", "2014-12-31": "682.00000", "2013-12-31": "460.00000", "2012-12-31": "359.00000", "2011-12-31": "255.00000", "2010-12-31": "111.00000", "2006-12-31": "579.00000", "2005-12-31": "472.00000"}, "Income From Discontinued Operations": {"2019-12-31": "", "2018-12-31": "", "2017-12-31": "", "2016-12-31": "371.00000", "2015-12-31": "535.00000", "2014-12-31": "", "2013-12-31": "", "2012-12-31": "", "2011-12-31": "", "2010-12-31": "", "2006-12-31": "", "2005-12-31": ""}, "Net Income": {"2019-12-31": "881.00000", "2018-12-31": "764.00000", "2017-12-31": "1084.00000", "2016-12-31": "338.00000", "2015-12-31": "1404.00000", "2014-12-31": "673.00000", "2013-12-31": "415.00000", "2012-12-31": "352.00000", "2011-12-31": "253.00000", "2010-12-31": "128.00000", "2006-12-31": "572.00000", "2005-12-31": "460.00000"}, "EBITDA": {"2019-12-31": "2048.00000", "2018-12-31": "1800.00000", "2017-12-31": "1500.00000", "2016-12-31": "1589.00000", "2015-12-31": "1630.00000", "2014-12-31": "2351.00000", "2013-12-31": "1730.00000", "2012-12-31": "1645.00000", "2011-12-31": "1545.00000", "2010-12-31": "1158.00000", "2006-12-31": "1217.00000", "2005-12-31": "768.00000"}, "EBIT": {"2019-12-31": "1657.00000", "2018-12-31": "1432.00000", "2017-12-31": "1132.00000", "2016-12-31": "868.00000", "2015-12-31": "900.00000", "2014-12-31": "1673.00000", "2013-12-31": "1102.00000", "2012-12-31": "1100.00000", "2011-12-31": "975.00000", "2010-12-31": "553.00000", "2006-12-31": "1217.00000", "2005-12-31": "768.00000"}, "Basic Shares Outstanding": {"2019-12-31": "287.00000", "2018-12-31": "302.00000", "2017-12-31": "324.00000", "2016-12-31": "329.00000", "2015-12-31": "329.00000", "2014-12-31": "328.00000", "2013-12-31": "307.63590", "2012-12-31": "306.96930", "2011-12-31": "306.96930", "2010-12-31": "", "2006-12-31": "", "2005-12-31": ""}, "Shares Outstanding": {"2019-12-31": "290.00000", "2018-12-31": "305.00000", "2017-12-31": "327.00000", "2016-12-31": "329.00000", "2015-12-31": "330.00000", "2014-12-31": "329.00000", "2013-12-31": "307.63590", "2012-12-31": "306.96930", "2011-12-31": "306.96930", "2010-12-31": "", "2006-12-31": "", "2005-12-31": ""}, "Basic EPS": {"2019-12-31": "3.07000", "2018-12-31": "2.53000", "2017-12-31": "3.34000", "2016-12-31": "1.03000", "2015-12-31": "4.27000", "2014-12-31": "2.05000", "2013-12-31": "1.35010", "2012-12-31": "1.14010", "2011-12-31": "0.81010", "2010-12-31": "", "2006-12-31": "", "2005-12-31": ""}, "EPS - Earnings Per Share": {"2019-12-31": "3.04000", "2018-12-31": "2.50000", "2017-12-31": "3.32000", "2016-12-31": "1.03000", "2015-12-31": "4.26000", "2014-12-31": "2.05000", "2013-12-31": "1.35010", "2012-12-31": "1.14010", "2011-12-31": "0.81010", "2010-12-31": "0.00000", "2006-12-31": "0.00000", "2005-12-31": "0.00000"}}, "income statement, quarterly": {"Revenue": {"2020-09-30": "933.00000", "2020-06-30": "564.00000", "2020-03-31": "1920.00000", "2019-12-31": "2369.00000", "2019-09-30": "2395.00000", "2019-06-30": "2484.00000", "2019-03-31": "2204.00000", "2018-12-31": "2288.00000", "2018-09-30": "2253.00000", "2018-06-30": "2291.00000", "2018-03-31": "2074.00000", "2017-12-31": "2068.00000", "2017-09-30": "2091.00000", "2017-06-30": "2076.00000", "2017-03-31": "1896.00000", "2016-12-31": "1033.00000", "2016-09-30": "1867.00000", "2016-06-30": "1950.00000", "2016-03-31": "1726.00000", "2015-12-31": "-1283.00000", "2015-09-30": "2895.00000", "2015-06-30": "2922.00000", "2015-03-31": "2599.00000", "2014-12-31": "2828.00000", "2014-09-30": "2644.00000", "2014-06-30": "2667.00000", "2014-03-31": "2363.00000", "2013-12-31": "2643.00000", "2013-09-30": "2449.00000", "2013-06-30": "2380.00000", "2013-03-31": "2263.00000", "2012-12-31": "", "2012-09-30": "", "2011-12-31": "", "2010-12-31": ""}, "Cost Of Goods Sold": {"2020-09-30": "144.00000", "2020-06-30": "95.00000", "2020-03-31": "239.00000", "2019-12-31": "312.00000", "2019-09-30": "310.00000", "2019-06-30": "334.00000", "2019-03-31": "298.00000", "2018-12-31": "329.00000", "2018-09-30": "331.00000", "2018-06-30": "352.00000", "2018-03-31": "320.00000", "2017-12-31": "334.00000", "2017-09-30": "340.00000", "2017-06-30": "327.00000", "2017-03-31": "268.00000", "2016-12-31": "298.00000", "2016-09-30": "325.00000", "2016-06-30": "349.00000", "2016-03-31": "307.00000", "2015-12-31": "-1642.00000", "2015-09-30": "1017.00000", "2015-06-30": "1037.00000", "2015-03-31": "1002.00000", "2014-12-31": "1035.00000", "2014-09-30": "1015.00000", "2014-06-30": "1021.00000", "2014-03-31": "948.00000", "2013-12-31": "1005.00000", "2013-09-30": "974.00000", "2013-06-30": "985.00000", "2013-03-31": "913.00000", "2012-12-31": "", "2012-09-30": "", "2011-12-31": "", "2010-12-31": ""}, "Gross Profit": {"2020-09-30": "789.00000", "2020-06-30": "469.00000", "2020-03-31": "1681.00000", "2019-12-31": "2057.00000", "2019-09-30": "2085.00000", "2019-06-30": "2150.00000", "2019-03-31": "1906.00000", "2018-12-31": "1959.00000", "2018-09-30": "1922.00000", "2018-06-30": "1939.00000", "2018-03-31": "1754.00000", "2017-12-31": "1734.00000", "2017-09-30": "1751.00000", "2017-06-30": "1749.00000", "2017-03-31": "1628.00000", "2016-12-31": "735.00000", "2016-09-30": "1542.00000", "2016-06-30": "1601.00000", "2016-03-31": "1419.00000", "2015-12-31": "359.00000", "2015-09-30": "1878.00000", "2015-06-30": "1885.00000", "2015-03-31": "1597.00000", "2014-12-31": "1793.00000", "2014-09-30": "1629.00000", "2014-06-30": "1646.00000", "2014-03-31": "1415.00000", "2013-12-31": "1638.00000", "2013-09-30": "1475.00000", "2013-06-30": "1395.00000", "2013-03-31": "1350.00000", "2012-12-31": "", "2012-09-30": "", "2011-12-31": "", "2010-12-31": ""}, "Research And Development Expenses": {"2020-09-30": "", "2020-06-30": "", "2020-03-31": "", "2019-12-31": "", "2019-09-30": "", "2019-06-30": "", "2019-03-31": "", "2018-12-31": "", "2018-09-30": "", "2018-06-30": "", "2018-03-31": "", "2017-12-31": "", "2017-09-30": "", "2017-06-30": "", "2017-03-31": "", "2016-12-31": "", "2016-09-30": "", "2016-06-30": "", "2016-03-31": "", "2015-12-31": "", "2015-09-30": "", "2015-06-30": "", "2015-03-31": "", "2014-12-31": "", "2014-09-30": "", "2014-06-30": "", "2014-03-31": "", "2013-12-31": "", "2013-09-30": "", "2013-06-30": "", "2013-03-31": "", "2012-12-31": "", "2012-09-30": "0.00000", "2011-12-31": "", "2010-12-31": ""}, "SG&A Expenses": {"2020-09-30": "66.00000", "2020-06-30": "63.00000", "2020-03-31": "60.00000", "2019-12-31": "114.00000", "2019-09-30": "107.00000", "2019-06-30": "113.00000", "2019-03-31": "107.00000", "2018-12-31": "115.00000", "2018-09-30": "109.00000", "2018-06-30": "115.00000", "2018-03-31": "104.00000", "2017-12-31": "109.00000", "2017-09-30": "106.00000", "2017-06-30": "118.00000", "2017-03-31": "106.00000", "2016-12-31": "122.00000", "2016-09-30": "107.00000", "2016-06-30": "97.00000", "2016-03-31": "83.00000", "2015-12-31": "44.00000", "2015-09-30": "145.00000", "2015-06-30": "221.00000", "2015-03-31": "127.00000", "2014-12-31": "142.00000", "2014-09-30": "119.00000", "2014-06-30": "133.00000", "2014-03-31": "97.00000", "2013-12-31": "429.00000", "2013-09-30": "130.00000", "2013-06-30": "92.00000", "2013-03-31": "97.00000", "2012-12-31": "", "2012-09-30": "", "2011-12-31": "", "2010-12-31": ""}, "Other Operating Income Or Expenses": {"2020-09-30": "-622.00000", "2020-06-30": "-582.00000", "2020-03-31": "-1462.00000", "2019-12-31": "-1505.00000", "2019-09-30": "-1373.00000", "2019-06-30": "-1473.00000", "2019-03-31": "-1403.00000", "2018-12-31": "-1399.00000", "2018-09-30": "-1347.00000", "2018-06-30": "-1339.00000", "2018-03-31": "-1289.00000", "2017-12-31": "-1282.00000", "2017-09-30": "-1230.00000", "2017-06-30": "-1224.00000", "2017-03-31": "-1219.00000", "2016-12-31": "-373.00000", "2016-09-30": "-1080.00000", "2016-06-30": "-1140.00000", "2016-03-31": "-1074.00000", "2015-12-31": "-1129.00000", "2015-09-30": "-899.00000", "2015-06-30": "-1064.00000", "2015-03-31": "-805.00000", "2014-12-31": "-1038.00000", "2014-09-30": "-906.00000", "2014-06-30": "-920.00000", "2014-03-31": "-827.00000", "2013-12-31": "-972.00000", "2013-09-30": "-842.00000", "2013-06-30": "-750.00000", "2013-03-31": "-841.00000", "2012-12-31": "", "2012-09-30": "", "2011-12-31": "", "2010-12-31": ""}, "Operating Expenses": {"2020-09-30": "922.00000", "2020-06-30": "866.00000", "2020-03-31": "1852.00000", "2019-12-31": "2021.00000", "2019-09-30": "1876.00000", "2019-06-30": "2006.00000", "2019-03-31": "1892.00000", "2018-12-31": "1926.00000", "2018-09-30": "1868.00000", "2018-06-30": "1885.00000", "2018-03-31": "1795.00000", "2017-12-31": "1809.00000", "2017-09-30": "1759.00000", "2017-06-30": "1752.00000", "2017-03-31": "1679.00000", "2016-12-31": "873.00000", "2016-09-30": "1602.00000", "2016-06-30": "1677.00000", "2016-03-31": "1556.00000", "2015-12-31": "-603.00000", "2015-09-30": "2232.00000", "2015-06-30": "2495.00000", "2015-03-31": "2109.00000", "2014-12-31": "2373.00000", "2014-09-30": "2199.00000", "2014-06-30": "2232.00000", "2014-03-31": "2025.00000", "2013-12-31": "2554.00000", "2013-09-30": "2092.00000", "2013-06-30": "1976.00000", "2013-03-31": "2011.00000", "2012-12-31": "", "2012-09-30": "", "2011-12-31": "", "2010-12-31": ""}, "Operating Income": {"2020-09-30": "11.00000", "2020-06-30": "-302.00000", "2020-03-31": "68.00000", "2019-12-31": "348.00000", "2019-09-30": "519.00000", "2019-06-30": "478.00000", "2019-03-31": "312.00000", "2018-12-31": "362.00000", "2018-09-30": "385.00000", "2018-06-30": "406.00000", "2018-03-31": "279.00000", "2017-12-31": "259.00000", "2017-09-30": "332.00000", "2017-06-30": "324.00000", "2017-03-31": "217.00000", "2016-12-31": "160.00000", "2016-09-30": "265.00000", "2016-06-30": "273.00000", "2016-03-31": "170.00000", "2015-12-31": "-680.00000", "2015-09-30": "663.00000", "2015-06-30": "427.00000", "2015-03-31": "490.00000", "2014-12-31": "455.00000", "2014-09-30": "445.00000", "2014-06-30": "435.00000", "2014-03-31": "338.00000", "2013-12-31": "89.00000", "2013-09-30": "357.00000", "2013-06-30": "404.00000", "2013-03-31": "252.00000", "2012-12-31": "", "2012-09-30": "", "2011-12-31": "", "2010-12-31": ""}, "Total Non-Operating Income/Expense": {"2020-09-30": "-125.00000", "2020-06-30": "-142.00000", "2020-03-31": "-85.00000", "2019-12-31": "-105.00000", "2019-09-30": "-98.00000", "2019-06-30": "-116.00000", "2019-03-31": "-94.00000", "2018-12-31": "-96.00000", "2018-09-30": "-92.00000", "2018-06-30": "-108.00000", "2018-03-31": "-58.00000", "2017-12-31": "-78.00000", "2017-09-30": "-76.00000", "2017-06-30": "-74.00000", "2017-03-31": "-151.00000", "2016-12-31": "-11.00000", "2016-09-30": "-107.00000", "2016-06-30": "-110.00000", "2016-03-31": "-100.00000", "2015-12-31": "58.00000", "2015-09-30": "-133.00000", "2015-06-30": "-115.00000", "2015-03-31": "-177.00000", "2014-12-31": "-162.00000", "2014-09-30": "-131.00000", "2014-06-30": "-102.00000", "2014-03-31": "-131.00000", "2013-12-31": "19.00000", "2013-09-30": "-84.00000", "2013-06-30": "-163.00000", "2013-03-31": "-176.00000", "2012-12-31": "", "2012-09-30": "", "2011-12-31": "", "2010-12-31": ""}, "Pre-Tax Income": {"2020-09-30": "-114.00000", "2020-06-30": "-444.00000", "2020-03-31": "-17.00000", "2019-12-31": "243.00000", "2019-09-30": "421.00000", "2019-06-30": "362.00000", "2019-03-31": "218.00000", "2018-12-31": "266.00000", "2018-09-30": "293.00000", "2018-06-30": "298.00000", "2018-03-31": "221.00000", "2017-12-31": "181.00000", "2017-09-30": "256.00000", "2017-06-30": "250.00000", "2017-03-31": "66.00000", "2016-12-31": "149.00000", "2016-09-30": "158.00000", "2016-06-30": "163.00000", "2016-03-31": "70.00000", "2015-12-31": "-622.00000", "2015-09-30": "530.00000", "2015-06-30": "312.00000", "2015-03-31": "313.00000", "2014-12-31": "293.00000", "2014-09-30": "314.00000", "2014-06-30": "333.00000", "2014-03-31": "207.00000", "2013-12-31": "108.00000", "2013-09-30": "273.00000", "2013-06-30": "241.00000", "2013-03-31": "76.00000", "2012-12-31": "", "2012-09-30": "0.00000", "2011-12-31": "", "2010-12-31": ""}, "Income Taxes": {"2020-09-30": "-33.00000", "2020-06-30": "-12.00000", "2020-03-31": "-35.00000", "2019-12-31": "67.00000", "2019-09-30": "131.00000", "2019-06-30": "101.00000", "2019-03-31": "59.00000", "2018-12-31": "41.00000", "2018-09-30": "129.00000", "2018-06-30": "81.00000", "2018-03-31": "58.00000", "2017-12-31": "-549.00000", "2017-09-30": "96.00000", "2017-06-30": "99.00000", "2017-03-31": "18.00000", "2016-12-31": "546.00000", "2016-09-30": "69.00000", "2016-06-30": "63.00000", "2016-03-31": "-121.00000", "2015-12-31": "-903.00000", "2015-09-30": "247.00000", "2015-06-30": "145.00000", "2015-03-31": "163.00000", "2014-12-31": "134.00000", "2014-09-30": "127.00000", "2014-06-30": "121.00000", "2014-03-31": "83.00000", "2013-12-31": "46.00000", "2013-09-30": "70.00000", "2013-06-30": "84.00000", "2013-03-31": "38.00000", "2012-12-31": "", "2012-09-30": "0.00000", "2011-12-31": "", "2010-12-31": ""}, "Income After Taxes": {"2020-09-30": "-81.00000", "2020-06-30": "-432.00000", "2020-03-31": "18.00000", "2019-12-31": "176.00000", "2019-09-30": "290.00000", "2019-06-30": "261.00000", "2019-03-31": "159.00000", "2018-12-31": "225.00000", "2018-09-30": "164.00000", "2018-06-30": "217.00000", "2018-03-31": "163.00000", "2017-12-31": "730.00000", "2017-09-30": "160.00000", "2017-06-30": "151.00000", "2017-03-31": "48.00000", "2016-12-31": "-397.00000", "2016-09-30": "89.00000", "2016-06-30": "100.00000", "2016-03-31": "191.00000", "2015-12-31": "281.00000", "2015-09-30": "283.00000", "2015-06-30": "167.00000", "2015-03-31": "150.00000", "2014-12-31": "159.00000", "2014-09-30": "187.00000", "2014-06-30": "212.00000", "2014-03-31": "124.00000", "2013-12-31": "62.00000", "2013-09-30": "203.00000", "2013-06-30": "157.00000", "2013-03-31": "38.00000", "2012-12-31": "", "2012-09-30": "", "2011-12-31": "", "2010-12-31": ""}, "Other Income": {"2020-09-30": "", "2020-06-30": "", "2020-03-31": "", "2019-12-31": "", "2019-09-30": "", "2019-06-30": "", "2019-03-31": "", "2018-12-31": "", "2018-09-30": "", "2018-06-30": "", "2018-03-31": "", "2017-12-31": "", "2017-09-30": "", "2017-06-30": "", "2017-03-31": "", "2016-12-31": "", "2016-09-30": "", "2016-06-30": "", "2016-03-31": "", "2015-12-31": "", "2015-09-30": "", "2015-06-30": "", "2015-03-31": "", "2014-12-31": "", "2014-09-30": "", "2014-06-30": "", "2014-03-31": "", "2013-12-31": "", "2013-09-30": "", "2013-06-30": "", "2013-03-31": "", "2012-12-31": "", "2012-09-30": "0.00000", "2011-12-31": "", "2010-12-31": ""}, "Income From Continuous Operations": {"2020-09-30": "-81.00000", "2020-06-30": "-432.00000", "2020-03-31": "18.00000", "2019-12-31": "176.00000", "2019-09-30": "290.00000", "2019-06-30": "261.00000", "2019-03-31": "159.00000", "2018-12-31": "225.00000", "2018-09-30": "164.00000", "2018-06-30": "217.00000", "2018-03-31": "163.00000", "2017-12-31": "730.00000", "2017-09-30": "160.00000", "2017-06-30": "151.00000", "2017-03-31": "48.00000", "2016-12-31": "-397.00000", "2016-09-30": "89.00000", "2016-06-30": "100.00000", "2016-03-31": "191.00000", "2015-12-31": "281.00000", "2015-09-30": "283.00000", "2015-06-30": "167.00000", "2015-03-31": "150.00000", "2014-12-31": "159.00000", "2014-09-30": "187.00000", "2014-06-30": "212.00000", "2014-03-31": "124.00000", "2013-12-31": "62.00000", "2013-09-30": "203.00000", "2013-06-30": "157.00000", "2013-03-31": "38.00000", "2012-12-31": "", "2012-09-30": "0.00000", "2011-12-31": "", "2010-12-31": ""}, "Income From Discontinued Operations": {"2020-09-30": "", "2020-06-30": "", "2020-03-31": "", "2019-12-31": "", "2019-09-30": "", "2019-06-30": "", "2019-03-31": "", "2018-12-31": "", "2018-09-30": "", "2018-06-30": "", "2018-03-31": "", "2017-12-31": "", "2017-09-30": "", "2017-06-30": "", "2017-03-31": "", "2016-12-31": "5.00000", "2016-09-30": "103.00000", "2016-06-30": "144.00000", "2016-03-31": "119.00000", "2015-12-31": "", "2015-09-30": "", "2015-06-30": "", "2015-03-31": "", "2014-12-31": "", "2014-09-30": "", "2014-06-30": "", "2014-03-31": "", "2013-12-31": "", "2013-09-30": "", "2013-06-30": "", "2013-03-31": "", "2012-12-31": "", "2012-09-30": "0.00000", "2011-12-31": "", "2010-12-31": ""}, "Net Income": {"2020-09-30": "-79.00000", "2020-06-30": "-430.00000", "2020-03-31": "18.00000", "2019-12-31": "175.00000", "2019-09-30": "288.00000", "2019-06-30": "260.00000", "2019-03-31": "158.00000", "2018-12-31": "224.00000", "2018-09-30": "162.00000", "2018-06-30": "217.00000", "2018-03-31": "161.00000", "2017-12-31": "729.00000", "2017-09-30": "158.00000", "2017-06-30": "150.00000", "2017-03-31": "47.00000", "2016-12-31": "-397.00000", "2016-09-30": "187.00000", "2016-06-30": "239.00000", "2016-03-31": "309.00000", "2015-12-31": "814.00000", "2015-09-30": "279.00000", "2015-06-30": "161.00000", "2015-03-31": "150.00000", "2014-12-31": "158.00000", "2014-09-30": "183.00000", "2014-06-30": "209.00000", "2014-03-31": "123.00000", "2013-12-31": "26.00000", "2013-09-30": "200.00000", "2013-06-30": "155.00000", "2013-03-31": "34.00000", "2012-12-31": "", "2012-09-30": "", "2011-12-31": "", "2010-12-31": ""}, "EBITDA": {"2020-09-30": "108.00000", "2020-06-30": "-207.00000", "2020-03-31": "167.00000", "2019-12-31": "462.00000", "2019-09-30": "612.00000", "2019-06-30": "571.00000", "2019-03-31": "403.00000", "2018-12-31": "468.00000", "2018-09-30": "472.00000", "2018-06-30": "492.00000", "2018-03-31": "368.00000", "2017-12-31": "363.00000", "2017-09-30": "419.00000", "2017-06-30": "412.00000", "2017-03-31": "306.00000", "2016-12-31": "372.00000", "2016-09-30": "434.00000", "2016-06-30": "444.00000", "2016-03-31": "339.00000", "2015-12-31": "-469.00000", "2015-09-30": "834.00000", "2015-06-30": "600.00000", "2015-03-31": "665.00000", "2014-12-31": "663.00000", "2014-09-30": "604.00000", "2014-06-30": "593.00000", "2014-03-31": "491.00000", "2013-12-31": "262.00000", "2013-09-30": "503.00000", "2013-06-30": "553.00000", "2013-03-31": "412.00000", "2012-12-31": "", "2012-09-30": "", "2011-12-31": "", "2010-12-31": ""}, "EBIT": {"2020-09-30": "11.00000", "2020-06-30": "-302.00000", "2020-03-31": "68.00000", "2019-12-31": "348.00000", "2019-09-30": "519.00000", "2019-06-30": "478.00000", "2019-03-31": "312.00000", "2018-12-31": "362.00000", "2018-09-30": "385.00000", "2018-06-30": "406.00000", "2018-03-31": "279.00000", "2017-12-31": "259.00000", "2017-09-30": "332.00000", "2017-06-30": "324.00000", "2017-03-31": "217.00000", "2016-12-31": "160.00000", "2016-09-30": "265.00000", "2016-06-30": "273.00000", "2016-03-31": "170.00000", "2015-12-31": "-680.00000", "2015-09-30": "663.00000", "2015-06-30": "427.00000", "2015-03-31": "490.00000", "2014-12-31": "455.00000", "2014-09-30": "445.00000", "2014-06-30": "435.00000", "2014-03-31": "338.00000", "2013-12-31": "89.00000", "2013-09-30": "357.00000", "2013-06-30": "404.00000", "2013-03-31": "252.00000", "2012-12-31": "", "2012-09-30": "", "2011-12-31": "", "2010-12-31": ""}, "Basic Shares Outstanding": {"2020-09-30": "277.00000", "2020-06-30": "277.00000", "2020-03-31": "277.00000", "2019-12-31": "287.00000", "2019-09-30": "285.00000", "2019-06-30": "290.00000", "2019-03-31": "293.00000", "2018-12-31": "302.00000", "2018-09-30": "297.00000", "2018-06-30": "301.00000", "2018-03-31": "316.00000", "2017-12-31": "324.00000", "2017-09-30": "322.00000", "2017-06-30": "327.00000", "2017-03-31": "330.00000", "2016-12-31": "329.00000", "2016-09-30": "329.00000", "2016-06-30": "329.00000", "2016-03-31": "329.00000", "2015-12-31": "329.00000", "2015-09-30": "328.96710", "2015-06-30": "328.96710", "2015-03-31": "328.63380", "2014-12-31": "328.00000", "2014-09-30": "328.30050", "2014-06-30": "328.30050", "2014-03-31": "328.30050", "2013-12-31": "307.63590", "2013-09-30": "306.96930", "2013-06-30": "306.96930", "2013-03-31": "306.96930", "2012-12-31": "", "2012-09-30": "", "2011-12-31": "", "2010-12-31": ""}, "Shares Outstanding": {"2020-09-30": "279.00000", "2020-06-30": "278.00000", "2020-03-31": "280.00000", "2019-12-31": "290.00000", "2019-09-30": "288.00000", "2019-06-30": "292.00000", "2019-03-31": "295.00000", "2018-12-31": "305.00000", "2018-09-30": "300.00000", "2018-06-30": "303.00000", "2018-03-31": "319.00000", "2017-12-31": "327.00000", "2017-09-30": "325.00000", "2017-06-30": "329.00000", "2017-03-31": "331.00000", "2016-12-31": "329.00000", "2016-09-30": "331.00000", "2016-06-30": "330.00000", "2016-03-31": "330.00000", "2015-12-31": "330.00000", "2015-09-30": "329.63370", "2015-06-30": "329.63370", "2015-03-31": "329.30040", "2014-12-31": "329.00000", "2014-09-30": "328.96710", "2014-06-30": "328.30050", "2014-03-31": "328.30050", "2013-12-31": "307.63590", "2013-09-30": "306.96930", "2013-06-30": "306.96930", "2013-03-31": "306.96930", "2012-12-31": "", "2012-09-30": "", "2011-12-31": "", "2010-12-31": ""}, "Basic EPS": {"2020-09-30": "-0.29000", "2020-06-30": "-1.55000", "2020-03-31": "0.06000", "2019-12-31": "0.62000", "2019-09-30": "1.01000", "2019-06-30": "0.90000", "2019-03-31": "0.54000", "2018-12-31": "0.75000", "2018-09-30": "0.55000", "2018-06-30": "0.72000", "2018-03-31": "0.51000", "2017-12-31": "2.25000", "2017-09-30": "0.49000", "2017-06-30": "0.46000", "2017-03-31": "0.14000", "2016-12-31": "-1.21000", "2016-09-30": "0.57000", "2016-06-30": "0.73000", "2016-03-31": "0.94000", "2015-12-31": "2.49980", "2015-09-30": "0.84010", "2015-06-30": "0.48000", "2015-03-31": "0.45000", "2014-12-31": "0.48980", "2014-09-30": "0.57010", "2014-06-30": "0.63010", "2014-03-31": "0.36000", "2013-12-31": "0.09000", "2013-09-30": "0.66010", "2013-06-30": "0.51010", "2013-03-31": "0.09000", "2012-12-31": "", "2012-09-30": "", "2011-12-31": "", "2010-12-31": ""}, "EPS - Earnings Per Share": {"2020-09-30": "-0.28000", "2020-06-30": "-1.55000", "2020-03-31": "0.06000", "2019-12-31": "0.61000", "2019-09-30": "1.00000", "2019-06-30": "0.89000", "2019-03-31": "0.54000", "2018-12-31": "0.74000", "2018-09-30": "0.54000", "2018-06-30": "0.71000", "2018-03-31": "0.51000", "2017-12-31": "2.23000", "2017-09-30": "0.49000", "2017-06-30": "0.46000", "2017-03-31": "0.14000", "2016-12-31": "-1.20000", "2016-09-30": "0.57000", "2016-06-30": "0.72000", "2016-03-31": "0.94000", "2015-12-31": "2.48980", "2015-09-30": "0.84010", "2015-06-30": "0.48000", "2015-03-31": "0.45000", "2014-12-31": "0.48980", "2014-09-30": "0.57010", "2014-06-30": "0.63010", "2014-03-31": "0.36000", "2013-12-31": "0.09000", "2013-09-30": "0.66010", "2013-06-30": "0.51010", "2013-03-31": "0.09000", "2012-12-31": "0.00000", "2012-09-30": "0.00000", "2011-12-31": "0.00000", "2010-12-31": "0.00000"}}, "balance sheet": {"Cash On Hand": {"2019-12-31": "630.00000", "2018-12-31": "484.00000", "2017-12-31": "670.00000", "2016-12-31": "1183.00000", "2015-12-31": "856.00000", "2014-12-31": "768.00000", "2013-12-31": "860.00000", "2012-12-31": "1305.00000", "2011-12-31": "1439.00000", "2010-12-31": "", "2006-12-31": "431.00000", "2005-12-31": "1336.00000"}, "Receivables": {"2019-12-31": "1261.00000", "2018-12-31": "1150.00000", "2017-12-31": "1041.00000", "2016-12-31": "768.00000", "2015-12-31": "1102.00000", "2014-12-31": "1104.00000", "2013-12-31": "927.00000", "2012-12-31": "838.00000", "2011-12-31": "741.00000", "2010-12-31": "", "2006-12-31": "659.00000", "2005-12-31": "312.00000"}, "Inventory": {"2019-12-31": "", "2018-12-31": "", "2017-12-31": "", "2016-12-31": "", "2015-12-31": "442.00000", "2014-12-31": "404.00000", "2013-12-31": "396.00000", "2012-12-31": "415.00000", "2011-12-31": "552.00000", "2010-12-31": "", "2006-12-31": "430.00000", "2005-12-31": "219.00000"}, "Pre-Paid Expenses": {"2019-12-31": "130.00000", "2018-12-31": "160.00000", "2017-12-31": "127.00000", "2016-12-31": "89.00000", "2015-12-31": "147.00000", "2014-12-31": "133.00000", "2013-12-31": "148.00000", "2012-12-31": "153.00000", "2011-12-31": "136.00000", "2010-12-31": "", "2006-12-31": "", "2005-12-31": ""}, "Other Current Assets": {"2019-12-31": "72.00000", "2018-12-31": "189.00000", "2017-12-31": "169.00000", "2016-12-31": "39.00000", "2015-12-31": "38.00000", "2014-12-31": "90.00000", "2013-12-31": "29.00000", "2012-12-31": "40.00000", "2011-12-31": "91.00000", "2010-12-31": "", "2006-12-31": "", "2005-12-31": ""}, "Total Current Assets": {"2019-12-31": "2093.00000", "2018-12-31": "1983.00000", "2017-12-31": "2007.00000", "2016-12-31": "3557.00000", "2015-12-31": "2585.00000", "2014-12-31": "2499.00000", "2013-12-31": "2383.00000", "2012-12-31": "2827.00000", "2011-12-31": "3033.00000", "2010-12-31": "", "2006-12-31": "1909.00000", "2005-12-31": "2089.00000"}, "Property, Plant, And Equipment": {"2019-12-31": "380.00000", "2018-12-31": "367.00000", "2017-12-31": "353.00000", "2016-12-31": "341.00000", "2015-12-31": "9119.00000", "2014-12-31": "7483.00000", "2013-12-31": "9058.00000", "2012-12-31": "9197.00000", "2011-12-31": "9117.00000", "2010-12-31": "", "2006-12-31": "4983.00000", "2005-12-31": "2985.00000"}, "Long-Term Investments": {"2019-12-31": "", "2018-12-31": "", "2017-12-31": "", "2016-12-31": "", "2015-12-31": "138.00000", "2014-12-31": "170.00000", "2013-12-31": "260.00000", "2012-12-31": "291.00000", "2011-12-31": "334.00000", "2010-12-31": "", "2006-12-31": "", "2005-12-31": ""}, "Goodwill And Intangible Assets": {"2019-12-31": "10457.00000", "2018-12-31": "10444.00000", "2017-12-31": "10513.00000", "2016-12-31": "10513.00000", "2015-12-31": "11392.00000", "2014-12-31": "11791.00000", "2013-12-31": "11984.00000", "2012-12-31": "11970.00000", "2011-12-31": "11903.00000", "2010-12-31": "0.00000", "2006-12-31": "", "2005-12-31": ""}, "Other Long-Term Assets": {"2019-12-31": "1060.00000", "2018-12-31": "1111.00000", "2017-12-31": "1244.00000", "2016-12-31": "1371.00000", "2015-12-31": "1423.00000", "2014-12-31": "3205.00000", "2013-12-31": "1855.00000", "2012-12-31": "1862.00000", "2011-12-31": "2043.00000", "2010-12-31": "", "2006-12-31": "", "2005-12-31": ""}, "Total Long-Term Assets": {"2019-12-31": "12864.00000", "2018-12-31": "12012.00000", "2017-12-31": "12221.00000", "2016-12-31": "22654.00000", "2015-12-31": "23037.00000", "2014-12-31": "23626.00000", "2013-12-31": "24179.00000", "2012-12-31": "24239.00000", "2011-12-31": "24279.00000", "2010-12-31": "", "2006-12-31": "4983.00000", "2005-12-31": "2985.00000"}, "Total Assets": {"2019-12-31": "14957.00000", "2018-12-31": "13995.00000", "2017-12-31": "14228.00000", "2016-12-31": "26211.00000", "2015-12-31": "25622.00000", "2014-12-31": "26125.00000", "2013-12-31": "26562.00000", "2012-12-31": "27066.00000", "2011-12-31": "27312.00000", "2010-12-31": "0.00000", "2006-12-31": "16481.00000", "2005-12-31": "8743.00000"}, "Total Current Liabilities": {"2019-12-31": "2871.00000", "2018-12-31": "2615.00000", "2017-12-31": "2462.00000", "2016-12-31": "2684.00000", "2015-12-31": "2443.00000", "2014-12-31": "2257.00000", "2013-12-31": "2142.00000", "2012-12-31": "2349.00000", "2011-12-31": "2207.00000", "2010-12-31": "", "2006-12-31": "2467.00000", "2005-12-31": "864.00000"}, "Long Term Debt": {"2019-12-31": "7956.00000", "2018-12-31": "7266.00000", "2017-12-31": "6556.00000", "2016-12-31": "6583.00000", "2015-12-31": "10249.00000", "2014-12-31": "10803.00000", "2013-12-31": "11751.00000", "2012-12-31": "15183.00000", "2011-12-31": "15969.00000", "2010-12-31": "", "2006-12-31": "6946.00000", "2005-12-31": "3672.00000"}, "Other Non-Current Liabilities": {"2019-12-31": "1943.00000", "2018-12-31": "1832.00000", "2017-12-31": "1759.00000", "2016-12-31": "2381.00000", "2015-12-31": "2066.00000", "2014-12-31": "2640.00000", "2013-12-31": "2666.00000", "2012-12-31": "2349.00000", "2011-12-31": "2428.00000", "2010-12-31": "", "2006-12-31": "", "2005-12-31": ""}, "Total Long Term Liabilities": {"2019-12-31": "12558.00000", "2018-12-31": "10822.00000", "2017-12-31": "10075.00000", "2016-12-31": "17678.00000", "2015-12-31": "17228.00000", "2014-12-31": "19154.00000", "2013-12-31": "20144.00000", "2012-12-31": "22562.00000", "2011-12-31": "23403.00000", "2010-12-31": "", "2006-12-31": "6946.00000", "2005-12-31": "3672.00000"}, "Total Liabilities": {"2019-12-31": "15429.00000", "2018-12-31": "13437.00000", "2017-12-31": "12537.00000", "2016-12-31": "20362.00000", "2015-12-31": "19671.00000", "2014-12-31": "21411.00000", "2013-12-31": "22286.00000", "2012-12-31": "24911.00000", "2011-12-31": "25610.00000", "2010-12-31": "0.00000", "2006-12-31": "12754.00000", "2005-12-31": "5932.00000"}, "Common Stock Net": {"2019-12-31": "3.00000", "2018-12-31": "3.00000", "2017-12-31": "3.00000", "2016-12-31": "3.00000", "2015-12-31": "10.00000", "2014-12-31": "10.00000", "2013-12-31": "10.00000", "2012-12-31": "1.00000", "2011-12-31": "1.00000", "2010-12-31": "0.00000", "2006-12-31": "", "2005-12-31": ""}, "Retained Earnings (Accumulated Deficit)": {"2019-12-31": "-5965.00000", "2018-12-31": "-6417.00000", "2017-12-31": "-6981.00000", "2016-12-31": "-3323.00000", "2015-12-31": "-3392.00000", "2014-12-31": "-4658.00000", "2013-12-31": "-5331.00000", "2012-12-31": "-5746.00000", "2011-12-31": "-6098.00000", "2010-12-31": "", "2006-12-31": "1663.00000", "2005-12-31": "1125.00000"}, "Comprehensive Income": {"2019-12-31": "-840.00000", "2018-12-31": "-782.00000", "2017-12-31": "-741.00000", "2016-12-31": "-1001.00000", "2015-12-31": "-784.00000", "2014-12-31": "-628.00000", "2013-12-31": "-264.00000", "2012-12-31": "-406.00000", "2011-12-31": "-489.00000", "2010-12-31": "", "2006-12-31": "", "2005-12-31": ""}, "Other Share Holders Equity": {"2019-12-31": "", "2018-12-31": "", "2017-12-31": "", "2016-12-31": "", "2015-12-31": "", "2014-12-31": "", "2013-12-31": "", "2012-12-31": "", "2011-12-31": "", "2010-12-31": "0.00000", "2006-12-31": "", "2005-12-31": ""}, "Share Holder Equity": {"2019-12-31": "-472.00000", "2018-12-31": "558.00000", "2017-12-31": "1691.00000", "2016-12-31": "5849.00000", "2015-12-31": "5951.00000", "2014-12-31": "4714.00000", "2013-12-31": "4276.00000", "2012-12-31": "2155.00000", "2011-12-31": "1702.00000", "2010-12-31": "0.00000", "2006-12-31": "3727.00000", "2005-12-31": "2811.00000"}, "Total Liabilities And Share Holders Equity": {"2019-12-31": "14957.00000", "2018-12-31": "13995.00000", "2017-12-31": "14228.00000", "2016-12-31": "26211.00000", "2015-12-31": "25622.00000", "2014-12-31": "26125.00000", "2013-12-31": "26562.00000", "2012-12-31": "27066.00000", "2011-12-31": "27312.00000", "2010-12-31": "0.00000", "2006-12-31": "16481.00000", "2005-12-31": "8743.00000"}}, "balance sheet, quarterly": {"Cash On Hand": {"2020-09-30": "3468.00000", "2020-06-30": "3575.00000", "2020-03-31": "1805.00000", "2019-12-31": "630.00000", "2019-09-30": "809.00000", "2019-06-30": "718.00000", "2019-03-31": "461.00000", "2018-12-31": "484.00000", "2018-09-30": "700.00000", "2018-06-30": "505.00000", "2018-03-31": "683.00000", "2017-12-31": "670.00000", "2017-09-30": "796.00000", "2017-06-30": "909.00000", "2017-03-31": "986.00000", "2016-12-31": "1183.00000", "2016-09-30": "1131.00000", "2016-06-30": "1081.00000", "2016-03-31": "973.00000", "2015-12-31": "856.00000", "2015-09-30": "904.00000", "2015-06-30": "759.00000", "2015-03-31": "816.00000", "2014-12-31": "768.00000", "2014-09-30": "831.00000", "2014-06-30": "829.00000", "2014-03-31": "722.00000", "2013-12-31": "860.00000", "2013-09-30": "1226.00000", "2013-06-30": "", "2013-03-31": "", "2012-12-31": "", "2012-09-30": "", "2011-12-31": "1439.00000", "2010-12-31": ""}, "Receivables": {"2020-09-30": "890.00000", "2020-06-30": "827.00000", "2020-03-31": "1111.00000", "2019-12-31": "1261.00000", "2019-09-30": "1193.00000", "2019-06-30": "1190.00000", "2019-03-31": "1102.00000", "2018-12-31": "1150.00000", "2018-09-30": "1090.00000", "2018-06-30": "1052.00000", "2018-03-31": "980.00000", "2017-12-31": "1041.00000", "2017-09-30": "933.00000", "2017-06-30": "921.00000", "2017-03-31": "911.00000", "2016-12-31": "768.00000", "2016-09-30": "1166.00000", "2016-06-30": "1152.00000", "2016-03-31": "1065.00000", "2015-12-31": "1102.00000", "2015-09-30": "1072.00000", "2015-06-30": "1100.00000", "2015-03-31": "1048.00000", "2014-12-31": "1104.00000", "2014-09-30": "982.00000", "2014-06-30": "975.00000", "2014-03-31": "903.00000", "2013-12-31": "927.00000", "2013-09-30": "934.00000", "2013-06-30": "", "2013-03-31": "", "2012-12-31": "", "2012-09-30": "", "2011-12-31": "741.00000", "2010-12-31": ""}, "Inventory": {"2020-09-30": "", "2020-06-30": "", "2020-03-31": "", "2019-12-31": "", "2019-09-30": "", "2019-06-30": "", "2019-03-31": "", "2018-12-31": "", "2018-09-30": "", "2018-06-30": "", "2018-03-31": "", "2017-12-31": "", "2017-09-30": "", "2017-06-30": "", "2017-03-31": "", "2016-12-31": "", "2016-09-30": "508.00000", "2016-06-30": "459.00000", "2016-03-31": "469.00000", "2015-12-31": "442.00000", "2015-09-30": "430.00000", "2015-06-30": "424.00000", "2015-03-31": "421.00000", "2014-12-31": "404.00000", "2014-09-30": "350.00000", "2014-06-30": "359.00000", "2014-03-31": "397.00000", "2013-12-31": "396.00000", "2013-09-30": "386.00000", "2013-06-30": "", "2013-03-31": "", "2012-12-31": "", "2012-09-30": "", "2011-12-31": "552.00000", "2010-12-31": ""}, "Pre-Paid Expenses": {"2020-09-30": "113.00000", "2020-06-30": "91.00000", "2020-03-31": "138.00000", "2019-12-31": "130.00000", "2019-09-30": "115.00000", "2019-06-30": "117.00000", "2019-03-31": "140.00000", "2018-12-31": "160.00000", "2018-09-30": "166.00000", "2018-06-30": "151.00000", "2018-03-31": "161.00000", "2017-12-31": "127.00000", "2017-09-30": "130.00000", "2017-06-30": "123.00000", "2017-03-31": "129.00000", "2016-12-31": "89.00000", "2016-09-30": "171.00000", "2016-06-30": "186.00000", "2016-03-31": "193.00000", "2015-12-31": "147.00000", "2015-09-30": "182.00000", "2015-06-30": "146.00000", "2015-03-31": "153.00000", "2014-12-31": "133.00000", "2014-09-30": "172.00000", "2014-06-30": "166.00000", "2014-03-31": "182.00000", "2013-12-31": "148.00000", "2013-09-30": "156.00000", "2013-06-30": "", "2013-03-31": "", "2012-12-31": "", "2012-09-30": "", "2011-12-31": "", "2010-12-31": ""}, "Other Current Assets": {"2020-09-30": "113.00000", "2020-06-30": "84.00000", "2020-03-31": "95.00000", "2019-12-31": "72.00000", "2019-09-30": "138.00000", "2019-06-30": "190.00000", "2019-03-31": "173.00000", "2018-12-31": "189.00000", "2018-09-30": "79.00000", "2018-06-30": "136.00000", "2018-03-31": "184.00000", "2017-12-31": "169.00000", "2017-09-30": "46.00000", "2017-06-30": "46.00000", "2017-03-31": "43.00000", "2016-12-31": "39.00000", "2016-09-30": "48.00000", "2016-06-30": "52.00000", "2016-03-31": "38.00000", "2015-12-31": "38.00000", "2015-09-30": "38.00000", "2015-06-30": "52.00000", "2015-03-31": "31.00000", "2014-12-31": "90.00000", "2014-09-30": "56.00000", "2014-06-30": "65.00000", "2014-03-31": "68.00000", "2013-12-31": "29.00000", "2013-09-30": "40.00000", "2013-06-30": "", "2013-03-31": "", "2012-12-31": "", "2012-09-30": "", "2011-12-31": "301.00000", "2010-12-31": ""}, "Total Current Assets": {"2020-09-30": "4584.00000", "2020-06-30": "4577.00000", "2020-03-31": "3149.00000", "2019-12-31": "2093.00000", "2019-09-30": "2255.00000", "2019-06-30": "2215.00000", "2019-03-31": "1876.00000", "2018-12-31": "1983.00000", "2018-09-30": "2035.00000", "2018-06-30": "1844.00000", "2018-03-31": "2008.00000", "2017-12-31": "2007.00000", "2017-09-30": "1905.00000", "2017-06-30": "1999.00000", "2017-03-31": "2069.00000", "2016-12-31": "3557.00000", "2016-09-30": "3024.00000", "2016-06-30": "2930.00000", "2016-03-31": "2738.00000", "2015-12-31": "2585.00000", "2015-09-30": "2646.00000", "2015-06-30": "2501.00000", "2015-03-31": "2489.00000", "2014-12-31": "2499.00000", "2014-09-30": "2414.00000", "2014-06-30": "2417.00000", "2014-03-31": "2295.00000", "2013-12-31": "2383.00000", "2013-09-30": "2817.00000", "2013-06-30": "", "2013-03-31": "", "2012-12-31": "", "2012-09-30": "", "2011-12-31": "3033.00000", "2010-12-31": ""}, "Property, Plant, And Equipment": {"2020-09-30": "349.00000", "2020-06-30": "355.00000", "2020-03-31": "356.00000", "2019-12-31": "380.00000", "2019-09-30": "380.00000", "2019-06-30": "418.00000", "2019-03-31": "412.00000", "2018-12-31": "367.00000", "2018-09-30": "361.00000", "2018-06-30": "351.00000", "2018-03-31": "358.00000", "2017-12-31": "353.00000", "2017-09-30": "346.00000", "2017-06-30": "338.00000", "2017-03-31": "341.00000", "2016-12-31": "341.00000", "2016-09-30": "9020.00000", "2016-06-30": "9107.00000", "2016-03-31": "9098.00000", "2015-12-31": "9119.00000", "2015-09-30": "9132.00000", "2015-06-30": "9191.00000", "2015-03-31": "9193.00000", "2014-12-31": "7483.00000", "2014-09-30": "9124.00000", "2014-06-30": "9036.00000", "2014-03-31": "9031.00000", "2013-12-31": "9058.00000", "2013-09-30": "9071.00000", "2013-06-30": "", "2013-03-31": "", "2012-12-31": "", "2012-09-30": "", "2011-12-31": "10382.00000", "2010-12-31": ""}, "Long-Term Investments": {"2020-09-30": "", "2020-06-30": "", "2020-03-31": "", "2019-12-31": "", "2019-09-30": "", "2019-06-30": "", "2019-03-31": "", "2018-12-31": "", "2018-09-30": "", "2018-06-30": "", "2018-03-31": "", "2017-12-31": "", "2017-09-30": "", "2017-06-30": "", "2017-03-31": "", "2016-12-31": "", "2016-09-30": "132.00000", "2016-06-30": "129.00000", "2016-03-31": "127.00000", "2015-12-31": "138.00000", "2015-09-30": "154.00000", "2015-06-30": "156.00000", "2015-03-31": "156.00000", "2014-12-31": "170.00000", "2014-09-30": "174.00000", "2014-06-30": "257.00000", "2014-03-31": "264.00000", "2013-12-31": "260.00000", "2013-09-30": "268.00000", "2013-06-30": "", "2013-03-31": "", "2012-12-31": "", "2012-09-30": "", "2011-12-31": "334.00000", "2010-12-31": ""}, "Goodwill And Intangible Assets": {"2020-09-30": "10340.00000", "2020-06-30": "10344.00000", "2020-03-31": "10366.00000", "2019-12-31": "10457.00000", "2019-09-30": "10405.00000", "2019-06-30": "10431.00000", "2019-03-31": "10442.00000", "2018-12-31": "10444.00000", "2018-09-30": "10463.00000", "2018-06-30": "10471.00000", "2018-03-31": "10541.00000", "2017-12-31": "10513.00000", "2017-09-30": "10498.00000", "2017-06-30": "10468.00000", "2017-03-31": "10422.00000", "2016-12-31": "10513.00000", "2016-09-30": "11288.00000", "2016-06-30": "11316.00000", "2016-03-31": "11373.00000", "2015-12-31": "11392.00000", "2015-09-30": "11434.00000", "2015-06-30": "11514.00000", "2015-03-31": "11480.00000", "2014-12-31": "11791.00000", "2014-09-30": "11867.00000", "2014-06-30": "11970.00000", "2014-03-31": "11974.00000", "2013-12-31": "11984.00000", "2013-09-30": "11940.00000", "2013-06-30": "0.00000", "2013-03-31": "0.00000", "2012-12-31": "", "2012-09-30": "0.00000", "2011-12-31": "11903.00000", "2010-12-31": "0.00000"}, "Other Long-Term Assets": {"2020-09-30": "967.00000", "2020-06-30": "992.00000", "2020-03-31": "1031.00000", "2019-12-31": "1060.00000", "2019-09-30": "1042.00000", "2019-06-30": "1039.00000", "2019-03-31": "1061.00000", "2018-12-31": "1111.00000", "2018-09-30": "1173.00000", "2018-06-30": "1209.00000", "2018-03-31": "1242.00000", "2017-12-31": "1244.00000", "2017-09-30": "1392.00000", "2017-06-30": "1382.00000", "2017-03-31": "1373.00000", "2016-12-31": "1371.00000", "2016-09-30": "1403.00000", "2016-06-30": "1390.00000", "2016-03-31": "1411.00000", "2015-12-31": "1423.00000", "2015-09-30": "1544.00000", "2015-06-30": "1686.00000", "2015-03-31": "1601.00000", "2014-12-31": "3205.00000", "2014-09-30": "1736.00000", "2014-06-30": "1800.00000", "2014-03-31": "1816.00000", "2013-12-31": "1855.00000", "2013-09-30": "1705.00000", "2013-06-30": "", "2013-03-31": "", "2012-12-31": "", "2012-09-30": "", "2011-12-31": "2813.00000", "2010-12-31": ""}, "Total Long-Term Assets": {"2020-09-30": "12545.00000", "2020-06-30": "12549.00000", "2020-03-31": "12639.00000", "2019-12-31": "12864.00000", "2019-09-30": "12812.00000", "2019-06-30": "12925.00000", "2019-03-31": "12977.00000", "2018-12-31": "12012.00000", "2018-09-30": "12108.00000", "2018-06-30": "12142.00000", "2018-03-31": "12252.00000", "2017-12-31": "12221.00000", "2017-09-30": "12318.00000", "2017-06-30": "12270.00000", "2017-03-31": "12218.00000", "2016-12-31": "22654.00000", "2016-09-30": "22847.00000", "2016-06-30": "22923.00000", "2016-03-31": "22983.00000", "2015-12-31": "23037.00000", "2015-09-30": "23286.00000", "2015-06-30": "23550.00000", "2015-03-31": "23416.00000", "2014-12-31": "23626.00000", "2014-09-30": "23910.00000", "2014-06-30": "24080.00000", "2014-03-31": "24098.00000", "2013-12-31": "24179.00000", "2013-09-30": "23912.00000", "2013-06-30": "", "2013-03-31": "", "2012-12-31": "", "2012-09-30": "", "2011-12-31": "25544.00000", "2010-12-31": ""}, "Total Assets": {"2020-09-30": "17129.00000", "2020-06-30": "17126.00000", "2020-03-31": "15788.00000", "2019-12-31": "14957.00000", "2019-09-30": "15067.00000", "2019-06-30": "15140.00000", "2019-03-31": "14853.00000", "2018-12-31": "13995.00000", "2018-09-30": "14143.00000", "2018-06-30": "13986.00000", "2018-03-31": "14260.00000", "2017-12-31": "14228.00000", "2017-09-30": "14223.00000", "2017-06-30": "14269.00000", "2017-03-31": "14287.00000", "2016-12-31": "26211.00000", "2016-09-30": "25871.00000", "2016-06-30": "25853.00000", "2016-03-31": "25721.00000", "2015-12-31": "25622.00000", "2015-09-30": "25932.00000", "2015-06-30": "26051.00000", "2015-03-31": "25905.00000", "2014-12-31": "26125.00000", "2014-09-30": "26324.00000", "2014-06-30": "26497.00000", "2014-03-31": "26393.00000", "2013-12-31": "26562.00000", "2013-09-30": "26729.00000", "2013-06-30": "0.00000", "2013-03-31": "0.00000", "2012-12-31": "0.00000", "2012-09-30": "0.00000", "2011-12-31": "27312.00000", "2010-12-31": "0.00000"}, "Total Current Liabilities": {"2020-09-30": "2299.00000", "2020-06-30": "2306.00000", "2020-03-31": "2220.00000", "2019-12-31": "2871.00000", "2019-09-30": "2900.00000", "2019-06-30": "2780.00000", "2019-03-31": "2794.00000", "2018-12-31": "2615.00000", "2018-09-30": "2413.00000", "2018-06-30": "2378.00000", "2018-03-31": "2488.00000", "2017-12-31": "2462.00000", "2017-09-30": "2033.00000", "2017-06-30": "1989.00000", "2017-03-31": "1967.00000", "2016-12-31": "2684.00000", "2016-09-30": "2598.00000", "2016-06-30": "2663.00000", "2016-03-31": "2545.00000", "2015-12-31": "2443.00000", "2015-09-30": "2558.00000", "2015-06-30": "2426.00000", "2015-03-31": "2298.00000", "2014-12-31": "2257.00000", "2014-09-30": "2140.00000", "2014-06-30": "2120.00000", "2014-03-31": "1986.00000", "2013-12-31": "2142.00000", "2013-09-30": "2410.00000", "2013-06-30": "", "2013-03-31": "", "2012-12-31": "", "2012-09-30": "", "2011-12-31": "2207.00000", "2010-12-31": ""}, "Long Term Debt": {"2020-09-30": "10439.00000", "2020-06-30": "10437.00000", "2020-03-31": "9455.00000", "2019-12-31": "7956.00000", "2019-09-30": "7767.00000", "2019-06-30": "7772.00000", "2019-03-31": "7330.00000", "2018-12-31": "7266.00000", "2018-09-30": "7559.00000", "2018-06-30": "7564.00000", "2018-03-31": "6558.00000", "2017-12-31": "6556.00000", "2017-09-30": "6564.00000", "2017-06-30": "6572.00000", "2017-03-31": "6588.00000", "2016-12-31": "6583.00000", "2016-09-30": "9883.00000", "2016-06-30": "9900.00000", "2016-03-31": "9878.00000", "2015-12-31": "10249.00000", "2015-09-30": "9945.00000", "2015-06-30": "10400.00000", "2015-03-31": "10572.00000", "2014-12-31": "10803.00000", "2014-09-30": "11124.00000", "2014-06-30": "11314.00000", "2014-03-31": "11551.00000", "2013-12-31": "11751.00000", "2013-09-30": "13923.00000", "2013-06-30": "", "2013-03-31": "", "2012-12-31": "", "2012-09-30": "", "2011-12-31": "15969.00000", "2010-12-31": ""}, "Other Non-Current Liabilities": {"2020-09-30": "2688.00000", "2020-06-30": "2634.00000", "2020-03-31": "2372.00000", "2019-12-31": "1943.00000", "2019-09-30": "1888.00000", "2019-06-30": "1862.00000", "2019-03-31": "1838.00000", "2018-12-31": "1832.00000", "2018-09-30": "1797.00000", "2018-06-30": "1757.00000", "2018-03-31": "1738.00000", "2017-12-31": "1759.00000", "2017-09-30": "2433.00000", "2017-06-30": "2421.00000", "2017-03-31": "2391.00000", "2016-12-31": "2381.00000", "2016-09-30": "2316.00000", "2016-06-30": "2250.00000", "2016-03-31": "2272.00000", "2015-12-31": "2066.00000", "2015-09-30": "2615.00000", "2015-06-30": "2569.00000", "2015-03-31": "2622.00000", "2014-12-31": "2640.00000", "2014-09-30": "2629.00000", "2014-06-30": "2665.00000", "2014-03-31": "2666.00000", "2013-12-31": "2666.00000", "2013-09-30": "2803.00000", "2013-06-30": "", "2013-03-31": "", "2012-12-31": "", "2012-09-30": "", "2011-12-31": "2428.00000", "2010-12-31": ""}, "Total Long Term Liabilities": {"2020-09-30": "16149.00000", "2020-06-30": "16111.00000", "2020-03-31": "14472.00000", "2019-12-31": "12558.00000", "2019-09-30": "12366.00000", "2019-06-30": "12383.00000", "2019-03-31": "11951.00000", "2018-12-31": "10822.00000", "2018-09-30": "11150.00000", "2018-06-30": "11048.00000", "2018-03-31": "10025.00000", "2017-12-31": "10075.00000", "2017-09-30": "10742.00000", "2017-06-30": "10765.00000", "2017-03-31": "10724.00000", "2016-12-31": "17678.00000", "2016-09-30": "16782.00000", "2016-06-30": "16844.00000", "2016-03-31": "16971.00000", "2015-12-31": "17228.00000", "2015-09-30": "18194.00000", "2015-06-30": "18556.00000", "2015-03-31": "18985.00000", "2014-12-31": "19154.00000", "2014-09-30": "19434.00000", "2014-06-30": "19630.00000", "2014-03-31": "19960.00000", "2013-12-31": "20144.00000", "2013-09-30": "21766.00000", "2013-06-30": "", "2013-03-31": "", "2012-12-31": "", "2012-09-30": "", "2011-12-31": "23403.00000", "2010-12-31": ""}, "Total Liabilities": {"2020-09-30": "18448.00000", "2020-06-30": "18417.00000", "2020-03-31": "16692.00000", "2019-12-31": "15429.00000", "2019-09-30": "15266.00000", "2019-06-30": "15163.00000", "2019-03-31": "14745.00000", "2018-12-31": "13437.00000", "2018-09-30": "13563.00000", "2018-06-30": "13426.00000", "2018-03-31": "12513.00000", "2017-12-31": "12537.00000", "2017-09-30": "12775.00000", "2017-06-30": "12754.00000", "2017-03-31": "12691.00000", "2016-12-31": "20362.00000", "2016-09-30": "19380.00000", "2016-06-30": "19507.00000", "2016-03-31": "19516.00000", "2015-12-31": "19671.00000", "2015-09-30": "20752.00000", "2015-06-30": "20982.00000", "2015-03-31": "21283.00000", "2014-12-31": "21411.00000", "2014-09-30": "21574.00000", "2014-06-30": "21750.00000", "2014-03-31": "21946.00000", "2013-12-31": "22286.00000", "2013-09-30": "24176.00000", "2013-06-30": "0.00000", "2013-03-31": "0.00000", "2012-12-31": "", "2012-09-30": "0.00000", "2011-12-31": "25610.00000", "2010-12-31": "0.00000"}, "Common Stock Net": {"2020-09-30": "3.00000", "2020-06-30": "3.00000", "2020-03-31": "3.00000", "2019-12-31": "3.00000", "2019-09-30": "3.00000", "2019-06-30": "3.00000", "2019-03-31": "3.00000", "2018-12-31": "3.00000", "2018-09-30": "3.00000", "2018-06-30": "3.00000", "2018-03-31": "3.00000", "2017-12-31": "3.00000", "2017-09-30": "3.00000", "2017-06-30": "3.00000", "2017-03-31": "3.00000", "2016-12-31": "3.00000", "2016-09-30": "10.00000", "2016-06-30": "10.00000", "2016-03-31": "10.00000", "2015-12-31": "10.00000", "2015-09-30": "10.00000", "2015-06-30": "10.00000", "2015-03-31": "10.00000", "2014-12-31": "10.00000", "2014-09-30": "10.00000", "2014-06-30": "10.00000", "2014-03-31": "10.00000", "2013-12-31": "10.00000", "2013-09-30": "1.00000", "2013-06-30": "0.00000", "2013-03-31": "0.00000", "2012-12-31": "", "2012-09-30": "0.00000", "2011-12-31": "1.00000", "2010-12-31": "0.00000"}, "Retained Earnings (Accumulated Deficit)": {"2020-09-30": "-6508.00000", "2020-06-30": "-6429.00000", "2020-03-31": "-5999.00000", "2019-12-31": "-5965.00000", "2019-09-30": "-6097.00000", "2019-06-30": "-6342.00000", "2019-03-31": "-6558.00000", "2018-12-31": "-6417.00000", "2018-09-30": "-6580.00000", "2018-06-30": "-6697.00000", "2018-03-31": "-6868.00000", "2017-12-31": "-6981.00000", "2017-09-30": "-7384.00000", "2017-06-30": "-7514.00000", "2017-03-31": "-7631.00000", "2016-12-31": "-3323.00000", "2016-09-30": "-2866.00000", "2016-06-30": "-2984.00000", "2016-03-31": "-3152.00000", "2015-12-31": "-3392.00000", "2015-09-30": "-4137.00000", "2015-06-30": "-4347.00000", "2015-03-31": "-4508.00000", "2014-12-31": "-4658.00000", "2014-09-30": "-4816.00000", "2014-06-30": "-4999.00000", "2014-03-31": "-5208.00000", "2013-12-31": "-5331.00000", "2013-09-30": "-5357.00000", "2013-06-30": "", "2013-03-31": "", "2012-12-31": "", "2012-09-30": "", "2011-12-31": "-6098.00000", "2010-12-31": ""}, "Comprehensive Income": {"2020-09-30": "-853.00000", "2020-06-30": "-881.00000", "2020-03-31": "-899.00000", "2019-12-31": "-840.00000", "2019-09-30": "-848.00000", "2019-06-30": "-806.00000", "2019-03-31": "-798.00000", "2018-12-31": "-782.00000", "2018-09-30": "-746.00000", "2018-06-30": "-742.00000", "2018-03-31": "-680.00000", "2017-12-31": "-741.00000", "2017-09-30": "-820.00000", "2017-06-30": "-867.00000", "2017-03-31": "-918.00000", "2016-12-31": "-1001.00000", "2016-09-30": "-826.00000", "2016-06-30": "-826.00000", "2016-03-31": "-774.00000", "2015-12-31": "-784.00000", "2015-09-30": "-793.00000", "2015-06-30": "-673.00000", "2015-03-31": "-868.00000", "2014-12-31": "-628.00000", "2014-09-30": "-404.00000", "2014-06-30": "-186.00000", "2014-03-31": "-236.00000", "2013-12-31": "-264.00000", "2013-09-30": "-417.00000", "2013-06-30": "", "2013-03-31": "", "2012-12-31": "", "2012-09-30": "", "2011-12-31": "", "2010-12-31": ""}, "Other Share Holders Equity": {"2020-09-30": "", "2020-06-30": "", "2020-03-31": "", "2019-12-31": "", "2019-09-30": "", "2019-06-30": "", "2019-03-31": "", "2018-12-31": "", "2018-09-30": "", "2018-06-30": "", "2018-03-31": "", "2017-12-31": "", "2017-09-30": "", "2017-06-30": "", "2017-03-31": "", "2016-12-31": "", "2016-09-30": "", "2016-06-30": "", "2016-03-31": "", "2015-12-31": "", "2015-09-30": "", "2015-06-30": "", "2015-03-31": "", "2014-12-31": "", "2014-09-30": "", "2014-06-30": "", "2014-03-31": "", "2013-12-31": "", "2013-09-30": "", "2013-06-30": "0.00000", "2013-03-31": "0.00000", "2012-12-31": "", "2012-09-30": "0.00000", "2011-12-31": "-655.00000", "2010-12-31": "0.00000"}, "Share Holder Equity": {"2020-09-30": "-1319.00000", "2020-06-30": "-1291.00000", "2020-03-31": "-904.00000", "2019-12-31": "-472.00000", "2019-09-30": "-199.00000", "2019-06-30": "-23.00000", "2019-03-31": "108.00000", "2018-12-31": "558.00000", "2018-09-30": "580.00000", "2018-06-30": "560.00000", "2018-03-31": "1747.00000", "2017-12-31": "1691.00000", "2017-09-30": "1448.00000", "2017-06-30": "1515.00000", "2017-03-31": "1596.00000", "2016-12-31": "5849.00000", "2016-09-30": "6491.00000", "2016-06-30": "6346.00000", "2016-03-31": "6205.00000", "2015-12-31": "5951.00000", "2015-09-30": "5180.00000", "2015-06-30": "5069.00000", "2015-03-31": "4622.00000", "2014-12-31": "4714.00000", "2014-09-30": "4750.00000", "2014-06-30": "4747.00000", "2014-03-31": "4447.00000", "2013-12-31": "4276.00000", "2013-09-30": "2553.00000", "2013-06-30": "0.00000", "2013-03-31": "0.00000", "2012-12-31": "", "2012-09-30": "0.00000", "2011-12-31": "1702.00000", "2010-12-31": "0.00000"}, "Total Liabilities And Share Holders Equity": {"2020-09-30": "17129.00000", "2020-06-30": "17126.00000", "2020-03-31": "15788.00000", "2019-12-31": "14957.00000", "2019-09-30": "15067.00000", "2019-06-30": "15140.00000", "2019-03-31": "14853.00000", "2018-12-31": "13995.00000", "2018-09-30": "14143.00000", "2018-06-30": "13986.00000", "2018-03-31": "14260.00000", "2017-12-31": "14228.00000", "2017-09-30": "14223.00000", "2017-06-30": "14269.00000", "2017-03-31": "14287.00000", "2016-12-31": "26211.00000", "2016-09-30": "25871.00000", "2016-06-30": "25853.00000", "2016-03-31": "25721.00000", "2015-12-31": "25622.00000", "2015-09-30": "25932.00000", "2015-06-30": "26051.00000", "2015-03-31": "25905.00000", "2014-12-31": "26125.00000", "2014-09-30": "26324.00000", "2014-06-30": "26497.00000", "2014-03-31": "26393.00000", "2013-12-31": "26562.00000", "2013-09-30": "26729.00000", "2013-06-30": "0.00000", "2013-03-31": "0.00000", "2012-12-31": "", "2012-09-30": "0.00000", "2011-12-31": "27312.00000", "2010-12-31": "0.00000"}}, "cash flow statement": {"Net Income/Loss": {"2019-12-31": "886.00000", "2018-12-31": "769.00000", "2017-12-31": "1089.00000", "2016-12-31": "354.00000", "2015-12-31": "1416.00000", "2014-12-31": "682.00000", "2013-12-31": "460.00000", "2012-12-31": "359.00000", "2011-12-31": "255.00000", "2010-12-31": "111.00000", "2006-12-31": "0.00000", "2005-12-31": "0.00000"}, "Total Depreciation And Amortization - Cash Flow": {"2019-12-31": "391.00000", "2018-12-31": "368.00000", "2017-12-31": "368.00000", "2016-12-31": "721.00000", "2015-12-31": "730.00000", "2014-12-31": "678.00000", "2013-12-31": "628.00000", "2012-12-31": "545.00000", "2011-12-31": "570.00000", "2010-12-31": "605.00000", "2006-12-31": "", "2005-12-31": ""}, "Other Non-Cash Items": {"2019-12-31": "-33.00000", "2018-12-31": "25.00000", "2017-12-31": "-685.00000", "2016-12-31": "-23.00000", "2015-12-31": "-594.00000", "2014-12-31": "32.00000", "2013-12-31": "147.00000", "2012-12-31": "181.00000", "2011-12-31": "12.00000", "2010-12-31": "-687.00000", "2006-12-31": "", "2005-12-31": ""}, "Total Non-Cash Items": {"2019-12-31": "358.00000", "2018-12-31": "393.00000", "2017-12-31": "-317.00000", "2016-12-31": "698.00000", "2015-12-31": "136.00000", "2014-12-31": "710.00000", "2013-12-31": "775.00000", "2012-12-31": "726.00000", "2011-12-31": "582.00000", "2010-12-31": "-82.00000", "2006-12-31": "", "2005-12-31": ""}, "Change In Accounts Receivable": {"2019-12-31": "-105.00000", "2018-12-31": "-161.00000", "2017-12-31": "-204.00000", "2016-12-31": "-156.00000", "2015-12-31": "-47.00000", "2014-12-31": "-143.00000", "2013-12-31": "-16.00000", "2012-12-31": "-82.00000", "2011-12-31": "-43.00000", "2010-12-31": "-40.00000", "2006-12-31": "", "2005-12-31": ""}, "Change In Inventories": {"2019-12-31": "", "2018-12-31": "", "2017-12-31": "", "2016-12-31": "", "2015-12-31": "-39.00000", "2014-12-31": "56.00000", "2013-12-31": "19.00000", "2012-12-31": "137.00000", "2011-12-31": "119.00000", "2010-12-31": "155.00000", "2006-12-31": "", "2005-12-31": ""}, "Change In Accounts Payable": {"2019-12-31": "", "2018-12-31": "", "2017-12-31": "", "2016-12-31": "", "2015-12-31": "", "2014-12-31": "", "2013-12-31": "", "2012-12-31": "", "2011-12-31": "", "2010-12-31": "", "2006-12-31": "", "2005-12-31": ""}, "Change In Assets/Liabilities": {"2019-12-31": "146.00000", "2018-12-31": "106.00000", "2017-12-31": "238.00000", "2016-12-31": "54.00000", "2015-12-31": "-158.00000", "2014-12-31": "41.00000", "2013-12-31": "796.00000", "2012-12-31": "-141.00000", "2011-12-31": "103.00000", "2010-12-31": "759.00000", "2006-12-31": "", "2005-12-31": ""}, "Total Change In Assets/Liabilities": {"2019-12-31": "140.00000", "2018-12-31": "93.00000", "2017-12-31": "17.00000", "2016-12-31": "258.00000", "2015-12-31": "-106.00000", "2014-12-31": "-85.00000", "2013-12-31": "866.00000", "2012-12-31": "25.00000", "2011-12-31": "330.00000", "2010-12-31": "804.00000", "2006-12-31": "", "2005-12-31": ""}, "Cash Flow From Operating Activities": {"2019-12-31": "1384.00000", "2018-12-31": "1255.00000", "2017-12-31": "849.00000", "2016-12-31": "1310.00000", "2015-12-31": "1446.00000", "2014-12-31": "1307.00000", "2013-12-31": "2101.00000", "2012-12-31": "1110.00000", "2011-12-31": "1167.00000", "2010-12-31": "833.00000", "2006-12-31": "", "2005-12-31": ""}, "Net Change In Property, Plant, And Equipment": {"2019-12-31": "39.00000", "2018-12-31": "-72.00000", "2017-12-31": "-58.00000", "2016-12-31": "-317.00000", "2015-12-31": "1895.00000", "2014-12-31": "-224.00000", "2013-12-31": "-254.00000", "2012-12-31": "-433.00000", "2011-12-31": "-324.00000", "2010-12-31": "-148.00000", "2006-12-31": "", "2005-12-31": ""}, "Net Change In Intangible Assets": {"2019-12-31": "-124.00000", "2018-12-31": "-87.00000", "2017-12-31": "-75.00000", "2016-12-31": "-81.00000", "2015-12-31": "-62.00000", "2014-12-31": "-69.00000", "2013-12-31": "-78.00000", "2012-12-31": "-103.00000", "2011-12-31": "-93.00000", "2010-12-31": "-20.00000", "2006-12-31": "", "2005-12-31": ""}, "Net Acquisitions/Divestitures": {"2019-12-31": "", "2018-12-31": "", "2017-12-31": "", "2016-12-31": "", "2015-12-31": "-1439.00000", "2014-12-31": "-65.00000", "2013-12-31": "-74.00000", "2012-12-31": "-31.00000", "2011-12-31": "-65.00000", "2010-12-31": "-222.00000", "2006-12-31": "", "2005-12-31": ""}, "Net Change In Short-term Investments": {"2019-12-31": "", "2018-12-31": "", "2017-12-31": "", "2016-12-31": "", "2015-12-31": "", "2014-12-31": "", "2013-12-31": "", "2012-12-31": "", "2011-12-31": "", "2010-12-31": "", "2006-12-31": "", "2005-12-31": ""}, "Net Change In Long-Term Investments": {"2019-12-31": "", "2018-12-31": "", "2017-12-31": "", "2016-12-31": "", "2015-12-31": "", "2014-12-31": "", "2013-12-31": "-4.00000", "2012-12-31": "-3.00000", "2011-12-31": "-11.00000", "2010-12-31": "-4.00000", "2006-12-31": "", "2005-12-31": ""}, "Net Change In Investments - Total": {"2019-12-31": "", "2018-12-31": "", "2017-12-31": "", "2016-12-31": "", "2015-12-31": "", "2014-12-31": "", "2013-12-31": "-4.00000", "2012-12-31": "-3.00000", "2011-12-31": "-11.00000", "2010-12-31": "-4.00000", "2006-12-31": "", "2005-12-31": ""}, "Investing Activities - Other": {"2019-12-31": "-38.00000", "2018-12-31": "28.00000", "2017-12-31": "-14.00000", "2016-12-31": "-25.00000", "2015-12-31": "20.00000", "2014-12-31": "48.00000", "2013-12-31": "28.00000", "2012-12-31": "12.00000", "2011-12-31": "30.00000", "2010-12-31": "326.00000", "2006-12-31": "", "2005-12-31": ""}, "Cash Flow From Investing Activities": {"2019-12-31": "-123.00000", "2018-12-31": "-131.00000", "2017-12-31": "-147.00000", "2016-12-31": "-423.00000", "2015-12-31": "414.00000", "2014-12-31": "-310.00000", "2013-12-31": "-382.00000", "2012-12-31": "-558.00000", "2011-12-31": "-463.00000", "2010-12-31": "-68.00000", "2006-12-31": "", "2005-12-31": ""}, "Net Long-Term Debt": {"2019-12-31": "653.00000", "2018-12-31": "671.00000", "2017-12-31": "-36.00000", "2016-12-31": "356.00000", "2015-12-31": "-1576.00000", "2014-12-31": "-1074.00000", "2013-12-31": "-3115.00000", "2012-12-31": "-758.00000", "2011-12-31": "-686.00000", "2010-12-31": "-260.00000", "2006-12-31": "", "2005-12-31": ""}, "Net Current Debt": {"2019-12-31": "", "2018-12-31": "", "2017-12-31": "", "2016-12-31": "", "2015-12-31": "", "2014-12-31": "", "2013-12-31": "", "2012-12-31": "", "2011-12-31": "", "2010-12-31": "", "2006-12-31": "", "2005-12-31": ""}, "Debt Issuance/Retirement Net - Total": {"2019-12-31": "653.00000", "2018-12-31": "671.00000", "2017-12-31": "-36.00000", "2016-12-31": "356.00000", "2015-12-31": "-1576.00000", "2014-12-31": "-1074.00000", "2013-12-31": "-3115.00000", "2012-12-31": "-758.00000", "2011-12-31": "-686.00000", "2010-12-31": "-260.00000", "2006-12-31": "", "2005-12-31": ""}, "Net Common Equity Issued/Repurchased": {"2019-12-31": "-1538.00000", "2018-12-31": "-1721.00000", "2017-12-31": "-891.00000", "2016-12-31": "", "2015-12-31": "", "2014-12-31": "", "2013-12-31": "1243.00000", "2012-12-31": "", "2011-12-31": "", "2010-12-31": "", "2006-12-31": "", "2005-12-31": ""}, "Net Total Equity Issued/Repurchased": {"2019-12-31": "-1538.00000", "2018-12-31": "-1721.00000", "2017-12-31": "-891.00000", "2016-12-31": "", "2015-12-31": "", "2014-12-31": "", "2013-12-31": "1243.00000", "2012-12-31": "", "2011-12-31": "", "2010-12-31": "", "2006-12-31": "", "2005-12-31": ""}, "Total Common And Preferred Stock Dividends Paid": {"2019-12-31": "-172.00000", "2018-12-31": "-181.00000", "2017-12-31": "-195.00000", "2016-12-31": "-277.00000", "2015-12-31": "-138.00000", "2014-12-31": "", "2013-12-31": "", "2012-12-31": "", "2011-12-31": "", "2010-12-31": "", "2006-12-31": "", "2005-12-31": ""}, "Financial Activities - Other": {"2019-12-31": "-56.00000", "2018-12-31": "-69.00000", "2017-12-31": "-602.00000", "2016-12-31": "-123.00000", "2015-12-31": "-39.00000", "2014-12-31": "-1.00000", "2013-12-31": "9.00000", "2012-12-31": "182.00000", "2011-12-31": "-28.00000", "2010-12-31": "-443.00000", "2006-12-31": "", "2005-12-31": ""}, "Cash Flow From Financial Activities": {"2019-12-31": "-1113.00000", "2018-12-31": "-1300.00000", "2017-12-31": "-1724.00000", "2016-12-31": "-44.00000", "2015-12-31": "-1753.00000", "2014-12-31": "-1075.00000", "2013-12-31": "-1863.00000", "2012-12-31": "-576.00000", "2011-12-31": "-714.00000", "2010-12-31": "-703.00000", "2006-12-31": "", "2005-12-31": ""}, "Net Cash Flow": {"2019-12-31": "146.00000", "2018-12-31": "-186.00000", "2017-12-31": "-1014.00000", "2016-12-31": "828.00000", "2015-12-31": "88.00000", "2014-12-31": "-92.00000", "2013-12-31": "-161.00000", "2012-12-31": "-26.00000", "2011-12-31": "-15.00000", "2010-12-31": "58.00000", "2006-12-31": "", "2005-12-31": ""}, "Stock-Based Compensation": {"2019-12-31": "154.00000", "2018-12-31": "127.00000", "2017-12-31": "121.00000", "2016-12-31": "91.00000", "2015-12-31": "124.00000", "2014-12-31": "78.00000", "2013-12-31": "262.00000", "2012-12-31": "50.00000", "2011-12-31": "19.00000", "2010-12-31": "56.00000", "2006-12-31": "", "2005-12-31": ""}, "Common Stock Dividends Paid": {"2019-12-31": "-172.00000", "2018-12-31": "-181.00000", "2017-12-31": "-195.00000", "2016-12-31": "-277.00000", "2015-12-31": "-138.00000", "2014-12-31": "", "2013-12-31": "", "2012-12-31": "", "2011-12-31": "", "2010-12-31": "", "2006-12-31": "", "2005-12-31": ""}}, "cash flow statement, quarterly": {"Net Income/Loss": {"2020-09-30": -81, "2020-06-30": -432, "2020-03-31": "18.00000", "2019-12-31": 176, "2019-09-30": 290, "2019-06-30": 261, "2019-03-31": "159.00000", "2018-12-31": 225, "2018-09-30": 164, "2018-06-30": 217, "2018-03-31": "163.00000", "2017-12-31": 730, "2017-09-30": 160, "2017-06-30": 151, "2017-03-31": "48.00000", "2016-12-31": -392, "2016-09-30": 192, "2016-06-30": 244, "2016-03-31": "310.00000", "2015-12-31": 816, "2015-09-30": 283, "2015-06-30": 167, "2015-03-31": "150.00000", "2014-12-31": 159, "2014-09-30": 187, "2014-06-30": 212, "2014-03-31": "124.00000", "2013-12-31": 62, "2013-09-30": 203, "2013-06-30": 157, "2013-03-31": "38.00000", "2012-12-31": 64, "2012-09-30": 40, "2011-12-31": 144, "2010-12-31": 111}, "Total Depreciation And Amortization - Cash Flow": {"2020-09-30": 97, "2020-06-30": 95, "2020-03-31": "99.00000", "2019-12-31": 114, "2019-09-30": 93, "2019-06-30": 93, "2019-03-31": "91.00000", "2018-12-31": 106, "2018-09-30": 87, "2018-06-30": 86, "2018-03-31": "89.00000", "2017-12-31": 104, "2017-09-30": 87, "2017-06-30": 88, "2017-03-31": "89.00000", "2016-12-31": 212, "2016-09-30": 169, "2016-06-30": 171, "2016-03-31": "169.00000", "2015-12-31": 211, "2015-09-30": 171, "2015-06-30": 173, "2015-03-31": "175.00000", "2014-12-31": 208, "2014-09-30": 159, "2014-06-30": 158, "2014-03-31": "153.00000", "2013-12-31": 173, "2013-09-30": 146, "2013-06-30": 149, "2013-03-31": "160.00000", "2012-12-31": 151, "2012-09-30": -176, "2011-12-31": -35, "2010-12-31": 605}, "Other Non-Cash Items": {"2020-09-30": 8, "2020-06-30": -41, "2020-03-31": "43.00000", "2019-12-31": -44, "2019-09-30": -31, "2019-06-30": 49, "2019-03-31": "-7.00000", "2018-12-31": -32, "2018-09-30": 65, "2018-06-30": 26, "2018-03-31": "-34.00000", "2017-12-31": -562, "2017-09-30": -26, "2017-06-30": -46, "2017-03-31": "-51.00000", "2016-12-31": 28, "2016-09-30": -16, "2016-06-30": -41, "2016-03-31": "6.00000", "2015-12-31": -463, "2015-09-30": -126, "2015-06-30": 30, "2015-03-31": "-35.00000", "2014-12-31": 112, "2014-09-30": -18, "2014-06-30": -10, "2014-03-31": "-52.00000", "2013-12-31": 31, "2013-09-30": 10, "2013-06-30": 55, "2013-03-31": "51.00000", "2012-12-31": -38, "2012-09-30": 38, "2011-12-31": 0, "2010-12-31": 0}, "Total Non-Cash Items": {"2020-09-30": 105, "2020-06-30": 54, "2020-03-31": "142.00000", "2019-12-31": 70, "2019-09-30": 62, "2019-06-30": 142, "2019-03-31": "84.00000", "2018-12-31": 74, "2018-09-30": 152, "2018-06-30": 112, "2018-03-31": "55.00000", "2017-12-31": -458, "2017-09-30": 61, "2017-06-30": 42, "2017-03-31": "38.00000", "2016-12-31": 240, "2016-09-30": 153, "2016-06-30": 130, "2016-03-31": "175.00000", "2015-12-31": -252, "2015-09-30": 45, "2015-06-30": 203, "2015-03-31": "140.00000", "2014-12-31": 320, "2014-09-30": 141, "2014-06-30": 148, "2014-03-31": "101.00000", "2013-12-31": 204, "2013-09-30": 156, "2013-06-30": 204, "2013-03-31": "211.00000", "2012-12-31": 113, "2012-09-30": -138, "2011-12-31": -35, "2010-12-31": 605}, "Change In Accounts Receivable": {"2020-09-30": 0, "2020-06-30": 0, "2020-03-31": "", "2019-12-31": -105, "2019-09-30": 0, "2019-06-30": 0, "2019-03-31": "", "2018-12-31": -161, "2018-09-30": 0, "2018-06-30": 0, "2018-03-31": "", "2017-12-31": -204, "2017-09-30": 0, "2017-06-30": 0, "2017-03-31": "", "2016-12-31": -156, "2016-09-30": 0, "2016-06-30": 0, "2016-03-31": "", "2015-12-31": -47, "2015-09-30": 0, "2015-06-30": 0, "2015-03-31": "", "2014-12-31": -143, "2014-09-30": 0, "2014-06-30": 0, "2014-03-31": "", "2013-12-31": -16, "2013-09-30": 0, "2013-06-30": 0, "2013-03-31": "", "2012-12-31": 0, "2012-09-30": 0, "2011-12-31": 0, "2010-12-31": 0}, "Change In Inventories": {"2020-09-30": 0, "2020-06-30": 0, "2020-03-31": "", "2019-12-31": 0, "2019-09-30": 0, "2019-06-30": 0, "2019-03-31": "", "2018-12-31": 0, "2018-09-30": 0, "2018-06-30": 0, "2018-03-31": "", "2017-12-31": 0, "2017-09-30": 0, "2017-06-30": 0, "2017-03-31": "", "2016-12-31": 0, "2016-09-30": 0, "2016-06-30": 0, "2016-03-31": "", "2015-12-31": -39, "2015-09-30": 0, "2015-06-30": 0, "2015-03-31": "", "2014-12-31": 56, "2014-09-30": 0, "2014-06-30": 0, "2014-03-31": "", "2013-12-31": 19, "2013-09-30": 0, "2013-06-30": 0, "2013-03-31": "", "2012-12-31": 0, "2012-09-30": 0, "2011-12-31": 0, "2010-12-31": 0}, "Change In Accounts Payable": {"2020-09-30": 0, "2020-06-30": 0, "2020-03-31": "", "2019-12-31": 0, "2019-09-30": 0, "2019-06-30": 0, "2019-03-31": "", "2018-12-31": 0, "2018-09-30": 0, "2018-06-30": 0, "2018-03-31": "", "2017-12-31": 0, "2017-09-30": 0, "2017-06-30": 0, "2017-03-31": "", "2016-12-31": 0, "2016-09-30": 0, "2016-06-30": 0, "2016-03-31": "", "2015-12-31": 0, "2015-09-30": 0, "2015-06-30": 0, "2015-03-31": "", "2014-12-31": 0, "2014-09-30": 0, "2014-06-30": 0, "2014-03-31": "", "2013-12-31": 0, "2013-09-30": 0, "2013-06-30": 0, "2013-03-31": "", "2012-12-31": 0, "2012-09-30": 0, "2011-12-31": 0, "2010-12-31": 0}, "Change In Assets/Liabilities": {"2020-09-30": -124, "2020-06-30": 1195, "2020-03-31": "-31.00000", "2019-12-31": -38, "2019-09-30": 180, "2019-06-30": -117, "2019-03-31": "121.00000", "2018-12-31": 55, "2018-09-30": 66, "2018-06-30": -40, "2018-03-31": "25.00000", "2017-12-31": 203, "2017-09-30": 30, "2017-06-30": 101, "2017-03-31": "-96.00000", "2016-12-31": 289, "2016-09-30": -50, "2016-06-30": -39, "2016-03-31": "-146.00000", "2015-12-31": -161, "2015-09-30": 15, "2015-06-30": -8, "2015-03-31": "-4.00000", "2014-12-31": 55, "2014-09-30": 59, "2014-06-30": 5, "2014-03-31": "-78.00000", "2013-12-31": 741, "2013-09-30": 27, "2013-06-30": 105, "2013-03-31": "-77.00000", "2012-12-31": -23, "2012-09-30": 23, "2011-12-31": 0, "2010-12-31": 0}, "Total Change In Assets/Liabilities": {"2020-09-30": -124, "2020-06-30": 1195, "2020-03-31": "-31.00000", "2019-12-31": -44, "2019-09-30": 180, "2019-06-30": -117, "2019-03-31": "121.00000", "2018-12-31": 42, "2018-09-30": 66, "2018-06-30": -40, "2018-03-31": "25.00000", "2017-12-31": -18, "2017-09-30": 30, "2017-06-30": 101, "2017-03-31": "-96.00000", "2016-12-31": 493, "2016-09-30": -50, "2016-06-30": -39, "2016-03-31": "-146.00000", "2015-12-31": -109, "2015-09-30": 15, "2015-06-30": -8, "2015-03-31": "-4.00000", "2014-12-31": -71, "2014-09-30": 59, "2014-06-30": 5, "2014-03-31": "-78.00000", "2013-12-31": 811, "2013-09-30": 27, "2013-06-30": 105, "2013-03-31": "-77.00000", "2012-12-31": 2, "2012-09-30": -307, "2011-12-31": -474, "2010-12-31": 804}, "Cash Flow From Operating Activities": {"2020-09-30": -100, "2020-06-30": 817, "2020-03-31": "129.00000", "2019-12-31": 202, "2019-09-30": 532, "2019-06-30": 286, "2019-03-31": "364.00000", "2018-12-31": 341, "2018-09-30": 382, "2018-06-30": 289, "2018-03-31": "243.00000", "2017-12-31": 254, "2017-09-30": 251, "2017-06-30": 294, "2017-03-31": "50.00000", "2016-12-31": 341, "2016-09-30": 295, "2016-06-30": 335, "2016-03-31": "339.00000", "2015-12-31": 455, "2015-09-30": 343, "2015-06-30": 362, "2015-03-31": "286.00000", "2014-12-31": 408, "2014-09-30": 387, "2014-06-30": 365, "2014-03-31": "147.00000", "2013-12-31": 1077, "2013-09-30": 386, "2013-06-30": 466, "2013-03-31": "172.00000", "2012-12-31": 360, "2012-09-30": -417, "2011-12-31": 334, "2010-12-31": 833}, "Net Change In Property, Plant, And Equipment": {"2020-09-30": -8, "2020-06-30": -18, "2020-03-31": "-12.00000", "2019-12-31": -15, "2019-09-30": 100, "2019-06-30": -23, "2019-03-31": "-23.00000", "2018-12-31": -21, "2018-09-30": -23, "2018-06-30": -18, "2018-03-31": "-10.00000", "2017-12-31": -22, "2017-09-30": -18, "2017-06-30": -9, "2017-03-31": "-9.00000", "2016-12-31": -91, "2016-09-30": -58, "2016-06-30": -84, "2016-03-31": "-84.00000", "2015-12-31": -88, "2015-09-30": 273, "2015-06-30": -71, "2015-03-31": "1781.00000", "2014-12-31": -80, "2014-09-30": -69, "2014-06-30": -32, "2014-03-31": "-43.00000", "2013-12-31": -87, "2013-09-30": -46, "2013-06-30": -64, "2013-03-31": "-57.00000", "2012-12-31": -97, "2012-09-30": -27, "2011-12-31": -153, "2010-12-31": -148}, "Net Change In Intangible Assets": {"2020-09-30": -5, "2020-06-30": -16, "2020-03-31": "-17.00000", "2019-12-31": -45, "2019-09-30": -35, "2019-06-30": -25, "2019-03-31": "-19.00000", "2018-12-31": -25, "2018-09-30": -24, "2018-06-30": -23, "2018-03-31": "-15.00000", "2017-12-31": -30, "2017-09-30": -16, "2017-06-30": -20, "2017-03-31": "-9.00000", "2016-12-31": -25, "2016-09-30": -21, "2016-06-30": -24, "2016-03-31": "-11.00000", "2015-12-31": -24, "2015-09-30": -15, "2015-06-30": -15, "2015-03-31": "-8.00000", "2014-12-31": -24, "2014-09-30": -13, "2014-06-30": -17, "2014-03-31": "-15.00000", "2013-12-31": -28, "2013-09-30": -24, "2013-06-30": -15, "2013-03-31": "-11.00000", "2012-12-31": 75, "2012-09-30": -75, "2011-12-31": 0, "2010-12-31": 0}, "Net Acquisitions/Divestitures": {"2020-09-30": 0, "2020-06-30": 0, "2020-03-31": "", "2019-12-31": 0, "2019-09-30": 0, "2019-06-30": 0, "2019-03-31": "", "2018-12-31": 0, "2018-09-30": 0, "2018-06-30": 0, "2018-03-31": "", "2017-12-31": 0, "2017-09-30": 0, "2017-06-30": 0, "2017-03-31": "", "2016-12-31": 35, "2016-09-30": -17, "2016-06-30": -9, "2016-03-31": "-9.00000", "2015-12-31": -2, "2015-09-30": -8, "2015-06-30": -120, "2015-03-31": "-1309.00000", "2014-12-31": -11, "2014-09-30": -33, "2014-06-30": -5, "2014-03-31": "-16.00000", "2013-12-31": -32, "2013-09-30": -2, "2013-06-30": -39, "2013-03-31": "-1.00000", "2012-12-31": -20, "2012-09-30": 54, "2011-12-31": 157, "2010-12-31": -222}, "Net Change In Short-term Investments": {"2020-09-30": 0, "2020-06-30": 0, "2020-03-31": "", "2019-12-31": 0, "2019-09-30": 0, "2019-06-30": 0, "2019-03-31": "", "2018-12-31": 0, "2018-09-30": 0, "2018-06-30": 0, "2018-03-31": "", "2017-12-31": 0, "2017-09-30": 0, "2017-06-30": 0, "2017-03-31": "", "2016-12-31": 0, "2016-09-30": 0, "2016-06-30": 0, "2016-03-31": "", "2015-12-31": 0, "2015-09-30": 0, "2015-06-30": 0, "2015-03-31": "", "2014-12-31": 0, "2014-09-30": 0, "2014-06-30": 0, "2014-03-31": "", "2013-12-31": 0, "2013-09-30": 0, "2013-06-30": 0, "2013-03-31": "", "2012-12-31": 0, "2012-09-30": 0, "2011-12-31": 0, "2010-12-31": 0}, "Net Change In Long-Term Investments": {"2020-09-30": 0, "2020-06-30": 0, "2020-03-31": "", "2019-12-31": 0, "2019-09-30": 0, "2019-06-30": 0, "2019-03-31": "", "2018-12-31": 0, "2018-09-30": 0, "2018-06-30": 0, "2018-03-31": "", "2017-12-31": 0, "2017-09-30": 0, "2017-06-30": 0, "2017-03-31": "", "2016-12-31": 0, "2016-09-30": 0, "2016-06-30": 0, "2016-03-31": "", "2015-12-31": 5, "2015-09-30": 0, "2015-06-30": -5, "2015-03-31": "", "2014-12-31": 6, "2014-09-30": -1, "2014-06-30": -3, "2014-03-31": "-2.00000", "2013-12-31": 0, "2013-09-30": -1, "2013-06-30": -2, "2013-03-31": "-1.00000", "2012-12-31": 3, "2012-09-30": -3, "2011-12-31": 0, "2010-12-31": 0}, "Net Change In Investments - Total": {"2020-09-30": 0, "2020-06-30": 0, "2020-03-31": "", "2019-12-31": 0, "2019-09-30": 0, "2019-06-30": 0, "2019-03-31": "", "2018-12-31": 0, "2018-09-30": 0, "2018-06-30": 0, "2018-03-31": "", "2017-12-31": 0, "2017-09-30": 0, "2017-06-30": 0, "2017-03-31": "", "2016-12-31": 0, "2016-09-30": 0, "2016-06-30": 0, "2016-03-31": "", "2015-12-31": 5, "2015-09-30": 0, "2015-06-30": -5, "2015-03-31": "", "2014-12-31": 6, "2014-09-30": -1, "2014-06-30": -3, "2014-03-31": "-2.00000", "2013-12-31": 0, "2013-09-30": -1, "2013-06-30": -2, "2013-03-31": "-1.00000", "2012-12-31": 0, "2012-09-30": 8, "2011-12-31": -7, "2010-12-31": -4}, "Investing Activities - Other": {"2020-09-30": 0, "2020-06-30": 5, "2020-03-31": "-18.00000", "2019-12-31": -16, "2019-09-30": -17, "2019-06-30": -3, "2019-03-31": "-2.00000", "2018-12-31": -5, "2018-09-30": 42, "2018-06-30": -8, "2018-03-31": "-1.00000", "2017-12-31": 0, "2017-09-30": 4, "2017-06-30": 1, "2017-03-31": "-19.00000", "2016-12-31": 4, "2016-09-30": -14, "2016-06-30": -9, "2016-03-31": "-6.00000", "2015-12-31": 8, "2015-09-30": 7, "2015-06-30": 4, "2015-03-31": "1.00000", "2014-12-31": -1, "2014-09-30": 37, "2014-06-30": 9, "2014-03-31": "3.00000", "2013-12-31": 17, "2013-09-30": 4, "2013-06-30": 1, "2013-03-31": "6.00000", "2012-12-31": -103, "2012-09-30": 90, "2011-12-31": -392, "2010-12-31": 306}, "Cash Flow From Investing Activities": {"2020-09-30": -13, "2020-06-30": -29, "2020-03-31": "-47.00000", "2019-12-31": -76, "2019-09-30": 48, "2019-06-30": -51, "2019-03-31": "-44.00000", "2018-12-31": -51, "2018-09-30": -5, "2018-06-30": -49, "2018-03-31": "-26.00000", "2017-12-31": -52, "2017-09-30": -30, "2017-06-30": -28, "2017-03-31": "-37.00000", "2016-12-31": -77, "2016-09-30": -110, "2016-06-30": -126, "2016-03-31": "-110.00000", "2015-12-31": -101, "2015-09-30": 257, "2015-06-30": -207, "2015-03-31": "465.00000", "2014-12-31": -110, "2014-09-30": -79, "2014-06-30": -48, "2014-03-31": "-73.00000", "2013-12-31": -130, "2013-09-30": -69, "2013-06-30": -119, "2013-03-31": "-64.00000", "2012-12-31": -145, "2012-09-30": 50, "2011-12-31": -395, "2010-12-31": -68}, "Net Long-Term Debt": {"2020-09-30": -1, "2020-06-30": 992, "2020-03-31": "1485.00000", "2019-12-31": 185, "2019-09-30": -10, "2019-06-30": 439, "2019-03-31": "39.00000", "2018-12-31": -304, "2018-09-30": -3, "2018-06-30": 992, "2018-03-31": "-14.00000", "2017-12-31": -11, "2017-09-30": -12, "2017-06-30": -12, "2017-03-31": "-1.00000", "2016-12-31": 450, "2016-09-30": -30, "2016-06-30": -32, "2016-03-31": "-32.00000", "2015-12-31": -269, "2015-09-30": -380, "2015-06-30": -217, "2015-03-31": "-710.00000", "2014-12-31": -349, "2014-09-30": -292, "2014-06-30": -214, "2014-03-31": "-219.00000", "2013-12-31": -2215, "2013-09-30": -399, "2013-06-30": -399, "2013-03-31": "-102.00000", "2012-12-31": 262, "2012-09-30": -262, "2011-12-31": 0, "2010-12-31": 0}, "Net Current Debt": {"2020-09-30": 0, "2020-06-30": 0, "2020-03-31": "", "2019-12-31": 0, "2019-09-30": 0, "2019-06-30": 0, "2019-03-31": "", "2018-12-31": 0, "2018-09-30": 0, "2018-06-30": 0, "2018-03-31": "", "2017-12-31": 0, "2017-09-30": 0, "2017-06-30": 0, "2017-03-31": "", "2016-12-31": 0, "2016-09-30": 0, "2016-06-30": 0, "2016-03-31": "", "2015-12-31": 0, "2015-09-30": 0, "2015-06-30": 0, "2015-03-31": "", "2014-12-31": 0, "2014-09-30": 0, "2014-06-30": 0, "2014-03-31": "", "2013-12-31": 0, "2013-09-30": 0, "2013-06-30": 0, "2013-03-31": "", "2012-12-31": 0, "2012-09-30": 0, "2011-12-31": 0, "2010-12-31": 0}, "Debt Issuance/Retirement Net - Total": {"2020-09-30": -1, "2020-06-30": 992, "2020-03-31": "1485.00000", "2019-12-31": 185, "2019-09-30": -10, "2019-06-30": 439, "2019-03-31": "39.00000", "2018-12-31": -304, "2018-09-30": -3, "2018-06-30": 992, "2018-03-31": "-14.00000", "2017-12-31": -11, "2017-09-30": -12, "2017-06-30": -12, "2017-03-31": "-1.00000", "2016-12-31": 450, "2016-09-30": -30, "2016-06-30": -32, "2016-03-31": "-32.00000", "2015-12-31": -269, "2015-09-30": -380, "2015-06-30": -217, "2015-03-31": "-710.00000", "2014-12-31": -349, "2014-09-30": -292, "2014-06-30": -214, "2014-03-31": "-219.00000", "2013-12-31": -2215, "2013-09-30": -399, "2013-06-30": -399, "2013-03-31": "-102.00000", "2012-12-31": -496, "2012-09-30": 424, "2011-12-31": -426, "2010-12-31": -260}, "Net Common Equity Issued/Repurchased": {"2020-09-30": 0, "2020-06-30": 0, "2020-03-31": "-296.00000", "2019-12-31": -452, "2019-09-30": -433, "2019-06-30": -357, "2019-03-31": "-296.00000", "2018-12-31": -160, "2018-09-30": -122, "2018-06-30": -1329, "2018-03-31": "-110.00000", "2017-12-31": -266, "2017-09-30": -273, "2017-06-30": -282, "2017-03-31": "-70.00000", "2016-12-31": 0, "2016-09-30": 0, "2016-06-30": 0, "2016-03-31": "", "2015-12-31": 0, "2015-09-30": 0, "2015-06-30": 0, "2015-03-31": "", "2014-12-31": 0, "2014-09-30": 0, "2014-06-30": 0, "2014-03-31": "", "2013-12-31": 1243, "2013-09-30": 0, "2013-06-30": 0, "2013-03-31": "", "2012-12-31": 0, "2012-09-30": 0, "2011-12-31": 0, "2010-12-31": 0}, "Net Total Equity Issued/Repurchased": {"2020-09-30": 0, "2020-06-30": 0, "2020-03-31": "-296.00000", "2019-12-31": -452, "2019-09-30": -433, "2019-06-30": -357, "2019-03-31": "-296.00000", "2018-12-31": -160, "2018-09-30": -122, "2018-06-30": -1329, "2018-03-31": "-110.00000", "2017-12-31": -266, "2017-09-30": -273, "2017-06-30": -282, "2017-03-31": "-70.00000", "2016-12-31": 0, "2016-09-30": 0, "2016-06-30": 0, "2016-03-31": "", "2015-12-31": 0, "2015-09-30": 0, "2015-06-30": 0, "2015-03-31": "", "2014-12-31": 0, "2014-09-30": 0, "2014-06-30": 0, "2014-03-31": "", "2013-12-31": 1243, "2013-09-30": 0, "2013-06-30": 0, "2013-03-31": "", "2012-12-31": 0, "2012-09-30": 0, "2011-12-31": 0, "2010-12-31": 0}, "Total Common And Preferred Stock Dividends Paid": {"2020-09-30": 0, "2020-06-30": 0, "2020-03-31": "-42.00000", "2019-12-31": -42, "2019-09-30": -43, "2019-06-30": -43, "2019-03-31": "-44.00000", "2018-12-31": -44, "2018-09-30": -45, "2018-06-30": -45, "2018-03-31": "-47.00000", "2017-12-31": -48, "2017-09-30": -49, "2017-06-30": -49, "2017-03-31": "-49.00000", "2016-12-31": -70, "2016-09-30": -69, "2016-06-30": -69, "2016-03-31": "-69.00000", "2015-12-31": -69, "2015-09-30": -69, "2015-06-30": 0, "2015-03-31": "", "2014-12-31": 0, "2014-09-30": 0, "2014-06-30": 0, "2014-03-31": "", "2013-12-31": 0, "2013-09-30": 0, "2013-06-30": 0, "2013-03-31": "", "2012-12-31": 0, "2012-09-30": 0, "2011-12-31": 0, "2010-12-31": 0}, "Financial Activities - Other": {"2020-09-30": 6, "2020-06-30": -10, "2020-03-31": "-47.00000", "2019-12-31": 4, "2019-09-30": 1, "2019-06-30": -19, "2019-03-31": "-42.00000", "2018-12-31": -2, "2018-09-30": -4, "2018-06-30": -23, "2018-03-31": "-40.00000", "2017-12-31": -3, "2017-09-30": -1, "2017-06-30": -2, "2017-03-31": "-596.00000", "2016-12-31": -69, "2016-09-30": -37, "2016-06-30": -2, "2016-03-31": "-15.00000", "2015-12-31": 12, "2015-09-30": -26, "2015-06-30": 26, "2015-03-31": "-51.00000", "2014-12-31": 17, "2014-09-30": -10, "2014-06-30": 5, "2014-03-31": "-13.00000", "2013-12-31": -102, "2013-09-30": 144, "2013-06-30": -58, "2013-03-31": "25.00000", "2012-12-31": 156, "2012-09-30": 54, "2011-12-31": 415, "2010-12-31": -443}, "Cash Flow From Financial Activities": {"2020-09-30": 5, "2020-06-30": 982, "2020-03-31": "1100.00000", "2019-12-31": -305, "2019-09-30": -485, "2019-06-30": 20, "2019-03-31": "-343.00000", "2018-12-31": -510, "2018-09-30": -174, "2018-06-30": -405, "2018-03-31": "-211.00000", "2017-12-31": -328, "2017-09-30": -335, "2017-06-30": -345, "2017-03-31": "-716.00000", "2016-12-31": 311, "2016-09-30": -136, "2016-06-30": -103, "2016-03-31": "-116.00000", "2015-12-31": -326, "2015-09-30": -475, "2015-06-30": -191, "2015-03-31": "-761.00000", "2014-12-31": -332, "2014-09-30": -302, "2014-06-30": -209, "2014-03-31": "-232.00000", "2013-12-31": -1074, "2013-09-30": -255, "2013-06-30": -457, "2013-03-31": "-77.00000", "2012-12-31": -340, "2012-09-30": 478, "2011-12-31": -11, "2010-12-31": -703}, "Net Cash Flow": {"2020-09-30": -107, "2020-06-30": 1770, "2020-03-31": "1175.00000", "2019-12-31": -179, "2019-09-30": 91, "2019-06-30": 257, "2019-03-31": "-23.00000", "2018-12-31": -216, "2018-09-30": 195, "2018-06-30": -178, "2018-03-31": "13.00000", "2017-12-31": -126, "2017-09-30": -113, "2017-06-30": -77, "2017-03-31": "-698.00000", "2016-12-31": 553, "2016-09-30": 50, "2016-06-30": 108, "2016-03-31": "117.00000", "2015-12-31": 26, "2015-09-30": 117, "2015-06-30": -36, "2015-03-31": "-19.00000", "2014-12-31": -41, "2014-09-30": -2, "2014-06-30": 110, "2014-03-31": "-159.00000", "2013-12-31": -130, "2013-09-30": 63, "2013-06-30": -116, "2013-03-31": "22.00000", "2012-12-31": -128, "2012-09-30": 117, "2011-12-31": -73, "2010-12-31": 58}, "Stock-Based Compensation": {"2020-09-30": 25, "2020-06-30": 24, "2020-03-31": "-12.00000", "2019-12-31": 31, "2019-09-30": 42, "2019-06-30": 47, "2019-03-31": "34.00000", "2018-12-31": 24, "2018-09-30": 35, "2018-06-30": 40, "2018-03-31": "28.00000", "2017-12-31": 30, "2017-09-30": 32, "2017-06-30": 34, "2017-03-31": "25.00000", "2016-12-31": 41, "2016-09-30": 23, "2016-06-30": 16, "2016-03-31": "11.00000", "2015-12-31": 10, "2015-09-30": 14, "2015-06-30": 81, "2015-03-31": "19.00000", "2014-12-31": 21, "2014-09-30": 16, "2014-06-30": 22, "2014-03-31": "19.00000", "2013-12-31": 257, "2013-09-30": 2, "2013-06-30": 1, "2013-03-31": "2.00000", "2012-12-31": -20, "2012-09-30": 20, "2011-12-31": 0, "2010-12-31": 0}, "Common Stock Dividends Paid": {"2020-09-30": 0, "2020-06-30": 0, "2020-03-31": "-42.00000", "2019-12-31": -42, "2019-09-30": -43, "2019-06-30": -43, "2019-03-31": "-44.00000", "2018-12-31": -44, "2018-09-30": -45, "2018-06-30": -45, "2018-03-31": "-47.00000", "2017-12-31": -48, "2017-09-30": -49, "2017-06-30": -49, "2017-03-31": "-49.00000", "2016-12-31": -70, "2016-09-30": -69, "2016-06-30": -69, "2016-03-31": "-69.00000", "2015-12-31": -69, "2015-09-30": -69, "2015-06-30": 0, "2015-03-31": "", "2014-12-31": 0, "2014-09-30": 0, "2014-06-30": 0, "2014-03-31": "", "2013-12-31": 0, "2013-09-30": 0, "2013-06-30": 0, "2013-03-31": "", "2012-12-31": 0, "2012-09-30": 0, "2011-12-31": 0, "2010-12-31": 0}}, "financial ratios": {"Current Ratio": {"2019-12-31": "0.72900", "2018-12-31": "0.75830", "2017-12-31": "0.81520", "2016-12-31": "1.32530", "2015-12-31": "1.05810", "2014-12-31": "1.10720", "2013-12-31": "1.11250", "2012-12-31": "1.20350", "2011-12-31": "1.37430", "2010-12-31": "", "2006-12-31": "0.77380", "2005-12-31": "2.41780"}, "Long-term Debt / Capital": {"2019-12-31": "1.06310", "2018-12-31": "0.92870", "2017-12-31": "0.79500", "2016-12-31": "0.52950", "2015-12-31": "0.63270", "2014-12-31": "0.69620", "2013-12-31": "0.73320", "2012-12-31": "0.87570", "2011-12-31": "0.90370", "2010-12-31": "", "2006-12-31": "0.65080", "2005-12-31": "0.56640"}, "Debt/Equity Ratio": {"2019-12-31": "-16.93430", "2018-12-31": "13.05020", "2017-12-31": "3.90420", "2016-12-31": "1.13110", "2015-12-31": "1.75650", "2014-12-31": "2.32070", "2013-12-31": "2.76030", "2012-12-31": "7.23430", "2011-12-31": "9.60810", "2010-12-31": "", "2006-12-31": "1.86370", "2005-12-31": "1.30630"}, "Gross Margin": {"2019-12-31": "86.73300", "2018-12-31": "85.04380", "2017-12-31": "84.39310", "2016-12-31": "80.55050", "2015-12-31": "80.17660", "2014-12-31": "61.73110", "2013-12-31": "60.17460", "2012-12-31": "57.00730", "2011-12-31": "55.81240", "2010-12-31": "54.84630", "2006-12-31": "31.42610", "2005-12-31": "37.57040"}, "Operating Margin": {"2019-12-31": "17.53070", "2018-12-31": "16.07910", "2017-12-31": "13.92200", "2016-12-31": "13.19950", "2015-12-31": "12.61740", "2014-12-31": "15.93030", "2013-12-31": "11.32000", "2012-12-31": "11.85860", "2011-12-31": "11.10100", "2010-12-31": "6.85420", "2006-12-31": "14.91060", "2005-12-31": "17.30900"}, "EBIT Margin": {"2019-12-31": "17.53070", "2018-12-31": "16.07910", "2017-12-31": "13.92200", "2016-12-31": "13.19950", "2015-12-31": "12.61740", "2014-12-31": "15.93030", "2013-12-31": "11.32000", "2012-12-31": "11.85860", "2011-12-31": "11.10100", "2010-12-31": "6.85420", "2006-12-31": "14.91060", "2005-12-31": "17.30900"}, "EBITDA Margin": {"2019-12-31": "21.66740", "2018-12-31": "20.21110", "2017-12-31": "18.44790", "2016-12-31": "24.16360", "2015-12-31": "22.85150", "2014-12-31": "22.38620", "2013-12-31": "17.77090", "2012-12-31": "17.73390", "2011-12-31": "17.59080", "2010-12-31": "14.35300", "2006-12-31": "14.91060", "2005-12-31": "17.30900"}, "Pre-Tax Profit Margin": {"2019-12-31": "13.16120", "2018-12-31": "12.10420", "2017-12-31": "9.26090", "2016-12-31": "8.21170", "2015-12-31": "7.47230", "2014-12-31": "10.92170", "2013-12-31": "7.17000", "2012-12-31": "6.17720", "2011-12-31": "2.23160", "2010-12-31": "5.19340", "2006-12-31": "10.26710", "2005-12-31": "14.37910"}, "Net Profit Margin": {"2019-12-31": "9.32080", "2018-12-31": "8.57850", "2017-12-31": "13.33170", "2016-12-31": "5.13990", "2015-12-31": "19.68320", "2014-12-31": "6.40830", "2013-12-31": "4.26300", "2012-12-31": "3.79470", "2011-12-31": "2.88060", "2010-12-31": "1.58650", "2006-12-31": "7.00810", "2005-12-31": "10.36740"}, "Asset Turnover": {"2019-12-31": "0.63190", "2018-12-31": "0.63640", "2017-12-31": "0.57150", "2016-12-31": "0.25090", "2015-12-31": "0.27840", "2014-12-31": "0.40200", "2013-12-31": "0.36650", "2012-12-31": "0.34270", "2011-12-31": "0.32160", "2010-12-31": "", "2006-12-31": "0.49520", "2005-12-31": "0.50750"}, "Inventory Turnover Ratio": {"2019-12-31": "", "2018-12-31": "", "2017-12-31": "", "2016-12-31": "", "2015-12-31": "3.19910", "2014-12-31": "9.94800", "2013-12-31": "9.79040", "2012-12-31": "9.60960", "2011-12-31": "7.03080", "2010-12-31": "", "2006-12-31": "13.01630", "2005-12-31": "12.64840"}, "Receiveable Turnover": {"2019-12-31": "7.49560", "2018-12-31": "7.74430", "2017-12-31": "7.81080", "2016-12-31": "8.56250", "2015-12-31": "6.47280", "2014-12-31": "9.51270", "2013-12-31": "10.50160", "2012-12-31": "11.06920", "2011-12-31": "11.85290", "2010-12-31": "", "2006-12-31": "12.38540", "2005-12-31": "14.22120"}, "Days Sales In Receivables": {"2019-12-31": "48.69500", "2018-12-31": "47.13120", "2017-12-31": "46.73040", "2016-12-31": "42.62770", "2015-12-31": "56.39000", "2014-12-31": "38.36980", "2013-12-31": "34.75660", "2012-12-31": "32.97430", "2011-12-31": "30.79420", "2010-12-31": "", "2006-12-31": "29.47010", "2005-12-31": "25.66600"}, "ROE - Return On Equity": {"2019-12-31": "-187.71190", "2018-12-31": "137.81360", "2017-12-31": "64.39980", "2016-12-31": "-0.29060", "2015-12-31": "14.80420", "2014-12-31": "14.46750", "2013-12-31": "10.75770", "2012-12-31": "16.65890", "2011-12-31": "14.98240", "2010-12-31": "", "2006-12-31": "34.81660", "2005-12-31": "41.95560"}, "Return On Tangible Equity": {"2019-12-31": "-8.10690", "2018-12-31": "-7.77870", "2017-12-31": "-12.34410", "2016-12-31": "0.36450", "2015-12-31": "-16.19190", "2014-12-31": "-9.63690", "2013-12-31": "-5.96780", "2012-12-31": "-3.65770", "2011-12-31": "-2.49980", "2010-12-31": "", "2006-12-31": "15.53530", "2005-12-31": "16.79120"}, "ROA - Return On Assets": {"2019-12-31": "5.92360", "2018-12-31": "5.49480", "2017-12-31": "7.65390", "2016-12-31": "-0.06490", "2015-12-31": "3.43850", "2014-12-31": "2.61050", "2013-12-31": "1.73180", "2012-12-31": "1.32640", "2011-12-31": "0.93370", "2010-12-31": "", "2006-12-31": "3.51310", "2005-12-31": "5.39860"}, "ROI - Return On Investment": {"2019-12-31": "11.83860", "2018-12-31": "9.82870", "2017-12-31": "13.20480", "2016-12-31": "-0.13670", "2015-12-31": "5.43830", "2014-12-31": "4.39520", "2013-12-31": "2.87020", "2012-12-31": "2.07060", "2011-12-31": "1.44300", "2010-12-31": "", "2006-12-31": "5.42490", "2005-12-31": "7.28060"}, "Book Value Per Share": {"2019-12-31": "-1.69180", "2018-12-31": "1.89270", "2017-12-31": "5.32730", "2016-12-31": "17.75970", "2015-12-31": "18.07970", "2014-12-31": "14.36430", "2013-12-31": "13.02980", "2012-12-31": "7.02400", "2011-12-31": "", "2010-12-31": "", "2006-12-31": "", "2005-12-31": ""}, "Operating Cash Flow Per Share": {"2019-12-31": 0.6576, "2018-12-31": 1.5185, "2017-12-31": -1.3855, "2016-12-31": -0.4, "2015-12-31": 0.4092, "2014-12-31": -2.8569, "2013-12-31": 3.2135, "2012-12-31": -0.1857, "2011-12-31": 3.8017, "2010-12-31": 0, "2006-12-31": 0, "2005-12-31": 0}, "Free Cash Flow Per Share": {"2019-12-31": 1.0282, "2018-12-31": 1.4597, "2017-12-31": -0.5992, "2016-12-31": -7.106, "2015-12-31": 6.8324, "2014-12-31": -2.7121, "2013-12-31": 3.7985, "2012-12-31": -0.5408, "2011-12-31": 2.7462, "2010-12-31": 0, "2006-12-31": 0, "2005-12-31": 0}}, "financial ratios, quarterly": {"Current Ratio": {"2020-09-30": "1.99390", "2020-06-30": "1.98480", "2020-03-31": "1.41850", "2019-12-31": "0.72900", "2019-09-30": "0.77760", "2019-06-30": "0.79680", "2019-03-31": "0.67140", "2018-12-31": "0.75830", "2018-09-30": "0.84330", "2018-06-30": "0.77540", "2018-03-31": "0.80710", "2017-12-31": "0.81520", "2017-09-30": "0.93700", "2017-06-30": "1.00500", "2017-03-31": "1.05190", "2016-12-31": "1.32530", "2016-09-30": "1.16400", "2016-06-30": "1.10030", "2016-03-31": "1.07580", "2015-12-31": "1.05810", "2015-09-30": "1.03440", "2015-06-30": "1.03090", "2015-03-31": "1.08310", "2014-12-31": "1.10720", "2014-09-30": "1.12800", "2014-06-30": "1.14010", "2014-03-31": "1.15560", "2013-12-31": "1.11250", "2013-09-30": "1.16890", "2013-06-30": "", "2013-03-31": "", "2012-12-31": "", "2012-09-30": "", "2011-12-31": "", "2010-12-31": ""}, "Long-term Debt / Capital": {"2020-09-30": "1.14460", "2020-06-30": "1.14120", "2020-03-31": "1.10570", "2019-12-31": "1.06310", "2019-09-30": "1.02630", "2019-06-30": "1.00300", "2019-03-31": "0.98550", "2018-12-31": "0.92870", "2018-09-30": "0.92870", "2018-06-30": "0.93110", "2018-03-31": "0.78960", "2017-12-31": "0.79500", "2017-09-30": "0.81930", "2017-06-30": "0.81270", "2017-03-31": "0.80500", "2016-12-31": "0.52950", "2016-09-30": "0.60360", "2016-06-30": "0.60940", "2016-03-31": "0.61420", "2015-12-31": "0.63270", "2015-09-30": "0.65750", "2015-06-30": "0.67230", "2015-03-31": "0.69580", "2014-12-31": "0.69620", "2014-09-30": "0.70080", "2014-06-30": "0.70440", "2014-03-31": "0.72200", "2013-12-31": "0.73320", "2013-09-30": "0.84500", "2013-06-30": "", "2013-03-31": "", "2012-12-31": "", "2012-09-30": "", "2011-12-31": "", "2010-12-31": ""}, "Debt/Equity Ratio": {"2020-09-30": "-7.95300", "2020-06-30": "-8.11930", "2020-03-31": "-10.50440", "2019-12-31": "-16.93430", "2019-09-30": "-39.22110", "2019-06-30": "-339.52170", "2019-03-31": "68.19440", "2018-12-31": "13.05020", "2018-09-30": "13.05860", "2018-06-30": "13.52680", "2018-03-31": "3.78080", "2017-12-31": "3.90420", "2017-09-30": "4.56700", "2017-06-30": "4.36960", "2017-03-31": "4.15350", "2016-12-31": "1.13110", "2016-09-30": "1.55050", "2016-06-30": "1.58930", "2016-03-31": "1.62300", "2015-12-31": "1.75650", "2015-09-30": "1.96780", "2015-06-30": "2.08050", "2015-03-31": "2.31910", "2014-12-31": "2.32070", "2014-09-30": "2.36860", "2014-06-30": "2.40660", "2014-03-31": "2.60740", "2013-12-31": "2.76030", "2013-09-30": "5.61380", "2013-06-30": "", "2013-03-31": "", "2012-12-31": "", "2012-09-30": "", "2011-12-31": "", "2010-12-31": ""}, "Gross Margin": {"2020-09-30": "84.56590", "2020-06-30": "83.15600", "2020-03-31": "87.55210", "2019-12-31": "86.82990", "2019-09-30": "87.05640", "2019-06-30": "86.55390", "2019-03-31": "86.47910", "2018-12-31": "85.62060", "2018-09-30": "85.30850", "2018-06-30": "84.63550", "2018-03-31": "84.57090", "2017-12-31": "83.84910", "2017-09-30": "83.73980", "2017-06-30": "84.24860", "2017-03-31": "85.86500", "2016-12-31": "71.15200", "2016-09-30": "82.59240", "2016-06-30": "82.10260", "2016-03-31": "82.21320", "2015-12-31": "-27.98130", "2015-09-30": "64.87050", "2015-06-30": "64.51060", "2015-03-31": "61.44670", "2014-12-31": "63.40170", "2014-09-30": "61.61120", "2014-06-30": "61.71730", "2014-03-31": "59.88150", "2013-12-31": "61.97500", "2013-09-30": "60.22870", "2013-06-30": "58.61340", "2013-03-31": "59.65530", "2012-12-31": "", "2012-09-30": "", "2011-12-31": "", "2010-12-31": ""}, "Operating Margin": {"2020-09-30": "1.17900", "2020-06-30": "-53.54610", "2020-03-31": "3.54170", "2019-12-31": "14.68970", "2019-09-30": "21.67020", "2019-06-30": "19.24320", "2019-03-31": "14.15610", "2018-12-31": "15.82170", "2018-09-30": "17.08830", "2018-06-30": "17.72150", "2018-03-31": "13.45230", "2017-12-31": "12.52420", "2017-09-30": "15.87760", "2017-06-30": "15.60690", "2017-03-31": "11.44520", "2016-12-31": "15.48890", "2016-09-30": "14.19390", "2016-06-30": "14.00000", "2016-03-31": "9.84940", "2015-12-31": "53.00080", "2015-09-30": "22.90160", "2015-06-30": "14.61330", "2015-03-31": "18.85340", "2014-12-31": "16.08910", "2014-09-30": "16.83060", "2014-06-30": "16.31050", "2014-03-31": "14.30390", "2013-12-31": "3.36740", "2013-09-30": "14.57740", "2013-06-30": "16.97480", "2013-03-31": "11.13570", "2012-12-31": "", "2012-09-30": "", "2011-12-31": "", "2010-12-31": ""}, "EBIT Margin": {"2020-09-30": "1.17900", "2020-06-30": "-53.54610", "2020-03-31": "3.54170", "2019-12-31": "14.68970", "2019-09-30": "21.67020", "2019-06-30": "19.24320", "2019-03-31": "14.15610", "2018-12-31": "15.82170", "2018-09-30": "17.08830", "2018-06-30": "17.72150", "2018-03-31": "13.45230", "2017-12-31": "12.52420", "2017-09-30": "15.87760", "2017-06-30": "15.60690", "2017-03-31": "11.44520", "2016-12-31": "15.48890", "2016-09-30": "14.19390", "2016-06-30": "14.00000", "2016-03-31": "9.84940", "2015-12-31": "53.00080", "2015-09-30": "22.90160", "2015-06-30": "14.61330", "2015-03-31": "18.85340", "2014-12-31": "16.08910", "2014-09-30": "16.83060", "2014-06-30": "16.31050", "2014-03-31": "14.30390", "2013-12-31": "3.36740", "2013-09-30": "14.57740", "2013-06-30": "16.97480", "2013-03-31": "11.13570", "2012-12-31": "", "2012-09-30": "", "2011-12-31": "", "2010-12-31": ""}, "EBITDA Margin": {"2020-09-30": "", "2020-06-30": "", "2020-03-31": "", "2019-12-31": "", "2019-09-30": "", "2019-06-30": "", "2019-03-31": "", "2018-12-31": "", "2018-09-30": "", "2018-06-30": "", "2018-03-31": "", "2017-12-31": "", "2017-09-30": "", "2017-06-30": "", "2017-03-31": "", "2016-12-31": "", "2016-09-30": "", "2016-06-30": "", "2016-03-31": "", "2015-12-31": "", "2015-09-30": "", "2015-06-30": "", "2015-03-31": "", "2014-12-31": "", "2014-09-30": "", "2014-06-30": "", "2014-03-31": "", "2013-12-31": "", "2013-09-30": "", "2013-06-30": "", "2013-03-31": "", "2012-12-31": "", "2012-09-30": "", "2011-12-31": "", "2010-12-31": ""}, "Pre-Tax Profit Margin": {"2020-09-30": "-12.21870", "2020-06-30": "-78.72340", "2020-03-31": "-0.88540", "2019-12-31": "10.25750", "2019-09-30": "17.57830", "2019-06-30": "14.57330", "2019-03-31": "9.89110", "2018-12-31": "11.62590", "2018-09-30": "13.00490", "2018-06-30": "13.00740", "2018-03-31": "10.65570", "2017-12-31": "8.75240", "2017-09-30": "12.24300", "2017-06-30": "12.04240", "2017-03-31": "3.48100", "2016-12-31": "14.42400", "2016-09-30": "8.46280", "2016-06-30": "8.35900", "2016-03-31": "4.05560", "2015-12-31": "48.48010", "2015-09-30": "18.30740", "2015-06-30": "10.67760", "2015-03-31": "12.04310", "2014-12-31": "10.36070", "2014-09-30": "11.87600", "2014-06-30": "12.48590", "2014-03-31": "8.76010", "2013-12-31": "4.08630", "2013-09-30": "11.14740", "2013-06-30": "10.12610", "2013-03-31": "3.35840", "2012-12-31": "", "2012-09-30": "", "2011-12-31": "", "2010-12-31": ""}, "Net Profit Margin": {"2020-09-30": "-8.46730", "2020-06-30": "-76.24110", "2020-03-31": "0.93750", "2019-12-31": "7.38710", "2019-09-30": "12.02510", "2019-06-30": "10.46700", "2019-03-31": "7.16880", "2018-12-31": "9.79020", "2018-09-30": "7.19040", "2018-06-30": "9.47180", "2018-03-31": "7.76280", "2017-12-31": "35.25150", "2017-09-30": "7.55620", "2017-06-30": "7.22540", "2017-03-31": "2.47890", "2016-12-31": "-38.43180", "2016-09-30": "10.01610", "2016-06-30": "12.25640", "2016-03-31": "17.90270", "2015-12-31": "-63.44510", "2015-09-30": "9.63730", "2015-06-30": "5.50990", "2015-03-31": "5.77150", "2014-12-31": "5.58700", "2014-09-30": "6.92130", "2014-06-30": "7.83650", "2014-03-31": "5.20520", "2013-12-31": "0.98370", "2013-09-30": "8.16660", "2013-06-30": "6.51260", "2013-03-31": "1.50240", "2012-12-31": "", "2012-09-30": "", "2011-12-31": "", "2010-12-31": ""}, "Asset Turnover": {"2020-09-30": "0.05450", "2020-06-30": "0.03290", "2020-03-31": "0.12160", "2019-12-31": "0.15840", "2019-09-30": "0.15900", "2019-06-30": "0.16410", "2019-03-31": "0.14840", "2018-12-31": "0.16350", "2018-09-30": "0.15930", "2018-06-30": "0.16380", "2018-03-31": "0.14540", "2017-12-31": "0.14530", "2017-09-30": "0.14700", "2017-06-30": "0.14550", "2017-03-31": "0.13270", "2016-12-31": "0.03940", "2016-09-30": "0.07220", "2016-06-30": "0.07540", "2016-03-31": "0.06710", "2015-12-31": "-0.05010", "2015-09-30": "0.11160", "2015-06-30": "0.11220", "2015-03-31": "0.10030", "2014-12-31": "0.10820", "2014-09-30": "0.10040", "2014-06-30": "0.10070", "2014-03-31": "0.08950", "2013-12-31": "0.09950", "2013-09-30": "0.09160", "2013-06-30": "", "2013-03-31": "", "2012-12-31": "", "2012-09-30": "", "2011-12-31": "", "2010-12-31": ""}, "Inventory Turnover Ratio": {"2020-09-30": "", "2020-06-30": "", "2020-03-31": "", "2019-12-31": "", "2019-09-30": "", "2019-06-30": "", "2019-03-31": "", "2018-12-31": "", "2018-09-30": "", "2018-06-30": "", "2018-03-31": "", "2017-12-31": "", "2017-09-30": "", "2017-06-30": "", "2017-03-31": "", "2016-12-31": "", "2016-09-30": "0.63980", "2016-06-30": "0.76030", "2016-03-31": "0.65460", "2015-12-31": "-3.71490", "2015-09-30": "2.36510", "2015-06-30": "2.44580", "2015-03-31": "2.38000", "2014-12-31": "2.56190", "2014-09-30": "2.90000", "2014-06-30": "2.84400", "2014-03-31": "2.38790", "2013-12-31": "2.53790", "2013-09-30": "2.52330", "2013-06-30": "", "2013-03-31": "", "2012-12-31": "", "2012-09-30": "", "2011-12-31": "", "2010-12-31": ""}, "Receiveable Turnover": {"2020-09-30": "1.04830", "2020-06-30": "0.68200", "2020-03-31": "1.72820", "2019-12-31": "1.87870", "2019-09-30": "2.00750", "2019-06-30": "2.08740", "2019-03-31": "2.00000", "2018-12-31": "1.98960", "2018-09-30": "2.06700", "2018-06-30": "2.17780", "2018-03-31": "2.11630", "2017-12-31": "1.98660", "2017-09-30": "2.24120", "2017-06-30": "2.25410", "2017-03-31": "2.08120", "2016-12-31": "1.34510", "2016-09-30": "1.60120", "2016-06-30": "1.69270", "2016-03-31": "1.62070", "2015-12-31": "-1.16420", "2015-09-30": "2.70060", "2015-06-30": "2.65640", "2015-03-31": "2.48000", "2014-12-31": "2.56160", "2014-09-30": "2.69250", "2014-06-30": "2.73540", "2014-03-31": "2.61680", "2013-12-31": "2.85110", "2013-09-30": "2.62210", "2013-06-30": "", "2013-03-31": "", "2012-12-31": "", "2012-09-30": "", "2011-12-31": "", "2010-12-31": ""}, "Days Sales In Receivables": {"2020-09-30": "85.85210", "2020-06-30": "131.96810", "2020-03-31": "52.07810", "2019-12-31": "47.90630", "2019-09-30": "44.83090", "2019-06-30": "43.11590", "2019-03-31": "45.00000", "2018-12-31": "45.23600", "2018-09-30": "43.54190", "2018-06-30": "41.32690", "2018-03-31": "42.52650", "2017-12-31": "45.30460", "2017-09-30": "40.15780", "2017-06-30": "39.92780", "2017-03-31": "43.24370", "2016-12-31": "66.91190", "2016-09-30": "56.20780", "2016-06-30": "53.16920", "2016-03-31": "55.53300", "2015-12-31": "-77.30320", "2015-09-30": "33.32640", "2015-06-30": "33.88090", "2015-03-31": "36.29090", "2014-12-31": "35.13440", "2014-09-30": "33.42660", "2014-06-30": "32.90210", "2014-03-31": "34.39270", "2013-12-31": "31.56640", "2013-09-30": "34.32420", "2013-06-30": "", "2013-03-31": "", "2012-12-31": "", "2012-09-30": "", "2011-12-31": "", "2010-12-31": ""}, "ROE - Return On Equity": {"2020-09-30": "6.14100", "2020-06-30": "33.46240", "2020-03-31": "-1.99120", "2019-12-31": "-37.28810", "2019-09-30": "-145.72870", "2019-06-30": "-1134.78300", "2019-03-31": "147.22220", "2018-12-31": "40.32260", "2018-09-30": "28.27590", "2018-06-30": "38.75000", "2018-03-31": "9.33030", "2017-12-31": "43.16970", "2017-09-30": "11.04970", "2017-06-30": "9.96700", "2017-03-31": "3.00750", "2016-12-31": "-6.78750", "2016-09-30": "1.37110", "2016-06-30": "1.57580", "2016-03-31": "3.07820", "2015-12-31": "4.72190", "2015-09-30": "5.46330", "2015-06-30": "3.29450", "2015-03-31": "3.24530", "2014-12-31": "3.37290", "2014-09-30": "3.93680", "2014-06-30": "4.46600", "2014-03-31": "2.78840", "2013-12-31": "1.45000", "2013-09-30": "7.95140", "2013-06-30": "", "2013-03-31": "", "2012-12-31": "", "2012-09-30": "", "2011-12-31": "", "2010-12-31": ""}, "Return On Tangible Equity": {"2020-09-30": "0.69470", "2020-06-30": "3.71290", "2020-03-31": "-0.15970", "2019-12-31": "-1.61040", "2019-09-30": "-2.73480", "2019-06-30": "-2.49670", "2019-03-31": "-1.53860", "2018-12-31": "-2.27590", "2018-09-30": "-1.65940", "2018-06-30": "-2.18950", "2018-03-31": "-1.85350", "2017-12-31": "-8.27480", "2017-09-30": "-1.76800", "2017-06-30": "-1.68660", "2017-03-31": "-0.54380", "2016-12-31": "8.51200", "2016-09-30": "-1.85530", "2016-06-30": "-2.01210", "2016-03-31": "-3.69580", "2015-12-31": "-5.16450", "2015-09-30": "-4.52510", "2015-06-30": "-2.59120", "2015-03-31": "-2.18720", "2014-12-31": "-2.24670", "2014-09-30": "-2.62750", "2014-06-30": "-2.93510", "2014-03-31": "-1.64740", "2013-12-31": "-0.80440", "2013-09-30": "-2.16260", "2013-06-30": "", "2013-03-31": "", "2012-12-31": "", "2012-09-30": "", "2011-12-31": "", "2010-12-31": ""}, "ROA - Return On Assets": {"2020-09-30": "-0.47290", "2020-06-30": "-2.52250", "2020-03-31": "0.11400", "2019-12-31": "1.17670", "2019-09-30": "1.92470", "2019-06-30": "1.72390", "2019-03-31": "1.07050", "2018-12-31": "1.60770", "2018-09-30": "1.15960", "2018-06-30": "1.55160", "2018-03-31": "1.14310", "2017-12-31": "5.13070", "2017-09-30": "1.12490", "2017-06-30": "1.05820", "2017-03-31": "0.33600", "2016-12-31": "-1.51460", "2016-09-30": "0.34400", "2016-06-30": "0.38680", "2016-03-31": "0.74260", "2015-12-31": "1.09670", "2015-09-30": "1.09130", "2015-06-30": "0.64110", "2015-03-31": "0.57900", "2014-12-31": "0.60860", "2014-09-30": "0.71040", "2014-06-30": "0.80010", "2014-03-31": "0.46980", "2013-12-31": "0.23340", "2013-09-30": "0.75950", "2013-06-30": "", "2013-03-31": "", "2012-12-31": "", "2012-09-30": "", "2011-12-31": "", "2010-12-31": ""}, "ROI - Return On Investment": {"2020-09-30": "-0.88820", "2020-06-30": "-4.72340", "2020-03-31": "0.21050", "2019-12-31": "2.35170", "2019-09-30": "3.83190", "2019-06-30": "3.36820", "2019-03-31": "2.13770", "2018-12-31": "2.87580", "2018-09-30": "2.01500", "2018-06-30": "2.67110", "2018-03-31": "1.96270", "2017-12-31": "8.85170", "2017-09-30": "1.99700", "2017-06-30": "1.86720", "2017-03-31": "0.58650", "2016-12-31": "-3.19340", "2016-09-30": "0.54350", "2016-06-30": "0.61550", "2016-03-31": "1.18760", "2015-12-31": "1.73460", "2015-09-30": "1.87110", "2015-06-30": "1.07960", "2015-03-31": "0.98720", "2014-12-31": "1.02470", "2014-09-30": "1.17800", "2014-06-30": "1.32000", "2014-03-31": "0.77510", "2013-12-31": "0.38680", "2013-09-30": "1.23210", "2013-06-30": "", "2013-03-31": "", "2012-12-31": "", "2012-09-30": "", "2011-12-31": "", "2010-12-31": ""}, "Book Value Per Share": {"2020-09-30": "-4.75440", "2020-06-30": "-4.65550", "2020-03-31": "-3.26170", "2019-12-31": "-1.69180", "2019-09-30": "-0.70240", "2019-06-30": "-0.07990", "2019-03-31": "0.37020", "2018-12-31": "1.89270", "2018-09-30": "1.95310", "2018-06-30": "1.87610", "2018-03-31": "5.51270", "2017-12-31": "5.32730", "2017-09-30": "4.51200", "2017-06-30": "4.65820", "2017-03-31": "4.84180", "2016-12-31": "17.75970", "2016-09-30": "19.67600", "2016-06-30": "19.23660", "2016-03-31": "18.80940", "2015-12-31": "18.07970", "2015-09-30": "15.73910", "2015-06-30": "15.40180", "2015-03-31": "14.04370", "2014-12-31": "14.36430", "2014-09-30": "14.47410", "2014-06-30": "14.46490", "2014-03-31": "13.55080", "2013-12-31": "13.02980", "2013-09-30": "7.77950", "2013-06-30": "", "2013-03-31": "", "2012-12-31": "", "2012-09-30": "", "2011-12-31": "", "2010-12-31": ""}, "Operating Cash Flow Per Share": {"2020-09-30": -0.3706, "2020-06-30": 2.9422, "2020-03-31": "0.46070", "2019-12-31": 0.6682, "2019-09-30": 1.8782, "2019-06-30": 0.9921, "2019-03-31": "1.23390", "2018-12-31": 1.0681, "2018-09-30": 1.2909, "2018-06-30": 0.994, "2018-03-31": "0.76180", "2017-12-31": 0.7655, "2017-09-30": 0.7852, "2017-06-30": 0.8945, "2017-03-31": "0.15110", "2016-12-31": 1.0543, "2016-09-30": 0.8851, "2016-06-30": 1.0151, "2016-03-31": "1.02730", "2015-12-31": 1.3754, "2015-09-30": 1.0406, "2015-06-30": 1.0973, "2015-03-31": "0.86850", "2014-12-31": 1.2398, "2014-09-30": 1.1733, "2014-06-30": 1.1117, "2014-03-31": "0.44780", "2013-12-31": 3.4937, "2013-09-30": 1.2574, "2013-06-30": 1.5181, "2013-03-31": "0.56030", "2012-12-31": 0, "2012-09-30": 0, "2011-12-31": 0, "2010-12-31": 0}, "Free Cash Flow Per Share": {"2020-09-30": -0.3989, "2020-06-30": 2.8771, "2020-03-31": "0.41790", "2019-12-31": 0.6152, "2019-09-30": 2.2232, "2019-06-30": 0.9126, "2019-03-31": "1.15590", "2018-12-31": 1.002, "2018-09-30": 1.2133, "2018-06-30": 0.933, "2018-03-31": "0.73040", "2017-12-31": 0.699, "2017-09-30": 0.7291, "2017-06-30": 0.867, "2017-03-31": "0.12390", "2016-12-31": 0.7735, "2016-09-30": 0.7114, "2016-06-30": 0.7606, "2016-03-31": "0.77270", "2015-12-31": 1.1021, "2015-09-30": 1.8687, "2015-06-30": 0.8765, "2015-03-31": "6.27690", "2014-12-31": 0.9967, "2014-09-30": 0.964, "2014-06-30": 1.0143, "2014-03-31": "0.31680", "2013-12-31": 3.2121, "2013-09-30": 1.1076, "2013-06-30": 1.3096, "2013-03-31": "0.37460", "2012-12-31": 0, "2012-09-30": 0, "2011-12-31": 0, "2010-12-31": 0}}, "revenue": {"Hilton Worldwide Holdings Annual Revenue (Millions of US $)": {"2019": "$9,452", "2018": "$8,906", "2017": "$8,131", "2016": "$6,576", "2015": "$7,133", "2014": "$10,502", "2013": "$9,735", "2012": "$9,276", "2011": "$8,783", "2010": "$8,068", "2006": "$8,162", "2005": "$4,437"}, "Hilton Worldwide Holdings Quarterly Revenue (Millions of US $)": {"2020-09-30": "$933", "2020-06-30": "$564", "2020-03-31": "$1,920", "2019-12-31": "$2,369", "2019-09-30": "$2,395", "2019-06-30": "$2,484", "2019-03-31": "$2,204", "2018-12-31": "$2,288", "2018-09-30": "$2,253", "2018-06-30": "$2,291", "2018-03-31": "$2,074", "2017-12-31": "$2,068", "2017-09-30": "$2,091", "2017-06-30": "$2,076", "2017-03-31": "$1,896", "2016-12-31": "$1,033", "2016-09-30": "$1,867", "2016-06-30": "$1,950", "2016-03-31": "$1,726", "2015-12-31": "$-1,283", "2015-09-30": "$2,895", "2015-06-30": "$2,922", "2015-03-31": "$2,599", "2014-12-31": "$2,828", "2014-09-30": "$2,644", "2014-06-30": "$2,667", "2014-03-31": "$2,363", "2013-12-31": "$2,643", "2013-09-30": "$2,449", "2013-06-30": "$2,380", "2013-03-31": "$2,263", "2012-12-31": "", "2012-09-30": "", "2011-12-31": "", "2010-12-31": ""}}, "gross-profit": {"Hilton Worldwide Holdings Annual Gross Profit (Millions of US $)": {"2019": "$8,198", "2018": "$7,574", "2017": "$6,862", "2016": "$5,297", "2015": "$5,719", "2014": "$6,483", "2013": "$5,858", "2012": "$5,288", "2011": "$4,902", "2010": "$4,425", "2006": "$2,565", "2005": "$1,667"}, "Hilton Worldwide Holdings Quarterly Gross Profit (Millions of US $)": {"2020-09-30": "$789", "2020-06-30": "$469", "2020-03-31": "$1,681", "2019-12-31": "$2,057", "2019-09-30": "$2,085", "2019-06-30": "$2,150", "2019-03-31": "$1,906", "2018-12-31": "$1,959", "2018-09-30": "$1,922", "2018-06-30": "$1,939", "2018-03-31": "$1,754", "2017-12-31": "$1,734", "2017-09-30": "$1,751", "2017-06-30": "$1,749", "2017-03-31": "$1,628", "2016-12-31": "$735", "2016-09-30": "$1,542", "2016-06-30": "$1,601", "2016-03-31": "$1,419", "2015-12-31": "$359", "2015-09-30": "$1,878", "2015-06-30": "$1,885", "2015-03-31": "$1,597", "2014-12-31": "$1,793", "2014-09-30": "$1,629", "2014-06-30": "$1,646", "2014-03-31": "$1,415", "2013-12-31": "$1,638", "2013-09-30": "$1,475", "2013-06-30": "$1,395", "2013-03-31": "$1,350", "2012-12-31": "", "2012-09-30": "", "2011-12-31": "", "2010-12-31": ""}}, "operating-income": {"Hilton Worldwide Holdings Annual Operating Income (Millions of US $)": {"2019": "$1,657", "2018": "$1,432", "2017": "$1,132", "2016": "$868", "2015": "$900", "2014": "$1,673", "2013": "$1,102", "2012": "$1,100", "2011": "$975", "2010": "$553", "2006": "$1,217", "2005": "$768"}, "Hilton Worldwide Holdings Quarterly Operating Income (Millions of US $)": {"2020-09-30": "$11", "2020-06-30": "$-302", "2020-03-31": "$68", "2019-12-31": "$348", "2019-09-30": "$519", "2019-06-30": "$478", "2019-03-31": "$312", "2018-12-31": "$362", "2018-09-30": "$385", "2018-06-30": "$406", "2018-03-31": "$279", "2017-12-31": "$259", "2017-09-30": "$332", "2017-06-30": "$324", "2017-03-31": "$217", "2016-12-31": "$160", "2016-09-30": "$265", "2016-06-30": "$273", "2016-03-31": "$170", "2015-12-31": "$-680", "2015-09-30": "$663", "2015-06-30": "$427", "2015-03-31": "$490", "2014-12-31": "$455", "2014-09-30": "$445", "2014-06-30": "$435", "2014-03-31": "$338", "2013-12-31": "$89", "2013-09-30": "$357", "2013-06-30": "$404", "2013-03-31": "$252", "2012-12-31": "", "2012-09-30": "", "2011-12-31": "", "2010-12-31": ""}}, "ebitda": {"Hilton Worldwide Holdings Annual EBITDA (Millions of US $)": {"2019": "$2,048", "2018": "$1,800", "2017": "$1,500", "2016": "$1,589", "2015": "$1,630", "2014": "$2,351", "2013": "$1,730", "2012": "$1,645", "2011": "$1,545", "2010": "$1,158", "2006": "$1,217", "2005": "$768"}, "Hilton Worldwide Holdings Quarterly EBITDA (Millions of US $)": {"2020-09-30": "$108", "2020-06-30": "$-207", "2020-03-31": "$167", "2019-12-31": "$462", "2019-09-30": "$612", "2019-06-30": "$571", "2019-03-31": "$403", "2018-12-31": "$468", "2018-09-30": "$472", "2018-06-30": "$492", "2018-03-31": "$368", "2017-12-31": "$363", "2017-09-30": "$419", "2017-06-30": "$412", "2017-03-31": "$306", "2016-12-31": "$372", "2016-09-30": "$434", "2016-06-30": "$444", "2016-03-31": "$339", "2015-12-31": "$-469", "2015-09-30": "$834", "2015-06-30": "$600", "2015-03-31": "$665", "2014-12-31": "$663", "2014-09-30": "$604", "2014-06-30": "$593", "2014-03-31": "$491", "2013-12-31": "$262", "2013-09-30": "$503", "2013-06-30": "$553", "2013-03-31": "$412", "2012-12-31": "", "2012-09-30": "", "2011-12-31": "", "2010-12-31": ""}}, "net-income": {"Hilton Worldwide Holdings Annual Net Income (Millions of US $)": {"2019": "$881", "2018": "$764", "2017": "$1,084", "2016": "$338", "2015": "$1,404", "2014": "$673", "2013": "$415", "2012": "$352", "2011": "$253", "2010": "$128", "2006": "$572", "2005": "$460"}, "Hilton Worldwide Holdings Quarterly Net Income (Millions of US $)": {"2020-09-30": "$-79", "2020-06-30": "$-430", "2020-03-31": "$18", "2019-12-31": "$175", "2019-09-30": "$288", "2019-06-30": "$260", "2019-03-31": "$158", "2018-12-31": "$224", "2018-09-30": "$162", "2018-06-30": "$217", "2018-03-31": "$161", "2017-12-31": "$729", "2017-09-30": "$158", "2017-06-30": "$150", "2017-03-31": "$47", "2016-12-31": "$-397", "2016-09-30": "$187", "2016-06-30": "$239", "2016-03-31": "$309", "2015-12-31": "$814", "2015-09-30": "$279", "2015-06-30": "$161", "2015-03-31": "$150", "2014-12-31": "$158", "2014-09-30": "$183", "2014-06-30": "$209", "2014-03-31": "$123", "2013-12-31": "$26", "2013-09-30": "$200", "2013-06-30": "$155", "2013-03-31": "$34", "2012-12-31": "", "2012-09-30": "", "2011-12-31": "", "2010-12-31": ""}}, "eps-earnings-per-share-diluted": {"Hilton Worldwide Holdings Annual EPS": {"2019": "$3.04", "2018": "$2.50", "2017": "$3.32", "2016": "$1.03", "2015": "$4.26", "2014": "$2.05", "2013": "$1.35", "2012": "$1.14", "2011": "$0.81", "2010": "$0.00", "2006": "$0.00", "2005": "$0.00"}, "Hilton Worldwide Holdings Quarterly EPS": {"2020-09-30": "$-0.28", "2020-06-30": "$-1.55", "2020-03-31": "$0.06", "2019-12-31": "$0.61", "2019-09-30": "$1.00", "2019-06-30": "$0.89", "2019-03-31": "$0.54", "2018-12-31": "$0.74", "2018-09-30": "$0.54", "2018-06-30": "$0.71", "2018-03-31": "$0.51", "2017-12-31": "$2.23", "2017-09-30": "$0.49", "2017-06-30": "$0.46", "2017-03-31": "$0.14", "2016-12-31": "$-1.20", "2016-09-30": "$0.57", "2016-06-30": "$0.72", "2016-03-31": "$0.94", "2015-12-31": "$2.49", "2015-09-30": "$0.84", "2015-06-30": "$0.48", "2015-03-31": "$0.45", "2014-12-31": "$0.49", "2014-09-30": "$0.57", "2014-06-30": "$0.63", "2014-03-31": "$0.36", "2013-12-31": "$0.09", "2013-09-30": "$0.66", "2013-06-30": "$0.51", "2013-03-31": "$0.09", "2012-12-31": "$0.00", "2012-09-30": "$0.00", "2011-12-31": "$0.00", "2010-12-31": "$0.00"}}, "shares-outstanding": {"Hilton Worldwide Holdings Annual Shares Outstanding (Millions of Shares)": {"2019": "290", "2018": "305", "2017": "327", "2016": "329", "2015": "330", "2014": "329", "2013": "308", "2012": "307", "2011": "307", "2010": "", "2006": "", "2005": ""}, "Hilton Worldwide Holdings Quarterly Shares Outstanding (Millions of Shares)": {"2020-09-30": "279", "2020-06-30": "278", "2020-03-31": "280", "2019-12-31": "290", "2019-09-30": "288", "2019-06-30": "292", "2019-03-31": "295", "2018-12-31": "305", "2018-09-30": "300", "2018-06-30": "303", "2018-03-31": "319", "2017-12-31": "327", "2017-09-30": "325", "2017-06-30": "329", "2017-03-31": "331", "2016-12-31": "329", "2016-09-30": "331", "2016-06-30": "330", "2016-03-31": "330", "2015-12-31": "330", "2015-09-30": "330", "2015-06-30": "330", "2015-03-31": "329", "2014-12-31": "329", "2014-09-30": "329", "2014-06-30": "328", "2014-03-31": "328", "2013-12-31": "308", "2013-09-30": "307", "2013-06-30": "307", "2013-03-31": "307", "2012-12-31": "", "2012-09-30": "", "2011-12-31": "", "2010-12-31": ""}}, "total-assets": {"Hilton Worldwide Holdings Annual Total Assets (Millions of US $)": {"2019": "$14,957", "2018": "$13,995", "2017": "$14,228", "2016": "$26,211", "2015": "$25,622", "2014": "$26,125", "2013": "$26,562", "2012": "$27,066", "2011": "$27,312", "2010": "$0", "2006": "$16,481", "2005": "$8,743"}, "Hilton Worldwide Holdings Quarterly Total Assets (Millions of US $)": {"2020-09-30": "$17,129", "2020-06-30": "$17,126", "2020-03-31": "$15,788", "2019-12-31": "$14,957", "2019-09-30": "$15,067", "2019-06-30": "$15,140", "2019-03-31": "$14,853", "2018-12-31": "$13,995", "2018-09-30": "$14,143", "2018-06-30": "$13,986", "2018-03-31": "$14,260", "2017-12-31": "$14,228", "2017-09-30": "$14,223", "2017-06-30": "$14,269", "2017-03-31": "$14,287", "2016-12-31": "$26,211", "2016-09-30": "$25,871", "2016-06-30": "$25,853", "2016-03-31": "$25,721", "2015-12-31": "$25,622", "2015-09-30": "$25,932", "2015-06-30": "$26,051", "2015-03-31": "$25,905", "2014-12-31": "$26,125", "2014-09-30": "$26,324", "2014-06-30": "$26,497", "2014-03-31": "$26,393", "2013-12-31": "$26,562", "2013-09-30": "$26,729", "2013-06-30": "$0", "2013-03-31": "$0", "2012-12-31": "$0", "2012-09-30": "$0", "2011-12-31": "$27,312", "2010-12-31": "$0"}}, "cash-on-hand": {"Hilton Worldwide Holdings Annual Cash on Hand (Millions of US $)": {"2019": "$630", "2018": "$484", "2017": "$670", "2016": "$1,183", "2015": "$856", "2014": "$768", "2013": "$860", "2012": "$1,305", "2011": "$1,439", "2010": "$", "2006": "$431", "2005": "$1,336"}, "Hilton Worldwide Holdings Quarterly Cash on Hand (Millions of US $)": {"2020-09-30": "$3,468", "2020-06-30": "$3,575", "2020-03-31": "$1,805", "2019-12-31": "$630", "2019-09-30": "$809", "2019-06-30": "$718", "2019-03-31": "$461", "2018-12-31": "$484", "2018-09-30": "$700", "2018-06-30": "$505", "2018-03-31": "$683", "2017-12-31": "$670", "2017-09-30": "$796", "2017-06-30": "$909", "2017-03-31": "$986", "2016-12-31": "$1,183", "2016-09-30": "$1,131", "2016-06-30": "$1,081", "2016-03-31": "$973", "2015-12-31": "$856", "2015-09-30": "$904", "2015-06-30": "$759", "2015-03-31": "$816", "2014-12-31": "$768", "2014-09-30": "$831", "2014-06-30": "$829", "2014-03-31": "$722", "2013-12-31": "$860", "2013-09-30": "$1,226", "2013-06-30": "", "2013-03-31": "", "2012-12-31": "", "2012-09-30": "", "2011-12-31": "$1,439", "2010-12-31": ""}}, "long-term-debt": {"Hilton Worldwide Holdings Annual Long Term Debt (Millions of US $)": {"2019": "$7,956", "2018": "$7,266", "2017": "$6,556", "2016": "$6,583", "2015": "$10,249", "2014": "$10,803", "2013": "$11,751", "2012": "$15,183", "2011": "$15,969", "2010": "$", "2006": "$6,946", "2005": "$3,672"}, "Hilton Worldwide Holdings Quarterly Long Term Debt (Millions of US $)": {"2020-09-30": "$10,439", "2020-06-30": "$10,437", "2020-03-31": "$9,455", "2019-12-31": "$7,956", "2019-09-30": "$7,767", "2019-06-30": "$7,772", "2019-03-31": "$7,330", "2018-12-31": "$7,266", "2018-09-30": "$7,559", "2018-06-30": "$7,564", "2018-03-31": "$6,558", "2017-12-31": "$6,556", "2017-09-30": "$6,564", "2017-06-30": "$6,572", "2017-03-31": "$6,588", "2016-12-31": "$6,583", "2016-09-30": "$9,883", "2016-06-30": "$9,900", "2016-03-31": "$9,878", "2015-12-31": "$10,249", "2015-09-30": "$9,945", "2015-06-30": "$10,400", "2015-03-31": "$10,572", "2014-12-31": "$10,803", "2014-09-30": "$11,124", "2014-06-30": "$11,314", "2014-03-31": "$11,551", "2013-12-31": "$11,751", "2013-09-30": "$13,923", "2013-06-30": "", "2013-03-31": "", "2012-12-31": "", "2012-09-30": "", "2011-12-31": "$15,969", "2010-12-31": ""}}, "total-liabilities": {"Hilton Worldwide Holdings Annual Total Liabilities (Millions of US $)": {"2019": "$15,429", "2018": "$13,437", "2017": "$12,537", "2016": "$20,362", "2015": "$19,671", "2014": "$21,411", "2013": "$22,286", "2012": "$24,911", "2011": "$25,610", "2010": "$0", "2006": "$12,754", "2005": "$5,932"}, "Hilton Worldwide Holdings Quarterly Total Liabilities (Millions of US $)": {"2020-09-30": "$18,448", "2020-06-30": "$18,417", "2020-03-31": "$16,692", "2019-12-31": "$15,429", "2019-09-30": "$15,266", "2019-06-30": "$15,163", "2019-03-31": "$14,745", "2018-12-31": "$13,437", "2018-09-30": "$13,563", "2018-06-30": "$13,426", "2018-03-31": "$12,513", "2017-12-31": "$12,537", "2017-09-30": "$12,775", "2017-06-30": "$12,754", "2017-03-31": "$12,691", "2016-12-31": "$20,362", "2016-09-30": "$19,380", "2016-06-30": "$19,507", "2016-03-31": "$19,516", "2015-12-31": "$19,671", "2015-09-30": "$20,752", "2015-06-30": "$20,982", "2015-03-31": "$21,283", "2014-12-31": "$21,411", "2014-09-30": "$21,574", "2014-06-30": "$21,750", "2014-03-31": "$21,946", "2013-12-31": "$22,286", "2013-09-30": "$24,176", "2013-06-30": "$0", "2013-03-31": "$0", "2012-12-31": "", "2012-09-30": "$0", "2011-12-31": "$25,610", "2010-12-31": "$0"}}, "total-share-holder-equity": {"Hilton Worldwide Holdings Annual Share Holder Equity (Millions of US $)": {"2019": "$-472", "2018": "$558", "2017": "$1,691", "2016": "$5,849", "2015": "$5,951", "2014": "$4,714", "2013": "$4,276", "2012": "$2,155", "2011": "$1,702", "2010": "$0", "2006": "$3,727", "2005": "$2,811"}, "Hilton Worldwide Holdings Quarterly Share Holder Equity (Millions of US $)": {"2020-09-30": "$-1,319", "2020-06-30": "$-1,291", "2020-03-31": "$-904", "2019-12-31": "$-472", "2019-09-30": "$-199", "2019-06-30": "$-23", "2019-03-31": "$108", "2018-12-31": "$558", "2018-09-30": "$580", "2018-06-30": "$560", "2018-03-31": "$1,747", "2017-12-31": "$1,691", "2017-09-30": "$1,448", "2017-06-30": "$1,515", "2017-03-31": "$1,596", "2016-12-31": "$5,849", "2016-09-30": "$6,491", "2016-06-30": "$6,346", "2016-03-31": "$6,205", "2015-12-31": "$5,951", "2015-09-30": "$5,180", "2015-06-30": "$5,069", "2015-03-31": "$4,622", "2014-12-31": "$4,714", "2014-09-30": "$4,750", "2014-06-30": "$4,747", "2014-03-31": "$4,447", "2013-12-31": "$4,276", "2013-09-30": "$2,553", "2013-06-30": "$0", "2013-03-31": "$0", "2012-12-31": "", "2012-09-30": "$0", "2011-12-31": "$1,702", "2010-12-31": "$0"}}, "profit-margins": {"current": "-5.46%"}, "gross margin": {"2020-09-30": "86.35%", "2020-06-30": "86.81%", "2020-03-31": "86.97%", "2019-12-31": "86.73%", "2019-09-30": "86.44%", "2019-06-30": "86.00%", "2019-03-31": "85.50%", "2018-12-31": "85.04%", "2018-09-30": "84.61%", "2018-06-30": "84.21%", "2018-03-31": "84.10%", "2017-12-31": "84.39%", "2017-09-30": "82.62%", "2017-06-30": "82.28%", "2017-03-31": "81.62%", "2016-12-31": "80.55%", "2016-09-30": "115.52%", "2016-06-30": "99.41%", "2016-03-31": "88.51%", "2015-12-31": "80.18%", "2015-09-30": "63.62%", "2015-06-30": "62.80%", "2015-03-31": "62.07%", "2014-12-31": "61.73%", "2014-09-30": "61.34%", "2014-06-30": "61.00%", "2014-03-31": "60.22%", "2013-12-31": "60.17%"}, "operating margin": {"2020-09-30": "2.16%", "2020-06-30": "8.73%", "2020-03-31": "15.41%", "2019-12-31": "17.53%", "2019-09-30": "17.83%", "2019-06-30": "16.65%", "2019-03-31": "16.21%", "2018-12-31": "16.08%", "2018-09-30": "15.30%", "2018-06-30": "14.97%", "2018-03-31": "14.37%", "2017-12-31": "13.92%", "2017-09-30": "14.56%", "2017-06-30": "14.06%", "2017-03-31": "13.56%", "2016-12-31": "13.20%", "2016-09-30": "0.66%", "2016-06-30": "8.06%", "2016-03-31": "9.27%", "2015-12-31": "12.62%", "2015-09-30": "18.10%", "2015-06-30": "16.53%", "2015-03-31": "17.00%", "2014-12-31": "15.93%", "2014-09-30": "12.67%", "2014-06-30": "12.04%", "2014-03-31": "12.08%", "2013-12-31": "11.32%"}, "ebitda margin": {"2020-09-30": "9.16%", "2020-06-30": "14.27%", "2020-03-31": "19.76%", "2019-12-31": "21.67%", "2019-09-30": "21.92%", "2019-06-30": "20.74%", "2019-03-31": "20.31%", "2018-12-31": "20.21%", "2018-09-30": "19.51%", "2018-06-30": "19.26%", "2018-03-31": "18.80%", "2017-12-31": "18.45%", "2017-09-30": "21.27%", "2017-06-30": "22.18%", "2017-03-31": "23.07%", "2016-12-31": "24.16%", "2016-09-30": "17.56%", "2016-06-30": "21.71%", "2016-03-31": "20.83%", "2015-12-31": "22.85%", "2015-09-30": "24.56%", "2015-06-30": "23.03%", "2015-03-31": "23.51%", "2014-12-31": "22.39%", "2014-09-30": "18.90%", "2014-06-30": "18.27%", "2014-03-31": "18.39%", "2013-12-31": "17.77%"}, "pre tax profit margin": {"2020-09-30": "-5.74%", "2020-06-30": "2.80%", "2020-03-31": "11.01%", "2019-12-31": "13.16%", "2019-09-30": "13.52%", "2019-06-30": "12.34%", "2019-03-31": "11.90%", "2018-12-31": "12.10%", "2018-09-30": "11.43%", "2018-06-30": "11.22%", "2018-03-31": "10.93%", "2017-12-31": "9.26%", "2017-09-30": "10.16%", "2017-06-30": "9.07%", "2017-03-31": "7.95%", "2016-12-31": "8.21%", "2016-09-30": "-5.42%", "2016-06-30": "2.67%", "2016-03-31": "4.63%", "2015-12-31": "7.47%", "2015-09-30": "12.88%", "2015-06-30": "11.21%", "2015-03-31": "11.67%", "2014-12-31": "10.92%", "2014-09-30": "9.32%", "2014-06-30": "9.10%", "2014-03-31": "8.43%", "2013-12-31": "7.17%"}, "net profit margin": {"2020-09-30": "-5.46%", "2020-06-30": "0.70%", "2020-03-31": "8.08%", "2019-12-31": "9.32%", "2019-09-30": "9.92%", "2019-06-30": "8.71%", "2019-03-31": "8.42%", "2018-12-31": "8.58%", "2018-09-30": "14.61%", "2018-06-30": "14.84%", "2018-03-31": "14.42%", "2017-12-31": "13.33%", "2017-09-30": "-0.59%", "2017-06-30": "-0.19%", "2017-03-31": "1.13%", "2016-12-31": "5.14%", "2016-09-30": "36.36%", "2016-06-30": "31.03%", "2016-03-31": "24.97%", "2015-12-31": "19.68%", "2015-09-30": "6.65%", "2015-06-30": "5.93%", "2015-03-31": "6.52%", "2014-12-31": "6.41%", "2014-09-30": "5.24%", "2014-06-30": "5.51%", "2014-03-31": "5.12%", "2013-12-31": "4.26%"}, "pe ratio": {"current": "92.73", "2021-02-11": "0.00", "2020-09-30": "0.00", "2020-06-30": "612.08", "2020-03-31": "26.66", "2019-12-31": "36.43", "2019-09-30": "29.19", "2019-06-30": "35.77", "2019-03-31": "32.52", "2018-12-31": "28.38", "2018-09-30": "18.30", "2018-06-30": "17.86", "2018-03-31": "18.58", "2017-12-31": "20.21", "2017-09-30": "620.22", "2017-06-30": "465.89", "2017-03-31": "168.00", "2016-12-31": "75.75", "2016-09-30": "14.29", "2016-06-30": "13.23", "2016-03-31": "13.86", "2015-12-31": "14.61", "2015-09-30": "29.36", "2015-06-30": "39.96", "2015-03-31": "39.94", "2014-12-31": "36.73", "2014-09-30": "42.87"}, "price sales": {"2021-02-11": "5.37", "2020-09-30": "4.18", "2020-06-30": "2.90", "2020-03-31": "2.14", "2019-12-31": "3.41", "2019-09-30": "2.92", "2019-06-30": "3.14", "2019-03-31": "2.75", "2018-12-31": "2.45", "2018-09-30": "2.87", "2018-06-30": "2.92", "2018-03-31": "3.04", "2017-12-31": "3.17", "2017-09-30": "3.16", "2017-06-30": "2.91", "2017-03-31": "2.80", "2016-12-31": "3.99", "2016-09-30": "5.19", "2016-06-30": "4.09", "2016-03-31": "3.44", "2015-12-31": "2.86", "2015-09-30": "1.94", "2015-06-30": "2.37", "2015-03-31": "2.61", "2014-12-31": "2.35", "2014-09-30": "2.21"}, "price book": {"current": "0.00", "2021-02-11": "0.00", "2020-09-30": "-17.95", "2020-06-30": "-15.78", "2020-03-31": "-20.92", "2019-12-31": "-65.45", "2019-09-30": "-132.15", "2019-06-30": "-1217.61", "2019-03-31": "223.10", "2018-12-31": "37.63", "2018-09-30": "40.94", "2018-06-30": "41.69", "2018-03-31": "14.09", "2017-12-31": "14.76", "2017-09-30": "15.12", "2017-06-30": "13.01", "2017-03-31": "11.80", "2016-12-31": "4.48", "2016-09-30": "3.40", "2016-06-30": "3.41", "2016-03-31": "3.47", "2015-12-31": "3.42", "2015-09-30": "4.20", "2015-06-30": "5.14", "2015-03-31": "6.06", "2014-12-31": "5.22", "2014-09-30": "4.89", "2014-06-30": "4.63", "2014-03-31": "4.71", "2013-12-31": "4.91"}, "price fcf": {"2021-02-11": "", "2020-09-30": "$3.51", "2020-06-30": "$6.13", "2020-03-31": "$4.17", "2019-12-31": "$4.91", "2019-09-30": "$5.29", "2019-06-30": "$4.28", "2019-03-31": "$4.30", "2018-12-31": "$3.88", "2018-09-30": "$3.58", "2018-06-30": "$3.09", "2018-03-31": "$3.03", "2017-12-31": "$2.42", "2017-09-30": "$2.49", "2017-06-30": "$2.48", "2017-03-31": "$2.37", "2016-12-31": "$3.02", "2016-09-30": "$3.35", "2016-06-30": "$4.50", "2016-03-31": "$4.62", "2015-12-31": "$10.12", "2015-09-30": "$10.02", "2015-06-30": "$9.11", "2015-03-31": "$9.25", "2014-12-31": "$3.29", "2014-09-30": "$8.30"}, "net worth": {"value": "$30.62B"}, "current ratio": {"current": "1.99", "2020-09-30": "1.99", "2020-06-30": "1.99", "2020-03-31": "1.42", "2019-12-31": "0.73", "2019-09-30": "0.78", "2019-06-30": "0.80", "2019-03-31": "0.67", "2018-12-31": "0.76", "2018-09-30": "0.84", "2018-06-30": "0.78", "2018-03-31": "0.81", "2017-12-31": "0.82", "2017-09-30": "0.94", "2017-06-30": "1.01", "2017-03-31": "1.05", "2016-12-31": "1.33", "2016-09-30": "1.16", "2016-06-30": "1.10", "2016-03-31": "1.08", "2015-12-31": "1.06", "2015-09-30": "1.03", "2015-06-30": "1.03", "2015-03-31": "1.08", "2014-12-31": "1.11", "2014-09-30": "1.13", "2014-06-30": "1.14", "2014-03-31": "1.16", "2013-12-31": "1.11", "2013-09-30": "1.17", "2013-06-30": "0.00", "2013-03-31": "0.00", "2012-12-31": "0.00", "2012-09-30": "0.00", "2011-12-31": "1.37", "2010-12-31": "0.00"}, "quick ratio": {"2020-09-30": "0.00", "2020-06-30": "0.00", "2020-03-31": "0.00", "2019-12-31": "0.00", "2019-09-30": "0.00", "2019-06-30": "0.00", "2019-03-31": "0.00", "2018-12-31": "0.00", "2018-09-30": "0.00", "2018-06-30": "0.00", "2018-03-31": "0.00", "2017-12-31": "0.00", "2017-09-30": "0.00", "2017-06-30": "0.00", "2017-03-31": "0.00", "2016-12-31": "0.00", "2016-09-30": "0.97", "2016-06-30": "0.93", "2016-03-31": "0.89", "2015-12-31": "0.88", "2015-09-30": "0.87", "2015-06-30": "0.86", "2015-03-31": "0.90", "2014-12-31": "0.93", "2014-09-30": "0.96", "2014-06-30": "0.97", "2014-03-31": "0.96", "2013-12-31": "0.93", "2013-09-30": "1.01", "2013-06-30": "0.00", "2013-03-31": "0.00", "2012-12-31": "0.00", "2012-09-30": "0.00", "2011-12-31": "1.12", "2010-12-31": "0.00"}, "debt equity ratio": {"current": "0.00", "2020-09-30": "-13.99", "2020-06-30": "-14.27", "2020-03-31": "-18.47", "2019-12-31": "-32.69", "2019-09-30": "-76.71", "2019-06-30": "-659.26", "2019-03-31": "136.53", "2018-12-31": "24.08", "2018-09-30": "23.38", "2018-06-30": "23.98", "2018-03-31": "7.16", "2017-12-31": "7.41", "2017-09-30": "8.82", "2017-06-30": "8.42", "2017-03-31": "7.95", "2016-12-31": "3.48", "2016-09-30": "2.99", "2016-06-30": "3.07", "2016-03-31": "3.15", "2015-12-31": "3.31", "2015-09-30": "4.01", "2015-06-30": "4.14", "2015-03-31": "4.61", "2014-12-31": "4.54", "2014-09-30": "4.54", "2014-06-30": "4.58", "2014-03-31": "4.94", "2013-12-31": "5.21", "2013-09-30": "9.47", "2013-06-30": "0.00", "2013-03-31": "0.00", "2012-12-31": "0.00", "2012-09-30": "0.00", "2011-12-31": "15.05", "2010-12-31": "0.00"}, "return on equity": {"2020-09-30": "31.71%", "2020-06-30": "-7.12%", "2020-03-31": "-185.48%", "2019-12-31": "-601.37%", "2019-09-30": "837.84%", "2019-06-30": "262.96%", "2019-03-31": "168.55%", "2018-12-31": "88.71%", "2018-09-30": "110.88%", "2018-06-30": "92.91%", "2018-03-31": "74.86%", "2017-12-31": "69.38%", "2017-09-30": "-1.61%", "2017-06-30": "-0.34%", "2017-03-31": "1.50%", "2016-12-31": "5.43%", "2016-09-30": "24.79%", "2016-06-30": "27.72%", "2016-03-31": "27.90%", "2015-12-31": "26.97%", "2015-09-30": "15.28%", "2015-06-30": "13.62%", "2015-03-31": "14.87%", "2014-12-31": "14.43%", "2014-09-30": "11.88%", "2014-06-30": "13.93%", "2014-03-31": "17.88%", "2013-12-31": "24.31%"}, "return on assets": {"2020-09-30": "-1.94%", "2020-06-30": "0.32%", "2020-03-31": "4.86%", "2019-12-31": "5.87%", "2019-09-30": "6.30%", "2019-06-30": "5.53%", "2019-03-31": "5.34%", "2018-12-31": "5.42%", "2018-09-30": "8.97%", "2018-06-30": "8.92%", "2018-03-31": "8.41%", "2017-12-31": "7.61%", "2017-09-30": "-0.24%", "2017-06-30": "-0.06%", "2017-03-31": "0.33%", "2016-12-31": "1.30%", "2016-09-30": "6.01%", "2016-06-30": "6.36%", "2016-03-31": "6.05%", "2015-12-31": "5.43%", "2015-09-30": "2.88%", "2015-06-30": "2.50%", "2015-03-31": "2.67%", "2014-12-31": "2.56%", "2014-09-30": "2.05%", "2014-06-30": "2.10%", "2014-03-31": "2.53%", "2013-12-31": "3.11%"}, "return on investments": {"2020-09-30": "1.46%", "2020-06-30": "7.73%", "2020-03-31": "18.03%", "2019-12-31": "21.92%", "2019-09-30": "21.86%", "2019-06-30": "19.74%", "2019-03-31": "18.59%", "2018-12-31": "17.68%", "2018-09-30": "16.20%", "2018-06-30": "15.61%", "2018-03-31": "14.63%", "2017-12-31": "13.92%", "2017-09-30": "11.25%", "2017-06-30": "8.57%", "2017-03-31": "6.88%", "2016-12-31": "5.68%", "2016-09-30": "0.17%", "2016-06-30": "2.68%", "2016-03-31": "3.69%", "2015-12-31": "5.81%", "2015-09-30": "13.28%", "2015-06-30": "11.71%", "2015-03-31": "11.65%", "2014-12-31": "10.55%", "2014-09-30": "8.17%", "2014-06-30": "7.55%", "2014-03-31": "9.80%", "2013-12-31": "13.56%"}, "return on tangible equity": {"2020-09-30": "2.78%", "2020-06-30": "-0.46%", "2020-03-31": "-6.85%", "2019-12-31": "-8.33%", "2019-09-30": "-9.01%", "2019-06-30": "-7.93%", "2019-03-31": "-7.61%", "2018-12-31": "-7.94%", "2018-09-30": "-13.57%", "2018-06-30": "-13.83%", "2018-03-31": "-13.45%", "2017-12-31": "-12.16%", "2017-09-30": "0.53%", "2017-06-30": "0.19%", "2017-03-31": "-1.31%", "2016-12-31": "-6.90%", "2016-09-30": "-30.41%", "2016-06-30": "-30.06%", "2016-03-31": "-26.82%", "2015-12-31": "-22.47%", "2015-09-30": "-11.23%", "2015-06-30": "-9.48%", "2015-03-31": "-9.90%", "2014-12-31": "-9.30%", "2014-09-30": "-7.32%", "2014-06-30": "-7.01%", "2014-03-31": "-8.19%", "2013-12-31": "-9.71%"}, "dividend yield history": {"last payout": "$0.00", "last yield": "0.00%"}}