{"ticker": "HFC", "price": {"title": "HollyFrontier Historical Annual Stock Price Data", "value": 30.2, "historical": {"2021": {"Average Stock Price": "28.1942", "Year Open": "25.2700", "Year High": "30.8700", "Year Low": "25.2700", "Year Close": "30.2000", "Annual % Change": "16.83%"}, "2020": {"Average Stock Price": "28.5821", "Year Open": "51.3900", "Year High": "51.3900", "Year Low": "17.2300", "Year Close": "25.8500", "Annual % Change": "-49.02%"}, "2019": {"Average Stock Price": "49.8328", "Year Open": "51.3000", "Year High": "58.2500", "Year Low": "37.9800", "Year Close": "50.7100", "Annual % Change": "-0.80%"}, "2018": {"Average Stock Price": "61.6342", "Year Open": "51.3000", "Year High": "81.6500", "Year Low": "42.8300", "Year Close": "51.1200", "Annual % Change": "-0.20%"}, "2017": {"Average Stock Price": "32.0657", "Year Open": "33.5700", "Year High": "51.6300", "Year Low": "23.9000", "Year Close": "51.2200", "Annual % Change": "56.35%"}, "2016": {"Average Stock Price": "29.2209", "Year Open": "40.2400", "Year High": "41.1100", "Year Low": "22.3100", "Year Close": "32.7600", "Annual % Change": "-17.87%"}, "2015": {"Average Stock Price": "43.4899", "Year Open": "38.4400", "Year High": "53.8000", "Year Low": "30.1900", "Year Close": "39.8900", "Annual % Change": "6.43%"}, "2014": {"Average Stock Price": "46.1515", "Year Open": "49.7500", "Year High": "52.6300", "Year Low": "36.1100", "Year Close": "37.4800", "Annual % Change": "-24.57%"}, "2013": {"Average Stock Price": "47.0038", "Year Open": "46.6100", "Year High": "58.4300", "Year Low": "39.7300", "Year Close": "49.6900", "Annual % Change": "6.75%"}, "2012": {"Average Stock Price": "35.8485", "Year Open": "25.2400", "Year High": "47.3800", "Year Low": "25.2400", "Year Close": "46.5500", "Annual % Change": "98.93%"}, "2011": {"Average Stock Price": "29.3750", "Year Open": "20.8900", "Year High": "38.2000", "Year Low": "20.3850", "Year Close": "23.4000", "Annual % Change": "14.79%"}, "2010": {"Average Stock Price": "14.4492", "Year Open": "13.6850", "Year High": "20.4900", "Year Low": "11.9250", "Year Close": "20.3850", "Annual % Change": "59.07%"}, "2009": {"Average Stock Price": "11.6863", "Year Open": "9.3400", "Year High": "16.4300", "Year Low": "8.5350", "Year Close": "12.8150", "Annual % Change": "40.59%"}, "2008": {"Average Stock Price": "17.1599", "Year Open": "25.3550", "Year High": "27.9850", "Year Low": "5.5050", "Year Close": "9.1150", "Annual % Change": "-64.18%"}, "2007": {"Average Stock Price": "30.5235", "Year Open": "24.7150", "Year High": "39.9350", "Year Low": "22.8250", "Year Close": "25.4450", "Annual % Change": "-0.99%"}, "2006": {"Average Stock Price": "21.2987", "Year Open": "15.3875", "Year High": "27.8400", "Year Low": "14.1875", "Year Close": "25.7000", "Annual % Change": "74.62%"}, "2005": {"Average Stock Price": "11.4066", "Year Open": "6.7775", "Year High": "16.1775", "Year Low": "6.3450", "Year Close": "14.7175", "Annual % Change": "111.23%"}, "2004": {"Average Stock Price": "4.9002", "Year Open": "3.4538", "Year High": "7.1075", "Year Low": "3.4000", "Year Close": "6.9675", "Annual % Change": "102.69%"}, "2003": {"Average Stock Price": "3.2074", "Year Open": "2.7050", "Year High": "3.7475", "Year Low": "2.5000", "Year Close": "3.4375", "Annual % Change": "25.86%"}, "2002": {"Average Stock Price": "2.2439", "Year Open": "2.4613", "Year High": "2.8725", "Year Low": "1.8325", "Year Close": "2.7313", "Annual % Change": "13.51%"}, "2001": {"Average Stock Price": "2.0226", "Year Open": "1.1288", "Year High": "3.1219", "Year Low": "0.9219", "Year Close": "2.4063", "Annual % Change": "105.33%"}, "2000": {"Average Stock Price": "0.7820", "Year Open": "0.8513", "Year High": "1.1719", "Year Low": "0.5863", "Year Close": "1.1719", "Annual % Change": "40.87%"}, "1999": {"Average Stock Price": "0.8838", "Year Open": "1.0588", "Year High": "1.0781", "Year Low": "0.7775", "Year Close": "0.8319", "Annual % Change": "-21.15%"}, "1998": {"Average Stock Price": "1.4413", "Year Open": "1.7344", "Year High": "2.0550", "Year Low": "0.8944", "Year Close": "1.0550", "Annual % Change": "-38.89%"}, "1997": {"Average Stock Price": "1.6379", "Year Open": "1.6719", "Year High": "1.8006", "Year Low": "1.4531", "Year Close": "1.7263", "Annual % Change": "3.25%"}, "1996": {"Average Stock Price": "1.6045", "Year Open": "1.4138", "Year High": "1.8513", "Year Low": "1.3513", "Year Close": "1.6719", "Annual % Change": "18.26%"}, "1995": {"Average Stock Price": "1.4857", "Year Open": "1.6325", "Year High": "1.7813", "Year Low": "1.3363", "Year Close": "1.4138", "Annual % Change": "-13.40%"}, "1994": {"Average Stock Price": "1.7177", "Year Open": "1.6638", "Year High": "2.0469", "Year Low": "1.4925", "Year Close": "1.6325", "Annual % Change": "-0.99%"}, "1993": {"Average Stock Price": "1.7463", "Year Open": "1.8675", "Year High": "1.9063", "Year Low": "1.6175", "Year Close": "1.6488", "Annual % Change": "-13.17%"}}}, "market cap": {"value": "$4.89B"}, "income statement": {"Revenue": {"2019-12-31": "17486.58000", "2018-12-31": "17714.67000", "2017-12-31": "14251.30000", "2016-12-31": "10535.70000", "2015-12-31": "13237.92000", "2014-12-31": "19764.33000", "2013-12-31": "20160.56000", "2012-12-31": "20090.72000", "2011-12-31": "15439.53000", "2010-12-31": "8322.92900", "2009-12-31": "4834.26800", "2008-12-31": "5860.35700", "2007-12-31": "4791.74200", "2006-12-31": "4023.21700", "2005-12-31": "3046.31300"}, "Cost Of Goods Sold": {"2019-12-31": "13918.38000", "2018-12-31": "13940.78000", "2017-12-31": "11467.87000", "2016-12-31": "8766.02700", "2015-12-31": "10239.22000", "2014-12-31": "17228.38000", "2013-12-31": "17392.23000", "2012-12-31": "15840.64000", "2011-12-31": "12680.08000", "2010-12-31": "7367.14900", "2009-12-31": "4238.00800", "2008-12-31": "5280.69900", "2007-12-31": "4003.48800", "2006-12-31": "3349.40400", "2005-12-31": "2498.81000"}, "Gross Profit": {"2019-12-31": "3568.19400", "2018-12-31": "3773.88400", "2017-12-31": "2783.42600", "2016-12-31": "1769.67300", "2015-12-31": "2998.70200", "2014-12-31": "2535.94100", "2013-12-31": "2768.33400", "2012-12-31": "4250.08200", "2011-12-31": "2759.45000", "2010-12-31": "955.77980", "2009-12-31": "596.26030", "2008-12-31": "579.65770", "2007-12-31": "788.25420", "2006-12-31": "673.81300", "2005-12-31": "547.50290"}, "Research And Development Expenses": {"2019-12-31": "", "2018-12-31": "", "2017-12-31": "", "2016-12-31": "", "2015-12-31": "", "2014-12-31": "", "2013-12-31": "", "2012-12-31": "", "2011-12-31": "", "2010-12-31": "", "2009-12-31": "", "2008-12-31": "", "2007-12-31": "", "2006-12-31": "0.48600", "2005-12-31": "0.48100"}, "SG&A Expenses": {"2019-12-31": "354.23600", "2018-12-31": "290.42400", "2017-12-31": "265.72100", "2016-12-31": "1147.08200", "2015-12-31": "1181.21900", "2014-12-31": "1259.54900", "2013-12-31": "1218.81300", "2012-12-31": "1123.06700", "2011-12-31": "868.19500", "2010-12-31": "575.25300", "2009-12-31": "417.19800", "2008-12-31": "320.98300", "2007-12-31": "278.46600", "2006-12-31": "271.71500", "2005-12-31": "243.73400"}, "Other Operating Income Or Expenses": {"2019-12-31": "-1274.27700", "2018-12-31": "-1422.14300", "2017-12-31": "-1187.98400", "2016-12-31": "291.93800", "2015-12-31": "-226.97900", "2014-12-31": "-397.47800", "2013-12-31": "", "2012-12-31": "", "2011-12-31": "", "2010-12-31": "", "2009-12-31": "", "2008-12-31": "", "2007-12-31": "", "2006-12-31": "", "2005-12-31": ""}, "Operating Expenses": {"2019-12-31": "16209.53000", "2018-12-31": "16090.67000", "2017-12-31": "13350.76000", "2016-12-31": "10638.28000", "2015-12-31": "11993.57000", "2014-12-31": "19248.79000", "2013-12-31": "18914.48000", "2012-12-31": "17206.58000", "2011-12-31": "13707.98000", "2010-12-31": "8059.93100", "2009-12-31": "4753.95700", "2008-12-31": "5664.67700", "2007-12-31": "4325.41000", "2006-12-31": "3661.32600", "2005-12-31": "2783.57200"}, "Operating Income": {"2019-12-31": "1277.04400", "2018-12-31": "1623.99300", "2017-12-31": "900.53710", "2016-12-31": "-102.58300", "2015-12-31": "1244.35400", "2014-12-31": "515.53320", "2013-12-31": "1246.07600", "2012-12-31": "2884.14600", "2011-12-31": "1731.54800", "2010-12-31": "262.99800", "2009-12-31": "80.31100", "2008-12-31": "195.67970", "2007-12-31": "466.33200", "2006-12-31": "361.89090", "2005-12-31": "262.74100"}, "Total Non-Operating Income/Expense": {"2019-12-31": "-105.54000", "2018-12-31": "-99.52600", "2017-12-31": "-31.67400", "2016-12-31": "-68.95200", "2015-12-31": "-35.78500", "2014-12-31": "-48.03400", "2013-12-31": "-86.67500", "2012-12-31": "-96.15100", "2011-12-31": "-89.85300", "2010-12-31": "-70.63500", "2009-12-31": "-36.50800", "2008-12-31": "-7.93400", "2007-12-31": "33.11200", "2006-12-31": "21.61000", "2005-12-31": "0.91100"}, "Pre-Tax Income": {"2019-12-31": "1171.50400", "2018-12-31": "1524.46700", "2017-12-31": "868.86300", "2016-12-31": "-171.53400", "2015-12-31": "1208.56800", "2014-12-31": "467.50000", "2013-12-31": "1159.39900", "2012-12-31": "2787.99500", "2011-12-31": "1641.69500", "2010-12-31": "192.36300", "2009-12-31": "43.80300", "2008-12-31": "187.74600", "2007-12-31": "499.44400", "2006-12-31": "383.50100", "2005-12-31": "263.65200"}, "Income Taxes": {"2019-12-31": "299.15200", "2018-12-31": "347.24300", "2017-12-31": "-12.37900", "2016-12-31": "19.41100", "2015-12-31": "406.06000", "2014-12-31": "141.17200", "2013-12-31": "391.57600", "2012-12-31": "1027.96200", "2011-12-31": "581.99100", "2010-12-31": "59.31200", "2009-12-31": "7.46000", "2008-12-31": "64.02800", "2007-12-31": "165.31600", "2006-12-31": "136.60300", "2005-12-31": "99.62600"}, "Income After Taxes": {"2019-12-31": "872.35210", "2018-12-31": "1177.22400", "2017-12-31": "881.24200", "2016-12-31": "-190.94500", "2015-12-31": "802.50800", "2014-12-31": "326.32800", "2013-12-31": "767.82310", "2012-12-31": "1760.03300", "2011-12-31": "1059.70400", "2010-12-31": "133.05100", "2009-12-31": "36.34300", "2008-12-31": "123.71800", "2007-12-31": "334.12800", "2006-12-31": "246.89800", "2005-12-31": "164.02600"}, "Other Income": {"2019-12-31": "", "2018-12-31": "", "2017-12-31": "", "2016-12-31": "", "2015-12-31": "", "2014-12-31": "", "2013-12-31": "", "2012-12-31": "", "2011-12-31": "", "2010-12-31": "", "2009-12-31": "", "2008-12-31": "", "2007-12-31": "", "2006-12-31": "", "2005-12-31": ""}, "Income From Continuous Operations": {"2019-12-31": "872.35210", "2018-12-31": "1177.22400", "2017-12-31": "881.24200", "2016-12-31": "-190.94500", "2015-12-31": "802.50800", "2014-12-31": "326.32800", "2013-12-31": "767.82310", "2012-12-31": "1760.03300", "2011-12-31": "1059.70400", "2010-12-31": "133.05100", "2009-12-31": "36.34300", "2008-12-31": "123.71800", "2007-12-31": "334.12800", "2006-12-31": "246.89800", "2005-12-31": "164.02600"}, "Income From Discontinued Operations": {"2019-12-31": "", "2018-12-31": "", "2017-12-31": "", "2016-12-31": "", "2015-12-31": "", "2014-12-31": "", "2013-12-31": "", "2012-12-31": "", "2011-12-31": "", "2010-12-31": "", "2009-12-31": "16.92600", "2008-12-31": "2.91800", "2007-12-31": "", "2006-12-31": "19.66800", "2005-12-31": "2.96300"}, "Net Income": {"2019-12-31": "772.38800", "2018-12-31": "1097.96000", "2017-12-31": "805.39500", "2016-12-31": "-261.45600", "2015-12-31": "737.79500", "2014-12-31": "280.47200", "2013-12-31": "733.08800", "2012-12-31": "1719.52400", "2011-12-31": "1019.92300", "2010-12-31": "103.96400", "2009-12-31": "19.53300", "2008-12-31": "120.55800", "2007-12-31": "334.12800", "2006-12-31": "266.56600", "2005-12-31": "167.65800"}, "EBITDA": {"2019-12-31": "1939.68100", "2018-12-31": "2061.31700", "2017-12-31": "1329.72100", "2016-12-31": "914.52800", "2015-12-31": "1590.50500", "2014-12-31": "878.91420", "2013-12-31": "1549.52200", "2012-12-31": "3127.01400", "2011-12-31": "1891.25500", "2010-12-31": "380.52700", "2009-12-31": "179.94400", "2008-12-31": "259.46870", "2007-12-31": "509.78800", "2006-12-31": "402.16090", "2005-12-31": "306.55800"}, "EBIT": {"2019-12-31": "1277.04400", "2018-12-31": "1623.99300", "2017-12-31": "900.53710", "2016-12-31": "-102.58300", "2015-12-31": "1244.35400", "2014-12-31": "515.53320", "2013-12-31": "1246.07600", "2012-12-31": "2884.14600", "2011-12-31": "1731.54800", "2010-12-31": "262.99800", "2009-12-31": "80.31100", "2008-12-31": "195.67970", "2007-12-31": "466.33200", "2006-12-31": "361.89090", "2005-12-31": "262.74100"}, "Basic Shares Outstanding": {"2019-12-31": "166.28700", "2018-12-31": "175.00900", "2017-12-31": "176.17400", "2016-12-31": "176.10100", "2015-12-31": "188.73100", "2014-12-31": "197.24300", "2013-12-31": "200.41900", "2012-12-31": "204.37900", "2011-12-31": "157.94800", "2010-12-31": "106.43600", "2009-12-31": "100.83600", "2008-12-31": "100.40400", "2007-12-31": "109.70400", "2006-12-31": "113.95200", "2005-12-31": "123.45600"}, "Shares Outstanding": {"2019-12-31": "167.38500", "2018-12-31": "176.66100", "2017-12-31": "177.19600", "2016-12-31": "176.10100", "2015-12-31": "188.94000", "2014-12-31": "197.42800", "2013-12-31": "201.23400", "2012-12-31": "205.27400", "2011-12-31": "158.75600", "2010-12-31": "107.21800", "2009-12-31": "101.20600", "2008-12-31": "101.09800", "2007-12-31": "111.70000", "2006-12-31": "116.42000", "2005-12-31": "126.48800"}, "Basic EPS": {"2019-12-31": "4.64000", "2018-12-31": "6.25000", "2017-12-31": "4.54000", "2016-12-31": "-1.48000", "2015-12-31": "3.91000", "2014-12-31": "1.42000", "2013-12-31": "3.66000", "2012-12-31": "8.41000", "2011-12-31": "6.46000", "2010-12-31": "0.98000", "2009-12-31": "0.20000", "2008-12-31": "1.20000", "2007-12-31": "3.04500", "2006-12-31": "2.34000", "2005-12-31": "1.36000"}, "EPS - Earnings Per Share": {"2019-12-31": "4.61000", "2018-12-31": "6.19000", "2017-12-31": "4.52000", "2016-12-31": "-1.48000", "2015-12-31": "3.90000", "2014-12-31": "1.42000", "2013-12-31": "3.64000", "2012-12-31": "8.38000", "2011-12-31": "6.42000", "2010-12-31": "0.97000", "2009-12-31": "0.20000", "2008-12-31": "1.19000", "2007-12-31": "2.99000", "2006-12-31": "2.29000", "2005-12-31": "1.32500"}}, "income statement, quarterly": {"Revenue": {"2020-09-30": "2819.40000", "2020-06-30": "2062.93000", "2020-03-31": "3400.54500", "2019-12-31": "4381.88800", "2019-09-30": "4424.82800", "2019-06-30": "4782.61500", "2019-03-31": "3897.24700", "2018-12-31": "4344.20400", "2018-09-30": "4770.79900", "2018-06-30": "4471.23600", "2018-03-31": "4128.42700", "2017-12-31": "3992.70500", "2017-09-30": "3719.24700", "2017-06-30": "3458.86400", "2017-03-31": "3080.48300", "2016-12-31": "2955.06800", "2016-09-30": "2847.27000", "2016-06-30": "2714.63800", "2016-03-31": "2018.72400", "2015-12-31": "2943.55900", "2015-09-30": "3585.82300", "2015-06-30": "3701.91200", "2015-03-31": "3006.62600", "2014-12-31": "4283.11900", "2014-09-30": "5317.55500", "2014-06-30": "5372.60000", "2014-03-31": "4791.05300", "2013-12-31": "4826.80100", "2013-09-30": "5327.12200", "2013-06-30": "5298.84800", "2013-03-31": "4707.78900", "2012-12-31": "5147.50800", "2012-09-30": "5204.79800", "2012-06-30": "4806.68100", "2012-03-31": "4931.73800", "2011-12-31": "4972.41300", "2011-09-30": "5173.39800", "2011-06-30": "2967.13300", "2011-03-31": "2326.58500", "2010-12-31": "2211.79000", "2010-09-30": "2090.98800", "2010-06-30": "2145.86000", "2010-03-31": "1874.29000", "2009-12-31": "1661.96900", "2009-09-30": "1488.49100", "2009-06-30": "1035.77800", "2009-03-31": "648.03000", "2008-12-31": "916.63100", "2008-09-30": "1719.92000", "2008-06-30": "1743.82200", "2008-03-31": "1479.98400", "2007-12-31": "1440.20700", "2007-09-30": "1208.67100", "2007-06-30": "1216.99700", "2007-03-31": "925.86700", "2006-12-31": "938.09000", "2006-09-30": "1172.69300", "2006-06-30": "1120.84000", "2006-03-31": "791.59400", "2005-12-31": "812.41890", "2005-09-30": "880.52000", "2005-06-30": "728.65500", "2005-03-31": "624.71900"}, "Cost Of Goods Sold": {"2020-09-30": "2377.23800", "2020-06-30": "1576.99600", "2020-03-31": "2693.72600", "2019-12-31": "3610.52800", "2019-09-30": "3403.76700", "2019-06-30": "3704.88400", "2019-03-31": "3199.20500", "2018-12-31": "3245.50800", "2018-09-30": "3752.23400", "2018-06-30": "3595.91600", "2018-03-31": "3347.12500", "2017-12-31": "3184.68900", "2017-09-30": "2888.54900", "2017-06-30": "2753.45900", "2017-03-31": "2641.17600", "2016-12-31": "2550.87200", "2016-09-30": "2341.83700", "2016-06-30": "2248.15500", "2016-03-31": "1625.16300", "2015-12-31": "2446.51100", "2015-09-30": "2653.85900", "2015-06-30": "2887.47500", "2015-03-31": "2251.37300", "2014-12-31": "3789.02600", "2014-09-30": "4625.89300", "2014-06-30": "4674.84600", "2014-03-31": "4138.62000", "2013-12-31": "4332.89400", "2013-09-30": "4809.99000", "2013-06-30": "4456.80800", "2013-03-31": "3792.53500", "2012-12-31": "4073.22600", "2012-09-30": "3898.73600", "2012-06-30": "3681.76400", "2012-03-31": "4186.91700", "2011-12-31": "4258.43900", "2011-09-30": "3989.92700", "2011-06-30": "2447.09500", "2011-03-31": "1984.61700", "2010-12-31": "1988.02900", "2010-09-30": "1807.04400", "2010-06-30": "1848.21200", "2010-03-31": "1723.86400", "2009-12-31": "1550.99000", "2009-09-30": "1295.43800", "2009-06-30": "879.92600", "2009-03-31": "511.65400", "2008-12-31": "741.93630", "2008-09-30": "1534.77600", "2008-06-30": "1620.55000", "2008-03-31": "1383.43700", "2007-12-31": "1295.06600", "2007-09-30": "1059.47100", "2007-06-30": "897.23700", "2007-03-31": "751.71400", "2006-12-31": "786.60100", "2006-09-30": "979.30900", "2006-06-30": "908.00900", "2006-03-31": "675.48500", "2005-12-31": "670.17710", "2005-09-30": "725.28600", "2005-06-30": "569.93300", "2005-03-31": "533.41400"}, "Gross Profit": {"2020-09-30": "442.16190", "2020-06-30": "485.93400", "2020-03-31": "706.81880", "2019-12-31": "771.35940", "2019-09-30": "1021.06100", "2019-06-30": "1077.73100", "2019-03-31": "698.04200", "2018-12-31": "1098.69600", "2018-09-30": "1018.56500", "2018-06-30": "875.31980", "2018-03-31": "781.30180", "2017-12-31": "808.01540", "2017-09-30": "830.69800", "2017-06-30": "705.40500", "2017-03-31": "439.30690", "2016-12-31": "404.19580", "2016-09-30": "505.43310", "2016-06-30": "466.48290", "2016-03-31": "393.56100", "2015-12-31": "497.04790", "2015-09-30": "931.96410", "2015-06-30": "814.43700", "2015-03-31": "755.25290", "2014-12-31": "494.09280", "2014-09-30": "691.66210", "2014-06-30": "697.75390", "2014-03-31": "652.43310", "2013-12-31": "493.90720", "2013-09-30": "517.13180", "2013-06-30": "842.04000", "2013-03-31": "915.25420", "2012-12-31": "1074.28300", "2012-09-30": "1306.06200", "2012-06-30": "1124.91700", "2012-03-31": "744.82080", "2011-12-31": "713.97360", "2011-09-30": "1183.47100", "2011-06-30": "520.03810", "2011-03-31": "341.96800", "2010-12-31": "223.76120", "2010-09-30": "283.94410", "2010-06-30": "297.64810", "2010-03-31": "150.42600", "2009-12-31": "110.97920", "2009-09-30": "193.05300", "2009-06-30": "155.85190", "2009-03-31": "136.37600", "2008-12-31": "174.69470", "2008-09-30": "185.14400", "2008-06-30": "123.27200", "2008-03-31": "96.54700", "2007-12-31": "145.14120", "2007-09-30": "149.20010", "2007-06-30": "319.75990", "2007-03-31": "174.15300", "2006-12-31": "151.48900", "2006-09-30": "193.38400", "2006-06-30": "212.83100", "2006-03-31": "116.10900", "2005-12-31": "142.24190", "2005-09-30": "155.23400", "2005-06-30": "158.72200", "2005-03-31": "91.30500"}, "Research And Development Expenses": {"2020-09-30": "", "2020-06-30": "", "2020-03-31": "", "2019-12-31": "", "2019-09-30": "", "2019-06-30": "", "2019-03-31": "", "2018-12-31": "", "2018-09-30": "", "2018-06-30": "", "2018-03-31": "", "2017-12-31": "", "2017-09-30": "", "2017-06-30": "", "2017-03-31": "", "2016-12-31": "", "2016-09-30": "", "2016-06-30": "", "2016-03-31": "", "2015-12-31": "", "2015-09-30": "", "2015-06-30": "", "2015-03-31": "", "2014-12-31": "", "2014-09-30": "", "2014-06-30": "", "2014-03-31": "", "2013-12-31": "", "2013-09-30": "", "2013-06-30": "", "2013-03-31": "", "2012-12-31": "", "2012-09-30": "", "2012-06-30": "", "2012-03-31": "", "2011-12-31": "", "2011-09-30": "", "2011-06-30": "", "2011-03-31": "", "2010-12-31": "", "2010-09-30": "", "2010-06-30": "", "2010-03-31": "", "2009-12-31": "", "2009-09-30": "", "2009-06-30": "", "2009-03-31": "", "2008-12-31": "", "2008-09-30": "", "2008-06-30": "", "2008-03-31": "", "2007-12-31": "", "2007-09-30": "0.05400", "2007-06-30": "0.10500", "2007-03-31": "0.15200", "2006-12-31": "0.15700", "2006-09-30": "0.10200", "2006-06-30": "0.10000", "2006-03-31": "0.12700", "2005-12-31": "0.17100", "2005-09-30": "0.06900", "2005-06-30": "0.13900", "2005-03-31": "0.10200"}, "SG&A Expenses": {"2020-09-30": "74.45300", "2020-06-30": "75.36900", "2020-03-31": "87.73700", "2019-12-31": "93.25900", "2019-09-30": "87.62600", "2019-06-30": "85.31700", "2019-03-31": "88.03400", "2018-12-31": "85.95500", "2018-09-30": "71.13000", "2018-06-30": "68.67500", "2018-03-31": "64.66400", "2017-12-31": "-549.59100", "2017-09-30": "390.52900", "2017-06-30": "59.80300", "2017-03-31": "364.98000", "2016-12-31": "298.66100", "2016-09-30": "289.22600", "2016-06-30": "280.99100", "2016-03-31": "278.20400", "2015-12-31": "319.62800", "2015-09-30": "296.14400", "2015-06-30": "272.28200", "2015-03-31": "293.16500", "2014-12-31": "350.53490", "2014-09-30": "308.10600", "2014-06-30": "300.01900", "2014-03-31": "300.88900", "2013-12-31": "327.71900", "2013-09-30": "285.25500", "2013-06-30": "311.54200", "2013-03-31": "294.29700", "2012-12-31": "336.43400", "2012-09-30": "262.64600", "2012-06-30": "254.83200", "2012-03-31": "269.15500", "2011-12-31": "287.58300", "2011-09-30": "271.02400", "2011-06-30": "158.02700", "2011-03-31": "151.56100", "2010-12-31": "145.99200", "2010-09-30": "147.18800", "2010-06-30": "136.66000", "2010-03-31": "145.41300", "2009-12-31": "132.10800", "2009-09-30": "113.44500", "2009-06-30": "93.14100", "2009-03-31": "78.50400", "2008-12-31": "74.79300", "2008-09-30": "85.42800", "2008-06-30": "87.11700", "2008-03-31": "73.64500", "2007-12-31": "69.04300", "2007-09-30": "70.98300", "2007-06-30": "72.46400", "2007-03-31": "65.97600", "2006-12-31": "71.19700", "2006-09-30": "66.71200", "2006-06-30": "67.82300", "2006-03-31": "65.98300", "2005-12-31": "76.17600", "2005-09-30": "54.90600", "2005-06-30": "60.59600", "2005-03-31": "52.05600"}, "Other Operating Income Or Expenses": {"2020-09-30": "-269.64700", "2020-06-30": "-33.45500", "2020-03-31": "-888.80900", "2019-12-31": "-414.33800", "2019-09-30": "-379.64000", "2019-06-30": "-381.05300", "2019-03-31": "-99.24600", "2018-12-31": "-681.37080", "2018-09-30": "-335.03300", "2018-06-30": "-189.28900", "2018-03-31": "-216.45000", "2017-12-31": "-887.04600", "2017-09-30": "111.12800", "2017-06-30": "-400.24300", "2017-03-31": "-11.82300", "2016-12-31": "97.65600", "2016-09-30": "-0.31200", "2016-06-30": "138.47300", "2016-03-31": "56.12100", "2015-12-31": "-143.55400", "2015-09-30": "-225.45100", "2015-06-30": "135.48000", "2015-03-31": "6.54600", "2014-12-31": "", "2014-09-30": "", "2014-06-30": "", "2014-03-31": "", "2013-12-31": "", "2013-09-30": "", "2013-06-30": "", "2013-03-31": "", "2012-12-31": "", "2012-09-30": "", "2012-06-30": "", "2012-03-31": "", "2011-12-31": "", "2011-09-30": "", "2011-06-30": "", "2011-03-31": "", "2010-12-31": "", "2010-09-30": "", "2010-06-30": "0.00000", "2010-03-31": "", "2009-12-31": "", "2009-09-30": "", "2009-06-30": "", "2009-03-31": "", "2008-12-31": "", "2008-09-30": "", "2008-06-30": "", "2008-03-31": "", "2007-12-31": "", "2007-09-30": "", "2007-06-30": "", "2007-03-31": "", "2006-12-31": "", "2006-09-30": "", "2006-06-30": "", "2006-03-31": "", "2005-12-31": "", "2005-09-30": "", "2005-06-30": "", "2005-03-31": ""}, "Operating Expenses": {"2020-09-30": "2846.61800", "2020-06-30": "2252.90600", "2020-03-31": "3810.84700", "2019-12-31": "4252.70400", "2019-09-30": "3998.04900", "2019-06-30": "4450.87400", "2019-03-31": "3507.90600", "2018-12-31": "4126.55200", "2018-09-30": "4267.28200", "2018-06-30": "3964.25900", "2018-03-31": "3732.58000", "2017-12-31": "3627.87500", "2017-09-30": "3270.83400", "2017-06-30": "3338.03400", "2017-03-31": "3114.01900", "2016-12-31": "2845.47200", "2016-09-30": "2722.50500", "2016-06-30": "3135.18000", "2016-03-31": "1935.12600", "2015-12-31": "3000.26400", "2015-09-30": "3263.21800", "2015-06-30": "3112.08000", "2015-03-31": "2618.00400", "2014-12-31": "4637.53700", "2014-09-30": "5014.94400", "2014-06-30": "5076.25500", "2014-03-31": "4520.05700", "2013-12-31": "4739.67600", "2013-09-30": "5177.37200", "2013-06-30": "4838.84200", "2013-03-31": "4158.59400", "2012-12-31": "4474.36600", "2012-09-30": "4226.49400", "2012-06-30": "3993.54400", "2012-03-31": "4512.17400", "2011-12-31": "4599.34900", "2011-09-30": "4304.19100", "2011-06-30": "2636.95400", "2011-03-31": "2167.48600", "2010-12-31": "2165.83100", "2010-09-30": "1983.37000", "2010-06-30": "2013.69600", "2010-03-31": "1897.03400", "2009-12-31": "1712.48200", "2009-09-30": "1432.90900", "2009-06-30": "998.32700", "2009-03-31": "610.23900", "2008-12-31": "833.74650", "2008-09-30": "1636.94400", "2008-06-30": "1723.59600", "2008-03-31": "1470.39100", "2007-12-31": "1374.63100", "2007-09-30": "1141.03900", "2007-06-30": "980.44700", "2007-03-31": "829.29300", "2006-12-31": "869.48910", "2006-09-30": "1055.60300", "2006-06-30": "986.61490", "2006-03-31": "749.61900", "2005-12-31": "755.17700", "2005-09-30": "788.81000", "2005-06-30": "642.98500", "2005-03-31": "596.60000"}, "Operating Income": {"2020-09-30": "-27.21830", "2020-06-30": "-189.97610", "2020-03-31": "-410.30220", "2019-12-31": "129.18360", "2019-09-30": "426.77880", "2019-06-30": "331.74120", "2019-03-31": "389.34110", "2018-12-31": "217.65230", "2018-09-30": "503.51710", "2018-06-30": "506.97680", "2018-03-31": "395.84670", "2017-12-31": "364.83010", "2017-09-30": "448.41280", "2017-06-30": "120.83010", "2017-03-31": "-33.53610", "2016-12-31": "109.59570", "2016-09-30": "124.76510", "2016-06-30": "-420.54220", "2016-03-31": "83.59800", "2015-12-31": "-56.70580", "2015-09-30": "322.60520", "2015-06-30": "589.83200", "2015-03-31": "388.62180", "2014-12-31": "-354.41800", "2014-09-30": "302.61130", "2014-06-30": "296.34470", "2014-03-31": "270.99610", "2013-12-31": "87.12500", "2013-09-30": "149.75000", "2013-06-30": "460.00590", "2013-03-31": "549.19530", "2012-12-31": "673.14210", "2012-09-30": "978.30370", "2012-06-30": "813.13720", "2012-03-31": "419.56400", "2011-12-31": "373.06400", "2011-09-30": "869.20700", "2011-06-30": "330.17900", "2011-03-31": "159.09910", "2010-12-31": "45.95970", "2010-09-30": "107.61820", "2010-06-30": "132.16410", "2010-03-31": "-22.74390", "2009-12-31": "-50.51320", "2009-09-30": "55.58200", "2009-06-30": "37.45090", "2009-03-31": "37.79100", "2008-12-31": "82.88450", "2008-09-30": "82.97610", "2008-06-30": "20.22610", "2008-03-31": "9.59300", "2007-12-31": "65.57620", "2007-09-30": "67.63210", "2007-06-30": "236.55000", "2007-03-31": "96.57400", "2006-12-31": "68.60080", "2006-09-30": "117.09000", "2006-06-30": "134.22500", "2006-03-31": "41.97500", "2005-12-31": "57.24190", "2005-09-30": "91.71000", "2005-06-30": "85.67000", "2005-03-31": "28.11900"}, "Total Non-Operating Income/Expense": {"2020-09-30": "55.13600", "2020-06-30": "8.65800", "2020-03-31": "-45.15000", "2019-12-31": "-28.82400", "2019-09-30": "-25.77800", "2019-06-30": "-25.58800", "2019-03-31": "-25.35000", "2018-12-31": "-25.83400", "2018-09-30": "-25.12700", "2018-06-30": "-26.61700", "2018-03-31": "-21.94800", "2017-12-31": "6.43200", "2017-09-30": "-2.31000", "2017-06-30": "-14.76100", "2017-03-31": "-21.03500", "2016-12-31": "-26.18100", "2016-09-30": "-14.89800", "2016-06-30": "-9.97300", "2016-03-31": "-17.90000", "2015-12-31": "-7.96500", "2015-09-30": "-1.93200", "2015-06-30": "-9.65500", "2015-03-31": "-16.23300", "2014-12-31": "-6.91700", "2014-09-30": "-11.83700", "2014-06-30": "-9.86000", "2014-03-31": "-19.42000", "2013-12-31": "-12.41800", "2013-09-30": "-12.31300", "2013-06-30": "-42.21400", "2013-03-31": "-19.73000", "2012-12-31": "-20.93200", "2012-09-30": "-18.03200", "2012-06-30": "-25.04900", "2012-03-31": "-32.13800", "2011-12-31": "-20.95300", "2011-09-30": "-33.43800", "2011-06-30": "-16.38500", "2011-03-31": "-19.07700", "2010-12-31": "-16.87500", "2010-09-30": "-16.73400", "2010-06-30": "-19.84400", "2010-03-31": "-17.18200", "2009-12-31": "-12.54100", "2009-09-30": "-11.90800", "2009-06-30": "-8.19100", "2009-03-31": "-3.86800", "2008-12-31": "-4.58200", "2008-09-30": "-5.48000", "2008-06-30": "-2.42500", "2008-03-31": "4.55300", "2007-12-31": "9.61000", "2007-09-30": "9.63500", "2007-06-30": "8.21300", "2007-03-31": "5.65400", "2006-12-31": "7.21100", "2006-09-30": "6.07500", "2006-06-30": "3.65200", "2006-03-31": "4.67200", "2005-12-31": "5.27200", "2005-09-30": "3.99700", "2005-06-30": "-3.69500", "2005-03-31": "-4.66300"}, "Pre-Tax Income": {"2020-09-30": "27.91800", "2020-06-30": "-181.31800", "2020-03-31": "-455.45200", "2019-12-31": "100.35900", "2019-09-30": "401.00100", "2019-06-30": "306.15300", "2019-03-31": "363.99100", "2018-12-31": "191.81810", "2018-09-30": "478.39000", "2018-06-30": "480.36000", "2018-03-31": "373.89900", "2017-12-31": "371.26200", "2017-09-30": "446.10300", "2017-06-30": "106.06900", "2017-03-31": "-54.57100", "2016-12-31": "83.41600", "2016-09-30": "109.86700", "2016-06-30": "-430.51500", "2016-03-31": "65.69800", "2015-12-31": "-64.67100", "2015-09-30": "320.67300", "2015-06-30": "580.17700", "2015-03-31": "372.38900", "2014-12-31": "-361.33500", "2014-09-30": "290.77400", "2014-06-30": "286.48500", "2014-03-31": "251.57600", "2013-12-31": "74.70500", "2013-09-30": "137.43700", "2013-06-30": "417.79200", "2013-03-31": "529.46500", "2012-12-31": "652.20910", "2012-09-30": "960.27200", "2012-06-30": "788.08800", "2012-03-31": "387.42600", "2011-12-31": "352.11000", "2011-09-30": "835.76900", "2011-06-30": "313.79400", "2011-03-31": "140.02200", "2010-12-31": "29.08500", "2010-09-30": "90.88400", "2010-06-30": "112.32000", "2010-03-31": "-39.92600", "2009-12-31": "-63.05400", "2009-09-30": "43.67400", "2009-06-30": "29.26000", "2009-03-31": "33.92300", "2008-12-31": "78.30300", "2008-09-30": "77.49600", "2008-06-30": "17.80100", "2008-03-31": "14.14600", "2007-12-31": "75.18600", "2007-09-30": "77.26700", "2007-06-30": "244.76300", "2007-03-31": "102.22800", "2006-12-31": "75.81200", "2006-09-30": "123.16500", "2006-06-30": "137.87700", "2006-03-31": "46.64700", "2005-12-31": "62.51400", "2005-09-30": "95.70700", "2005-06-30": "81.97500", "2005-03-31": "23.45600"}, "Income Taxes": {"2020-09-30": "4.57300", "2020-06-30": "-30.91100", "2020-03-31": "-162.16600", "2019-12-31": "19.29000", "2019-09-30": "103.02100", "2019-06-30": "89.33600", "2019-03-31": "87.50500", "2018-12-31": "28.50100", "2018-09-30": "116.25800", "2018-06-30": "117.44700", "2018-03-31": "85.03700", "2017-12-31": "-185.97200", "2017-09-30": "158.38600", "2017-06-30": "31.99600", "2017-03-31": "-16.78900", "2016-12-31": "12.95200", "2016-09-30": "22.19600", "2016-06-30": "-38.04500", "2016-03-31": "22.30800", "2015-12-31": "-40.72400", "2015-09-30": "110.06600", "2015-06-30": "206.99000", "2015-03-31": "129.72800", "2014-12-31": "-150.99000", "2014-09-30": "103.21600", "2014-06-30": "101.33200", "2014-03-31": "87.61400", "2013-12-31": "4.91100", "2013-09-30": "48.52800", "2013-06-30": "152.04300", "2013-03-31": "186.09400", "2012-12-31": "252.21600", "2012-09-30": "349.62200", "2012-06-30": "285.71800", "2012-03-31": "140.40600", "2011-12-31": "116.26100", "2011-09-30": "304.75800", "2011-06-30": "111.96100", "2011-03-31": "49.01100", "2010-12-31": "4.83600", "2010-09-30": "31.49400", "2010-06-30": "39.65400", "2010-03-31": "-16.67200", "2009-12-31": "-27.20800", "2009-09-30": "13.49700", "2009-06-30": "9.32200", "2009-03-31": "11.84900", "2008-12-31": "27.72700", "2008-09-30": "25.75000", "2008-06-30": "5.85600", "2008-03-31": "4.69500", "2007-12-31": "25.35300", "2007-09-30": "19.14100", "2007-06-30": "86.13600", "2007-03-31": "34.68600", "2006-12-31": "27.00400", "2006-09-30": "43.96400", "2006-06-30": "50.14800", "2006-03-31": "15.48700", "2005-12-31": "24.02400", "2005-09-30": "35.69000", "2005-06-30": "30.87200", "2005-03-31": "9.04000"}, "Income After Taxes": {"2020-09-30": "23.34500", "2020-06-30": "-150.40700", "2020-03-31": "-293.28600", "2019-12-31": "81.06910", "2019-09-30": "297.98000", "2019-06-30": "216.81700", "2019-03-31": "276.48600", "2018-12-31": "163.31700", "2018-09-30": "362.13200", "2018-06-30": "362.91300", "2018-03-31": "288.86200", "2017-12-31": "557.23400", "2017-09-30": "287.71700", "2017-06-30": "74.07300", "2017-03-31": "-37.78200", "2016-12-31": "70.46400", "2016-09-30": "87.67100", "2016-06-30": "-392.47000", "2016-03-31": "43.39000", "2015-12-31": "-23.94700", "2015-09-30": "210.60700", "2015-06-30": "373.18700", "2015-03-31": "242.66100", "2014-12-31": "-210.34500", "2014-09-30": "187.55800", "2014-06-30": "185.15300", "2014-03-31": "163.96200", "2013-12-31": "69.79400", "2013-09-30": "88.90900", "2013-06-30": "265.74900", "2013-03-31": "343.37100", "2012-12-31": "399.99300", "2012-09-30": "610.65000", "2012-06-30": "502.37000", "2012-03-31": "247.02000", "2011-12-31": "235.84890", "2011-09-30": "531.01100", "2011-06-30": "201.83300", "2011-03-31": "91.01100", "2010-12-31": "24.24900", "2010-09-30": "59.39000", "2010-06-30": "72.66600", "2010-03-31": "-23.25400", "2009-12-31": "-35.84600", "2009-09-30": "30.17700", "2009-06-30": "19.93800", "2009-03-31": "22.07400", "2008-12-31": "50.57600", "2008-09-30": "51.74600", "2008-06-30": "11.94500", "2008-03-31": "9.45100", "2007-12-31": "49.83300", "2007-09-30": "58.12600", "2007-06-30": "158.62700", "2007-03-31": "67.54200", "2006-12-31": "48.80800", "2006-09-30": "79.20100", "2006-06-30": "87.72900", "2006-03-31": "31.16000", "2005-12-31": "38.49000", "2005-09-30": "60.01700", "2005-06-30": "51.10300", "2005-03-31": "14.41600"}, "Other Income": {"2020-09-30": "", "2020-06-30": "", "2020-03-31": "", "2019-12-31": "", "2019-09-30": "", "2019-06-30": "", "2019-03-31": "", "2018-12-31": "", "2018-09-30": "", "2018-06-30": "", "2018-03-31": "", "2017-12-31": "", "2017-09-30": "", "2017-06-30": "", "2017-03-31": "", "2016-12-31": "", "2016-09-30": "", "2016-06-30": "", "2016-03-31": "", "2015-12-31": "", "2015-09-30": "", "2015-06-30": "", "2015-03-31": "", "2014-12-31": "", "2014-09-30": "", "2014-06-30": "", "2014-03-31": "", "2013-12-31": "", "2013-09-30": "", "2013-06-30": "", "2013-03-31": "", "2012-12-31": "", "2012-09-30": "", "2012-06-30": "", "2012-03-31": "", "2011-12-31": "", "2011-09-30": "", "2011-06-30": "", "2011-03-31": "", "2010-12-31": "", "2010-09-30": "", "2010-06-30": "", "2010-03-31": "", "2009-12-31": "", "2009-09-30": "", "2009-06-30": "", "2009-03-31": "", "2008-12-31": "", "2008-09-30": "", "2008-06-30": "", "2008-03-31": "", "2007-12-31": "", "2007-09-30": "", "2007-06-30": "", "2007-03-31": "", "2006-12-31": "", "2006-09-30": "", "2006-06-30": "", "2006-03-31": "", "2005-12-31": "", "2005-09-30": "", "2005-06-30": "", "2005-03-31": ""}, "Income From Continuous Operations": {"2020-09-30": "23.34500", "2020-06-30": "-150.40700", "2020-03-31": "-293.28600", "2019-12-31": "81.06910", "2019-09-30": "297.98000", "2019-06-30": "216.81700", "2019-03-31": "276.48600", "2018-12-31": "163.31700", "2018-09-30": "362.13200", "2018-06-30": "362.91300", "2018-03-31": "288.86200", "2017-12-31": "557.23400", "2017-09-30": "287.71700", "2017-06-30": "74.07300", "2017-03-31": "-37.78200", "2016-12-31": "70.46400", "2016-09-30": "87.67100", "2016-06-30": "-392.47000", "2016-03-31": "43.39000", "2015-12-31": "-23.94700", "2015-09-30": "210.60700", "2015-06-30": "373.18700", "2015-03-31": "242.66100", "2014-12-31": "-210.34500", "2014-09-30": "187.55800", "2014-06-30": "185.15300", "2014-03-31": "163.96200", "2013-12-31": "69.79400", "2013-09-30": "88.90900", "2013-06-30": "265.74900", "2013-03-31": "343.37100", "2012-12-31": "399.99300", "2012-09-30": "610.65000", "2012-06-30": "502.37000", "2012-03-31": "247.02000", "2011-12-31": "235.84890", "2011-09-30": "531.01100", "2011-06-30": "201.83300", "2011-03-31": "91.01100", "2010-12-31": "24.24900", "2010-09-30": "59.39000", "2010-06-30": "72.66600", "2010-03-31": "-23.25400", "2009-12-31": "-35.84600", "2009-09-30": "30.17700", "2009-06-30": "19.93800", "2009-03-31": "22.07400", "2008-12-31": "50.57600", "2008-09-30": "51.74600", "2008-06-30": "11.94500", "2008-03-31": "9.45100", "2007-12-31": "49.83300", "2007-09-30": "58.12600", "2007-06-30": "158.62700", "2007-03-31": "67.54200", "2006-12-31": "48.80800", "2006-09-30": "79.20100", "2006-06-30": "87.72900", "2006-03-31": "31.16000", "2005-12-31": "38.49000", "2005-09-30": "60.01700", "2005-06-30": "51.10300", "2005-03-31": "14.41600"}, "Income From Discontinued Operations": {"2020-09-30": "", "2020-06-30": "", "2020-03-31": "", "2019-12-31": "", "2019-09-30": "", "2019-06-30": "", "2019-03-31": "", "2018-12-31": "", "2018-09-30": "", "2018-06-30": "", "2018-03-31": "", "2017-12-31": "", "2017-09-30": "", "2017-06-30": "", "2017-03-31": "", "2016-12-31": "", "2016-09-30": "", "2016-06-30": "", "2016-03-31": "", "2015-12-31": "", "2015-09-30": "", "2015-06-30": "", "2015-03-31": "", "2014-12-31": "", "2014-09-30": "", "2014-06-30": "", "2014-03-31": "", "2013-12-31": "", "2013-09-30": "", "2013-06-30": "", "2013-03-31": "", "2012-12-31": "", "2012-09-30": "", "2012-06-30": "", "2012-03-31": "", "2011-12-31": "", "2011-09-30": "", "2011-06-30": "", "2011-03-31": "", "2010-12-31": "", "2010-09-30": "", "2010-06-30": "", "2010-03-31": "", "2009-12-31": "13.48800", "2009-09-30": "0.90100", "2009-06-30": "1.20600", "2009-03-31": "1.33100", "2008-12-31": "", "2008-09-30": "", "2008-06-30": "", "2008-03-31": "", "2007-12-31": "", "2007-09-30": "", "2007-06-30": "", "2007-03-31": "", "2006-12-31": "-1.14900", "2006-09-30": "-0.19900", "2006-06-30": "5.37200", "2006-03-31": "15.64400", "2005-12-31": "1.39100", "2005-09-30": "1.03300", "2005-06-30": "1.32100", "2005-03-31": "-0.78200"}, "Net Income": {"2020-09-30": "-2.40100", "2020-06-30": "-176.67700", "2020-03-31": "-304.62300", "2019-12-31": "60.60500", "2019-09-30": "261.81300", "2019-06-30": "196.91500", "2019-03-31": "253.05500", "2018-12-31": "141.89600", "2018-09-30": "342.46600", "2018-06-30": "345.50700", "2018-03-31": "268.09100", "2017-12-31": "521.08200", "2017-09-30": "272.01400", "2017-06-30": "57.76700", "2017-03-31": "-45.46800", "2016-12-31": "52.16200", "2016-09-30": "74.49700", "2016-06-30": "-409.36800", "2016-03-31": "21.25300", "2015-12-31": "-46.22710", "2015-09-30": "196.32200", "2015-06-30": "360.82400", "2015-03-31": "226.87600", "2014-12-31": "-222.07800", "2014-09-30": "174.53500", "2014-06-30": "175.95400", "2014-03-31": "152.06100", "2013-12-31": "61.72700", "2013-09-30": "82.00500", "2013-06-30": "256.98100", "2013-03-31": "332.37500", "2012-12-31": "388.87010", "2012-09-30": "597.71600", "2012-06-30": "491.24200", "2012-03-31": "241.69600", "2011-12-31": "219.90600", "2011-09-30": "523.08800", "2011-06-30": "192.23500", "2011-03-31": "84.69400", "2010-12-31": "14.71900", "2010-09-30": "51.17700", "2010-06-30": "66.16200", "2010-03-31": "-28.09400", "2009-12-31": "-40.50100", "2009-09-30": "23.48400", "2009-06-30": "14.60500", "2009-03-31": "21.94500", "2008-12-31": "50.55800", "2008-09-30": "49.89900", "2008-06-30": "11.45200", "2008-03-31": "8.64900", "2007-12-31": "49.83300", "2007-09-30": "58.12600", "2007-06-30": "158.62700", "2007-03-31": "67.54200", "2006-12-31": "47.65900", "2006-09-30": "79.00200", "2006-06-30": "93.10100", "2006-03-31": "46.80400", "2005-12-31": "39.88100", "2005-09-30": "61.71900", "2005-06-30": "52.42400", "2005-03-31": "13.63400"}, "EBITDA": {"2020-09-30": "98.06170", "2020-06-30": "377.10990", "2020-03-31": "-269.72720", "2019-12-31": "263.76350", "2019-09-30": "553.79480", "2019-06-30": "611.36120", "2019-03-31": "510.76210", "2018-12-31": "331.37130", "2018-09-30": "612.40210", "2018-06-30": "617.35580", "2018-03-31": "500.18770", "2017-12-31": "470.56110", "2017-09-30": "551.29690", "2017-06-30": "245.35910", "2017-03-31": "62.50390", "2016-12-31": "203.18970", "2016-09-30": "215.89510", "2016-06-30": "323.96470", "2016-03-31": "171.47800", "2015-12-31": "33.86620", "2015-09-30": "410.36920", "2015-06-30": "677.63500", "2015-03-31": "468.63380", "2014-12-31": "-253.92000", "2014-09-30": "383.55630", "2014-06-30": "397.73470", "2014-03-31": "351.54410", "2013-12-31": "166.19000", "2013-09-30": "231.87700", "2013-06-30": "530.49790", "2013-03-31": "620.95730", "2012-12-31": "737.84810", "2012-09-30": "1043.41600", "2012-06-30": "870.08520", "2012-03-31": "475.66600", "2011-12-31": "426.39100", "2011-09-30": "912.44700", "2011-06-30": "362.01100", "2011-03-31": "190.40710", "2010-12-31": "77.76970", "2010-09-30": "136.75620", "2010-06-30": "160.98810", "2010-03-31": "5.01310", "2009-12-31": "-20.96820", "2009-09-30": "79.84900", "2009-06-30": "62.95090", "2009-03-31": "58.11200", "2008-12-31": "100.69550", "2008-09-30": "99.71610", "2008-06-30": "36.15510", "2008-03-31": "22.90200", "2007-12-31": "76.40920", "2007-09-30": "78.16310", "2007-06-30": "247.19100", "2007-03-31": "108.02500", "2006-12-31": "80.13380", "2006-09-30": "126.57000", "2006-06-30": "144.90800", "2006-03-31": "50.54900", "2005-12-31": "66.72300", "2005-09-30": "101.10000", "2005-06-30": "98.79700", "2005-03-31": "39.93800"}, "EBIT": {"2020-09-30": "-27.21830", "2020-06-30": "-189.97610", "2020-03-31": "-410.30220", "2019-12-31": "129.18290", "2019-09-30": "426.77880", "2019-06-30": "331.74120", "2019-03-31": "389.34110", "2018-12-31": "217.65260", "2018-09-30": "503.51710", "2018-06-30": "506.97680", "2018-03-31": "395.84670", "2017-12-31": "364.83030", "2017-09-30": "448.41280", "2017-06-30": "120.83010", "2017-03-31": "-33.53610", "2016-12-31": "109.59610", "2016-09-30": "124.76510", "2016-06-30": "-420.54220", "2016-03-31": "83.59800", "2015-12-31": "-56.70560", "2015-09-30": "322.60520", "2015-06-30": "589.83200", "2015-03-31": "388.62180", "2014-12-31": "-354.41890", "2014-09-30": "302.61130", "2014-06-30": "296.34470", "2014-03-31": "270.99610", "2013-12-31": "87.12500", "2013-09-30": "149.75000", "2013-06-30": "460.00590", "2013-03-31": "549.19530", "2012-12-31": "673.14160", "2012-09-30": "978.30370", "2012-06-30": "813.13720", "2012-03-31": "419.56400", "2011-12-31": "373.06270", "2011-09-30": "869.20700", "2011-06-30": "330.17900", "2011-03-31": "159.09910", "2010-12-31": "45.95970", "2010-09-30": "107.61820", "2010-06-30": "132.16410", "2010-03-31": "-22.74390", "2009-12-31": "-50.51290", "2009-09-30": "55.58200", "2009-06-30": "37.45090", "2009-03-31": "37.79100", "2008-12-31": "82.88450", "2008-09-30": "82.97610", "2008-06-30": "20.22610", "2008-03-31": "9.59300", "2007-12-31": "65.57590", "2007-09-30": "67.63210", "2007-06-30": "236.55000", "2007-03-31": "96.57400", "2006-12-31": "68.60090", "2006-09-30": "117.09000", "2006-06-30": "134.22500", "2006-03-31": "41.97500", "2005-12-31": "57.24190", "2005-09-30": "91.71000", "2005-06-30": "85.67000", "2005-03-31": "28.11900"}, "Basic Shares Outstanding": {"2020-09-30": "162.01500", "2020-06-30": "161.88900", "2020-03-31": "161.87300", "2019-12-31": "166.28700", "2019-09-30": "163.67600", "2019-06-30": "169.35600", "2019-03-31": "170.85100", "2018-12-31": "175.00900", "2018-09-30": "175.09700", "2018-06-30": "175.89900", "2018-03-31": "176.61700", "2017-12-31": "176.17400", "2017-09-30": "176.14900", "2017-06-30": "176.14700", "2017-03-31": "176.21000", "2016-12-31": "176.10100", "2016-09-30": "175.87100", "2016-06-30": "175.86500", "2016-03-31": "176.73700", "2015-12-31": "188.73100", "2015-09-30": "187.20800", "2015-06-30": "191.35500", "2015-03-31": "195.06900", "2014-12-31": "197.24300", "2014-09-30": "197.26100", "2014-06-30": "198.13900", "2014-03-31": "198.29700", "2013-12-31": "200.41900", "2013-09-30": "199.09800", "2013-06-30": "201.54300", "2013-03-31": "202.72600", "2012-12-31": "204.37900", "2012-09-30": "202.65500", "2012-06-30": "205.72700", "2012-03-31": "208.53100", "2011-12-31": "157.94800", "2011-09-30": "209.58300", "2011-06-30": "106.73000", "2011-03-31": "106.61400", "2010-12-31": "106.43600", "2010-09-30": "106.42000", "2010-06-30": "106.41200", "2010-03-31": "106.18800", "2009-12-31": "100.83600", "2009-09-30": "100.48800", "2009-06-30": "100.34000", "2009-03-31": "100.08400", "2008-12-31": "100.40400", "2008-09-30": "99.43400", "2008-06-30": "100.31600", "2008-03-31": "102.33000", "2007-12-31": "109.70400", "2007-09-30": "109.63800", "2007-06-30": "109.91800", "2007-03-31": "110.37800", "2006-12-31": "113.95200", "2006-09-30": "113.11000", "2006-06-30": "114.37200", "2006-03-31": "116.91600", "2005-12-31": "123.45600", "2005-09-30": "122.47200", "2005-06-30": "126.54800", "2005-03-31": "126.05600"}, "Shares Outstanding": {"2020-09-30": "162.01500", "2020-06-30": "161.88900", "2020-03-31": "161.87300", "2019-12-31": "167.38500", "2019-09-30": "165.01100", "2019-06-30": "170.54700", "2019-03-31": "172.23900", "2018-12-31": "176.66100", "2018-09-30": "176.92700", "2018-06-30": "177.58600", "2018-03-31": "177.95400", "2017-12-31": "177.19600", "2017-09-30": "176.53000", "2017-06-30": "176.30200", "2017-03-31": "176.21000", "2016-12-31": "176.10100", "2016-09-30": "175.99300", "2016-06-30": "175.86500", "2016-03-31": "176.78400", "2015-12-31": "188.94000", "2015-09-30": "187.34400", "2015-06-30": "191.45400", "2015-03-31": "195.12100", "2014-12-31": "197.42800", "2014-09-30": "197.53500", "2014-06-30": "198.38000", "2014-03-31": "198.92400", "2013-12-31": "201.23400", "2013-09-30": "199.50900", "2013-06-30": "201.90500", "2013-03-31": "203.42800", "2012-12-31": "205.27400", "2012-09-30": "203.53200", "2012-06-30": "206.48100", "2012-03-31": "209.13800", "2011-12-31": "158.75600", "2011-09-30": "210.57900", "2011-06-30": "107.34000", "2011-03-31": "107.26600", "2010-12-31": "107.21800", "2010-09-30": "107.13400", "2010-06-30": "106.81600", "2010-03-31": "106.18800", "2009-12-31": "101.20600", "2009-09-30": "100.65400", "2009-06-30": "100.45200", "2009-03-31": "100.34200", "2008-12-31": "101.09800", "2008-09-30": "100.06400", "2008-06-30": "101.03000", "2008-03-31": "103.03000", "2007-12-31": "111.70000", "2007-09-30": "111.70600", "2007-06-30": "111.90600", "2007-03-31": "112.63600", "2006-12-31": "116.42000", "2006-09-30": "115.56600", "2006-06-30": "116.72600", "2006-03-31": "120.05600", "2005-12-31": "126.48800", "2005-09-30": "125.54400", "2005-06-30": "129.43600", "2005-03-31": "128.78000"}, "Basic EPS": {"2020-09-30": "-0.01000", "2020-06-30": "-1.09000", "2020-03-31": "-1.88000", "2019-12-31": "0.40000", "2019-09-30": "1.60000", "2019-06-30": "1.16000", "2019-03-31": "1.48000", "2018-12-31": "0.83000", "2018-09-30": "1.95000", "2018-06-30": "1.96000", "2018-03-31": "1.51000", "2017-12-31": "2.94000", "2017-09-30": "1.53000", "2017-06-30": "0.33000", "2017-03-31": "-0.26000", "2016-12-31": "0.31000", "2016-09-30": "0.42000", "2016-06-30": "-2.33000", "2016-03-31": "0.12000", "2015-12-31": "-0.18000", "2015-09-30": "1.05000", "2015-06-30": "1.88000", "2015-03-31": "1.16000", "2014-12-31": "-1.11000", "2014-09-30": "0.88000", "2014-06-30": "0.89000", "2014-03-31": "0.76000", "2013-12-31": "0.34000", "2013-09-30": "0.41000", "2013-06-30": "1.27000", "2013-03-31": "1.64000", "2012-12-31": "1.90000", "2012-09-30": "2.95000", "2012-06-30": "2.40000", "2012-03-31": "1.16000", "2011-12-31": "1.37000", "2011-09-30": "2.50000", "2011-06-30": "1.80000", "2011-03-31": "0.79000", "2010-12-31": "0.14500", "2010-09-30": "0.48000", "2010-06-30": "0.62000", "2010-03-31": "-0.26500", "2009-12-31": "-0.40000", "2009-09-30": "0.23500", "2009-06-30": "0.14500", "2009-03-31": "0.22000", "2008-12-31": "0.50000", "2008-09-30": "0.50000", "2008-06-30": "0.11500", "2008-03-31": "0.08500", "2007-12-31": "0.46000", "2007-09-30": "0.53000", "2007-06-30": "1.44500", "2007-03-31": "0.61000", "2006-12-31": "0.43000", "2006-09-30": "0.70000", "2006-06-30": "0.81000", "2006-03-31": "0.40000", "2005-12-31": "0.33250", "2005-09-30": "0.50500", "2005-06-30": "0.41500", "2005-03-31": "0.10750"}, "EPS - Earnings Per Share": {"2020-09-30": "-0.01000", "2020-06-30": "-1.09000", "2020-03-31": "-1.88000", "2019-12-31": "0.41000", "2019-09-30": "1.58000", "2019-06-30": "1.15000", "2019-03-31": "1.47000", "2018-12-31": "0.82000", "2018-09-30": "1.93000", "2018-06-30": "1.94000", "2018-03-31": "1.50000", "2017-12-31": "2.92000", "2017-09-30": "1.53000", "2017-06-30": "0.33000", "2017-03-31": "-0.26000", "2016-12-31": "0.31000", "2016-09-30": "0.42000", "2016-06-30": "-2.33000", "2016-03-31": "0.12000", "2015-12-31": "-0.18000", "2015-09-30": "1.04000", "2015-06-30": "1.88000", "2015-03-31": "1.16000", "2014-12-31": "-1.11000", "2014-09-30": "0.88000", "2014-06-30": "0.89000", "2014-03-31": "0.76000", "2013-12-31": "0.33000", "2013-09-30": "0.41000", "2013-06-30": "1.27000", "2013-03-31": "1.63000", "2012-12-31": "1.89000", "2012-09-30": "2.94000", "2012-06-30": "2.39000", "2012-03-31": "1.16000", "2011-12-31": "1.36000", "2011-09-30": "2.48000", "2011-06-30": "1.79000", "2011-03-31": "0.79000", "2010-12-31": "0.13500", "2010-09-30": "0.48000", "2010-06-30": "0.62000", "2010-03-31": "-0.26500", "2009-12-31": "-0.25500", "2009-09-30": "0.23500", "2009-06-30": "0.14500", "2009-03-31": "0.07500", "2008-12-31": "0.49000", "2008-09-30": "0.50000", "2008-06-30": "0.11500", "2008-03-31": "0.08500", "2007-12-31": "0.45000", "2007-09-30": "0.52000", "2007-06-30": "1.42000", "2007-03-31": "0.60000", "2006-12-31": "0.41500", "2006-09-30": "0.68500", "2006-06-30": "0.80000", "2006-03-31": "0.39000", "2005-12-31": "0.32500", "2005-09-30": "0.49000", "2005-06-30": "0.40500", "2005-03-31": "0.10500"}}, "balance sheet": {"Cash On Hand": {"2019-12-31": "885.16200", "2018-12-31": "1154.75200", "2017-12-31": "630.75700", "2016-12-31": "1134.72700", "2015-12-31": "210.55200", "2014-12-31": "1042.09500", "2013-12-31": "1665.26300", "2012-12-31": "2388.28500", "2011-12-31": "1790.54300", "2010-12-31": "230.44400", "2009-12-31": "125.81900", "2008-12-31": "88.43800", "2007-12-31": "252.60200", "2006-12-31": "250.28500", "2005-12-31": "239.04200"}, "Receivables": {"2019-12-31": "885.16300", "2018-12-31": "705.74100", "2017-12-31": "765.07000", "2016-12-31": "547.57000", "2015-12-31": "351.97800", "2014-12-31": "601.62400", "2013-12-31": "818.17800", "2012-12-31": "709.18700", "2011-12-31": "796.13400", "2010-12-31": "1044.15000", "2009-12-31": "800.52700", "2008-12-31": "294.96900", "2007-12-31": "631.12500", "2006-12-31": "407.17800", "2005-12-31": "401.90400"}, "Inventory": {"2019-12-31": "1474.20200", "2018-12-31": "1354.37900", "2017-12-31": "1630.09200", "2016-12-31": "1135.67600", "2015-12-31": "841.86900", "2014-12-31": "1035.13100", "2013-12-31": "1354.24700", "2012-12-31": "1319.63200", "2011-12-31": "1114.61900", "2010-12-31": "400.36700", "2009-12-31": "303.51300", "2008-12-31": "125.73500", "2007-12-31": "140.63000", "2006-12-31": "129.67500", "2005-12-31": "103.33900"}, "Pre-Paid Expenses": {"2019-12-31": "", "2018-12-31": "", "2017-12-31": "", "2016-12-31": "", "2015-12-31": "", "2014-12-31": "", "2013-12-31": "", "2012-12-31": "", "2011-12-31": "", "2010-12-31": "", "2009-12-31": "", "2008-12-31": "", "2007-12-31": "", "2006-12-31": "", "2005-12-31": ""}, "Other Current Assets": {"2019-12-31": "61.66200", "2018-12-31": "81.50700", "2017-12-31": "36.90900", "2016-12-31": "33.03600", "2015-12-31": "43.66600", "2014-12-31": "104.14800", "2013-12-31": "58.75600", "2012-12-31": "53.16100", "2011-12-31": "219.45000", "2010-12-31": "28.47400", "2009-12-31": "50.95700", "2008-12-31": "18.77500", "2007-12-31": "10.26400", "2006-12-31": "12.08100", "2005-12-31": "14.63900"}, "Total Current Assets": {"2019-12-31": "3306.18900", "2018-12-31": "3296.37900", "2017-12-31": "3062.82800", "2016-12-31": "2851.00900", "2015-12-31": "1448.06500", "2014-12-31": "2782.99800", "2013-12-31": "3896.44400", "2012-12-31": "4470.26500", "2011-12-31": "3920.74600", "2010-12-31": "1703.43500", "2009-12-31": "1283.01100", "2008-12-31": "530.62300", "2007-12-31": "1034.62100", "2006-12-31": "799.57400", "2005-12-31": "789.53600"}, "Property, Plant, And Equipment": {"2019-12-31": "4822.71200", "2018-12-31": "4682.53400", "2017-12-31": "4713.27400", "2016-12-31": "4008.44800", "2015-12-31": "4115.66200", "2014-12-31": "3670.53900", "2013-12-31": "3394.59600", "2012-12-31": "3194.70000", "2011-12-31": "3052.90500", "2010-12-31": "1756.69100", "2009-12-31": "1629.97000", "2008-12-31": "1172.92400", "2007-12-31": "530.85000", "2006-12-31": "405.47000", "2005-12-31": "316.13900"}, "Long-Term Investments": {"2019-12-31": "", "2018-12-31": "", "2017-12-31": "", "2016-12-31": "", "2015-12-31": "", "2014-12-31": "", "2013-12-31": "", "2012-12-31": "5.11600", "2011-12-31": "50.06700", "2010-12-31": "", "2009-12-31": "", "2008-12-31": "6.00900", "2007-12-31": "77.18200", "2006-12-31": "5.66800", "2005-12-31": "15.80000"}, "Goodwill And Intangible Assets": {"2019-12-31": "3047.55300", "2018-12-31": "2675.82700", "2017-12-31": "2684.73300", "2016-12-31": "2358.86400", "2015-12-31": "2592.69900", "2014-12-31": "2519.35700", "2013-12-31": "2507.26300", "2012-12-31": "2507.15200", "2011-12-31": "2495.46500", "2010-12-31": "171.81600", "2009-12-31": "179.49500", "2008-12-31": "97.96200", "2007-12-31": "12.58700", "2006-12-31": "15.09600", "2005-12-31": "14.10400"}, "Other Long-Term Assets": {"2019-12-31": "521.27800", "2018-12-31": "339.86100", "2017-12-31": "231.31900", "2016-12-31": "217.34000", "2015-12-31": "231.87300", "2014-12-31": "257.15300", "2013-12-31": "258.43600", "2012-12-31": "151.76400", "2011-12-31": "57.06000", "2010-12-31": "69.53300", "2009-12-31": "53.46300", "2008-12-31": "34.30900", "2007-12-31": "8.70500", "2006-12-31": "12.06100", "2005-12-31": "7.32100"}, "Total Long-Term Assets": {"2019-12-31": "8858.65200", "2018-12-31": "7698.22200", "2017-12-31": "7629.32600", "2016-12-31": "6584.65200", "2015-12-31": "6940.23400", "2014-12-31": "6447.04900", "2013-12-31": "6160.29500", "2012-12-31": "5858.73200", "2011-12-31": "5655.49700", "2010-12-31": "1998.04000", "2009-12-31": "1862.92800", "2008-12-31": "1343.60200", "2007-12-31": "629.32400", "2006-12-31": "438.29500", "2005-12-31": "353.36400"}, "Total Assets": {"2019-12-31": "12164.84000", "2018-12-31": "10994.60000", "2017-12-31": "10692.15000", "2016-12-31": "9435.66100", "2015-12-31": "8388.29900", "2014-12-31": "9230.04700", "2013-12-31": "10056.74000", "2012-12-31": "10329.00000", "2011-12-31": "9576.24300", "2010-12-31": "3701.47500", "2009-12-31": "3145.93900", "2008-12-31": "1874.22500", "2007-12-31": "1663.94500", "2006-12-31": "1237.86900", "2005-12-31": "1142.90000"}, "Total Current Liabilities": {"2019-12-31": "1685.92800", "2018-12-31": "1168.15500", "2017-12-31": "1422.71000", "2016-12-31": "1083.22900", "2015-12-31": "860.61500", "2014-12-31": "1233.99400", "2013-12-31": "1674.49000", "2012-12-31": "1654.44400", "2011-12-31": "1890.68300", "2010-12-31": "1389.85500", "2009-12-31": "1025.11200", "2008-12-31": "462.15800", "2007-12-31": "818.08000", "2006-12-31": "559.39300", "2005-12-31": "579.43300"}, "Long Term Debt": {"2019-12-31": "2455.64000", "2018-12-31": "2411.54000", "2017-12-31": "2498.99300", "2016-12-31": "2235.13700", "2015-12-31": "1040.04000", "2014-12-31": "1054.29700", "2013-12-31": "997.51900", "2012-12-31": "1336.23800", "2011-12-31": "1214.74200", "2010-12-31": "810.56100", "2009-12-31": "707.45800", "2008-12-31": "341.91400", "2007-12-31": "", "2006-12-31": "", "2005-12-31": ""}, "Other Non-Current Liabilities": {"2019-12-31": "260.15700", "2018-12-31": "233.27100", "2017-12-31": "225.72600", "2016-12-31": "194.89600", "2015-12-31": "179.96500", "2014-12-31": "176.75800", "2013-12-31": "158.49000", "2012-12-31": "158.98700", "2011-12-31": "171.19700", "2010-12-31": "80.98500", "2009-12-31": "81.00300", "2008-12-31": "64.33000", "2007-12-31": "204.80500", "2006-12-31": "191.60600", "2005-12-31": "176.12700"}, "Total Long Term Liabilities": {"2019-12-31": "3969.48700", "2018-12-31": "3367.38700", "2017-12-31": "3372.50400", "2016-12-31": "3050.44700", "2015-12-31": "1717.91100", "2014-12-31": "1895.33400", "2013-12-31": "1772.85100", "2012-12-31": "2031.89500", "2011-12-31": "1849.66000", "2010-12-31": "1023.48100", "2009-12-31": "913.04600", "2008-12-31": "475.73500", "2007-12-31": "252.07100", "2006-12-31": "212.38200", "2005-12-31": "186.11600"}, "Total Liabilities": {"2019-12-31": "5655.41500", "2018-12-31": "4535.54200", "2017-12-31": "4795.21400", "2016-12-31": "4133.67600", "2015-12-31": "2578.52600", "2014-12-31": "3129.32800", "2013-12-31": "3447.34100", "2012-12-31": "3686.33900", "2011-12-31": "3740.34300", "2010-12-31": "2413.33600", "2009-12-31": "1938.15800", "2008-12-31": "937.89300", "2007-12-31": "1070.15100", "2006-12-31": "771.77500", "2005-12-31": "765.54900"}, "Common Stock Net": {"2019-12-31": "2.56000", "2018-12-31": "2.56000", "2017-12-31": "2.56000", "2016-12-31": "2.56000", "2015-12-31": "2.56000", "2014-12-31": "2.56000", "2013-12-31": "2.56000", "2012-12-31": "2.56000", "2011-12-31": "2.56300", "2010-12-31": "1.52600", "2009-12-31": "0.76400", "2008-12-31": "0.73500", "2007-12-31": "0.73300", "2006-12-31": "0.71800", "2005-12-31": "0.35400"}, "Retained Earnings (Accumulated Deficit)": {"2019-12-31": "4744.12000", "2018-12-31": "4196.90200", "2017-12-31": "3346.61500", "2016-12-31": "2776.72800", "2015-12-31": "3271.18900", "2014-12-31": "2778.57700", "2013-12-31": "3144.48000", "2012-12-31": "3054.76900", "2011-12-31": "1964.65600", "2010-12-31": "1206.32800", "2009-12-31": "1134.34100", "2008-12-31": "1145.38800", "2007-12-31": "1054.97400", "2006-12-31": "745.99400", "2005-12-31": "495.81900"}, "Comprehensive Income": {"2019-12-31": "14.77400", "2018-12-31": "13.62300", "2017-12-31": "29.86900", "2016-12-31": "10.61200", "2015-12-31": "-4.15500", "2014-12-31": "27.89400", "2013-12-31": "0.82200", "2012-12-31": "-8.42500", "2011-12-31": "77.87300", "2010-12-31": "-26.24600", "2009-12-31": "-25.70000", "2008-12-31": "-35.08100", "2007-12-31": "-19.07600", "2006-12-31": "-11.35800", "2005-12-31": "-4.80200"}, "Other Share Holders Equity": {"2019-12-31": "", "2018-12-31": "", "2017-12-31": "", "2016-12-31": "", "2015-12-31": "", "2014-12-31": "", "2013-12-31": "", "2012-12-31": "", "2011-12-31": "", "2010-12-31": "", "2009-12-31": "", "2008-12-31": "", "2007-12-31": "", "2006-12-31": "", "2005-12-31": ""}, "Share Holder Equity": {"2019-12-31": "6509.42600", "2018-12-31": "6459.05900", "2017-12-31": "5896.94000", "2016-12-31": "5301.98500", "2015-12-31": "5809.77300", "2014-12-31": "6100.71900", "2013-12-31": "6609.39800", "2012-12-31": "6642.65800", "2011-12-31": "5835.90000", "2010-12-31": "1288.13900", "2009-12-31": "1207.78100", "2008-12-31": "936.33200", "2007-12-31": "593.79400", "2006-12-31": "466.09400", "2005-12-31": "377.35100"}, "Total Liabilities And Share Holders Equity": {"2019-12-31": "12164.84000", "2018-12-31": "10994.60000", "2017-12-31": "10692.15000", "2016-12-31": "9435.66100", "2015-12-31": "8388.29900", "2014-12-31": "9230.04700", "2013-12-31": "10056.74000", "2012-12-31": "10329.00000", "2011-12-31": "9576.24300", "2010-12-31": "3701.47500", "2009-12-31": "3145.93900", "2008-12-31": "1874.22500", "2007-12-31": "1663.94500", "2006-12-31": "1237.86900", "2005-12-31": "1142.90000"}}, "balance sheet, quarterly": {"Cash On Hand": {"2020-09-30": "1524.88800", "2020-06-30": "902.50900", "2020-03-31": "909.12600", "2019-12-31": "885.16200", "2019-09-30": "981.85600", "2019-06-30": "914.64400", "2019-03-31": "496.13900", "2018-12-31": "1154.75200", "2018-09-30": "1075.67700", "2018-06-30": "979.87200", "2018-03-31": "781.46700", "2017-12-31": "630.75700", "2017-09-30": "630.74200", "2017-06-30": "460.32600", "2017-03-31": "129.51200", "2016-12-31": "1134.72700", "2016-09-30": "478.16300", "2016-06-30": "533.31800", "2016-03-31": "111.02100", "2015-12-31": "210.55200", "2015-09-30": "626.78400", "2015-06-30": "626.21800", "2015-03-31": "1008.59900", "2014-12-31": "1042.09500", "2014-09-30": "1479.50600", "2014-06-30": "1797.97000", "2014-03-31": "1784.10300", "2013-12-31": "1665.26300", "2013-09-30": "1951.23300", "2013-06-30": "1982.13500", "2013-03-31": "2538.13600", "2012-12-31": "2388.28500", "2012-09-30": "2337.81700", "2012-06-30": "1638.68100", "2012-03-31": "1901.47900", "2011-12-31": "1790.54300", "2011-09-30": "1716.30400", "2011-06-30": "492.54300", "2011-03-31": "273.06100", "2010-12-31": "230.44400", "2010-09-30": "273.09100", "2010-06-30": "141.42800", "2010-03-31": "94.75600", "2009-12-31": "125.81900", "2009-09-30": "99.55300", "2009-06-30": "109.47900", "2009-03-31": "54.46500", "2008-12-31": "88.43800", "2008-09-30": "214.38100", "2008-06-30": "271.08100", "2008-03-31": "386.52500", "2007-12-31": "252.60200", "2007-09-30": "223.81600", "2007-06-30": "356.67700", "2007-03-31": "270.67600", "2006-12-31": "250.28500", "2006-09-30": "286.38300", "2006-06-30": "228.59300", "2006-03-31": "190.81000", "2005-12-31": "239.04200", "2005-09-30": "260.67000", "2005-06-30": "209.18200", "2005-03-31": "138.39800"}, "Receivables": {"2020-09-30": "621.92200", "2020-06-30": "671.11400", "2020-03-31": "575.39500", "2019-12-31": "885.16300", "2019-09-30": "863.42200", "2019-06-30": "863.94200", "2019-03-31": "1079.74200", "2018-12-31": "705.74100", "2018-09-30": "862.48200", "2018-06-30": "843.12400", "2018-03-31": "864.40800", "2017-12-31": "765.07000", "2017-09-30": "714.34800", "2017-06-30": "603.77800", "2017-03-31": "688.50100", "2016-12-31": "547.57000", "2016-09-30": "438.62000", "2016-06-30": "531.50700", "2016-03-31": "463.72700", "2015-12-31": "351.97800", "2015-09-30": "522.34900", "2015-06-30": "634.45800", "2015-03-31": "526.85300", "2014-12-31": "601.62400", "2014-09-30": "723.13900", "2014-06-30": "799.05500", "2014-03-31": "700.76890", "2013-12-31": "818.17800", "2013-09-30": "829.95900", "2013-06-30": "833.23600", "2013-03-31": "694.42800", "2012-12-31": "709.18700", "2012-09-30": "777.42190", "2012-06-30": "697.37400", "2012-03-31": "826.79500", "2011-12-31": "796.13400", "2011-09-30": "1341.68300", "2011-06-30": "1003.52700", "2011-03-31": "1154.29600", "2010-12-31": "1044.15000", "2010-09-30": "744.74000", "2010-06-30": "762.76900", "2010-03-31": "913.78800", "2009-12-31": "800.52700", "2009-09-30": "621.21590", "2009-06-30": "610.54100", "2009-03-31": "309.52800", "2008-12-31": "294.96900", "2008-09-30": "631.00500", "2008-06-30": "851.56000", "2008-03-31": "683.41000", "2007-12-31": "631.12500", "2007-09-30": "595.72400", "2007-06-30": "404.33600", "2007-03-31": "362.79200", "2006-12-31": "407.17800", "2006-09-30": "400.49500", "2006-06-30": "463.66800", "2006-03-31": "373.90500", "2005-12-31": "401.90400", "2005-09-30": "481.27700", "2005-06-30": "406.00500", "2005-03-31": "395.84300"}, "Inventory": {"2020-09-30": "1137.66400", "2020-06-30": "1173.70100", "2020-03-31": "943.63500", "2019-12-31": "1474.20200", "2019-09-30": "1637.05900", "2019-06-30": "1636.58100", "2019-03-31": "1667.92900", "2018-12-31": "1354.37900", "2018-09-30": "1862.50000", "2018-06-30": "1816.87200", "2018-03-31": "1592.28100", "2017-12-31": "1630.09200", "2017-09-30": "1419.84200", "2017-06-30": "1191.97300", "2017-03-31": "1317.49700", "2016-12-31": "1135.67600", "2016-09-30": "1090.79400", "2016-06-30": "1021.02300", "2016-03-31": "891.93800", "2015-12-31": "841.86900", "2015-09-30": "1037.02400", "2015-06-30": "1189.91800", "2015-03-31": "1115.67800", "2014-12-31": "1035.13100", "2014-09-30": "1579.46500", "2014-06-30": "1504.83200", "2014-03-31": "1590.29200", "2013-12-31": "1354.24700", "2013-09-30": "1548.17300", "2013-06-30": "1550.44300", "2013-03-31": "1470.80000", "2012-12-31": "1319.63200", "2012-09-30": "1485.45000", "2012-06-30": "1309.81900", "2012-03-31": "1345.15500", "2011-12-31": "1114.61900", "2011-09-30": "1265.51900", "2011-06-30": "495.30000", "2011-03-31": "473.45600", "2010-12-31": "400.36700", "2010-09-30": "414.01500", "2010-06-30": "421.14600", "2010-03-31": "421.02200", "2009-12-31": "303.51300", "2009-09-30": "298.28200", "2009-06-30": "264.04800", "2009-03-31": "162.92400", "2008-12-31": "125.73500", "2008-09-30": "140.83200", "2008-06-30": "159.39000", "2008-03-31": "135.11500", "2007-12-31": "140.63000", "2007-09-30": "179.80400", "2007-06-30": "143.69700", "2007-03-31": "145.43300", "2006-12-31": "129.67500", "2006-09-30": "104.29700", "2006-06-30": "145.82900", "2006-03-31": "146.35700", "2005-12-31": "103.33900", "2005-09-30": "114.40900", "2005-06-30": "127.99900", "2005-03-31": "145.11700"}, "Pre-Paid Expenses": {"2020-09-30": "", "2020-06-30": "", "2020-03-31": "", "2019-12-31": "", "2019-09-30": "", "2019-06-30": "", "2019-03-31": "", "2018-12-31": "", "2018-09-30": "", "2018-06-30": "", "2018-03-31": "", "2017-12-31": "", "2017-09-30": "", "2017-06-30": "", "2017-03-31": "", "2016-12-31": "", "2016-09-30": "", "2016-06-30": "", "2016-03-31": "", "2015-12-31": "", "2015-09-30": "", "2015-06-30": "", "2015-03-31": "", "2014-12-31": "", "2014-09-30": "", "2014-06-30": "", "2014-03-31": "", "2013-12-31": "", "2013-09-30": "", "2013-06-30": "", "2013-03-31": "", "2012-12-31": "", "2012-09-30": "", "2012-06-30": "", "2012-03-31": "", "2011-12-31": "", "2011-09-30": "", "2011-06-30": "", "2011-03-31": "", "2010-12-31": "", "2010-09-30": "", "2010-06-30": "", "2010-03-31": "", "2009-12-31": "", "2009-09-30": "", "2009-06-30": "", "2009-03-31": "", "2008-12-31": "", "2008-09-30": "", "2008-06-30": "", "2008-03-31": "", "2007-12-31": "", "2007-09-30": "", "2007-06-30": "", "2007-03-31": "", "2006-12-31": "", "2006-09-30": "", "2006-06-30": "", "2006-03-31": "", "2005-12-31": "", "2005-09-30": "", "2005-06-30": "", "2005-03-31": ""}, "Other Current Assets": {"2020-09-30": "34.35400", "2020-06-30": "56.21000", "2020-03-31": "80.98200", "2019-12-31": "61.66200", "2019-09-30": "50.42900", "2019-06-30": "51.23000", "2019-03-31": "77.52800", "2018-12-31": "81.50700", "2018-09-30": "57.06600", "2018-06-30": "62.60400", "2018-03-31": "54.75700", "2017-12-31": "36.90900", "2017-09-30": "32.12900", "2017-06-30": "37.68600", "2017-03-31": "33.32900", "2016-12-31": "33.03600", "2016-09-30": "23.88900", "2016-06-30": "32.25000", "2016-03-31": "32.58400", "2015-12-31": "43.66600", "2015-09-30": "73.09700", "2015-06-30": "68.94500", "2015-03-31": "64.64800", "2014-12-31": "104.14800", "2014-09-30": "111.62300", "2014-06-30": "134.27400", "2014-03-31": "110.34500", "2013-12-31": "58.75600", "2013-09-30": "80.77000", "2013-06-30": "82.33800", "2013-03-31": "59.94600", "2012-12-31": "53.16100", "2012-09-30": "31.23200", "2012-06-30": "59.81800", "2012-03-31": "54.17200", "2011-12-31": "219.45000", "2011-09-30": "55.58200", "2011-06-30": "33.60400", "2011-03-31": "14.94100", "2010-12-31": "28.47400", "2010-09-30": "43.26100", "2010-06-30": "59.78500", "2010-03-31": "81.37700", "2009-12-31": "50.95700", "2009-09-30": "26.76200", "2009-06-30": "26.38900", "2009-03-31": "18.28100", "2008-12-31": "18.77500", "2008-09-30": "13.75600", "2008-06-30": "9.82500", "2008-03-31": "8.70700", "2007-12-31": "10.26400", "2007-09-30": "12.95400", "2007-06-30": "15.38700", "2007-03-31": "10.75100", "2006-12-31": "12.08100", "2006-09-30": "28.71500", "2006-06-30": "21.24300", "2006-03-31": "13.62600", "2005-12-31": "14.63900", "2005-09-30": "15.88300", "2005-06-30": "17.58200", "2005-03-31": "15.44200"}, "Total Current Assets": {"2020-09-30": "3318.82800", "2020-06-30": "2803.53400", "2020-03-31": "2509.13800", "2019-12-31": "3306.18900", "2019-09-30": "3532.76600", "2019-06-30": "3466.39700", "2019-03-31": "3321.33800", "2018-12-31": "3296.37900", "2018-09-30": "3857.72500", "2018-06-30": "3702.47200", "2018-03-31": "3292.91300", "2017-12-31": "3062.82800", "2017-09-30": "2797.06100", "2017-06-30": "2293.76300", "2017-03-31": "2168.83900", "2016-12-31": "2851.00900", "2016-09-30": "2031.46600", "2016-06-30": "2118.09800", "2016-03-31": "1499.27000", "2015-12-31": "1448.06500", "2015-09-30": "2307.67300", "2015-06-30": "2519.53900", "2015-03-31": "2715.77800", "2014-12-31": "2782.99800", "2014-09-30": "3893.73300", "2014-06-30": "4236.13100", "2014-03-31": "4185.50900", "2013-12-31": "3896.44400", "2013-09-30": "4410.13500", "2013-06-30": "4448.15200", "2013-03-31": "4763.31000", "2012-12-31": "4470.26500", "2012-09-30": "4631.92100", "2012-06-30": "3705.69200", "2012-03-31": "4127.60100", "2011-12-31": "3920.74600", "2011-09-30": "4379.08800", "2011-06-30": "2024.97400", "2011-03-31": "1915.75400", "2010-12-31": "1703.43500", "2010-09-30": "1475.10700", "2010-06-30": "1385.12800", "2010-03-31": "1510.94300", "2009-12-31": "1283.01100", "2009-09-30": "1045.81300", "2009-06-30": "1010.45700", "2009-03-31": "545.19800", "2008-12-31": "530.62300", "2008-09-30": "999.97400", "2008-06-30": "1291.85600", "2008-03-31": "1213.75700", "2007-12-31": "1034.62100", "2007-09-30": "1012.29800", "2007-06-30": "920.09700", "2007-03-31": "789.65200", "2006-12-31": "799.57400", "2006-09-30": "820.51400", "2006-06-30": "861.79900", "2006-03-31": "733.31200", "2005-12-31": "789.53600", "2005-09-30": "872.23900", "2005-06-30": "760.76800", "2005-03-31": "694.80000"}, "Property, Plant, And Equipment": {"2020-09-30": "4527.87200", "2020-06-30": "4485.18000", "2020-03-31": "4769.36700", "2019-12-31": "4822.71200", "2019-09-30": "4797.38800", "2019-06-30": "4802.97000", "2019-03-31": "4816.13000", "2018-12-31": "4682.53400", "2018-09-30": "4673.44300", "2018-06-30": "4660.63700", "2018-03-31": "4673.27900", "2017-12-31": "4713.27400", "2017-09-30": "4436.83100", "2017-06-30": "4443.55800", "2017-03-31": "4453.67500", "2016-12-31": "4008.44800", "2016-09-30": "3984.34100", "2016-06-30": "3954.04400", "2016-03-31": "4196.25700", "2015-12-31": "4115.66200", "2015-09-30": "3977.25800", "2015-06-30": "3868.39500", "2015-03-31": "3781.16000", "2014-12-31": "3670.53900", "2014-09-30": "3560.26500", "2014-06-30": "3492.74300", "2014-03-31": "3442.29900", "2013-12-31": "3394.59600", "2013-09-30": "3312.25500", "2013-06-30": "3257.83100", "2013-03-31": "3214.19800", "2012-12-31": "3194.70000", "2012-09-30": "3119.93200", "2012-06-30": "3088.30600", "2012-03-31": "3071.21300", "2011-12-31": "3052.90500", "2011-09-30": "2996.52800", "2011-06-30": "1859.76300", "2011-03-31": "1801.55200", "2010-12-31": "1756.69100", "2010-09-30": "1697.38300", "2010-06-30": "1669.64500", "2010-03-31": "1638.99300", "2009-12-31": "1629.97000", "2009-09-30": "1469.02400", "2009-06-30": "1425.20000", "2009-03-31": "1285.24500", "2008-12-31": "1172.92400", "2008-09-30": "1124.59600", "2008-06-30": "1046.73300", "2008-03-31": "934.22200", "2007-12-31": "530.85000", "2007-09-30": "491.90300", "2007-06-30": "459.84900", "2007-03-31": "423.13500", "2006-12-31": "405.47000", "2006-09-30": "382.89200", "2006-06-30": "368.44400", "2006-03-31": "341.73500", "2005-12-31": "316.13900", "2005-09-30": "288.34200", "2005-06-30": "430.65500", "2005-03-31": "424.11100"}, "Long-Term Investments": {"2020-09-30": "", "2020-06-30": "", "2020-03-31": "", "2019-12-31": "", "2019-09-30": "", "2019-06-30": "", "2019-03-31": "", "2018-12-31": "", "2018-09-30": "", "2018-06-30": "", "2018-03-31": "", "2017-12-31": "", "2017-09-30": "", "2017-06-30": "", "2017-03-31": "", "2016-12-31": "", "2016-09-30": "", "2016-06-30": "", "2016-03-31": "", "2015-12-31": "", "2015-09-30": "", "2015-06-30": "", "2015-03-31": "", "2014-12-31": "", "2014-09-30": "", "2014-06-30": "", "2014-03-31": "6.05000", "2013-12-31": "", "2013-09-30": "5.41500", "2013-06-30": "3.39300", "2013-03-31": "5.00000", "2012-12-31": "5.11600", "2012-09-30": "5.51900", "2012-06-30": "9.76500", "2012-03-31": "26.05700", "2011-12-31": "50.06700", "2011-09-30": "43.04900", "2011-06-30": "24.80400", "2011-03-31": "19.55000", "2010-12-31": "", "2010-09-30": "", "2010-06-30": "", "2010-03-31": "", "2009-12-31": "", "2009-09-30": "", "2009-06-30": "", "2009-03-31": "", "2008-12-31": "6.00900", "2008-09-30": "16.21100", "2008-06-30": "26.83100", "2008-03-31": "51.24600", "2007-12-31": "77.18200", "2007-09-30": "85.91400", "2007-06-30": "54.60900", "2007-03-31": "9.72100", "2006-12-31": "5.66800", "2006-09-30": "4.07400", "2006-06-30": "4.41000", "2006-03-31": "10.86500", "2005-12-31": "15.80000", "2005-09-30": "12.98100", "2005-06-30": "36.45000", "2005-03-31": "55.76400"}, "Goodwill And Intangible Assets": {"2020-09-30": "3018.81100", "2020-06-30": "3025.40600", "2020-03-31": "3016.70800", "2019-12-31": "3047.55300", "2019-09-30": "3002.75400", "2019-06-30": "3013.18100", "2019-03-31": "3169.21300", "2018-12-31": "2675.82700", "2018-09-30": "2691.35700", "2018-06-30": "2663.75900", "2018-03-31": "2675.81700", "2017-12-31": "2684.73300", "2017-09-30": "2675.58600", "2017-06-30": "2654.37700", "2017-03-31": "2653.87900", "2016-12-31": "2358.86400", "2016-09-30": "2359.02800", "2016-06-30": "2359.22100", "2016-03-31": "2634.98700", "2015-12-31": "2592.69900", "2015-09-30": "2554.38200", "2015-06-30": "2505.45100", "2015-03-31": "2510.55000", "2014-12-31": "2519.35700", "2014-09-30": "2509.97600", "2014-06-30": "2506.58000", "2014-03-31": "2507.27700", "2013-12-31": "2507.26300", "2013-09-30": "2513.75300", "2013-06-30": "2516.33800", "2013-03-31": "2516.30800", "2012-12-31": "2507.15200", "2012-09-30": "2504.97900", "2012-06-30": "2506.30900", "2012-03-31": "2496.70400", "2011-12-31": "2495.46500", "2011-09-30": "2435.75500", "2011-06-30": "180.38500", "2011-03-31": "183.49500", "2010-12-31": "171.81600", "2010-09-30": "173.94100", "2010-06-30": "175.98600", "2010-03-31": "176.16400", "2009-12-31": "179.49500", "2009-09-30": "125.73500", "2009-06-30": "125.87100", "2009-03-31": "123.14700", "2008-12-31": "97.96200", "2008-09-30": "65.79800", "2008-06-30": "", "2008-03-31": "68.76200", "2007-12-31": "12.58700", "2007-09-30": "13.13100", "2007-06-30": "13.77200", "2007-03-31": "14.22700", "2006-12-31": "15.09600", "2006-09-30": "14.96100", "2006-06-30": "17.72400", "2006-03-31": "17.82100", "2005-12-31": "14.10400", "2005-09-30": "14.67400", "2005-06-30": "10.52200", "2005-03-31": "17.72700"}, "Other Long-Term Assets": {"2020-09-30": "349.18500", "2020-06-30": "359.20300", "2020-03-31": "491.14600", "2019-12-31": "521.27800", "2019-09-30": "405.04300", "2019-06-30": "372.19800", "2019-03-31": "388.55200", "2018-12-31": "339.86100", "2018-09-30": "272.60100", "2018-06-30": "254.48400", "2018-03-31": "270.06500", "2017-12-31": "231.31900", "2017-09-30": "238.87700", "2017-06-30": "251.33700", "2017-03-31": "265.95900", "2016-12-31": "217.34000", "2016-09-30": "221.61300", "2016-06-30": "228.35400", "2016-03-31": "263.77300", "2015-12-31": "231.87300", "2015-09-30": "232.32400", "2015-06-30": "251.90100", "2015-03-31": "254.63900", "2014-12-31": "257.15300", "2014-09-30": "217.79600", "2014-06-30": "222.92900", "2014-03-31": "239.42300", "2013-12-31": "258.43600", "2013-09-30": "257.08600", "2013-06-30": "268.22000", "2013-03-31": "197.35600", "2012-12-31": "151.76400", "2012-09-30": "83.58500", "2012-06-30": "72.46000", "2012-03-31": "64.17500", "2011-12-31": "57.06000", "2011-09-30": "62.04300", "2011-06-30": "75.37700", "2011-03-31": "69.40900", "2010-12-31": "69.53300", "2010-09-30": "50.94800", "2010-06-30": "52.82000", "2010-03-31": "56.22700", "2009-12-31": "53.46300", "2009-09-30": "57.52600", "2009-06-30": "59.91300", "2009-03-31": "60.27700", "2008-12-31": "34.30900", "2008-09-30": "33.84400", "2008-06-30": "77.45100", "2008-03-31": "8.73500", "2007-12-31": "8.70500", "2007-09-30": "8.46700", "2007-06-30": "9.15000", "2007-03-31": "10.30700", "2006-12-31": "12.06100", "2006-09-30": "6.35100", "2006-06-30": "4.96500", "2006-03-31": "5.77600", "2005-12-31": "7.32100", "2005-09-30": "9.02100", "2005-06-30": "82.28200", "2005-03-31": "74.59800"}, "Total Long-Term Assets": {"2020-09-30": "8260.91300", "2020-06-30": "8260.28600", "2020-03-31": "8712.65600", "2019-12-31": "8858.65200", "2019-09-30": "8658.56300", "2019-06-30": "8638.09500", "2019-03-31": "8802.09200", "2018-12-31": "7698.22200", "2018-09-30": "7637.40100", "2018-06-30": "7578.88000", "2018-03-31": "7619.16100", "2017-12-31": "7629.32600", "2017-09-30": "7351.29400", "2017-06-30": "7349.27200", "2017-03-31": "7373.51300", "2016-12-31": "6584.65200", "2016-09-30": "6564.98200", "2016-06-30": "6541.61900", "2016-03-31": "7095.01700", "2015-12-31": "6940.23400", "2015-09-30": "6763.96400", "2015-06-30": "6625.74700", "2015-03-31": "6546.34900", "2014-12-31": "6447.04900", "2014-09-30": "6288.03700", "2014-06-30": "6222.25200", "2014-03-31": "6195.04900", "2013-12-31": "6160.29500", "2013-09-30": "6088.50900", "2013-06-30": "6045.78200", "2013-03-31": "5932.86200", "2012-12-31": "5858.73200", "2012-09-30": "5714.01500", "2012-06-30": "5676.84000", "2012-03-31": "5658.14800", "2011-12-31": "5655.49700", "2011-09-30": "5537.37500", "2011-06-30": "2140.32900", "2011-03-31": "2074.00600", "2010-12-31": "1998.04000", "2010-09-30": "1922.27200", "2010-06-30": "1898.45100", "2010-03-31": "1871.38400", "2009-12-31": "1862.92800", "2009-09-30": "1652.28500", "2009-06-30": "1610.98400", "2009-03-31": "1468.66900", "2008-12-31": "1343.60200", "2008-09-30": "1240.44900", "2008-06-30": "1151.01500", "2008-03-31": "1062.96500", "2007-12-31": "629.32400", "2007-09-30": "599.41500", "2007-06-30": "537.38000", "2007-03-31": "457.39000", "2006-12-31": "438.29500", "2006-09-30": "408.27800", "2006-06-30": "395.54300", "2006-03-31": "376.19700", "2005-12-31": "353.36400", "2005-09-30": "325.01800", "2005-06-30": "559.90900", "2005-03-31": "572.20000"}, "Total Assets": {"2020-09-30": "11579.74000", "2020-06-30": "11063.82000", "2020-03-31": "11221.79000", "2019-12-31": "12164.84000", "2019-09-30": "12191.33000", "2019-06-30": "12104.49000", "2019-03-31": "12123.43000", "2018-12-31": "10994.60000", "2018-09-30": "11495.13000", "2018-06-30": "11281.35000", "2018-03-31": "10912.07000", "2017-12-31": "10692.15000", "2017-09-30": "10148.36000", "2017-06-30": "9643.03500", "2017-03-31": "9542.35200", "2016-12-31": "9435.66100", "2016-09-30": "8596.44800", "2016-06-30": "8659.71700", "2016-03-31": "8594.28700", "2015-12-31": "8388.29900", "2015-09-30": "9071.63700", "2015-06-30": "9145.28600", "2015-03-31": "9262.12700", "2014-12-31": "9230.04700", "2014-09-30": "10181.77000", "2014-06-30": "10458.38000", "2014-03-31": "10380.56000", "2013-12-31": "10056.74000", "2013-09-30": "10498.64000", "2013-06-30": "10493.93000", "2013-03-31": "10696.17000", "2012-12-31": "10329.00000", "2012-09-30": "10345.94000", "2012-06-30": "9382.53200", "2012-03-31": "9785.75000", "2011-12-31": "9576.24300", "2011-09-30": "9916.46300", "2011-06-30": "4165.30300", "2011-03-31": "3989.76000", "2010-12-31": "3701.47500", "2010-09-30": "3397.37900", "2010-06-30": "3283.57900", "2010-03-31": "3382.32700", "2009-12-31": "3145.93900", "2009-09-30": "2698.09800", "2009-06-30": "2621.44100", "2009-03-31": "2013.86700", "2008-12-31": "1874.22500", "2008-09-30": "2240.42300", "2008-06-30": "2442.87100", "2008-03-31": "2276.72200", "2007-12-31": "1663.94500", "2007-09-30": "1611.71300", "2007-06-30": "1457.47700", "2007-03-31": "1247.04200", "2006-12-31": "1237.86900", "2006-09-30": "1228.79200", "2006-06-30": "1257.34200", "2006-03-31": "1109.50900", "2005-12-31": "1142.90000", "2005-09-30": "1197.25700", "2005-06-30": "1320.67700", "2005-03-31": "1267.00000"}, "Total Current Liabilities": {"2020-09-30": "1236.85000", "2020-06-30": "1333.04200", "2020-03-31": "1308.88000", "2019-12-31": "1685.92800", "2019-09-30": "1705.34600", "2019-06-30": "1664.02700", "2019-03-31": "1669.28500", "2018-12-31": "1168.15500", "2018-09-30": "1540.63500", "2018-06-30": "1555.84700", "2018-03-31": "1465.00600", "2017-12-31": "1422.71000", "2017-09-30": "1401.01500", "2017-06-30": "1220.44800", "2017-03-31": "1141.65600", "2016-12-31": "1083.22900", "2016-09-30": "966.81800", "2016-06-30": "1048.55400", "2016-03-31": "885.60800", "2015-12-31": "860.61500", "2015-09-30": "1092.45300", "2015-06-30": "1240.49100", "2015-03-31": "1172.40300", "2014-12-31": "1233.99400", "2014-09-30": "1786.74900", "2014-06-30": "1967.69500", "2014-03-31": "1916.51000", "2013-12-31": "1674.49000", "2013-09-30": "1893.94800", "2013-06-30": "1879.69100", "2013-03-31": "1766.95400", "2012-12-31": "1654.44400", "2012-09-30": "2077.16000", "2012-06-30": "1561.68500", "2012-03-31": "2118.38100", "2011-12-31": "1890.68300", "2011-09-30": "2380.84000", "2011-06-30": "1557.59300", "2011-03-31": "1575.24200", "2010-12-31": "1389.85500", "2010-09-30": "1270.34900", "2010-06-30": "1065.49500", "2010-03-31": "1213.06400", "2009-12-31": "1025.11200", "2009-09-30": "867.96600", "2009-06-30": "851.09000", "2009-03-31": "512.57900", "2008-12-31": "462.15800", "2008-09-30": "914.05400", "2008-06-30": "1135.25100", "2008-03-31": "958.49800", "2007-12-31": "818.08000", "2007-09-30": "733.10000", "2007-06-30": "598.83800", "2007-03-31": "532.36900", "2006-12-31": "559.39300", "2006-09-30": "566.55300", "2006-06-30": "626.37300", "2006-03-31": "551.81000", "2005-12-31": "579.43300", "2005-09-30": "616.95900", "2005-06-30": "539.92200", "2005-03-31": "545.34200"}, "Long Term Debt": {"2020-09-30": "3176.34900", "2020-06-30": "2480.74600", "2020-03-31": "2496.00600", "2019-12-31": "2455.64000", "2019-09-30": "2425.23400", "2019-06-30": "2430.83200", "2019-03-31": "2430.93400", "2018-12-31": "2411.54000", "2018-09-30": "2409.14800", "2018-06-30": "2387.75900", "2018-03-31": "2382.87400", "2017-12-31": "2498.99300", "2017-09-30": "2236.51400", "2017-06-30": "2227.95100", "2017-03-31": "2231.54200", "2016-12-31": "2235.13700", "2016-09-30": "1665.60200", "2016-06-30": "1678.12300", "2016-03-31": "1308.16800", "2015-12-31": "1040.04000", "2015-09-30": "982.84600", "2015-06-30": "933.16200", "2015-03-31": "1077.36900", "2014-12-31": "1054.29700", "2014-09-30": "1039.39600", "2014-06-30": "1027.88500", "2014-03-31": "1023.05700", "2013-12-31": "997.51900", "2013-09-30": "999.88400", "2013-06-30": "990.23600", "2013-03-31": "1283.24500", "2012-12-31": "1336.23800", "2012-09-30": "1346.22700", "2012-06-30": "1295.16300", "2012-03-31": "1285.76100", "2011-12-31": "1214.74200", "2011-09-30": "1224.98700", "2011-06-30": "838.86600", "2011-03-31": "834.21300", "2010-12-31": "810.56100", "2010-09-30": "650.90600", "2010-06-30": "805.33600", "2010-03-31": "820.59500", "2009-12-31": "707.45800", "2009-09-30": "605.83200", "2009-06-30": "578.02000", "2009-03-31": "411.48500", "2008-12-31": "341.91400", "2008-09-30": "340.85100", "2008-06-30": "339.90900", "2008-03-31": "341.41600", "2007-12-31": "", "2007-09-30": "", "2007-06-30": "", "2007-03-31": "", "2006-12-31": "", "2006-09-30": "", "2006-06-30": "", "2006-03-31": "", "2005-12-31": "", "2005-09-30": "", "2005-06-30": "182.95700", "2005-03-31": "147.05500"}, "Other Non-Current Liabilities": {"2020-09-30": "260.60600", "2020-06-30": "250.99400", "2020-03-31": "248.26100", "2019-12-31": "260.15700", "2019-09-30": "247.45500", "2019-06-30": "243.54200", "2019-03-31": "241.90000", "2018-12-31": "233.27100", "2018-09-30": "226.27000", "2018-06-30": "229.03100", "2018-03-31": "226.38300", "2017-12-31": "225.72600", "2017-09-30": "202.92700", "2017-06-30": "207.50200", "2017-03-31": "208.78700", "2016-12-31": "194.89600", "2016-09-30": "196.71800", "2016-06-30": "202.46900", "2016-03-31": "213.00500", "2015-12-31": "179.96500", "2015-09-30": "178.21700", "2015-06-30": "176.14100", "2015-03-31": "181.82200", "2014-12-31": "176.75800", "2014-09-30": "135.11100", "2014-06-30": "138.71900", "2014-03-31": "148.15700", "2013-12-31": "158.49000", "2013-09-30": "150.51900", "2013-06-30": "144.76200", "2013-03-31": "162.82400", "2012-12-31": "158.98700", "2012-09-30": "163.84800", "2012-06-30": "162.03100", "2012-03-31": "191.03600", "2011-12-31": "171.19700", "2011-09-30": "138.76300", "2011-06-30": "81.19100", "2011-03-31": "80.65700", "2010-12-31": "80.98500", "2010-09-30": "80.97000", "2010-06-30": "84.20900", "2010-03-31": "82.28700", "2009-12-31": "81.00300", "2009-09-30": "81.30000", "2009-06-30": "77.35800", "2009-03-31": "67.39100", "2008-12-31": "64.33000", "2008-09-30": "31.18200", "2008-06-30": "37.81900", "2008-03-31": "42.33400", "2007-12-31": "204.80500", "2007-09-30": "182.26300", "2007-06-30": "197.90900", "2007-03-31": "195.68900", "2006-12-31": "191.60600", "2006-09-30": "177.37900", "2006-06-30": "183.97800", "2006-03-31": "179.85100", "2005-12-31": "176.12700", "2005-09-30": "168.78900", "2005-06-30": "13.36800", "2005-03-31": "14.13300"}, "Total Long Term Liabilities": {"2020-09-30": "4466.32200", "2020-06-30": "3816.26700", "2020-03-31": "3802.43600", "2019-12-31": "3969.48700", "2019-09-30": "3944.61900", "2019-06-30": "3909.46500", "2019-03-31": "3859.57100", "2018-12-31": "3367.38700", "2018-09-30": "3390.97900", "2018-06-30": "3321.86200", "2018-03-31": "3289.15600", "2017-12-31": "3372.50400", "2017-09-30": "3281.56300", "2017-06-30": "3180.50300", "2017-03-31": "3177.50200", "2016-12-31": "3050.44700", "2016-09-30": "2409.22900", "2016-06-30": "2413.25300", "2016-03-31": "2065.48100", "2015-12-31": "1717.91100", "2015-09-30": "1797.50000", "2015-06-30": "1736.84000", "2015-03-31": "1890.22100", "2014-12-31": "1895.33400", "2014-09-30": "1834.17300", "2014-06-30": "1824.06900", "2014-03-31": "1815.54700", "2013-12-31": "1772.85100", "2013-09-30": "1808.54600", "2013-06-30": "1714.86500", "2013-03-31": "2000.17100", "2012-12-31": "2031.89500", "2012-09-30": "1909.28000", "2012-06-30": "1873.22200", "2012-03-31": "1877.79000", "2011-12-31": "1849.66000", "2011-09-30": "1874.83300", "2011-06-30": "1048.52200", "2011-03-31": "1046.56800", "2010-12-31": "1023.48100", "2010-09-30": "861.55300", "2010-06-30": "997.32800", "2010-03-31": "1005.75200", "2009-12-31": "913.04600", "2009-09-30": "782.77590", "2009-06-30": "743.78200", "2009-03-31": "550.20400", "2008-12-31": "475.73500", "2008-09-30": "816.45200", "2008-06-30": "827.24690", "2008-03-31": "818.19090", "2007-12-31": "252.07100", "2007-09-30": "213.53800", "2007-06-30": "218.63900", "2007-03-31": "215.44400", "2006-12-31": "212.38200", "2006-09-30": "199.50100", "2006-06-30": "196.62400", "2006-03-31": "191.35800", "2005-12-31": "186.11600", "2005-09-30": "191.27700", "2005-06-30": "397.25500", "2005-03-31": "363.26800"}, "Total Liabilities": {"2020-09-30": "5703.17200", "2020-06-30": "5149.30900", "2020-03-31": "5111.31600", "2019-12-31": "5655.41500", "2019-09-30": "5649.96500", "2019-06-30": "5573.49200", "2019-03-31": "5528.85600", "2018-12-31": "4535.54200", "2018-09-30": "4931.61400", "2018-06-30": "4877.70900", "2018-03-31": "4754.16200", "2017-12-31": "4795.21400", "2017-09-30": "4682.57800", "2017-06-30": "4400.95100", "2017-03-31": "4319.15800", "2016-12-31": "4133.67600", "2016-09-30": "3376.04700", "2016-06-30": "3461.80700", "2016-03-31": "2951.08900", "2015-12-31": "2578.52600", "2015-09-30": "2889.95300", "2015-06-30": "2977.33100", "2015-03-31": "3062.62400", "2014-12-31": "3129.32800", "2014-09-30": "3620.92200", "2014-06-30": "3791.76400", "2014-03-31": "3732.05700", "2013-12-31": "3447.34100", "2013-09-30": "3702.49400", "2013-06-30": "3594.55600", "2013-03-31": "3767.12500", "2012-12-31": "3686.33900", "2012-09-30": "3986.44000", "2012-06-30": "3434.90700", "2012-03-31": "3996.17100", "2011-12-31": "3740.34300", "2011-09-30": "4255.67300", "2011-06-30": "2606.11500", "2011-03-31": "2621.81000", "2010-12-31": "2413.33600", "2010-09-30": "2131.90200", "2010-06-30": "2062.82300", "2010-03-31": "2218.81600", "2009-12-31": "1938.15800", "2009-09-30": "1650.74200", "2009-06-30": "1594.87200", "2009-03-31": "1062.78300", "2008-12-31": "937.89300", "2008-09-30": "1730.50600", "2008-06-30": "1962.49800", "2008-03-31": "1776.68900", "2007-12-31": "1070.15100", "2007-09-30": "946.63800", "2007-06-30": "817.47700", "2007-03-31": "747.81300", "2006-12-31": "771.77500", "2006-09-30": "766.05400", "2006-06-30": "822.99700", "2006-03-31": "743.16800", "2005-12-31": "765.54900", "2005-09-30": "808.23600", "2005-06-30": "937.17700", "2005-03-31": "908.61000"}, "Common Stock Net": {"2020-09-30": "2.56000", "2020-06-30": "2.56000", "2020-03-31": "2.56000", "2019-12-31": "2.56000", "2019-09-30": "2.56000", "2019-06-30": "2.56000", "2019-03-31": "2.56000", "2018-12-31": "2.56000", "2018-09-30": "2.56000", "2018-06-30": "2.56000", "2018-03-31": "2.56000", "2017-12-31": "2.56000", "2017-09-30": "2.56000", "2017-06-30": "2.56000", "2017-03-31": "2.56000", "2016-12-31": "2.56000", "2016-09-30": "2.56000", "2016-06-30": "2.56000", "2016-03-31": "2.56000", "2015-12-31": "2.56000", "2015-09-30": "2.56000", "2015-06-30": "2.56000", "2015-03-31": "2.56000", "2014-12-31": "2.56000", "2014-09-30": "2.56000", "2014-06-30": "2.56000", "2014-03-31": "2.56000", "2013-12-31": "2.56000", "2013-09-30": "2.56000", "2013-06-30": "2.56000", "2013-03-31": "2.56000", "2012-12-31": "2.56000", "2012-09-30": "2.56000", "2012-06-30": "2.56000", "2012-03-31": "2.56000", "2011-12-31": "2.56300", "2011-09-30": "2.56000", "2011-06-30": "0.76300", "2011-03-31": "0.76300", "2010-12-31": "1.52600", "2010-09-30": "0.76400", "2010-06-30": "0.76400", "2010-03-31": "0.76400", "2009-12-31": "0.76400", "2009-09-30": "0.73700", "2009-06-30": "0.73800", "2009-03-31": "0.73500", "2008-12-31": "0.73500", "2008-09-30": "0.73600", "2008-06-30": "0.73600", "2008-03-31": "0.73500", "2007-12-31": "0.73300", "2007-09-30": "0.72400", "2007-06-30": "0.72400", "2007-03-31": "0.71900", "2006-12-31": "0.71800", "2006-09-30": "0.71700", "2006-06-30": "0.71700", "2006-03-31": "0.35700", "2005-12-31": "0.35400", "2005-09-30": "0.35400", "2005-06-30": "0.35400", "2005-03-31": "0.35300"}, "Retained Earnings (Accumulated Deficit)": {"2020-09-30": "4088.81600", "2020-06-30": "4148.39000", "2020-03-31": "4382.24900", "2019-12-31": "4744.12000", "2019-09-30": "4740.67700", "2019-06-30": "4533.36400", "2019-03-31": "4393.10800", "2018-12-31": "4196.90200", "2018-09-30": "4112.62900", "2018-06-30": "3831.69600", "2018-03-31": "3544.83000", "2017-12-31": "3346.61500", "2017-09-30": "2884.52400", "2017-06-30": "2671.27600", "2017-03-31": "2672.26900", "2016-12-31": "2776.72800", "2016-09-30": "2782.37300", "2016-06-30": "2766.27800", "2016-03-31": "3234.04000", "2015-12-31": "3271.18900", "2015-09-30": "3375.22600", "2015-06-30": "3241.08500", "2015-03-31": "2942.70700", "2014-12-31": "2778.57700", "2014-09-30": "3162.17300", "2014-06-30": "3149.84900", "2014-03-31": "3136.87100", "2013-12-31": "3144.48000", "2013-09-30": "3241.69400", "2013-06-30": "3319.55000", "2013-03-31": "3225.05000", "2012-12-31": "3054.76900", "2012-09-30": "2806.11700", "2012-06-30": "2440.44800", "2012-03-31": "2080.84800", "2011-12-31": "1964.65600", "2011-09-30": "1866.87300", "2011-06-30": "1467.23300", "2011-03-31": "1283.02100", "2010-12-31": "1206.32800", "2010-09-30": "1199.60500", "2010-06-30": "1156.42700", "2010-03-31": "1098.25700", "2009-12-31": "1134.34100", "2009-09-30": "1182.83100", "2009-06-30": "1166.88300", "2009-03-31": "1159.88100", "2008-12-31": "1145.38800", "2008-09-30": "1102.33700", "2008-06-30": "1059.90500", "2008-03-31": "1055.98900", "2007-12-31": "1054.97400", "2007-09-30": "1011.55100", "2007-06-30": "959.99000", "2007-03-31": "807.96900", "2006-12-31": "745.99400", "2006-09-30": "702.76000", "2006-06-30": "628.27400", "2006-03-31": "539.73800", "2005-12-31": "495.81900", "2005-09-30": "458.87200", "2005-06-30": "399.16300", "2005-03-31": "350.32500"}, "Comprehensive Income": {"2020-09-30": "10.10200", "2020-06-30": "2.22500", "2020-03-31": "-12.14900", "2019-12-31": "14.77400", "2019-09-30": "17.21700", "2019-06-30": "30.20200", "2019-03-31": "27.39800", "2018-12-31": "13.62300", "2018-09-30": "25.90600", "2018-06-30": "11.91300", "2018-03-31": "19.86100", "2017-12-31": "29.86900", "2017-09-30": "31.44000", "2017-06-30": "18.78500", "2017-03-31": "8.12400", "2016-12-31": "10.61200", "2016-09-30": "7.62700", "2016-06-30": "5.85300", "2016-03-31": "-4.56600", "2015-12-31": "-4.15500", "2015-09-30": "7.16700", "2015-06-30": "12.69000", "2015-03-31": "16.37200", "2014-12-31": "27.89400", "2014-09-30": "70.01100", "2014-06-30": "75.44000", "2014-03-31": "54.06400", "2013-12-31": "0.82200", "2013-09-30": "36.17400", "2013-06-30": "33.20600", "2013-03-31": "3.33400", "2012-12-31": "-8.42500", "2012-09-30": "-62.52100", "2012-06-30": "5.57500", "2012-03-31": "-17.42100", "2011-12-31": "77.87300", "2011-09-30": "-12.70000", "2011-06-30": "-26.09100", "2011-03-31": "-25.86600", "2010-12-31": "-26.24600", "2010-09-30": "-26.36000", "2010-06-30": "-25.48300", "2010-03-31": "-25.20000", "2009-12-31": "-25.70000", "2009-09-30": "-34.20000", "2009-06-30": "-33.92900", "2009-03-31": "-35.28900", "2008-12-31": "-35.08100", "2008-09-30": "-20.05100", "2008-06-30": "-18.35600", "2008-03-31": "-20.66200", "2007-12-31": "-19.07600", "2007-09-30": "-11.71500", "2007-06-30": "-12.80600", "2007-03-31": "-12.84400", "2006-12-31": "-11.35800", "2006-09-30": "-5.18300", "2006-06-30": "-4.93000", "2006-03-31": "-4.67400", "2005-12-31": "-4.80200", "2005-09-30": "-1.65400", "2005-06-30": "-1.73400", "2005-03-31": "-1.85800"}, "Other Share Holders Equity": {"2020-09-30": "", "2020-06-30": "", "2020-03-31": "", "2019-12-31": "", "2019-09-30": "", "2019-06-30": "", "2019-03-31": "", "2018-12-31": "", "2018-09-30": "", "2018-06-30": "", "2018-03-31": "", "2017-12-31": "", "2017-09-30": "", "2017-06-30": "", "2017-03-31": "", "2016-12-31": "", "2016-09-30": "", "2016-06-30": "", "2016-03-31": "", "2015-12-31": "", "2015-09-30": "", "2015-06-30": "", "2015-03-31": "", "2014-12-31": "", "2014-09-30": "", "2014-06-30": "", "2014-03-31": "", "2013-12-31": "", "2013-09-30": "", "2013-06-30": "", "2013-03-31": "", "2012-12-31": "", "2012-09-30": "", "2012-06-30": "", "2012-03-31": "", "2011-12-31": "", "2011-09-30": "", "2011-06-30": "", "2011-03-31": "", "2010-12-31": "", "2010-09-30": "", "2010-06-30": "", "2010-03-31": "", "2009-12-31": "", "2009-09-30": "", "2009-06-30": "", "2009-03-31": "", "2008-12-31": "", "2008-09-30": "", "2008-06-30": "", "2008-03-31": "", "2007-12-31": "", "2007-09-30": "", "2007-06-30": "", "2007-03-31": "", "2006-12-31": "", "2006-09-30": "", "2006-06-30": "", "2006-03-31": "", "2005-12-31": "", "2005-09-30": "", "2005-06-30": "", "2005-03-31": ""}, "Share Holder Equity": {"2020-09-30": "5876.56900", "2020-06-30": "5914.51100", "2020-03-31": "6110.47800", "2019-12-31": "6509.42600", "2019-09-30": "6541.36300", "2019-06-30": "6530.99900", "2019-03-31": "6594.57400", "2018-12-31": "6459.05900", "2018-09-30": "6563.51200", "2018-06-30": "6403.64300", "2018-03-31": "6157.91200", "2017-12-31": "5896.94000", "2017-09-30": "5465.77700", "2017-06-30": "5242.08400", "2017-03-31": "5223.19400", "2016-12-31": "5301.98500", "2016-09-30": "5220.40100", "2016-06-30": "5197.91000", "2016-03-31": "5643.19800", "2015-12-31": "5809.77300", "2015-09-30": "6181.68400", "2015-06-30": "6167.95500", "2015-03-31": "6199.50300", "2014-12-31": "6100.71900", "2014-09-30": "6560.84800", "2014-06-30": "6666.61900", "2014-03-31": "6648.50100", "2013-12-31": "6609.39800", "2013-09-30": "6796.15000", "2013-06-30": "6899.37800", "2013-03-31": "6929.04700", "2012-12-31": "6642.65800", "2012-09-30": "6359.49600", "2012-06-30": "5947.62500", "2012-03-31": "5789.57900", "2011-12-31": "5835.90000", "2011-09-30": "5660.79000", "2011-06-30": "1559.18800", "2011-03-31": "1367.95000", "2010-12-31": "1288.13900", "2010-09-30": "1265.47700", "2010-06-30": "1220.75600", "2010-03-31": "1163.51100", "2009-12-31": "1207.78100", "2009-09-30": "1047.35600", "2009-06-30": "1026.56900", "2009-03-31": "951.08400", "2008-12-31": "936.33200", "2008-09-30": "509.91700", "2008-06-30": "480.37300", "2008-03-31": "500.03300", "2007-12-31": "593.79400", "2007-09-30": "665.07500", "2007-06-30": "640.00000", "2007-03-31": "499.22900", "2006-12-31": "466.09400", "2006-09-30": "462.73800", "2006-06-30": "434.34500", "2006-03-31": "366.34100", "2005-12-31": "377.35100", "2005-09-30": "389.02100", "2005-06-30": "383.50000", "2005-03-31": "358.39000"}, "Total Liabilities And Share Holders Equity": {"2020-09-30": "11579.74000", "2020-06-30": "11063.82000", "2020-03-31": "11221.79000", "2019-12-31": "12164.84000", "2019-09-30": "12191.33000", "2019-06-30": "12104.49000", "2019-03-31": "12123.43000", "2018-12-31": "10994.60000", "2018-09-30": "11495.13000", "2018-06-30": "11281.35000", "2018-03-31": "10912.07000", "2017-12-31": "10692.15000", "2017-09-30": "10148.36000", "2017-06-30": "9643.03500", "2017-03-31": "9542.35200", "2016-12-31": "9435.66100", "2016-09-30": "8596.44800", "2016-06-30": "8659.71700", "2016-03-31": "8594.28700", "2015-12-31": "8388.29900", "2015-09-30": "9071.63700", "2015-06-30": "9145.28600", "2015-03-31": "9262.12700", "2014-12-31": "9230.04700", "2014-09-30": "10181.77000", "2014-06-30": "10458.38000", "2014-03-31": "10380.56000", "2013-12-31": "10056.74000", "2013-09-30": "10498.64000", "2013-06-30": "10493.93000", "2013-03-31": "10696.17000", "2012-12-31": "10329.00000", "2012-09-30": "10345.94000", "2012-06-30": "9382.53200", "2012-03-31": "9785.75000", "2011-12-31": "9576.24300", "2011-09-30": "9916.46300", "2011-06-30": "4165.30300", "2011-03-31": "3989.76000", "2010-12-31": "3701.47500", "2010-09-30": "3397.37900", "2010-06-30": "3283.57900", "2010-03-31": "3382.32700", "2009-12-31": "3145.93900", "2009-09-30": "2698.09800", "2009-06-30": "2621.44100", "2009-03-31": "2013.86700", "2008-12-31": "1874.22500", "2008-09-30": "2240.42300", "2008-06-30": "2442.87100", "2008-03-31": "2276.72200", "2007-12-31": "1663.94500", "2007-09-30": "1611.71300", "2007-06-30": "1457.47700", "2007-03-31": "1247.04200", "2006-12-31": "1237.86900", "2006-09-30": "1228.79200", "2006-06-30": "1257.34200", "2006-03-31": "1109.50900", "2005-12-31": "1142.90000", "2005-09-30": "1197.25700", "2005-06-30": "1320.67700", "2005-03-31": "1267.00000"}}, "cash flow statement": {"Net Income/Loss": {"2019-12-31": "872.35200", "2018-12-31": "1177.22400", "2017-12-31": "881.24200", "2016-12-31": "-190.94500", "2015-12-31": "802.50800", "2014-12-31": "326.32800", "2013-12-31": "767.82300", "2012-12-31": "1760.03300", "2011-12-31": "1059.70400", "2010-12-31": "133.05100", "2009-12-31": "53.26900", "2008-12-31": "126.63600", "2007-12-31": "334.12800", "2006-12-31": "266.56600", "2005-12-31": "167.65800"}, "Total Depreciation And Amortization - Cash Flow": {"2019-12-31": "662.63700", "2018-12-31": "437.32400", "2017-12-31": "429.18400", "2016-12-31": "1017.11100", "2015-12-31": "346.15100", "2014-12-31": "363.38100", "2013-12-31": "303.44600", "2012-12-31": "242.86800", "2011-12-31": "159.70700", "2010-12-31": "117.52900", "2009-12-31": "99.63300", "2008-12-31": "63.78900", "2007-12-31": "43.45600", "2006-12-31": "40.27000", "2005-12-31": "43.81700"}, "Other Non-Cash Items": {"2019-12-31": "37.88500", "2018-12-31": "225.95300", "2017-12-31": "-239.95600", "2016-12-31": "-299.79600", "2015-12-31": "56.51800", "2014-12-31": "119.82300", "2013-12-31": "-67.00900", "2012-12-31": "8.09000", "2011-12-31": "-19.41400", "2010-12-31": "2.31800", "2009-12-31": "-3.19300", "2008-12-31": "8.76500", "2007-12-31": "34.08300", "2006-12-31": "-9.14100", "2005-12-31": "5.03500"}, "Total Non-Cash Items": {"2019-12-31": "700.52190", "2018-12-31": "663.27700", "2017-12-31": "189.22800", "2016-12-31": "717.31510", "2015-12-31": "402.66900", "2014-12-31": "483.20400", "2013-12-31": "236.43700", "2012-12-31": "250.95800", "2011-12-31": "140.29300", "2010-12-31": "119.84700", "2009-12-31": "96.44000", "2008-12-31": "72.55400", "2007-12-31": "77.53900", "2006-12-31": "31.12900", "2005-12-31": "48.85200"}, "Change In Accounts Receivable": {"2019-12-31": "-150.43700", "2018-12-31": "35.79300", "2017-12-31": "-115.32200", "2016-12-31": "-127.22100", "2015-12-31": "238.39200", "2014-12-31": "108.87600", "2013-12-31": "-68.83200", "2012-12-31": "71.62700", "2011-12-31": "373.59100", "2010-12-31": "43.43700", "2009-12-31": "-474.20500", "2008-12-31": "331.97800", "2007-12-31": "-216.29500", "2006-12-31": "12.05900", "2005-12-31": "-128.30100"}, "Change In Inventories": {"2019-12-31": "91.59900", "2018-12-31": "136.55100", "2017-12-31": "-162.29700", "2016-12-31": "-1.86900", "2015-12-31": "-33.71700", "2014-12-31": "-78.84200", "2013-12-31": "-15.92900", "2012-12-31": "-205.01300", "2011-12-31": "-56.82800", "2010-12-31": "-96.85400", "2009-12-31": "-17.90400", "2008-12-31": "15.00600", "2007-12-31": "-10.95500", "2006-12-31": "-33.79200", "2005-12-31": "1.79700"}, "Change In Accounts Payable": {"2019-12-31": "312.79400", "2018-12-31": "-326.03000", "2017-12-31": "188.97500", "2016-12-31": "247.60300", "2015-12-31": "-406.33900", "2014-12-31": "-217.54100", "2013-12-31": "2.06800", "2012-12-31": "-194.05100", "2011-12-31": "-251.42800", "2010-12-31": "70.27900", "2009-12-31": "583.55000", "2008-12-31": "-393.18600", "2007-12-31": "264.21700", "2006-12-31": "-26.37000", "2005-12-31": "143.28900"}, "Change In Assets/Liabilities": {"2019-12-31": "-314.78200", "2018-12-31": "-227.56800", "2017-12-31": "-141.85700", "2016-12-31": "16.55500", "2015-12-31": "13.29100", "2014-12-31": "1.48600", "2013-12-31": "1.37700", "2012-12-31": "-9.36600", "2011-12-31": "-14.21400", "2010-12-31": "0.36900", "2009-12-31": "-15.81600", "2008-12-31": "-0.39800", "2007-12-31": "1.81700", "2006-12-31": "5.89000", "2005-12-31": "0.79500"}, "Total Change In Assets/Liabilities": {"2019-12-31": "-5.66200", "2018-12-31": "-304.94000", "2017-12-31": "-141.19800", "2016-12-31": "74.69700", "2015-12-31": "-195.07800", "2014-12-31": "-64.09500", "2013-12-31": "-156.96400", "2012-12-31": "-397.96400", "2011-12-31": "147.28500", "2010-12-31": "24.65500", "2009-12-31": "44.00600", "2008-12-31": "-36.96200", "2007-12-31": "15.00700", "2006-12-31": "-40.92600", "2005-12-31": "35.85800"}, "Cash Flow From Operating Activities": {"2019-12-31": "1548.61100", "2018-12-31": "1554.41600", "2017-12-31": "951.39000", "2016-12-31": "606.94800", "2015-12-31": "985.86800", "2014-12-31": "758.59600", "2013-12-31": "869.17400", "2012-12-31": "1662.68700", "2011-12-31": "1338.39100", "2010-12-31": "283.25500", "2009-12-31": "211.54500", "2008-12-31": "155.49000", "2007-12-31": "422.73700", "2006-12-31": "245.18300", "2005-12-31": "251.23400"}, "Net Change In Property, Plant, And Equipment": {"2019-12-31": "-293.56900", "2018-12-31": "-307.92900", "2017-12-31": "-270.88200", "2016-12-31": "-478.94100", "2015-12-31": "-656.89100", "2014-12-31": "-548.18800", "2013-12-31": "-417.32500", "2012-12-31": "-335.26300", "2011-12-31": "-374.24100", "2010-12-31": "-213.23200", "2009-12-31": "-302.55100", "2008-12-31": "-247.05900", "2007-12-31": "-161.25800", "2006-12-31": "-120.42900", "2005-12-31": "-106.26200"}, "Net Change In Intangible Assets": {"2019-12-31": "", "2018-12-31": "", "2017-12-31": "", "2016-12-31": "", "2015-12-31": "", "2014-12-31": "", "2013-12-31": "", "2012-12-31": "", "2011-12-31": "", "2010-12-31": "", "2009-12-31": "", "2008-12-31": "", "2007-12-31": "", "2006-12-31": "", "2005-12-31": ""}, "Net Acquisitions/Divestitures": {"2019-12-31": "-662.66500", "2018-12-31": "-54.17900", "2017-12-31": "-870.62700", "2016-12-31": "", "2015-12-31": "", "2014-12-31": "", "2013-12-31": "-11.30100", "2012-12-31": "", "2011-12-31": "872.73900", "2010-12-31": "", "2009-12-31": "-260.94100", "2008-12-31": "5.95800", "2007-12-31": "", "2006-12-31": "48.87200", "2005-12-31": "-121.02100"}, "Net Change In Short-term Investments": {"2019-12-31": "0.00000", "2018-12-31": "0.00000", "2017-12-31": "424.15100", "2016-12-31": "-280.02900", "2015-12-31": "330.17500", "2014-12-31": "250.84500", "2013-12-31": "-89.36900", "2012-12-31": "-373.84100", "2011-12-31": "-260.87900", "2010-12-31": "0.00000", "2009-12-31": "54.38900", "2008-12-31": "176.31900", "2007-12-31": "-131.79900", "2006-12-31": "107.36200", "2005-12-31": "-54.04500"}, "Net Change In Long-Term Investments": {"2019-12-31": "-17.88600", "2018-12-31": "", "2017-12-31": "-245.44600", "2016-12-31": "-42.62700", "2015-12-31": "-55.03200", "2014-12-31": "", "2013-12-31": "", "2012-12-31": "", "2011-12-31": "-9.12500", "2010-12-31": "", "2009-12-31": "-25.50000", "2008-12-31": "-0.29000", "2007-12-31": "", "2006-12-31": "", "2005-12-31": ""}, "Net Change In Investments - Total": {"2019-12-31": "-17.88600", "2018-12-31": "", "2017-12-31": "178.70500", "2016-12-31": "-322.65600", "2015-12-31": "275.14300", "2014-12-31": "250.84500", "2013-12-31": "-89.36900", "2012-12-31": "-373.84100", "2011-12-31": "-270.00400", "2010-12-31": "", "2009-12-31": "28.88900", "2008-12-31": "176.02900", "2007-12-31": "-131.79900", "2006-12-31": "107.36200", "2005-12-31": "-54.04500"}, "Investing Activities - Other": {"2019-12-31": "1.20600", "2018-12-31": "1.58800", "2017-12-31": "3.13400", "2016-12-31": "", "2015-12-31": "", "2014-12-31": "5.02100", "2013-12-31": "-8.74000", "2012-12-31": "-2.00000", "2011-12-31": "", "2010-12-31": "", "2009-12-31": "", "2008-12-31": "7.29500", "2007-12-31": "", "2006-12-31": "", "2005-12-31": "-38.80700"}, "Cash Flow From Investing Activities": {"2019-12-31": "-972.91400", "2018-12-31": "-360.52000", "2017-12-31": "-959.67000", "2016-12-31": "-801.59700", "2015-12-31": "-381.74800", "2014-12-31": "-292.32200", "2013-12-31": "-526.73500", "2012-12-31": "-711.10400", "2011-12-31": "228.49400", "2010-12-31": "-213.23200", "2009-12-31": "-534.60300", "2008-12-31": "-57.77700", "2007-12-31": "-293.05700", "2006-12-31": "35.80500", "2005-12-31": "-320.13500"}, "Net Long-Term Debt": {"2019-12-31": "-1.55100", "2018-12-31": "", "2017-12-31": "-208.00000", "2016-12-31": "1386.55000", "2015-12-31": "", "2014-12-31": "208.00000", "2013-12-31": "-358.97300", "2012-12-31": "125.75000", "2011-12-31": "41.00000", "2010-12-31": "100.54000", "2009-12-31": "293.92500", "2008-12-31": "29.00000", "2007-12-31": "", "2006-12-31": "", "2005-12-31": "173.38300"}, "Net Current Debt": {"2019-12-31": "42.50000", "2018-12-31": "-89.00000", "2017-12-31": "459.00000", "2016-12-31": "-159.00000", "2015-12-31": "-14.15600", "2014-12-31": "-156.18800", "2013-12-31": "", "2012-12-31": "", "2011-12-31": "-8.20300", "2010-12-31": "", "2009-12-31": "", "2008-12-31": "", "2007-12-31": "", "2006-12-31": "", "2005-12-31": "-25.00000"}, "Debt Issuance/Retirement Net - Total": {"2019-12-31": "40.94900", "2018-12-31": "-89.00000", "2017-12-31": "251.00000", "2016-12-31": "1227.55000", "2015-12-31": "-14.15600", "2014-12-31": "51.81200", "2013-12-31": "-358.97300", "2012-12-31": "125.75000", "2011-12-31": "32.79700", "2010-12-31": "100.54000", "2009-12-31": "293.92500", "2008-12-31": "29.00000", "2007-12-31": "", "2006-12-31": "", "2005-12-31": "148.38300"}, "Net Common Equity Issued/Repurchased": {"2019-12-31": "-533.08300", "2018-12-31": "-248.67800", "2017-12-31": "36.18400", "2016-12-31": "-12.23700", "2015-12-31": "-742.82300", "2014-12-31": "-158.84700", "2013-12-31": "-78.13500", "2012-12-31": "-209.60000", "2011-12-31": "33.02000", "2010-12-31": "-1.36800", "2009-12-31": "131.95500", "2008-12-31": "-150.10100", "2007-12-31": "-204.90800", "2006-12-31": "-172.74900", "2005-12-31": "-82.23600"}, "Net Total Equity Issued/Repurchased": {"2019-12-31": "-533.08300", "2018-12-31": "-248.67800", "2017-12-31": "36.18400", "2016-12-31": "-12.23700", "2015-12-31": "-742.82300", "2014-12-31": "-158.84700", "2013-12-31": "-78.13500", "2012-12-31": "-209.60000", "2011-12-31": "33.02000", "2010-12-31": "-1.36800", "2009-12-31": "131.95500", "2008-12-31": "-150.10100", "2007-12-31": "-204.90800", "2006-12-31": "-172.74900", "2005-12-31": "-82.23600"}, "Total Common And Preferred Stock Dividends Paid": {"2019-12-31": "-357.43800", "2018-12-31": "-359.19700", "2017-12-31": "-345.85900", "2016-12-31": "-326.61100", "2015-12-31": "-330.17600", "2014-12-31": "-647.19700", "2013-12-31": "-717.12100", "2012-12-31": "-716.87300", "2011-12-31": "-303.00700", "2010-12-31": "-80.36100", "2009-12-31": "-63.32300", "2008-12-31": "-51.16200", "2007-12-31": "-23.20800", "2006-12-31": "-15.00200", "2005-12-31": "-20.72900"}, "Financial Activities - Other": {"2019-12-31": "1.31700", "2018-12-31": "32.54700", "2017-12-31": "-13.95500", "2016-12-31": "-50.00700", "2015-12-31": "-18.41700", "2014-12-31": "-84.16000", "2013-12-31": "-5.80600", "2012-12-31": "27.93500", "2011-12-31": "20.10800", "2010-12-31": "15.67100", "2009-12-31": "44.29200", "2008-12-31": "20.98600", "2007-12-31": "38.68800", "2006-12-31": "11.81600", "2005-12-31": "5.08700"}, "Cash Flow From Financial Activities": {"2019-12-31": "-848.25500", "2018-12-31": "-664.32800", "2017-12-31": "-72.63000", "2016-12-31": "838.69500", "2015-12-31": "-1105.57200", "2014-12-31": "-838.39200", "2013-12-31": "-1160.03500", "2012-12-31": "-772.78800", "2011-12-31": "-217.08200", "2010-12-31": "34.48200", "2009-12-31": "406.84900", "2008-12-31": "-151.27700", "2007-12-31": "-189.42800", "2006-12-31": "-175.93500", "2005-12-31": "50.50500"}, "Net Cash Flow": {"2019-12-31": "-269.59000", "2018-12-31": "523.99500", "2017-12-31": "-79.82200", "2016-12-31": "644.04600", "2015-12-31": "-501.45200", "2014-12-31": "-372.11800", "2013-12-31": "-817.59600", "2012-12-31": "178.79500", "2011-12-31": "1349.80300", "2010-12-31": "104.50500", "2009-12-31": "83.79100", "2008-12-31": "-53.56400", "2007-12-31": "-59.74800", "2006-12-31": "105.05300", "2005-12-31": "-18.39600"}, "Stock-Based Compensation": {"2019-12-31": "42.26900", "2018-12-31": "42.17200", "2017-12-31": "42.33700", "2016-12-31": "25.56100", "2015-12-31": "30.36700", "2014-12-31": "29.59800", "2013-12-31": "35.77500", "2012-12-31": "39.20300", "2011-12-31": "26.82500", "2010-12-31": "11.49800", "2009-12-31": "7.54900", "2008-12-31": "7.46700", "2007-12-31": "9.99300", "2006-12-31": "5.50700", "2005-12-31": "2.16300"}, "Common Stock Dividends Paid": {"2019-12-31": "-357.43800", "2018-12-31": "-359.19700", "2017-12-31": "-345.85900", "2016-12-31": "-326.61100", "2015-12-31": "-330.17600", "2014-12-31": "-647.19700", "2013-12-31": "-717.12100", "2012-12-31": "-716.87300", "2011-12-31": "-303.00700", "2010-12-31": "-80.36100", "2009-12-31": "-63.32300", "2008-12-31": "-51.16200", "2007-12-31": "-23.20800", "2006-12-31": "-15.00200", "2005-12-31": "-20.72900"}}, "cash flow statement, quarterly": {"Net Income/Loss": {"2020-09-30": 23.345, "2020-06-30": -150.407, "2020-03-31": "-293.28600", "2019-12-31": 81.069, "2019-09-30": 297.98, "2019-06-30": 216.817, "2019-03-31": "276.48600", "2018-12-31": 163.317, "2018-09-30": 362.132, "2018-06-30": 362.913, "2018-03-31": "288.86200", "2017-12-31": 557.234, "2017-09-30": 287.717, "2017-06-30": 74.073, "2017-03-31": "-37.78200", "2016-12-31": 70.464, "2016-09-30": 87.671, "2016-06-30": -392.47, "2016-03-31": "43.39000", "2015-12-31": -23.947, "2015-09-30": 210.607, "2015-06-30": 373.187, "2015-03-31": "242.66100", "2014-12-31": -210.345, "2014-09-30": 187.558, "2014-06-30": 185.153, "2014-03-31": "163.96200", "2013-12-31": 69.794, "2013-09-30": 88.909, "2013-06-30": 265.749, "2013-03-31": "343.37100", "2012-12-31": 399.993, "2012-09-30": 610.65, "2012-06-30": 502.37, "2012-03-31": "247.02000", "2011-12-31": 235.849, "2011-09-30": 531.011, "2011-06-30": 201.833, "2011-03-31": "91.01100", "2010-12-31": 24.249, "2010-09-30": 59.39, "2010-06-30": 72.666, "2010-03-31": "-23.25400", "2009-12-31": -22.358, "2009-09-30": 31.078, "2009-06-30": 21.144, "2009-03-31": "23.40500", "2008-12-31": 53.494, "2008-09-30": 51.746, "2008-06-30": 11.945, "2008-03-31": "9.45100", "2007-12-31": 49.833, "2007-09-30": 58.126, "2007-06-30": 158.627, "2007-03-31": "67.54200", "2006-12-31": 47.659, "2006-09-30": 79.002, "2006-06-30": 93.101, "2006-03-31": "46.80400", "2005-12-31": 39.881, "2005-09-30": 61.719, "2005-06-30": 52.424, "2005-03-31": "13.63400"}, "Total Depreciation And Amortization - Cash Flow": {"2020-09-30": 125.28, "2020-06-30": 567.086, "2020-03-31": "140.57500", "2019-12-31": 134.58, "2019-09-30": 127.016, "2019-06-30": 279.62, "2019-03-31": "121.42100", "2018-12-31": 113.719, "2018-09-30": 108.885, "2018-06-30": 110.379, "2018-03-31": "104.34100", "2017-12-31": 105.731, "2017-09-30": 102.884, "2017-06-30": 124.529, "2017-03-31": "96.04000", "2016-12-31": 93.594, "2016-09-30": 91.13, "2016-06-30": 744.507, "2016-03-31": "87.88000", "2015-12-31": 90.572, "2015-09-30": 87.764, "2015-06-30": 87.803, "2015-03-31": "80.01200", "2014-12-31": 100.498, "2014-09-30": 80.945, "2014-06-30": 101.39, "2014-03-31": "80.54800", "2013-12-31": 79.065, "2013-09-30": 82.127, "2013-06-30": 70.492, "2013-03-31": "71.76200", "2012-12-31": 64.706, "2012-09-30": 65.112, "2012-06-30": 56.948, "2012-03-31": "56.10200", "2011-12-31": 53.327, "2011-09-30": 43.24, "2011-06-30": 31.832, "2011-03-31": "31.30800", "2010-12-31": 31.81, "2010-09-30": 29.138, "2010-06-30": 28.824, "2010-03-31": "27.75700", "2009-12-31": 29.545, "2009-09-30": 24.267, "2009-06-30": 25.5, "2009-03-31": "20.32100", "2008-12-31": 17.811, "2008-09-30": 16.74, "2008-06-30": 15.929, "2008-03-31": "13.30900", "2007-12-31": 10.833, "2007-09-30": 10.531, "2007-06-30": 10.641, "2007-03-31": "11.45100", "2006-12-31": 11.533, "2006-09-30": 9.48, "2006-06-30": 10.683, "2006-03-31": "8.57400", "2005-12-31": 9.481, "2005-09-30": 9.39, "2005-06-30": 13.127, "2005-03-31": "11.81900"}, "Other Non-Cash Items": {"2020-09-30": -103.934, "2020-06-30": -278.246, "2020-03-31": "398.86600", "2019-12-31": 186.843, "2019-09-30": 34.578, "2019-06-30": -13.574, "2019-03-31": "-169.96200", "2018-12-31": 407.76, "2018-09-30": -27.213, "2018-06-30": -68.906, "2018-03-31": "-85.68800", "2017-12-31": -238.805, "2017-09-30": -32.9, "2017-06-30": 55.709, "2017-03-31": "-23.96000", "2016-12-31": -49.271, "2016-09-30": -7.301, "2016-06-30": -211.616, "2016-03-31": "-31.60800", "2015-12-31": 56.506, "2015-09-30": 114.749, "2015-06-30": -86.86, "2015-03-31": "-27.87700", "2014-12-31": 138.386, "2014-09-30": -14.24, "2014-06-30": 7.156, "2014-03-31": "-11.47900", "2013-12-31": 59.78, "2013-09-30": 74.41, "2013-06-30": -66.294, "2013-03-31": "-134.90500", "2012-12-31": 45.709, "2012-09-30": -15.291, "2012-06-30": -19.743, "2012-03-31": "-2.58500", "2011-12-31": -5.762, "2011-09-30": -2.895, "2011-06-30": 4.164, "2011-03-31": "-14.92100", "2010-12-31": -1.425, "2010-09-30": 22.402, "2010-06-30": 6.741, "2010-03-31": "-25.40000", "2009-12-31": -2.435, "2009-09-30": 8.097, "2009-06-30": 14.174, "2009-03-31": "-23.02900", "2008-12-31": 27.974, "2008-09-30": -26.691, "2008-06-30": 7.258, "2008-03-31": "0.22400", "2007-12-31": 11.315, "2007-09-30": 17.893, "2007-06-30": 1.825, "2007-03-31": "3.05000", "2006-12-31": 4.032, "2006-09-30": 7.989, "2006-06-30": 4.936, "2006-03-31": "-26.09800", "2005-12-31": -4.093, "2005-09-30": 0.892, "2005-06-30": 3.348, "2005-03-31": "4.88800"}, "Total Non-Cash Items": {"2020-09-30": 21.3459, "2020-06-30": 288.8401, "2020-03-31": "539.44100", "2019-12-31": 321.4228, "2019-09-30": 161.5941, "2019-06-30": 266.046, "2019-03-31": "-48.54100", "2018-12-31": 521.479, "2018-09-30": 81.672, "2018-06-30": 41.473, "2018-03-31": "18.65300", "2017-12-31": -133.074, "2017-09-30": 69.984, "2017-06-30": 180.238, "2017-03-31": "72.08000", "2016-12-31": 44.3232, "2016-09-30": 83.8289, "2016-06-30": 532.891, "2016-03-31": "56.27200", "2015-12-31": 147.078, "2015-09-30": 202.513, "2015-06-30": 0.943, "2015-03-31": "52.13500", "2014-12-31": 238.884, "2014-09-30": 66.705, "2014-06-30": 108.546, "2014-03-31": "69.06900", "2013-12-31": 138.845, "2013-09-30": 156.537, "2013-06-30": 4.198, "2013-03-31": "-63.14300", "2012-12-31": 110.415, "2012-09-30": 49.821, "2012-06-30": 37.205, "2012-03-31": "53.51700", "2011-12-31": 47.565, "2011-09-30": 40.345, "2011-06-30": 35.996, "2011-03-31": "16.38700", "2010-12-31": 30.385, "2010-09-30": 51.54, "2010-06-30": 35.565, "2010-03-31": "2.35700", "2009-12-31": 27.11, "2009-09-30": 32.364, "2009-06-30": 39.674, "2009-03-31": "-2.70800", "2008-12-31": 45.785, "2008-09-30": -9.951, "2008-06-30": 23.187, "2008-03-31": "13.53300", "2007-12-31": 22.148, "2007-09-30": 28.424, "2007-06-30": 12.466, "2007-03-31": "14.50100", "2006-12-31": 15.565, "2006-09-30": 17.469, "2006-06-30": 15.619, "2006-03-31": "-17.52400", "2005-12-31": 5.388, "2005-09-30": 10.282, "2005-06-30": 16.475, "2005-03-31": "16.70700"}, "Change In Accounts Receivable": {"2020-09-30": 44.785, "2020-06-30": -20.524, "2020-03-31": "301.53500", "2019-12-31": -33.644, "2019-09-30": -44.493, "2019-06-30": 242.806, "2019-03-31": "-315.10600", "2018-12-31": 172.557, "2018-09-30": -15.62, "2018-06-30": 15.697, "2018-03-31": "-136.84100", "2017-12-31": 1.664, "2017-09-30": -111.441, "2017-06-30": -5.345, "2017-03-31": "-0.20000", "2016-12-31": -83.262, "2016-09-30": 84.312, "2016-06-30": -49.335, "2016-03-31": "-78.93600", "2015-12-31": 170.371, "2015-09-30": 103.758, "2015-06-30": -99.254, "2015-03-31": "63.51700", "2014-12-31": 100.346, "2014-09-30": 89.929, "2014-06-30": -99.277, "2014-03-31": "17.87800", "2013-12-31": 41.57, "2013-09-30": 12.473, "2013-06-30": -100.581, "2013-03-31": "-22.29400", "2012-12-31": 101.101, "2012-09-30": -133.148, "2012-06-30": 128.921, "2012-03-31": "-25.24700", "2011-12-31": -122.38, "2011-09-30": 533.988, "2011-06-30": 31.335, "2011-03-31": "-69.35200", "2010-12-31": -0.547, "2010-09-30": 44.298, "2010-06-30": 120.771, "2010-03-31": "-121.08500", "2009-12-31": -146.637, "2009-09-30": -11.132, "2009-06-30": -301.013, "2009-03-31": "-15.42300", "2008-12-31": 340.932, "2008-09-30": 212.331, "2008-06-30": -171.568, "2008-03-31": "-49.71700", "2007-12-31": -31.351, "2007-09-30": -179.082, "2007-06-30": -41.544, "2007-03-31": "35.68200", "2006-12-31": -1.472, "2006-09-30": 69.084, "2006-06-30": -86.122, "2006-03-31": "30.56900", "2005-12-31": 70.744, "2005-09-30": -78.099, "2005-06-30": -13.222, "2005-03-31": "-107.72400"}, "Change In Inventories": {"2020-09-30": 105.404, "2020-06-30": 49.704, "2020-03-31": "-50.46800", "2019-12-31": 139.008, "2019-09-30": -40.701, "2019-06-30": -10.675, "2019-03-31": "3.96700", "2018-12-31": 170.407, "2018-09-30": -55.111, "2018-06-30": -130.196, "2018-03-31": "151.45100", "2017-12-31": -118.475, "2017-09-30": -104.785, "2017-06-30": 46.958, "2017-03-31": "14.00500", "2016-12-31": 52.774, "2016-09-30": -70.174, "2016-06-30": 8.255, "2016-03-31": "7.27600", "2015-12-31": 51.601, "2015-09-30": -72.557, "2015-06-30": 61.24, "2015-03-31": "-74.00100", "2014-12-31": 146.856, "2014-09-30": -75.113, "2014-06-30": 85.46, "2014-03-31": "-236.04500", "2013-12-31": 212.612, "2013-09-30": 2.27, "2013-06-30": -79.643, "2013-03-31": "-151.16800", "2012-12-31": 165.818, "2012-09-30": -175.631, "2012-06-30": 35.336, "2012-03-31": "-230.53600", "2011-12-31": 138.747, "2011-09-30": -100.642, "2011-06-30": -21.844, "2011-03-31": "-73.08900", "2010-12-31": 13.648, "2010-09-30": 7.131, "2010-06-30": -0.124, "2010-03-31": "-117.50900", "2009-12-31": 55.909, "2009-09-30": -34.234, "2009-06-30": -2.39, "2009-03-31": "-37.18900", "2008-12-31": 15.097, "2008-09-30": 18.558, "2008-06-30": -24.275, "2008-03-31": "5.62600", "2007-12-31": 39.174, "2007-09-30": -36.107, "2007-06-30": 1.736, "2007-03-31": "-15.75800", "2006-12-31": -25.378, "2006-09-30": 41.532, "2006-06-30": 3.477, "2006-03-31": "-53.42300", "2005-12-31": 3.133, "2005-09-30": 13.403, "2005-06-30": 17.118, "2005-03-31": "-31.85700"}, "Change In Accounts Payable": {"2020-09-30": -72.367, "2020-06-30": 13.33, "2020-03-31": "-328.22200", "2019-12-31": -8.743, "2019-09-30": 28.644, "2019-06-30": 22.091, "2019-03-31": "270.80200", "2018-12-31": -288.87, "2018-09-30": -98.585, "2018-06-30": 81.49, "2018-03-31": "-20.06500", "2017-12-31": 100.965, "2017-09-30": 87.515, "2017-06-30": 123.239, "2017-03-31": "-122.74400", "2016-12-31": 132.832, "2016-09-30": -95.368, "2016-06-30": 207.738, "2016-03-31": "2.40100", "2015-12-31": -203.05, "2015-09-30": -142.841, "2015-06-30": 105.391, "2015-03-31": "-165.83900", "2014-12-31": -327.453, "2014-09-30": -197.561, "2014-06-30": 46.639, "2014-03-31": "260.83400", "2013-12-31": -296.848, "2013-09-30": 82.41, "2013-06-30": 257.47, "2013-03-31": "-40.96400", "2012-12-31": -97.788, "2012-09-30": 322.674, "2012-06-30": -543.172, "2012-03-31": "124.23500", "2011-12-31": 152.334, "2011-09-30": -564.522, "2011-06-30": 69.501, "2011-03-31": "91.25900", "2010-12-31": 1.249, "2010-09-30": 34.167, "2010-06-30": -145.435, "2010-03-31": "180.29800", "2009-12-31": 154.085, "2009-09-30": 16.045, "2009-06-30": 403.823, "2009-03-31": "9.59700", "2008-12-31": -458.883, "2008-09-30": -230.914, "2008-06-30": 171.486, "2008-03-31": "125.12500", "2007-12-31": 92.465, "2007-09-30": 162.616, "2007-06-30": 34.614, "2007-03-31": "-25.47800", "2006-12-31": -9.075, "2006-09-30": -50.579, "2006-06-30": 68.996, "2006-03-31": "-35.71200", "2005-12-31": -23.3, "2005-09-30": 74.493, "2005-06-30": -30.464, "2005-03-31": "122.56000"}, "Change In Assets/Liabilities": {"2020-09-30": 4.699, "2020-06-30": 41.616, "2020-03-31": "-31.91200", "2019-12-31": -332.492, "2019-09-30": 3.69, "2019-06-30": 86.074, "2019-03-31": "-72.05400", "2018-12-31": -213.479, "2018-09-30": 68.348, "2018-06-30": -20.307, "2018-03-31": "-62.13000", "2017-12-31": -136.589, "2017-09-30": 4.004, "2017-06-30": -6.929, "2017-03-31": "-2.34300", "2016-12-31": -1.681, "2016-09-30": 9.15, "2016-06-30": -1.5, "2016-03-31": "10.58600", "2015-12-31": 21.603, "2015-09-30": -19.003, "2015-06-30": -11.512, "2015-03-31": "22.20300", "2014-12-31": -23.233, "2014-09-30": 21.548, "2014-06-30": -6.839, "2014-03-31": "10.01000", "2013-12-31": -17.606, "2013-09-30": 8.943, "2013-06-30": 6.174, "2013-03-31": "3.86600", "2012-12-31": -26.056, "2012-09-30": -1.238, "2012-06-30": 19.759, "2012-03-31": "-1.83100", "2011-12-31": -21.992, "2011-09-30": 20.866, "2011-06-30": -20.066, "2011-03-31": "6.97800", "2010-12-31": -1.522, "2010-09-30": 16.524, "2010-06-30": 13.592, "2010-03-31": "-28.22500", "2009-12-31": -7.829, "2009-09-30": -0.373, "2009-06-30": -8.108, "2009-03-31": "0.49400", "2008-12-31": 2.796, "2008-09-30": -3.931, "2008-06-30": -1.118, "2008-03-31": "1.85500", "2007-12-31": 3.74, "2007-09-30": 1.383, "2007-06-30": -4.636, "2007-03-31": "1.33000", "2006-12-31": 16.634, "2006-09-30": -4.543, "2006-06-30": -6.988, "2006-03-31": "0.78700", "2005-12-31": 0.805, "2005-09-30": 1.601, "2005-06-30": -2.363, "2005-03-31": "0.75200"}, "Total Change In Assets/Liabilities": {"2020-09-30": 53.253, "2020-06-30": 0.796, "2020-03-31": "-104.04700", "2019-12-31": -249.998, "2019-09-30": -2.563, "2019-06-30": 261.547, "2019-03-31": "-14.64800", "2018-12-31": -271.468, "2018-09-30": -45.066, "2018-06-30": -10.611, "2018-03-31": "22.20500", "2017-12-31": -276.082, "2017-09-30": -41.181, "2017-06-30": 263.976, "2017-03-31": "-87.91100", "2016-12-31": 51.59, "2016-09-30": -44.142, "2016-06-30": 160.771, "2016-03-31": "-93.52200", "2015-12-31": -11.296, "2015-09-30": -78.997, "2015-06-30": -51.699, "2015-03-31": "-53.08600", "2014-12-31": -85.373, "2014-09-30": -168.748, "2014-06-30": 37.344, "2014-03-31": "152.68200", "2013-12-31": -128.702, "2013-09-30": 93.94, "2013-06-30": -90.252, "2013-03-31": "-31.95000", "2012-12-31": -75.918, "2012-09-30": 83.095, "2012-06-30": -337.615, "2012-03-31": "-67.52600", "2011-12-31": -19.628, "2011-09-30": 61.443, "2011-06-30": 86.527, "2011-03-31": "18.94300", "2010-12-31": -9.522, "2010-09-30": 88.381, "2010-06-30": 16.903, "2010-03-31": "-71.10700", "2009-12-31": 21.718, "2009-09-30": -28.395, "2009-06-30": 77.898, "2009-03-31": "-27.21500", "2008-12-31": -102.64, "2008-09-30": 10.048, "2008-06-30": -20.175, "2008-03-31": "75.80500", "2007-12-31": 83.63, "2007-09-30": -94.602, "2007-06-30": 21.591, "2007-03-31": "4.38800", "2006-12-31": -21.356, "2006-09-30": 39.607, "2006-06-30": -10.552, "2006-03-31": "-48.62500", "2005-12-31": 40.987, "2005-09-30": 18.205, "2005-06-30": -0.958, "2005-03-31": "-22.37600"}, "Cash Flow From Operating Activities": {"2020-09-30": 81.748, "2020-06-30": 119.204, "2020-03-31": "190.09800", "2019-12-31": 137.207, "2019-09-30": 441.854, "2019-06-30": 752.734, "2019-03-31": "216.81600", "2018-12-31": 424.519, "2018-09-30": 401.752, "2018-06-30": 394.361, "2018-03-31": "333.78400", "2017-12-31": 165.977, "2017-09-30": 312.015, "2017-06-30": 512.782, "2017-03-31": "-39.38400", "2016-12-31": 162.674, "2016-09-30": 133.948, "2016-06-30": 303.69, "2016-03-31": "6.63600", "2015-12-31": 82.527, "2015-09-30": 333.401, "2015-06-30": 323.048, "2015-03-31": "246.89200", "2014-12-31": -47.337, "2014-09-30": 84.454, "2014-06-30": 326.55, "2014-03-31": "394.92900", "2013-12-31": 67.011, "2013-09-30": 350.648, "2013-06-30": 202.952, "2013-03-31": "248.56300", "2012-12-31": 490.899, "2012-09-30": 742.285, "2012-06-30": 175.598, "2012-03-31": "253.90500", "2011-12-31": 249.188, "2011-09-30": 631.207, "2011-06-30": 327.454, "2011-03-31": "130.54200", "2010-12-31": 47.287, "2010-09-30": 197.622, "2010-06-30": 128.37, "2010-03-31": "-90.02400", "2009-12-31": 31.893, "2009-09-30": 38.102, "2009-06-30": 143.865, "2009-03-31": "-2.31500", "2008-12-31": -5.204, "2008-09-30": 46.081, "2008-06-30": 15.763, "2008-03-31": "98.85000", "2007-12-31": 166.037, "2007-09-30": -23.884, "2007-06-30": 194.283, "2007-03-31": "86.30100", "2006-12-31": 36.912, "2006-09-30": 128.476, "2006-06-30": 98.135, "2006-03-31": "-18.34000", "2005-12-31": 88.358, "2005-09-30": 90.396, "2005-06-30": 65.673, "2005-03-31": "6.80700"}, "Net Change In Property, Plant, And Equipment": {"2020-09-30": -83.272, "2020-06-30": -45.987, "2020-03-31": "-83.74900", "2019-12-31": -98.512, "2019-09-30": -74.588, "2019-06-30": -56.734, "2019-03-31": "-63.73500", "2018-12-31": -98.851, "2018-09-30": -59.601, "2018-06-30": -79.938, "2018-03-31": "-69.53900", "2017-12-31": -77.765, "2017-09-30": -56.067, "2017-06-30": -77.293, "2017-03-31": "-59.75700", "2016-12-31": -91.464, "2016-09-30": -97.432, "2016-06-30": -140.73, "2016-03-31": "-149.31500", "2015-12-31": -198.825, "2015-09-30": -143.385, "2015-06-30": -142.876, "2015-03-31": "-171.80500", "2014-12-31": -193.766, "2014-09-30": -109.653, "2014-06-30": -120.488, "2014-03-31": "-124.28100", "2013-12-31": -136.938, "2013-09-30": -115.386, "2013-06-30": -95.327, "2013-03-31": "-69.67400", "2012-12-31": -127.726, "2012-09-30": -79.517, "2012-06-30": -66.633, "2012-03-31": "-61.38700", "2011-12-31": -100.018, "2011-09-30": -117.918, "2011-06-30": -82.267, "2011-03-31": "-74.03800", "2010-12-31": -85.293, "2010-09-30": -51.409, "2010-06-30": -45.432, "2010-03-31": "-31.09800", "2009-12-31": -56.53, "2009-09-30": -62.628, "2009-06-30": -84.165, "2009-03-31": "-99.22800", "2008-12-31": -126.626, "2008-09-30": -92.649, "2008-06-30": -126.023, "2008-03-31": "98.23900", "2007-12-31": -48.043, "2007-09-30": -40.684, "2007-06-30": -45.781, "2007-03-31": "-26.75000", "2006-12-31": -31.247, "2006-09-30": -21.688, "2006-06-30": -35.259, "2006-03-31": "-32.23500", "2005-12-31": -48.2, "2005-09-30": -29.417, "2005-06-30": -15.197, "2005-03-31": "-13.44800"}, "Net Change In Intangible Assets": {"2020-09-30": 0, "2020-06-30": 0, "2020-03-31": "", "2019-12-31": 0, "2019-09-30": 0, "2019-06-30": 0, "2019-03-31": "", "2018-12-31": 0, "2018-09-30": 0, "2018-06-30": 0, "2018-03-31": "", "2017-12-31": 0, "2017-09-30": 0, "2017-06-30": 0, "2017-03-31": "", "2016-12-31": 0, "2016-09-30": 0, "2016-06-30": 0, "2016-03-31": "", "2015-12-31": 0, "2015-09-30": 0, "2015-06-30": 0, "2015-03-31": "", "2014-12-31": 0, "2014-09-30": 0, "2014-06-30": 0, "2014-03-31": "", "2013-12-31": 0, "2013-09-30": 0, "2013-06-30": 0, "2013-03-31": "", "2012-12-31": 0, "2012-09-30": 0, "2012-06-30": 0, "2012-03-31": "", "2011-12-31": 0, "2011-09-30": 0, "2011-06-30": 0, "2011-03-31": "", "2010-12-31": 0, "2010-09-30": 0, "2010-06-30": 0, "2010-03-31": "", "2009-12-31": 0, "2009-09-30": 0, "2009-06-30": 0, "2009-03-31": "", "2008-12-31": 0, "2008-09-30": 0, "2008-06-30": 0, "2008-03-31": "", "2007-12-31": 0, "2007-09-30": 0, "2007-06-30": 0, "2007-03-31": "", "2006-12-31": 0, "2006-09-30": 0, "2006-06-30": 0, "2006-03-31": "", "2005-12-31": 0, "2005-09-30": 0, "2005-06-30": 0, "2005-03-31": ""}, "Net Acquisitions/Divestitures": {"2020-09-30": 0, "2020-06-30": 0, "2020-03-31": "", "2019-12-31": 0, "2019-09-30": 0, "2019-06-30": 0.72, "2019-03-31": "-663.38500", "2018-12-31": -0.091, "2018-09-30": -54.088, "2018-06-30": 0, "2018-03-31": "", "2017-12-31": 0, "2017-09-30": 0, "2017-06-30": -30.195, "2017-03-31": "-840.43200", "2016-12-31": 0, "2016-09-30": 0, "2016-06-30": 0, "2016-03-31": "", "2015-12-31": 0, "2015-09-30": 0, "2015-06-30": 0, "2015-03-31": "", "2014-12-31": 0, "2014-09-30": 0, "2014-06-30": 0, "2014-03-31": "", "2013-12-31": 0, "2013-09-30": -11.301, "2013-06-30": 0, "2013-03-31": "", "2012-12-31": 0, "2012-09-30": 0, "2012-06-30": 0, "2012-03-31": "", "2011-12-31": 0.581, "2011-09-30": 872.158, "2011-06-30": 0, "2011-03-31": "", "2010-12-31": 0, "2010-09-30": 0, "2010-06-30": 0, "2010-03-31": "", "2009-12-31": -103.127, "2009-09-30": 0, "2009-06-30": -157.814, "2009-03-31": "", "2008-12-31": 5.958, "2008-09-30": 0, "2008-06-30": 0, "2008-03-31": "", "2007-12-31": 0, "2007-09-30": 0, "2007-06-30": 0, "2007-03-31": "", "2006-12-31": 0, "2006-09-30": 0, "2006-06-30": 0, "2006-03-31": "48.87200", "2005-12-31": 0.832, "2005-09-30": 0, "2005-06-30": -0.573, "2005-03-31": "-121.28000"}, "Net Change In Short-term Investments": {"2020-09-30": 0, "2020-06-30": 0, "2020-03-31": "", "2019-12-31": 0, "2019-09-30": 0, "2019-06-30": 0, "2019-03-31": "", "2018-12-31": 0, "2018-09-30": 0, "2018-06-30": 0, "2018-03-31": "", "2017-12-31": 0, "2017-09-30": 0, "2017-06-30": 0, "2017-03-31": "424.15100", "2016-12-31": -312.296, "2016-09-30": -30.534, "2016-06-30": -81.321, "2016-03-31": "144.12200", "2015-12-31": 242.908, "2015-09-30": 5.965, "2015-06-30": 21.594, "2015-03-31": "59.70800", "2014-12-31": 149.3, "2014-09-30": 56.021, "2014-06-30": 35.878, "2014-03-31": "9.64600", "2013-12-31": -62.969, "2013-09-30": -26.008, "2013-06-30": 34.579, "2013-03-31": "-34.97100", "2012-12-31": -349.742, "2012-09-30": -9.666, "2012-06-30": -8.34, "2012-03-31": "-6.09300", "2011-12-31": -85.223, "2011-09-30": -86.024, "2011-06-30": -22.62, "2011-03-31": "-67.01200", "2010-12-31": 0, "2010-09-30": 0, "2010-06-30": 0, "2010-03-31": "0.00000", "2009-12-31": 0, "2009-09-30": 0, "2009-06-30": 0, "2009-03-31": "54.38900", "2008-12-31": 37.483, "2008-09-30": 46.573, "2008-06-30": 114.048, "2008-03-31": "-21.78500", "2007-12-31": 35.565, "2007-09-30": 34.526, "2007-06-30": -174.865, "2007-03-31": "-27.02500", "2006-12-31": -6.29, "2006-09-30": 18.902, "2006-06-30": -8.501, "2006-03-31": "103.25100", "2005-12-31": -8.615, "2005-09-30": -63.179, "2005-06-30": -2.9, "2005-03-31": "20.64900"}, "Net Change In Long-Term Investments": {"2020-09-30": -0.038, "2020-06-30": -0.055, "2020-03-31": "-2.34500", "2019-12-31": -17.886, "2019-09-30": 0, "2019-06-30": 0, "2019-03-31": "", "2018-12-31": 0, "2018-09-30": 0, "2018-06-30": 0, "2018-03-31": "", "2017-12-31": -245.446, "2017-09-30": 0, "2017-06-30": 0, "2017-03-31": "", "2016-12-31": -0.077, "2016-09-30": -0.05, "2016-06-30": -42.5, "2016-03-31": "", "2015-12-31": -0.391, "2015-09-30": -54.641, "2015-06-30": 0, "2015-03-31": "", "2014-12-31": 0, "2014-09-30": 0, "2014-06-30": 0, "2014-03-31": "", "2013-12-31": 3, "2013-09-30": -1, "2013-06-30": -2, "2013-03-31": "", "2012-12-31": 2, "2012-09-30": 0, "2012-06-30": -0.8, "2012-03-31": "-1.20000", "2011-12-31": 0, "2011-09-30": 0, "2011-06-30": -9.125, "2011-03-31": "", "2010-12-31": 0, "2010-09-30": 0, "2010-06-30": 0, "2010-03-31": "", "2009-12-31": 0, "2009-09-30": 0, "2009-06-30": 0, "2009-03-31": "-25.50000", "2008-12-31": 0, "2008-09-30": 0, "2008-06-30": 0, "2008-03-31": "-0.29000", "2007-12-31": 0, "2007-09-30": 0, "2007-06-30": 0, "2007-03-31": "", "2006-12-31": 0, "2006-09-30": 0, "2006-06-30": 0, "2006-03-31": "", "2005-12-31": 0, "2005-09-30": 0, "2005-06-30": 0, "2005-03-31": ""}, "Net Change In Investments - Total": {"2020-09-30": -0.038, "2020-06-30": -0.055, "2020-03-31": "-2.34500", "2019-12-31": -17.886, "2019-09-30": 0, "2019-06-30": 0, "2019-03-31": "", "2018-12-31": 0, "2018-09-30": 0, "2018-06-30": 0, "2018-03-31": "", "2017-12-31": -245.446, "2017-09-30": 0, "2017-06-30": 0, "2017-03-31": "424.15100", "2016-12-31": -312.373, "2016-09-30": -30.584, "2016-06-30": -123.821, "2016-03-31": "144.12200", "2015-12-31": 242.517, "2015-09-30": -48.676, "2015-06-30": 21.594, "2015-03-31": "59.70800", "2014-12-31": 149.3, "2014-09-30": 56.021, "2014-06-30": 35.878, "2014-03-31": "9.64600", "2013-12-31": -59.969, "2013-09-30": -27.008, "2013-06-30": 32.579, "2013-03-31": "-34.97100", "2012-12-31": -347.742, "2012-09-30": -9.666, "2012-06-30": -9.14, "2012-03-31": "-7.29300", "2011-12-31": -85.223, "2011-09-30": -86.024, "2011-06-30": -31.745, "2011-03-31": "-67.01200", "2010-12-31": 0, "2010-09-30": 0, "2010-06-30": 0, "2010-03-31": "", "2009-12-31": 0, "2009-09-30": 0, "2009-06-30": 0, "2009-03-31": "28.88900", "2008-12-31": 37.483, "2008-09-30": 46.573, "2008-06-30": 114.048, "2008-03-31": "-22.07500", "2007-12-31": 35.565, "2007-09-30": 34.526, "2007-06-30": -174.865, "2007-03-31": "-27.02500", "2006-12-31": -6.29, "2006-09-30": 18.902, "2006-06-30": -8.501, "2006-03-31": "103.25100", "2005-12-31": -8.615, "2005-09-30": -63.179, "2005-06-30": -2.9, "2005-03-31": "20.64900"}, "Investing Activities - Other": {"2020-09-30": 1.325, "2020-06-30": 0.47, "2020-03-31": "", "2019-12-31": 0.248, "2019-09-30": 0.133, "2019-06-30": 0.43, "2019-03-31": "0.39500", "2018-12-31": -2.411, "2018-09-30": 0.6, "2018-06-30": -0.059, "2018-03-31": "3.45800", "2017-12-31": 0.837, "2017-09-30": -0.72, "2017-06-30": -0.005, "2017-03-31": "3.02200", "2016-12-31": -0.606, "2016-09-30": 0.198, "2016-06-30": 0.408, "2016-03-31": "", "2015-12-31": 0, "2015-09-30": 0, "2015-06-30": 0, "2015-03-31": "", "2014-12-31": 0, "2014-09-30": 0, "2014-06-30": 3.435, "2014-03-31": "1.58600", "2013-12-31": 2.3, "2013-09-30": 2.66, "2013-06-30": -13.7, "2013-03-31": "", "2012-12-31": -2, "2012-09-30": 0, "2012-06-30": 0, "2012-03-31": "", "2011-12-31": 0, "2011-09-30": 0, "2011-06-30": 0, "2011-03-31": "", "2010-12-31": 0, "2010-09-30": 0, "2010-06-30": 0, "2010-03-31": "", "2009-12-31": 0, "2009-09-30": 0, "2009-06-30": 0, "2009-03-31": "", "2008-12-31": 0, "2008-09-30": 0, "2008-06-30": 0, "2008-03-31": "7.29500", "2007-12-31": 0, "2007-09-30": 0, "2007-06-30": 0, "2007-03-31": "", "2006-12-31": 0, "2006-09-30": 0, "2006-06-30": 0, "2006-03-31": "", "2005-12-31": -0.686, "2005-09-30": -20.447, "2005-06-30": 0, "2005-03-31": "-17.67400"}, "Cash Flow From Investing Activities": {"2020-09-30": -81.985, "2020-06-30": -45.572, "2020-03-31": "-86.09400", "2019-12-31": -116.15, "2019-09-30": -74.455, "2019-06-30": -55.584, "2019-03-31": "-726.72500", "2018-12-31": -101.353, "2018-09-30": -113.089, "2018-06-30": -79.997, "2018-03-31": "-66.08100", "2017-12-31": -322.374, "2017-09-30": -56.787, "2017-06-30": -107.493, "2017-03-31": "-473.01600", "2016-12-31": -404.443, "2016-09-30": -127.818, "2016-06-30": -264.143, "2016-03-31": "-5.19300", "2015-12-31": 43.692, "2015-09-30": -192.061, "2015-06-30": -121.282, "2015-03-31": "-112.09700", "2014-12-31": -44.466, "2014-09-30": -53.632, "2014-06-30": -81.175, "2014-03-31": "-113.04900", "2013-12-31": -194.607, "2013-09-30": -151.035, "2013-06-30": -76.448, "2013-03-31": "-104.64500", "2012-12-31": -477.468, "2012-09-30": -89.183, "2012-06-30": -75.773, "2012-03-31": "-68.68000", "2011-12-31": -184.66, "2011-09-30": 668.216, "2011-06-30": -114.012, "2011-03-31": "-141.05000", "2010-12-31": -85.293, "2010-09-30": -51.409, "2010-06-30": -45.432, "2010-03-31": "-31.09800", "2009-12-31": -159.657, "2009-09-30": -62.628, "2009-06-30": -241.979, "2009-03-31": "-70.33900", "2008-12-31": -83.185, "2008-09-30": -46.076, "2008-06-30": -11.975, "2008-03-31": "83.45900", "2007-12-31": -12.478, "2007-09-30": -6.158, "2007-06-30": -220.646, "2007-03-31": "-53.77500", "2006-12-31": -37.537, "2006-09-30": -2.786, "2006-06-30": -43.76, "2006-03-31": "119.88800", "2005-12-31": -56.669, "2005-09-30": -113.043, "2005-06-30": -18.67, "2005-03-31": "-131.75300"}, "Net Long-Term Debt": {"2020-09-30": 1270.119, "2020-06-30": -522.933, "2020-03-31": "499.59000", "2019-12-31": -0.393, "2019-09-30": -0.375, "2019-06-30": -0.375, "2019-03-31": "-0.40800", "2018-12-31": 0, "2018-09-30": 0, "2018-06-30": 0, "2018-03-31": "", "2017-12-31": -197, "2017-09-30": 8.75, "2017-06-30": -4, "2017-03-31": "-15.75000", "2016-12-31": 727.8601, "2016-09-30": -12, "2016-06-30": 410.5, "2016-03-31": "260.18990", "2015-12-31": 72.156, "2015-09-30": -171.1, "2015-06-30": 75.944, "2015-03-31": "23.00000", "2014-12-31": 172.188, "2014-09-30": -144.188, "2014-06-30": 180, "2014-03-31": "", "2013-12-31": -2, "2013-09-30": -56, "2013-06-30": -357.973, "2013-03-31": "57.00000", "2012-12-31": -692, "2012-09-30": 424, "2012-06-30": 220.761, "2012-03-31": "172.98900", "2011-12-31": -51.985, "2011-09-30": 28.985, "2011-06-30": 34, "2011-03-31": "30.00000", "2010-12-31": -47, "2010-09-30": 0, "2010-06-30": 0, "2010-03-31": "147.54000", "2009-12-31": 106, "2009-09-30": -58.355, "2009-06-30": 246.28, "2009-03-31": "", "2008-12-31": 29, "2008-09-30": 0, "2008-06-30": 0, "2008-03-31": "", "2007-12-31": 0, "2007-09-30": 0, "2007-06-30": 0, "2007-03-31": "", "2006-12-31": 0, "2006-09-30": 0, "2006-06-30": 0, "2006-03-31": "", "2005-12-31": -8.572, "2005-09-30": 0, "2005-06-30": 34.58, "2005-03-31": "147.37500"}, "Net Current Debt": {"2020-09-30": -569.5, "2020-06-30": 507, "2020-03-31": "-477.50000", "2019-12-31": 30, "2019-09-30": -6, "2019-06-30": -0.5, "2019-03-31": "19.00000", "2018-12-31": 2, "2018-09-30": 21, "2018-06-30": 4.5, "2018-03-31": "-116.50000", "2017-12-31": 459, "2017-09-30": 0, "2017-06-30": 0, "2017-03-31": "", "2016-12-31": -159, "2016-09-30": 0, "2016-06-30": 0, "2016-03-31": "", "2015-12-31": -14.156, "2015-09-30": 221.1, "2015-06-30": -221.1, "2015-03-31": "", "2014-12-31": -156.188, "2014-09-30": 156.188, "2014-06-30": -174.7, "2014-03-31": "18.51200", "2013-12-31": 0, "2013-09-30": 66, "2013-06-30": 44, "2013-03-31": "-110.00000", "2012-12-31": 682, "2012-09-30": -363, "2012-06-30": -238, "2012-03-31": "-81.00000", "2011-12-31": 41.797, "2011-09-30": -13, "2011-06-30": -30, "2011-03-31": "-7.00000", "2010-12-31": 49, "2010-09-30": 2, "2010-06-30": -16, "2010-03-31": "-35.00000", "2009-12-31": -45, "2009-09-30": 27, "2009-06-30": -77, "2009-03-31": "95.00000", "2008-12-31": -24, "2008-09-30": 4, "2008-06-30": 20, "2008-03-31": "", "2007-12-31": 0, "2007-09-30": 0, "2007-06-30": 0, "2007-03-31": "", "2006-12-31": 0, "2006-09-30": 0, "2006-06-30": 0, "2006-03-31": "", "2005-12-31": 0, "2005-09-30": 0, "2005-06-30": 0, "2005-03-31": "-25.00000"}, "Debt Issuance/Retirement Net - Total": {"2020-09-30": 700.619, "2020-06-30": -15.933, "2020-03-31": "22.09000", "2019-12-31": 29.607, "2019-09-30": -6.375, "2019-06-30": -0.875, "2019-03-31": "18.59200", "2018-12-31": 2, "2018-09-30": 21, "2018-06-30": 4.5, "2018-03-31": "-116.50000", "2017-12-31": 262, "2017-09-30": 8.75, "2017-06-30": -4, "2017-03-31": "-15.75000", "2016-12-31": 568.8601, "2016-09-30": -12, "2016-06-30": 410.5, "2016-03-31": "260.18990", "2015-12-31": 58, "2015-09-30": 50, "2015-06-30": -145.156, "2015-03-31": "23.00000", "2014-12-31": 16, "2014-09-30": 12, "2014-06-30": 5.3, "2014-03-31": "18.51200", "2013-12-31": -2, "2013-09-30": 10, "2013-06-30": -313.973, "2013-03-31": "-53.00000", "2012-12-31": -10, "2012-09-30": 61, "2012-06-30": -17.239, "2012-03-31": "91.98900", "2011-12-31": -10.188, "2011-09-30": 15.985, "2011-06-30": 4, "2011-03-31": "23.00000", "2010-12-31": 2, "2010-09-30": 2, "2010-06-30": -16, "2010-03-31": "112.54000", "2009-12-31": 61, "2009-09-30": -31.355, "2009-06-30": 169.28, "2009-03-31": "95.00000", "2008-12-31": 5, "2008-09-30": 4, "2008-06-30": 20, "2008-03-31": "", "2007-12-31": 0, "2007-09-30": 0, "2007-06-30": 0, "2007-03-31": "", "2006-12-31": 0, "2006-09-30": 0, "2006-06-30": 0, "2006-03-31": "", "2005-12-31": -8.572, "2005-09-30": 0, "2005-06-30": 34.58, "2005-03-31": "122.37500"}, "Net Common Equity Issued/Repurchased": {"2020-09-30": -2.107, "2020-06-30": -0.181, "2020-03-31": "-1.06200", "2019-12-31": -61.107, "2019-09-30": -204.98, "2019-06-30": -189.171, "2019-03-31": "-77.82500", "2018-12-31": -185.855, "2018-09-30": -123.911, "2018-06-30": -27.794, "2018-03-31": "88.88200", "2017-12-31": -16.101, "2017-09-30": -0.349, "2017-06-30": 15.071, "2017-03-31": "37.56300", "2016-12-31": 98.402, "2016-09-30": 9.101, "2016-06-30": 13.69, "2016-03-31": "-133.43000", "2015-12-31": -261.057, "2015-09-30": -161.634, "2015-06-30": -265.067, "2015-03-31": "-55.06500", "2014-12-31": -25.697, "2014-09-30": -113.015, "2014-06-30": -6.147, "2014-03-31": "-13.98800", "2013-12-31": -40.076, "2013-09-30": -25.515, "2013-06-30": -152.822, "2013-03-31": "140.27800", "2012-12-31": -27.913, "2012-09-30": 108.084, "2012-06-30": -227.239, "2012-03-31": "-62.53200", "2011-12-31": 71.975, "2011-09-30": -35.959, "2011-06-30": -0.945, "2011-03-31": "-2.05100", "2010-12-31": -0.121, "2010-09-30": 0, "2010-06-30": -0.253, "2010-03-31": "-0.99400", "2009-12-31": 74.754, "2009-09-30": 58.415, "2009-06-30": -0.045, "2009-03-31": "-1.16900", "2008-12-31": 1.005, "2008-09-30": -14.23, "2008-06-30": -34.28, "2008-03-31": "-102.59600", "2007-12-31": -121.415, "2007-09-30": -32.943, "2007-06-30": -14.976, "2007-03-31": "-35.57400", "2006-12-31": -36.804, "2006-09-30": -45.793, "2006-06-30": -32.282, "2006-03-31": "-57.87000", "2005-12-31": -4.073, "2005-09-30": -53.821, "2005-06-30": -25.857, "2005-03-31": "1.51500"}, "Net Total Equity Issued/Repurchased": {"2020-09-30": -2.107, "2020-06-30": -0.181, "2020-03-31": "-1.06200", "2019-12-31": -61.107, "2019-09-30": -204.98, "2019-06-30": -189.171, "2019-03-31": "-77.82500", "2018-12-31": -185.855, "2018-09-30": -123.911, "2018-06-30": -27.794, "2018-03-31": "88.88200", "2017-12-31": -16.101, "2017-09-30": -0.349, "2017-06-30": 15.071, "2017-03-31": "37.56300", "2016-12-31": 98.402, "2016-09-30": 9.101, "2016-06-30": 13.69, "2016-03-31": "-133.43000", "2015-12-31": -261.057, "2015-09-30": -161.634, "2015-06-30": -265.067, "2015-03-31": "-55.06500", "2014-12-31": -25.697, "2014-09-30": -113.015, "2014-06-30": -6.147, "2014-03-31": "-13.98800", "2013-12-31": -40.076, "2013-09-30": -25.515, "2013-06-30": -152.822, "2013-03-31": "140.27800", "2012-12-31": -27.913, "2012-09-30": 108.084, "2012-06-30": -227.239, "2012-03-31": "-62.53200", "2011-12-31": 71.975, "2011-09-30": -35.959, "2011-06-30": -0.945, "2011-03-31": "-2.05100", "2010-12-31": -0.121, "2010-09-30": 0, "2010-06-30": -0.253, "2010-03-31": "-0.99400", "2009-12-31": 74.754, "2009-09-30": 58.415, "2009-06-30": -0.045, "2009-03-31": "-1.16900", "2008-12-31": 1.005, "2008-09-30": -14.23, "2008-06-30": -34.28, "2008-03-31": "-102.59600", "2007-12-31": -121.415, "2007-09-30": -32.943, "2007-06-30": -14.976, "2007-03-31": "-35.57400", "2006-12-31": -36.804, "2006-09-30": -45.793, "2006-06-30": -32.282, "2006-03-31": "-57.87000", "2005-12-31": -4.073, "2005-09-30": -53.821, "2005-06-30": -25.857, "2005-03-31": "1.51500"}, "Total Common And Preferred Stock Dividends Paid": {"2020-09-30": -77.106, "2020-06-30": -74.272, "2020-03-31": "-91.16600", "2019-12-31": -89.335, "2019-09-30": -87.892, "2019-06-30": -89.689, "2019-03-31": "-90.52200", "2018-12-31": -90.148, "2018-09-30": -90.79, "2018-06-30": -90.166, "2018-03-31": "-88.09300", "2017-12-31": -87.543, "2017-09-30": -86.786, "2017-06-30": -86.002, "2017-03-31": "-85.52800", "2016-12-31": -84.846, "2016-09-30": -81.13, "2016-06-30": -80.302, "2016-03-31": "-80.33300", "2015-12-31": -81.438, "2015-09-30": -81.95, "2015-06-30": -83.981, "2015-03-31": "-82.80700", "2014-12-31": -102.958, "2014-09-30": -182.603, "2014-06-30": -184.141, "2014-03-31": "-177.49500", "2013-12-31": -178.875, "2013-09-30": -238.775, "2013-06-30": -182.02, "2013-03-31": "-117.45100", "2012-12-31": -290.514, "2012-09-30": -147.457, "2012-06-30": -138.492, "2012-03-31": "-140.41000", "2011-12-31": -135.701, "2011-09-30": -126.189, "2011-06-30": -20.648, "2011-03-31": "-20.46900", "2010-12-31": -20.333, "2010-09-30": -20.194, "2010-06-30": -19.945, "2010-03-31": "-19.88900", "2009-12-31": -17.395, "2009-09-30": -16.377, "2009-06-30": -15.133, "2009-03-31": "-14.41800", "2008-12-31": -14.932, "2008-09-30": -14.598, "2008-06-30": -15.222, "2008-03-31": "-6.41000", "2007-12-31": -6.557, "2007-09-30": -6.601, "2007-06-30": -5.573, "2007-03-31": "-4.47700", "2006-12-31": -4.527, "2006-09-30": -4.609, "2006-06-30": -2.909, "2006-03-31": "-2.95700", "2005-12-31": -3.011, "2005-09-30": -3.175, "2005-06-30": -7.473, "2005-03-31": "-7.07000"}, "Financial Activities - Other": {"2020-09-30": -2.68, "2020-06-30": 6.324, "2020-03-31": "-1.31900", "2019-12-31": 1.917, "2019-09-30": -0.226, "2019-06-30": -0.001, "2019-03-31": "-0.37300", "2018-12-31": 33.091, "2018-09-30": 0, "2018-06-30": -0.544, "2018-03-31": "", "2017-12-31": -0.534, "2017-09-30": -8.601, "2017-06-30": -0.172, "2017-03-31": "-4.64800", "2016-12-31": 3.611, "2016-09-30": -7.77, "2016-06-30": -42.466, "2016-03-31": "-3.38200", "2015-12-31": -14.922, "2015-09-30": 58.616, "2015-06-30": -68.295, "2015-03-31": "6.18400", "2014-12-31": -83.583, "2014-09-30": -9.48, "2014-06-30": -16.72, "2014-03-31": "25.62300", "2013-12-31": -5.834, "2013-09-30": -0.259, "2013-06-30": -0.711, "2013-03-31": "0.99800", "2012-12-31": 15.287, "2012-09-30": 10.481, "2012-06-30": -4.207, "2012-03-31": "6.37400", "2011-12-31": 5.431, "2011-09-30": 2.91, "2011-06-30": 6.726, "2011-03-31": "5.04100", "2010-12-31": 13.641, "2010-09-30": 3.689, "2010-06-30": 0.183, "2010-03-31": "-1.84200", "2009-12-31": 35.474, "2009-09-30": 3.682, "2009-06-30": -1.178, "2009-03-31": "6.31400", "2008-12-31": 2.113, "2008-09-30": 6.06, "2008-06-30": -0.066, "2008-03-31": "12.87900", "2007-12-31": 29.748, "2007-09-30": 1.483, "2007-06-30": 2.87, "2007-03-31": "4.58700", "2006-12-31": 1.445, "2006-09-30": 1.484, "2006-06-30": 4.061, "2006-03-31": "4.82600", "2005-12-31": -43.278, "2005-09-30": 44.351, "2005-06-30": -0.091, "2005-03-31": "4.10500"}, "Cash Flow From Financial Activities": {"2020-09-30": 618.726, "2020-06-30": -84.062, "2020-03-31": "-71.45700", "2019-12-31": -118.918, "2019-09-30": -299.473, "2019-06-30": -279.736, "2019-03-31": "-150.12800", "2018-12-31": -240.912, "2018-09-30": -193.701, "2018-06-30": -114.004, "2018-03-31": "-115.71100", "2017-12-31": 157.822, "2017-09-30": -86.986, "2017-06-30": -75.103, "2017-03-31": "-68.36300", "2016-12-31": 586.027, "2016-09-30": -91.799, "2016-06-30": 301.422, "2016-03-31": "43.04500", "2015-12-31": -299.417, "2015-09-30": -134.968, "2015-06-30": -562.499, "2015-03-31": "-108.68800", "2014-12-31": -196.238, "2014-09-30": -293.098, "2014-06-30": -201.708, "2014-03-31": "-147.34800", "2013-12-31": -226.785, "2013-09-30": -254.549, "2013-06-30": -649.526, "2013-03-31": "-29.17500", "2012-12-31": -313.14, "2012-09-30": 32.108, "2012-06-30": -387.177, "2012-03-31": "-104.57900", "2011-12-31": -68.483, "2011-09-30": -143.253, "2011-06-30": -10.867, "2011-03-31": "5.52100", "2010-12-31": -4.813, "2010-09-30": -14.505, "2010-06-30": -36.015, "2010-03-31": "89.81500", "2009-12-31": 153.833, "2009-09-30": 14.365, "2009-06-30": 152.924, "2009-03-31": "85.72700", "2008-12-31": -6.814, "2008-09-30": -18.768, "2008-06-30": -29.568, "2008-03-31": "-96.12700", "2007-12-31": -98.224, "2007-09-30": -38.061, "2007-06-30": -17.679, "2007-03-31": "-35.46400", "2006-12-31": -39.886, "2006-09-30": -48.918, "2006-06-30": -31.13, "2006-03-31": "-56.00100", "2005-12-31": -58.934, "2005-09-30": -12.645, "2005-06-30": 1.159, "2005-03-31": "120.92500"}, "Net Cash Flow": {"2020-09-30": 622.379, "2020-06-30": -6.617, "2020-03-31": "23.96400", "2019-12-31": -96.694, "2019-09-30": 67.212, "2019-06-30": 418.505, "2019-03-31": "-658.61300", "2018-12-31": 79.075, "2018-09-30": 95.805, "2018-06-30": 198.405, "2018-03-31": "150.71000", "2017-12-31": 0.015, "2017-09-30": 170.416, "2017-06-30": 330.814, "2017-03-31": "-581.06700", "2016-12-31": 344.258, "2016-09-30": -85.669, "2016-06-30": 340.969, "2016-03-31": "44.48800", "2015-12-31": -173.198, "2015-09-30": 6.372, "2015-06-30": -360.733, "2015-03-31": "26.10700", "2014-12-31": -288.041, "2014-09-30": -262.276, "2014-06-30": 43.667, "2014-03-31": "134.53200", "2013-12-31": -354.381, "2013-09-30": -54.936, "2013-06-30": -523.022, "2013-03-31": "114.74300", "2012-12-31": -299.709, "2012-09-30": 685.21, "2012-06-30": -287.352, "2012-03-31": "80.64600", "2011-12-31": -3.955, "2011-09-30": 1156.17, "2011-06-30": 202.575, "2011-03-31": "-4.98700", "2010-12-31": -42.819, "2010-09-30": 131.708, "2010-06-30": 46.923, "2010-03-31": "-31.30700", "2009-12-31": 26.069, "2009-09-30": -10.161, "2009-06-30": 54.81, "2009-03-31": "13.07300", "2008-12-31": -95.203, "2008-09-30": -18.763, "2008-06-30": -25.78, "2008-03-31": "86.18200", "2007-12-31": 55.335, "2007-09-30": -68.103, "2007-06-30": -44.042, "2007-03-31": "-2.93800", "2006-12-31": -40.511, "2006-09-30": 76.772, "2006-06-30": 23.245, "2006-03-31": "45.54700", "2005-12-31": -27.245, "2005-09-30": -35.292, "2005-06-30": 48.162, "2005-03-31": "-4.02100"}, "Stock-Based Compensation": {"2020-09-30": 7.932, "2020-06-30": 7.959, "2020-03-31": "6.33000", "2019-12-31": 11.634, "2019-09-30": 9.073, "2019-06-30": 12.188, "2019-03-31": "9.37400", "2018-12-31": 16.076, "2018-09-30": 8.79, "2018-06-30": 8.509, "2018-03-31": "8.79700", "2017-12-31": 15.907, "2017-09-30": 9.873, "2017-06-30": 9.147, "2017-03-31": "7.41000", "2016-12-31": 8.865, "2016-09-30": 6.922, "2016-06-30": 6.548, "2016-03-31": "3.22600", "2015-12-31": 8.439, "2015-09-30": 7.706, "2015-06-30": 6.997, "2015-03-31": "7.22500", "2014-12-31": 8.87, "2014-09-30": 6.882, "2014-06-30": 7.66, "2014-03-31": "6.18600", "2013-12-31": 10.536, "2013-09-30": 8.047, "2013-06-30": 8.612, "2013-03-31": "8.58000", "2012-12-31": 13.804, "2012-09-30": 7.908, "2012-06-30": 8.006, "2012-03-31": "9.48500", "2011-12-31": 11.29, "2011-09-30": 9.973, "2011-06-30": 3.808, "2011-03-31": "1.75400", "2010-12-31": 3.684, "2010-09-30": 2.374, "2010-06-30": 2.533, "2010-03-31": "2.90700", "2009-12-31": 0.97, "2009-09-30": 2.242, "2009-06-30": 2.89, "2009-03-31": "1.44700", "2008-12-31": 2.167, "2008-09-30": 2.605, "2008-06-30": 2.517, "2008-03-31": "0.17800", "2007-12-31": 1.665, "2007-09-30": 6.882, "2007-06-30": 0.215, "2007-03-31": "1.23100", "2006-12-31": 1.624, "2006-09-30": 1.441, "2006-06-30": 1.662, "2006-03-31": "0.78000", "2005-12-31": 0.555, "2005-09-30": 0.557, "2005-06-30": 0.56, "2005-03-31": "0.49100"}, "Common Stock Dividends Paid": {"2020-09-30": -77.106, "2020-06-30": -74.272, "2020-03-31": "-91.16600", "2019-12-31": -89.335, "2019-09-30": -87.892, "2019-06-30": -89.689, "2019-03-31": "-90.52200", "2018-12-31": -90.148, "2018-09-30": -90.79, "2018-06-30": -90.166, "2018-03-31": "-88.09300", "2017-12-31": -87.543, "2017-09-30": -86.786, "2017-06-30": -86.002, "2017-03-31": "-85.52800", "2016-12-31": -84.846, "2016-09-30": -81.13, "2016-06-30": -80.302, "2016-03-31": "-80.33300", "2015-12-31": -81.438, "2015-09-30": -81.95, "2015-06-30": -83.981, "2015-03-31": "-82.80700", "2014-12-31": -102.958, "2014-09-30": -182.603, "2014-06-30": -184.141, "2014-03-31": "-177.49500", "2013-12-31": -178.875, "2013-09-30": -238.775, "2013-06-30": -182.02, "2013-03-31": "-117.45100", "2012-12-31": -290.514, "2012-09-30": -147.457, "2012-06-30": -138.492, "2012-03-31": "-140.41000", "2011-12-31": -135.701, "2011-09-30": -126.189, "2011-06-30": -20.648, "2011-03-31": "-20.46900", "2010-12-31": -20.333, "2010-09-30": -20.194, "2010-06-30": -19.945, "2010-03-31": "-19.88900", "2009-12-31": -17.395, "2009-09-30": -16.377, "2009-06-30": -15.133, "2009-03-31": "-14.41800", "2008-12-31": -14.932, "2008-09-30": -14.598, "2008-06-30": -15.222, "2008-03-31": "-6.41000", "2007-12-31": -6.557, "2007-09-30": -6.601, "2007-06-30": -5.573, "2007-03-31": "-4.47700", "2006-12-31": -4.527, "2006-09-30": -4.609, "2006-06-30": -2.909, "2006-03-31": "-2.95700", "2005-12-31": -3.011, "2005-09-30": -3.175, "2005-06-30": -7.473, "2005-03-31": "-7.07000"}}, "financial ratios": {"Current Ratio": {"2019-12-31": "1.96110", "2018-12-31": "2.82190", "2017-12-31": "2.15280", "2016-12-31": "2.63200", "2015-12-31": "1.68260", "2014-12-31": "2.25530", "2013-12-31": "2.32690", "2012-12-31": "2.70200", "2011-12-31": "2.07370", "2010-12-31": "1.22560", "2009-12-31": "1.25160", "2008-12-31": "1.14810", "2007-12-31": "1.26470", "2006-12-31": "1.42940", "2005-12-31": "1.36260"}, "Long-term Debt / Capital": {"2019-12-31": "0.27390", "2018-12-31": "0.27190", "2017-12-31": "0.29760", "2016-12-31": "0.29660", "2015-12-31": "0.15180", "2014-12-31": "0.14740", "2013-12-31": "0.13110", "2012-12-31": "0.16750", "2011-12-31": "0.17230", "2010-12-31": "0.38620", "2009-12-31": "0.36940", "2008-12-31": "0.26750", "2007-12-31": "", "2006-12-31": "", "2005-12-31": ""}, "Debt/Equity Ratio": {"2019-12-31": "0.37720", "2018-12-31": "0.37340", "2017-12-31": "0.42380", "2016-12-31": "0.42160", "2015-12-31": "0.17900", "2014-12-31": "0.17280", "2013-12-31": "0.15090", "2012-12-31": "0.20120", "2011-12-31": "0.20810", "2010-12-31": "0.62920", "2009-12-31": "0.58580", "2008-12-31": "0.39610", "2007-12-31": "", "2006-12-31": "", "2005-12-31": ""}, "Gross Margin": {"2019-12-31": "20.40530", "2018-12-31": "21.30370", "2017-12-31": "19.53100", "2016-12-31": "16.79690", "2015-12-31": "22.65240", "2014-12-31": "12.83090", "2013-12-31": "13.73140", "2012-12-31": "21.15450", "2011-12-31": "17.87260", "2010-12-31": "11.48370", "2009-12-31": "12.33400", "2008-12-31": "9.89120", "2007-12-31": "16.45030", "2006-12-31": "16.74810", "2005-12-31": "17.97260"}, "Operating Margin": {"2019-12-31": "7.30300", "2018-12-31": "9.16750", "2017-12-31": "6.31900", "2016-12-31": "-0.97370", "2015-12-31": "9.39990", "2014-12-31": "2.60840", "2013-12-31": "6.18080", "2012-12-31": "14.35560", "2011-12-31": "11.21500", "2010-12-31": "3.15990", "2009-12-31": "1.66130", "2008-12-31": "3.33900", "2007-12-31": "9.73200", "2006-12-31": "8.99510", "2005-12-31": "8.62490"}, "EBIT Margin": {"2019-12-31": "7.30300", "2018-12-31": "9.16750", "2017-12-31": "6.31900", "2016-12-31": "-0.97370", "2015-12-31": "9.39990", "2014-12-31": "2.60840", "2013-12-31": "6.18080", "2012-12-31": "14.35560", "2011-12-31": "11.21500", "2010-12-31": "3.15990", "2009-12-31": "1.66130", "2008-12-31": "3.33900", "2007-12-31": "9.73200", "2006-12-31": "8.99510", "2005-12-31": "8.62490"}, "EBITDA Margin": {"2019-12-31": "11.09240", "2018-12-31": "11.63620", "2017-12-31": "9.33050", "2016-12-31": "8.68030", "2015-12-31": "12.01480", "2014-12-31": "4.44700", "2013-12-31": "7.68590", "2012-12-31": "15.56450", "2011-12-31": "12.24940", "2010-12-31": "4.57200", "2009-12-31": "3.72230", "2008-12-31": "4.42750", "2007-12-31": "10.63890", "2006-12-31": "9.99600", "2005-12-31": "10.06330"}, "Pre-Tax Profit Margin": {"2019-12-31": "6.69940", "2018-12-31": "8.60570", "2017-12-31": "6.09670", "2016-12-31": "-1.62810", "2015-12-31": "9.12960", "2014-12-31": "2.36540", "2013-12-31": "5.75080", "2012-12-31": "13.87700", "2011-12-31": "10.63310", "2010-12-31": "2.31120", "2009-12-31": "0.90610", "2008-12-31": "3.20370", "2007-12-31": "10.42300", "2006-12-31": "9.53220", "2005-12-31": "8.65480"}, "Net Profit Margin": {"2019-12-31": "4.41700", "2018-12-31": "6.19800", "2017-12-31": "5.65140", "2016-12-31": "-2.48160", "2015-12-31": "5.57330", "2014-12-31": "1.41910", "2013-12-31": "3.63620", "2012-12-31": "8.55880", "2011-12-31": "6.60590", "2010-12-31": "1.24910", "2009-12-31": "0.40410", "2008-12-31": "2.05720", "2007-12-31": "6.97300", "2006-12-31": "6.62570", "2005-12-31": "5.50360"}, "Asset Turnover": {"2019-12-31": "1.43750", "2018-12-31": "1.61120", "2017-12-31": "1.33290", "2016-12-31": "1.11660", "2015-12-31": "1.57810", "2014-12-31": "2.14130", "2013-12-31": "2.00470", "2012-12-31": "1.94510", "2011-12-31": "1.61230", "2010-12-31": "2.24850", "2009-12-31": "1.53670", "2008-12-31": "3.12680", "2007-12-31": "2.87970", "2006-12-31": "3.25010", "2005-12-31": "2.66540"}, "Inventory Turnover Ratio": {"2019-12-31": "9.44130", "2018-12-31": "10.29310", "2017-12-31": "7.03510", "2016-12-31": "7.71880", "2015-12-31": "12.16250", "2014-12-31": "16.64370", "2013-12-31": "12.84270", "2012-12-31": "12.00380", "2011-12-31": "11.37620", "2010-12-31": "18.40100", "2009-12-31": "13.96320", "2008-12-31": "41.99860", "2007-12-31": "28.46820", "2006-12-31": "25.82920", "2005-12-31": "24.18070"}, "Receiveable Turnover": {"2019-12-31": "19.75520", "2018-12-31": "25.10080", "2017-12-31": "18.62740", "2016-12-31": "19.24080", "2015-12-31": "37.61010", "2014-12-31": "32.85160", "2013-12-31": "24.64080", "2012-12-31": "28.32920", "2011-12-31": "19.39310", "2010-12-31": "7.97100", "2009-12-31": "6.03890", "2008-12-31": "19.86770", "2007-12-31": "7.59240", "2006-12-31": "9.88070", "2005-12-31": "7.57970"}, "Days Sales In Receivables": {"2019-12-31": "18.47610", "2018-12-31": "14.54140", "2017-12-31": "19.59480", "2016-12-31": "18.97010", "2015-12-31": "9.70480", "2014-12-31": "11.11060", "2013-12-31": "14.81280", "2012-12-31": "12.88420", "2011-12-31": "18.82110", "2010-12-31": "45.79090", "2009-12-31": "60.44190", "2008-12-31": "18.37150", "2007-12-31": "48.07450", "2006-12-31": "36.94060", "2005-12-31": "48.15490"}, "ROE - Return On Equity": {"2019-12-31": "13.40140", "2018-12-31": "18.22590", "2017-12-31": "14.94410", "2016-12-31": "-3.60140", "2015-12-31": "13.81310", "2014-12-31": "5.34900", "2013-12-31": "11.61710", "2012-12-31": "26.49590", "2011-12-31": "18.15840", "2010-12-31": "10.32890", "2009-12-31": "3.00910", "2008-12-31": "13.21310", "2007-12-31": "56.27000", "2006-12-31": "52.97170", "2005-12-31": "43.46780"}, "Return On Tangible Equity": {"2019-12-31": "25.19890", "2018-12-31": "31.11690", "2017-12-31": "27.43420", "2016-12-31": "-6.48780", "2015-12-31": "24.94530", "2014-12-31": "9.11180", "2013-12-31": "18.71760", "2012-12-31": "42.55910", "2011-12-31": "31.72350", "2010-12-31": "11.91870", "2009-12-31": "3.53430", "2008-12-31": "14.75700", "2007-12-31": "57.48860", "2006-12-31": "54.74480", "2005-12-31": "45.15550"}, "ROA - Return On Assets": {"2019-12-31": "7.17110", "2018-12-31": "10.70730", "2017-12-31": "8.24200", "2016-12-31": "-2.02370", "2015-12-31": "9.56700", "2014-12-31": "3.53550", "2013-12-31": "7.63490", "2012-12-31": "17.03970", "2011-12-31": "11.06600", "2010-12-31": "3.59450", "2009-12-31": "1.15520", "2008-12-31": "6.60100", "2007-12-31": "20.08050", "2006-12-31": "19.94540", "2005-12-31": "14.35170"}, "ROI - Return On Investment": {"2019-12-31": "9.73060", "2018-12-31": "13.27110", "2017-12-31": "10.49610", "2016-12-31": "-2.53340", "2015-12-31": "11.71580", "2014-12-31": "4.56080", "2013-12-31": "10.09380", "2012-12-31": "22.05860", "2011-12-31": "15.02990", "2010-12-31": "6.33970", "2009-12-31": "1.89760", "2008-12-31": "9.67870", "2007-12-31": "56.27000", "2006-12-31": "52.97170", "2005-12-31": "43.46780"}, "Book Value Per Share": {"2019-12-31": "40.21970", "2018-12-31": "37.52620", "2017-12-31": "33.23940", "2016-12-31": "29.89640", "2015-12-31": "32.23460", "2014-12-31": "31.11250", "2013-12-31": "33.24150", "2012-12-31": "32.63390", "2011-12-31": "27.87860", "2010-12-31": "12.09190", "2009-12-31": "11.38000", "2008-12-31": "9.37400", "2007-12-31": "5.64270", "2006-12-31": "4.21290", "2005-12-31": "6.42280"}, "Operating Cash Flow Per Share": {"2019-12-31": 0.4529, "2018-12-31": 3.4298, "2017-12-31": 1.9225, "2016-12-31": -1.7713, "2015-12-31": 1.3755, "2014-12-31": -0.4768, "2013-12-31": -3.7806, "2012-12-31": -0.3307, "2011-12-31": 5.7886, "2010-12-31": 0.5517, "2009-12-31": 0.5522, "2008-12-31": -2.2466, "2007-12-31": 1.6786, "2006-12-31": 0.1198, "2005-12-31": 1.9862}, "Free Cash Flow Per Share": {"2019-12-31": 0.4421, "2018-12-31": 3.2154, "2017-12-31": 3.1135, "2016-12-31": -1.0143, "2015-12-31": 0.6755, "2014-12-31": -1.1797, "2013-12-31": -4.2212, "2012-12-31": 0.3934, "2011-12-31": 5.4201, "2010-12-31": 1.5523, "2009-12-31": 0.0065, "2008-12-31": -3.2466, "2007-12-31": 1.2693, "2006-12-31": -0.0745, "2005-12-31": 1.1461}}, "financial ratios, quarterly": {"Current Ratio": {"2020-09-30": "2.68330", "2020-06-30": "2.10310", "2020-03-31": "1.91700", "2019-12-31": "1.96110", "2019-09-30": "2.07160", "2019-06-30": "2.08310", "2019-03-31": "1.98970", "2018-12-31": "2.82190", "2018-09-30": "2.50400", "2018-06-30": "2.37970", "2018-03-31": "2.24770", "2017-12-31": "2.15280", "2017-09-30": "1.99650", "2017-06-30": "1.87940", "2017-03-31": "1.89970", "2016-12-31": "2.63200", "2016-09-30": "2.10120", "2016-06-30": "2.02000", "2016-03-31": "1.69290", "2015-12-31": "1.68260", "2015-09-30": "2.11240", "2015-06-30": "2.03110", "2015-03-31": "2.31640", "2014-12-31": "2.25530", "2014-09-30": "2.17920", "2014-06-30": "2.15280", "2014-03-31": "2.18390", "2013-12-31": "2.32690", "2013-09-30": "2.32850", "2013-06-30": "2.36640", "2013-03-31": "2.69580", "2012-12-31": "2.70200", "2012-09-30": "2.22990", "2012-06-30": "2.37290", "2012-03-31": "1.94850", "2011-12-31": "2.07370", "2011-09-30": "1.83930", "2011-06-30": "1.30010", "2011-03-31": "1.21620", "2010-12-31": "1.22560", "2010-09-30": "1.16120", "2010-06-30": "1.30000", "2010-03-31": "1.24560", "2009-12-31": "1.25160", "2009-09-30": "1.20490", "2009-06-30": "1.18730", "2009-03-31": "1.06360", "2008-12-31": "1.14810", "2008-09-30": "1.09400", "2008-06-30": "1.13790", "2008-03-31": "1.26630", "2007-12-31": "1.26470", "2007-09-30": "1.38080", "2007-06-30": "1.53650", "2007-03-31": "1.48330", "2006-12-31": "1.42940", "2006-09-30": "1.44830", "2006-06-30": "1.37590", "2006-03-31": "1.32890", "2005-12-31": "1.36260", "2005-09-30": "1.41380", "2005-06-30": "1.40900", "2005-03-31": "1.27410"}, "Long-term Debt / Capital": {"2020-09-30": "0.35090", "2020-06-30": "0.29550", "2020-03-31": "0.29000", "2019-12-31": "0.27390", "2019-09-30": "0.27050", "2019-06-30": "0.27120", "2019-03-31": "0.26930", "2018-12-31": "0.27190", "2018-09-30": "0.26850", "2018-06-30": "0.27160", "2018-03-31": "0.27900", "2017-12-31": "0.29760", "2017-09-30": "0.29040", "2017-06-30": "0.29830", "2017-03-31": "0.29930", "2016-12-31": "0.29660", "2016-09-30": "0.24190", "2016-06-30": "0.24410", "2016-03-31": "0.18820", "2015-12-31": "0.15180", "2015-09-30": "0.13720", "2015-06-30": "0.13140", "2015-03-31": "0.14810", "2014-12-31": "0.14740", "2014-09-30": "0.13680", "2014-06-30": "0.13360", "2014-03-31": "0.13340", "2013-12-31": "0.13110", "2013-09-30": "0.12830", "2013-06-30": "0.12550", "2013-03-31": "0.15630", "2012-12-31": "0.16750", "2012-09-30": "0.17470", "2012-06-30": "0.17880", "2012-03-31": "0.18170", "2011-12-31": "0.17230", "2011-09-30": "0.17790", "2011-06-30": "0.34980", "2011-03-31": "0.37880", "2010-12-31": "0.38620", "2010-09-30": "0.33970", "2010-06-30": "0.39750", "2010-03-31": "0.41360", "2009-12-31": "0.36940", "2009-09-30": "0.36650", "2009-06-30": "0.36020", "2009-03-31": "0.30200", "2008-12-31": "0.26750", "2008-09-30": "0.40060", "2008-06-30": "0.41440", "2008-03-31": "0.40570", "2007-12-31": "", "2007-09-30": "", "2007-06-30": "", "2007-03-31": "", "2006-12-31": "", "2006-09-30": "", "2006-06-30": "", "2006-03-31": "", "2005-12-31": "", "2005-09-30": "", "2005-06-30": "0.32300", "2005-03-31": "0.29090"}, "Debt/Equity Ratio": {"2020-09-30": "0.54050", "2020-06-30": "0.41940", "2020-03-31": "0.40850", "2019-12-31": "0.37720", "2019-09-30": "0.37080", "2019-06-30": "0.37220", "2019-03-31": "0.36860", "2018-12-31": "0.37340", "2018-09-30": "0.36710", "2018-06-30": "0.37290", "2018-03-31": "0.38700", "2017-12-31": "0.42380", "2017-09-30": "0.40920", "2017-06-30": "0.42500", "2017-03-31": "0.42720", "2016-12-31": "0.42160", "2016-09-30": "0.31910", "2016-06-30": "0.32280", "2016-03-31": "0.23180", "2015-12-31": "0.17900", "2015-09-30": "0.15900", "2015-06-30": "0.15130", "2015-03-31": "0.17380", "2014-12-31": "0.17280", "2014-09-30": "0.15840", "2014-06-30": "0.15420", "2014-03-31": "0.15390", "2013-12-31": "0.15090", "2013-09-30": "0.14710", "2013-06-30": "0.14350", "2013-03-31": "0.18520", "2012-12-31": "0.20120", "2012-09-30": "0.21170", "2012-06-30": "0.21780", "2012-03-31": "0.22660", "2011-12-31": "0.20810", "2011-09-30": "0.21640", "2011-06-30": "0.53800", "2011-03-31": "0.60980", "2010-12-31": "0.62920", "2010-09-30": "0.63840", "2010-06-30": "0.65970", "2010-03-31": "0.70530", "2009-12-31": "0.58580", "2009-09-30": "0.57840", "2009-06-30": "0.56310", "2009-03-31": "0.49050", "2008-12-31": "0.39610", "2008-09-30": "0.71550", "2008-06-30": "0.74920", "2008-03-31": "0.70280", "2007-12-31": "", "2007-09-30": "", "2007-06-30": "", "2007-03-31": "", "2006-12-31": "", "2006-09-30": "", "2006-06-30": "", "2006-03-31": "", "2005-12-31": "", "2005-09-30": "0.02200", "2005-06-30": "0.49940", "2005-03-31": "0.43420"}, "Gross Margin": {"2020-09-30": "15.68280", "2020-06-30": "23.55550", "2020-03-31": "20.78550", "2019-12-31": "17.60340", "2019-09-30": "23.07570", "2019-06-30": "22.53440", "2019-03-31": "17.91120", "2018-12-31": "25.29110", "2018-09-30": "21.35000", "2018-06-30": "19.57670", "2018-03-31": "18.92490", "2017-12-31": "20.23730", "2017-09-30": "22.33510", "2017-06-30": "20.39410", "2017-03-31": "14.26100", "2016-12-31": "13.67810", "2016-09-30": "17.75150", "2016-06-30": "17.18400", "2016-03-31": "19.49550", "2015-12-31": "16.88600", "2015-09-30": "25.99020", "2015-06-30": "22.00040", "2015-03-31": "25.11960", "2014-12-31": "11.53580", "2014-09-30": "13.00710", "2014-06-30": "12.98730", "2014-03-31": "13.61770", "2013-12-31": "10.23260", "2013-09-30": "9.70750", "2013-06-30": "15.89100", "2013-03-31": "19.44130", "2012-12-31": "20.87000", "2012-09-30": "25.09340", "2012-06-30": "23.40320", "2012-03-31": "15.10260", "2011-12-31": "14.35870", "2011-09-30": "22.87610", "2011-06-30": "17.52660", "2011-03-31": "14.69830", "2010-12-31": "10.11680", "2010-09-30": "13.57940", "2010-06-30": "13.87080", "2010-03-31": "8.02580", "2009-12-31": "6.67760", "2009-09-30": "12.96970", "2009-06-30": "15.04690", "2009-03-31": "21.04470", "2008-12-31": "19.05840", "2008-09-30": "10.76470", "2008-06-30": "7.06910", "2008-03-31": "6.52350", "2007-12-31": "10.07780", "2007-09-30": "12.34410", "2007-06-30": "26.27450", "2007-03-31": "18.80970", "2006-12-31": "16.14870", "2006-09-30": "16.49060", "2006-06-30": "18.98850", "2006-03-31": "14.66780", "2005-12-31": "17.50840", "2005-09-30": "17.62980", "2005-06-30": "21.78290", "2005-03-31": "14.61540"}, "Operating Margin": {"2020-09-30": "-0.96540", "2020-06-30": "-9.20900", "2020-03-31": "-12.06580", "2019-12-31": "2.94810", "2019-09-30": "9.64510", "2019-06-30": "6.93640", "2019-03-31": "9.99020", "2018-12-31": "5.01020", "2018-09-30": "10.55420", "2018-06-30": "11.33860", "2018-03-31": "9.58830", "2017-12-31": "9.13740", "2017-09-30": "12.05660", "2017-06-30": "3.49330", "2017-03-31": "-1.08870", "2016-12-31": "3.70870", "2016-09-30": "4.38190", "2016-06-30": "-15.49170", "2016-03-31": "4.14110", "2015-12-31": "-1.92640", "2015-09-30": "8.99670", "2015-06-30": "15.93320", "2015-03-31": "12.92550", "2014-12-31": "-8.27480", "2014-09-30": "5.69080", "2014-06-30": "5.51590", "2014-03-31": "5.65630", "2013-12-31": "1.80500", "2013-09-30": "2.81110", "2013-06-30": "8.68120", "2013-03-31": "11.66570", "2012-12-31": "13.07710", "2012-09-30": "18.79620", "2012-06-30": "16.91680", "2012-03-31": "8.50740", "2011-12-31": "7.50270", "2011-09-30": "16.80150", "2011-06-30": "11.12790", "2011-03-31": "6.83830", "2010-12-31": "2.07790", "2010-09-30": "5.14680", "2010-06-30": "6.15900", "2010-03-31": "-1.21350", "2009-12-31": "-3.03940", "2009-09-30": "3.73410", "2009-06-30": "3.61570", "2009-03-31": "5.83170", "2008-12-31": "9.04230", "2008-09-30": "4.82440", "2008-06-30": "1.15990", "2008-03-31": "0.64820", "2007-12-31": "4.55320", "2007-09-30": "5.59560", "2007-06-30": "19.43720", "2007-03-31": "10.43070", "2006-12-31": "7.31280", "2006-09-30": "9.98470", "2006-06-30": "11.97540", "2006-03-31": "5.30260", "2005-12-31": "7.04590", "2005-09-30": "10.41540", "2005-06-30": "11.75730", "2005-03-31": "4.50110"}, "EBIT Margin": {"2020-09-30": "-0.96540", "2020-06-30": "-9.20900", "2020-03-31": "-12.06580", "2019-12-31": "2.94810", "2019-09-30": "9.64510", "2019-06-30": "6.93640", "2019-03-31": "9.99020", "2018-12-31": "5.01020", "2018-09-30": "10.55420", "2018-06-30": "11.33860", "2018-03-31": "9.58830", "2017-12-31": "9.13740", "2017-09-30": "12.05660", "2017-06-30": "3.49330", "2017-03-31": "-1.08870", "2016-12-31": "3.70880", "2016-09-30": "4.38190", "2016-06-30": "-15.49170", "2016-03-31": "4.14110", "2015-12-31": "-1.92640", "2015-09-30": "8.99670", "2015-06-30": "15.93320", "2015-03-31": "12.92550", "2014-12-31": "-8.27480", "2014-09-30": "5.69080", "2014-06-30": "5.51590", "2014-03-31": "5.65630", "2013-12-31": "1.80500", "2013-09-30": "2.81110", "2013-06-30": "8.68120", "2013-03-31": "11.66570", "2012-12-31": "13.07700", "2012-09-30": "18.79620", "2012-06-30": "16.91680", "2012-03-31": "8.50740", "2011-12-31": "7.50270", "2011-09-30": "16.80150", "2011-06-30": "11.12790", "2011-03-31": "6.83830", "2010-12-31": "2.07790", "2010-09-30": "5.14680", "2010-06-30": "6.15900", "2010-03-31": "-1.21350", "2009-12-31": "-3.03930", "2009-09-30": "3.73410", "2009-06-30": "3.61570", "2009-03-31": "5.83170", "2008-12-31": "9.04230", "2008-09-30": "4.82440", "2008-06-30": "1.15990", "2008-03-31": "0.64820", "2007-12-31": "4.55320", "2007-09-30": "5.59560", "2007-06-30": "19.43720", "2007-03-31": "10.43070", "2006-12-31": "7.31280", "2006-09-30": "9.98470", "2006-06-30": "11.97540", "2006-03-31": "5.30260", "2005-12-31": "7.04590", "2005-09-30": "10.41540", "2005-06-30": "11.75730", "2005-03-31": "4.50110"}, "EBITDA Margin": {"2020-09-30": "", "2020-06-30": "", "2020-03-31": "", "2019-12-31": "", "2019-09-30": "", "2019-06-30": "", "2019-03-31": "", "2018-12-31": "", "2018-09-30": "", "2018-06-30": "", "2018-03-31": "", "2017-12-31": "", "2017-09-30": "", "2017-06-30": "", "2017-03-31": "", "2016-12-31": "", "2016-09-30": "", "2016-06-30": "", "2016-03-31": "", "2015-12-31": "", "2015-09-30": "", "2015-06-30": "", "2015-03-31": "", "2014-12-31": "", "2014-09-30": "", "2014-06-30": "", "2014-03-31": "", "2013-12-31": "", "2013-09-30": "", "2013-06-30": "", "2013-03-31": "", "2012-12-31": "", "2012-09-30": "", "2012-06-30": "", "2012-03-31": "", "2011-12-31": "", "2011-09-30": "", "2011-06-30": "", "2011-03-31": "", "2010-12-31": "", "2010-09-30": "", "2010-06-30": "", "2010-03-31": "", "2009-12-31": "", "2009-09-30": "", "2009-06-30": "", "2009-03-31": "", "2008-12-31": "", "2008-09-30": "", "2008-06-30": "", "2008-03-31": "", "2007-12-31": "", "2007-09-30": "", "2007-06-30": "", "2007-03-31": "", "2006-12-31": "", "2006-09-30": "", "2006-06-30": "", "2006-03-31": "", "2005-12-31": "", "2005-09-30": "", "2005-06-30": "", "2005-03-31": ""}, "Pre-Tax Profit Margin": {"2020-09-30": "0.99020", "2020-06-30": "-8.78930", "2020-03-31": "-13.39350", "2019-12-31": "2.29030", "2019-09-30": "9.06250", "2019-06-30": "6.40140", "2019-03-31": "9.33970", "2018-12-31": "4.41550", "2018-09-30": "10.02750", "2018-06-30": "10.74330", "2018-03-31": "9.05670", "2017-12-31": "9.29850", "2017-09-30": "11.99440", "2017-06-30": "3.06660", "2017-03-31": "-1.77150", "2016-12-31": "2.82280", "2016-09-30": "3.85870", "2016-06-30": "-15.85900", "2016-03-31": "3.25440", "2015-12-31": "-2.19700", "2015-09-30": "8.94280", "2015-06-30": "15.67240", "2015-03-31": "12.38560", "2014-12-31": "-8.43630", "2014-09-30": "5.46820", "2014-06-30": "5.33230", "2014-03-31": "5.25100", "2013-12-31": "1.54770", "2013-09-30": "2.57990", "2013-06-30": "7.88460", "2013-03-31": "11.24660", "2012-12-31": "12.67040", "2012-09-30": "18.44980", "2012-06-30": "16.39570", "2012-03-31": "7.85580", "2011-12-31": "7.08130", "2011-09-30": "16.15510", "2011-06-30": "10.57570", "2011-03-31": "6.01830", "2010-12-31": "1.31500", "2010-09-30": "4.34650", "2010-06-30": "5.23430", "2010-03-31": "-2.13020", "2009-12-31": "-3.79390", "2009-09-30": "2.93410", "2009-06-30": "2.82490", "2009-03-31": "5.23480", "2008-12-31": "8.54250", "2008-09-30": "4.50580", "2008-06-30": "1.02080", "2008-03-31": "0.95580", "2007-12-31": "5.22050", "2007-09-30": "6.39270", "2007-06-30": "20.11210", "2007-03-31": "11.04130", "2006-12-31": "8.08150", "2006-09-30": "10.50280", "2006-06-30": "12.30120", "2006-03-31": "5.89280", "2005-12-31": "7.69480", "2005-09-30": "10.86940", "2005-06-30": "11.25020", "2005-03-31": "3.75460"}, "Net Profit Margin": {"2020-09-30": "-0.08520", "2020-06-30": "-8.56440", "2020-03-31": "-8.95810", "2019-12-31": "1.38310", "2019-09-30": "5.91690", "2019-06-30": "4.11730", "2019-03-31": "6.49320", "2018-12-31": "3.26630", "2018-09-30": "7.17840", "2018-06-30": "7.72730", "2018-03-31": "6.49380", "2017-12-31": "13.05090", "2017-09-30": "7.31370", "2017-06-30": "1.67010", "2017-03-31": "-1.47600", "2016-12-31": "1.76520", "2016-09-30": "2.61640", "2016-06-30": "-15.08000", "2016-03-31": "1.05280", "2015-12-31": "-1.57040", "2015-09-30": "5.47500", "2015-06-30": "9.74700", "2015-03-31": "7.54590", "2014-12-31": "-5.18500", "2014-09-30": "3.28220", "2014-06-30": "3.27500", "2014-03-31": "3.17390", "2013-12-31": "1.27880", "2013-09-30": "1.53940", "2013-06-30": "4.84980", "2013-03-31": "7.06010", "2012-12-31": "7.55450", "2012-09-30": "11.48390", "2012-06-30": "10.22000", "2012-03-31": "4.90080", "2011-12-31": "4.42250", "2011-09-30": "10.11110", "2011-06-30": "6.47880", "2011-03-31": "3.64030", "2010-12-31": "0.66550", "2010-09-30": "2.44750", "2010-06-30": "3.08320", "2010-03-31": "-1.49890", "2009-12-31": "-2.43690", "2009-09-30": "1.57770", "2009-06-30": "1.41010", "2009-03-31": "3.38640", "2008-12-31": "5.51560", "2008-09-30": "2.90120", "2008-06-30": "0.65670", "2008-03-31": "0.58440", "2007-12-31": "3.46010", "2007-09-30": "4.80910", "2007-06-30": "13.03430", "2007-03-31": "7.29500", "2006-12-31": "5.08040", "2006-09-30": "6.73680", "2006-06-30": "8.30640", "2006-03-31": "5.91260", "2005-12-31": "4.90890", "2005-09-30": "7.00940", "2005-06-30": "7.19460", "2005-03-31": "2.18240"}, "Asset Turnover": {"2020-09-30": "0.24350", "2020-06-30": "0.18650", "2020-03-31": "0.30300", "2019-12-31": "0.36020", "2019-09-30": "0.36290", "2019-06-30": "0.39510", "2019-03-31": "0.32150", "2018-12-31": "0.39510", "2018-09-30": "0.41500", "2018-06-30": "0.39630", "2018-03-31": "0.37830", "2017-12-31": "0.37340", "2017-09-30": "0.36650", "2017-06-30": "0.35870", "2017-03-31": "0.32280", "2016-12-31": "0.31320", "2016-09-30": "0.33120", "2016-06-30": "0.31350", "2016-03-31": "0.23490", "2015-12-31": "0.35090", "2015-09-30": "0.39530", "2015-06-30": "0.40480", "2015-03-31": "0.32460", "2014-12-31": "0.46400", "2014-09-30": "0.52230", "2014-06-30": "0.51370", "2014-03-31": "0.46150", "2013-12-31": "0.48000", "2013-09-30": "0.50740", "2013-06-30": "0.50490", "2013-03-31": "0.44010", "2012-12-31": "0.49840", "2012-09-30": "0.50310", "2012-06-30": "0.51230", "2012-03-31": "0.50400", "2011-12-31": "0.51920", "2011-09-30": "0.52170", "2011-06-30": "0.71230", "2011-03-31": "0.58310", "2010-12-31": "0.59750", "2010-09-30": "0.61550", "2010-06-30": "0.65350", "2010-03-31": "0.55410", "2009-12-31": "0.52830", "2009-09-30": "0.55170", "2009-06-30": "0.39510", "2009-03-31": "0.32180", "2008-12-31": "0.48910", "2008-09-30": "0.76770", "2008-06-30": "0.71380", "2008-03-31": "0.65010", "2007-12-31": "0.86550", "2007-09-30": "0.74990", "2007-06-30": "0.83500", "2007-03-31": "0.74250", "2006-12-31": "0.75780", "2006-09-30": "0.95430", "2006-06-30": "0.89140", "2006-03-31": "0.71350", "2005-12-31": "0.71080", "2005-09-30": "0.73540", "2005-06-30": "0.55170", "2005-03-31": "0.49310"}, "Inventory Turnover Ratio": {"2020-09-30": "2.08960", "2020-06-30": "1.34360", "2020-03-31": "2.85460", "2019-12-31": "2.44910", "2019-09-30": "2.07920", "2019-06-30": "2.26380", "2019-03-31": "1.91810", "2018-12-31": "2.39630", "2018-09-30": "2.01460", "2018-06-30": "1.97920", "2018-03-31": "2.10210", "2017-12-31": "1.95370", "2017-09-30": "2.03440", "2017-06-30": "2.31000", "2017-03-31": "2.00470", "2016-12-31": "2.24610", "2016-09-30": "2.14690", "2016-06-30": "2.20190", "2016-03-31": "1.82210", "2015-12-31": "2.90600", "2015-09-30": "2.55910", "2015-06-30": "2.42660", "2015-03-31": "2.01790", "2014-12-31": "3.66040", "2014-09-30": "2.92880", "2014-06-30": "3.10660", "2014-03-31": "2.60240", "2013-12-31": "3.19950", "2013-09-30": "3.10690", "2013-06-30": "2.87450", "2013-03-31": "2.57860", "2012-12-31": "3.08660", "2012-09-30": "2.62460", "2012-06-30": "2.81090", "2012-03-31": "3.11260", "2011-12-31": "3.82050", "2011-09-30": "3.15280", "2011-06-30": "4.94060", "2011-03-31": "4.19180", "2010-12-31": "4.96550", "2010-09-30": "4.36470", "2010-06-30": "4.38850", "2010-03-31": "4.09450", "2009-12-31": "5.11010", "2009-09-30": "4.34300", "2009-06-30": "3.33240", "2009-03-31": "3.14040", "2008-12-31": "5.90080", "2008-09-30": "10.89790", "2008-06-30": "10.16720", "2008-03-31": "10.23900", "2007-12-31": "9.20900", "2007-09-30": "5.89240", "2007-06-30": "6.24400", "2007-03-31": "5.16880", "2006-12-31": "6.06590", "2006-09-30": "9.38960", "2006-06-30": "6.22650", "2006-03-31": "4.61530", "2005-12-31": "6.48520", "2005-09-30": "6.33940", "2005-06-30": "4.45260", "2005-03-31": "3.67580"}, "Receiveable Turnover": {"2020-09-30": "4.53340", "2020-06-30": "3.07390", "2020-03-31": "5.90990", "2019-12-31": "4.95040", "2019-09-30": "5.12480", "2019-06-30": "5.53580", "2019-03-31": "3.60940", "2018-12-31": "6.15550", "2018-09-30": "5.53150", "2018-06-30": "5.30320", "2018-03-31": "4.77600", "2017-12-31": "5.21870", "2017-09-30": "5.20650", "2017-06-30": "5.72870", "2017-03-31": "4.47420", "2016-12-31": "5.39670", "2016-09-30": "6.49140", "2016-06-30": "5.10740", "2016-03-31": "4.35330", "2015-12-31": "8.36290", "2015-09-30": "6.86480", "2015-06-30": "5.83480", "2015-03-31": "5.70680", "2014-12-31": "7.11930", "2014-09-30": "7.35340", "2014-06-30": "6.72370", "2014-03-31": "6.83690", "2013-12-31": "5.89950", "2013-09-30": "6.41850", "2013-06-30": "6.35940", "2013-03-31": "6.77940", "2012-12-31": "7.25830", "2012-09-30": "6.69490", "2012-06-30": "6.89250", "2012-03-31": "5.96490", "2011-12-31": "6.24570", "2011-09-30": "3.85590", "2011-06-30": "2.95670", "2011-03-31": "2.01560", "2010-12-31": "2.11830", "2010-09-30": "2.80770", "2010-06-30": "2.81330", "2010-03-31": "2.05110", "2009-12-31": "2.07610", "2009-09-30": "2.39610", "2009-06-30": "1.69650", "2009-03-31": "2.09360", "2008-12-31": "3.10760", "2008-09-30": "2.72570", "2008-06-30": "2.04780", "2008-03-31": "2.16560", "2007-12-31": "2.28200", "2007-09-30": "2.02890", "2007-06-30": "3.00990", "2007-03-31": "2.55210", "2006-12-31": "2.30390", "2006-09-30": "2.92810", "2006-06-30": "2.41730", "2006-03-31": "2.11710", "2005-12-31": "2.02140", "2005-09-30": "1.82950", "2005-06-30": "1.79470", "2005-03-31": "1.57820"}, "Days Sales In Receivables": {"2020-09-30": "19.85280", "2020-06-30": "29.27890", "2020-03-31": "15.22860", "2019-12-31": "18.18050", "2019-09-30": "17.56180", "2019-06-30": "16.25780", "2019-03-31": "24.93470", "2018-12-31": "14.62100", "2018-09-30": "16.27050", "2018-06-30": "16.97100", "2018-03-31": "18.84420", "2017-12-31": "17.24550", "2017-09-30": "17.28610", "2017-06-30": "15.71040", "2017-03-31": "20.11540", "2016-12-31": "16.67690", "2016-09-30": "13.86440", "2016-06-30": "17.62140", "2016-03-31": "20.67420", "2015-12-31": "10.76180", "2015-09-30": "13.11040", "2015-06-30": "15.42480", "2015-03-31": "15.77080", "2014-12-31": "12.64180", "2014-09-30": "12.23920", "2014-06-30": "13.38550", "2014-03-31": "13.16400", "2013-12-31": "15.25570", "2013-09-30": "14.02190", "2013-06-30": "14.15240", "2013-03-31": "13.27560", "2012-12-31": "12.39960", "2012-09-30": "13.44300", "2012-06-30": "13.05760", "2012-03-31": "15.08830", "2011-12-31": "14.40990", "2011-09-30": "23.34080", "2011-06-30": "30.43930", "2011-03-31": "44.65200", "2010-12-31": "42.48750", "2010-09-30": "32.05500", "2010-06-30": "31.99150", "2010-03-31": "43.87840", "2009-12-31": "43.35070", "2009-09-30": "37.56120", "2009-06-30": "53.05070", "2009-03-31": "42.98800", "2008-12-31": "28.96170", "2008-09-30": "33.01920", "2008-06-30": "43.94970", "2008-03-31": "41.55920", "2007-12-31": "39.43960", "2007-09-30": "44.35880", "2007-06-30": "29.90170", "2007-03-31": "35.26560", "2006-12-31": "39.06450", "2006-09-30": "30.73660", "2006-06-30": "37.23110", "2006-03-31": "42.51100", "2005-12-31": "44.52300", "2005-09-30": "49.19240", "2005-06-30": "50.14780", "2005-03-31": "57.02700"}, "ROE - Return On Equity": {"2020-09-30": "0.39730", "2020-06-30": "-2.54300", "2020-03-31": "-4.79970", "2019-12-31": "1.24540", "2019-09-30": "4.55530", "2019-06-30": "3.31980", "2019-03-31": "4.19260", "2018-12-31": "2.52850", "2018-09-30": "5.51740", "2018-06-30": "5.66730", "2018-03-31": "4.69090", "2017-12-31": "9.44950", "2017-09-30": "5.26400", "2017-06-30": "1.41300", "2017-03-31": "-0.72340", "2016-12-31": "1.32900", "2016-09-30": "1.67940", "2016-06-30": "-7.55050", "2016-03-31": "0.76890", "2015-12-31": "-0.41220", "2015-09-30": "3.40700", "2015-06-30": "6.05040", "2015-03-31": "3.91420", "2014-12-31": "-3.44790", "2014-09-30": "2.85870", "2014-06-30": "2.77730", "2014-03-31": "2.46620", "2013-12-31": "1.05600", "2013-09-30": "1.30820", "2013-06-30": "3.85180", "2013-03-31": "4.95550", "2012-12-31": "6.02160", "2012-09-30": "9.60220", "2012-06-30": "8.44660", "2012-03-31": "4.26660", "2011-12-31": "4.04130", "2011-09-30": "9.38050", "2011-06-30": "12.94480", "2011-03-31": "6.65310", "2010-12-31": "1.88250", "2010-09-30": "4.69310", "2010-06-30": "5.95250", "2010-03-31": "-1.99860", "2009-12-31": "-2.96790", "2009-09-30": "2.88130", "2009-06-30": "1.94220", "2009-03-31": "2.32090", "2008-12-31": "5.40150", "2008-09-30": "10.14790", "2008-06-30": "2.48660", "2008-03-31": "1.89010", "2007-12-31": "8.39230", "2007-09-30": "8.73980", "2007-06-30": "24.78550", "2007-03-31": "13.52930", "2006-12-31": "10.47170", "2006-09-30": "17.11570", "2006-06-30": "20.19800", "2006-03-31": "8.50570", "2005-12-31": "10.20010", "2005-09-30": "15.42770", "2005-06-30": "13.32540", "2005-03-31": "4.02240"}, "Return On Tangible Equity": {"2020-09-30": "0.81690", "2020-06-30": "-5.20600", "2020-03-31": "-9.47990", "2019-12-31": "2.34180", "2019-09-30": "8.42080", "2019-06-30": "6.16340", "2019-03-31": "8.07170", "2018-12-31": "4.31690", "2018-09-30": "9.35220", "2018-06-30": "9.70390", "2018-03-31": "8.29560", "2017-12-31": "17.34740", "2017-09-30": "10.31170", "2017-06-30": "2.86250", "2017-03-31": "-1.47050", "2016-12-31": "2.39420", "2016-09-30": "3.06390", "2016-06-30": "-13.82580", "2016-03-31": "1.44240", "2015-12-31": "-0.74440", "2015-09-30": "5.80620", "2015-06-30": "10.18940", "2015-03-31": "6.57800", "2014-12-31": "-5.87330", "2014-09-30": "4.63010", "2014-06-30": "4.45080", "2014-03-31": "3.95930", "2013-12-31": "1.70140", "2013-09-30": "2.07620", "2013-06-30": "6.06310", "2013-03-31": "7.78140", "2012-12-31": "9.67220", "2012-09-30": "15.84250", "2012-06-30": "14.59820", "2012-03-31": "7.50170", "2011-12-31": "7.06040", "2011-09-30": "16.46530", "2011-06-30": "14.63830", "2011-03-31": "7.68380", "2010-12-31": "2.17220", "2010-09-30": "5.44100", "2010-06-30": "6.95520", "2010-03-31": "-2.35520", "2009-12-31": "-3.48600", "2009-09-30": "3.27430", "2009-06-30": "2.21360", "2009-03-31": "2.66610", "2008-12-31": "6.03270", "2008-09-30": "11.65140", "2008-06-30": "2.48660", "2008-03-31": "2.19140", "2007-12-31": "8.57410", "2007-09-30": "8.91580", "2007-06-30": "25.33060", "2007-03-31": "13.92610", "2006-12-31": "10.82220", "2006-09-30": "17.68760", "2006-06-30": "21.05730", "2006-03-31": "8.94070", "2005-12-31": "10.59610", "2005-09-30": "16.03250", "2005-06-30": "13.70140", "2005-03-31": "4.23170"}, "ROA - Return On Assets": {"2020-09-30": "0.20160", "2020-06-30": "-1.35940", "2020-03-31": "-2.61350", "2019-12-31": "0.66640", "2019-09-30": "2.44420", "2019-06-30": "1.79120", "2019-03-31": "2.28060", "2018-12-31": "1.48540", "2018-09-30": "3.15030", "2018-06-30": "3.21690", "2018-03-31": "2.64720", "2017-12-31": "5.21160", "2017-09-30": "2.83510", "2017-06-30": "0.76820", "2017-03-31": "-0.39590", "2016-12-31": "0.74680", "2016-09-30": "1.01990", "2016-06-30": "-4.53210", "2016-03-31": "0.50490", "2015-12-31": "-0.28550", "2015-09-30": "2.32160", "2015-06-30": "4.08060", "2015-03-31": "2.61990", "2014-12-31": "-2.27890", "2014-09-30": "1.84210", "2014-06-30": "1.77040", "2014-03-31": "1.57950", "2013-12-31": "0.69400", "2013-09-30": "0.84690", "2013-06-30": "2.53240", "2013-03-31": "3.21020", "2012-12-31": "3.87250", "2012-09-30": "5.90230", "2012-06-30": "5.35430", "2012-03-31": "2.52430", "2011-12-31": "2.46290", "2011-09-30": "5.35480", "2011-06-30": "4.84560", "2011-03-31": "2.28110", "2010-12-31": "0.65510", "2010-09-30": "1.74810", "2010-06-30": "2.21300", "2010-03-31": "-0.68750", "2009-12-31": "-1.13940", "2009-09-30": "1.11850", "2009-06-30": "0.76060", "2009-03-31": "1.09610", "2008-12-31": "2.69850", "2008-09-30": "2.30970", "2008-06-30": "0.48900", "2008-03-31": "0.41510", "2007-12-31": "2.99490", "2007-09-30": "3.60650", "2007-06-30": "10.88370", "2007-03-31": "5.41620", "2006-12-31": "3.94290", "2006-09-30": "6.44540", "2006-06-30": "6.97730", "2006-03-31": "2.80850", "2005-12-31": "3.36770", "2005-09-30": "5.01290", "2005-06-30": "3.86950", "2005-03-31": "1.13780"}, "ROI - Return On Investment": {"2020-09-30": "0.25790", "2020-06-30": "-1.79160", "2020-03-31": "-3.40770", "2019-12-31": "0.90430", "2019-09-30": "3.32320", "2019-06-30": "2.41930", "2019-03-31": "3.06340", "2018-12-31": "1.84110", "2018-09-30": "4.03590", "2018-06-30": "4.12800", "2018-03-31": "3.38210", "2017-12-31": "6.63700", "2017-09-30": "3.73550", "2017-06-30": "0.99160", "2017-03-31": "-0.50680", "2016-12-31": "0.93490", "2016-09-30": "1.27320", "2016-06-30": "-5.70780", "2016-03-31": "0.62420", "2015-12-31": "-0.34960", "2015-09-30": "2.93960", "2015-06-30": "5.25530", "2015-03-31": "3.33470", "2014-12-31": "-2.93980", "2014-09-30": "2.46780", "2014-06-30": "2.40630", "2014-03-31": "2.13730", "2013-12-31": "0.91750", "2013-09-30": "1.14040", "2013-06-30": "3.36830", "2013-03-31": "4.18120", "2012-12-31": "5.01310", "2012-09-30": "7.92460", "2012-06-30": "6.93610", "2012-03-31": "3.49130", "2011-12-31": "3.34510", "2011-09-30": "7.71170", "2011-06-30": "8.41650", "2011-03-31": "4.13280", "2010-12-31": "1.15540", "2010-09-30": "3.09910", "2010-06-30": "3.58650", "2010-03-31": "-1.17200", "2009-12-31": "-1.87160", "2009-09-30": "1.82540", "2009-06-30": "1.24260", "2009-03-31": "1.62000", "2008-12-31": "3.95670", "2008-09-30": "6.08230", "2008-06-30": "1.45620", "2008-03-31": "1.12320", "2007-12-31": "8.39230", "2007-09-30": "8.73980", "2007-06-30": "24.78550", "2007-03-31": "13.52930", "2006-12-31": "10.47170", "2006-09-30": "17.11570", "2006-06-30": "20.19800", "2006-03-31": "8.50570", "2005-12-31": "10.20010", "2005-09-30": "15.42770", "2005-06-30": "9.02150", "2005-03-31": "2.85210"}, "Book Value Per Share": {"2020-09-30": "36.27150", "2020-06-30": "36.53230", "2020-03-31": "37.74600", "2019-12-31": "40.21970", "2019-09-30": "40.41300", "2019-06-30": "39.36730", "2019-03-31": "38.61780", "2018-12-31": "37.52620", "2018-09-30": "37.62250", "2018-06-30": "36.31810", "2018-03-31": "34.83400", "2017-12-31": "33.23940", "2017-09-30": "30.83200", "2017-06-30": "29.56970", "2017-03-31": "29.44980", "2016-12-31": "29.89640", "2016-09-30": "29.57370", "2016-06-30": "29.44630", "2016-03-31": "31.96900", "2015-12-31": "32.23460", "2015-09-30": "33.41360", "2015-06-30": "32.71000", "2015-03-31": "31.84100", "2014-12-31": "31.11250", "2014-09-30": "33.43990", "2014-06-30": "33.57640", "2014-03-31": "33.44590", "2013-12-31": "33.24150", "2013-09-30": "34.07500", "2013-06-30": "34.48660", "2013-03-31": "34.07830", "2012-12-31": "32.63390", "2012-09-30": "31.24350", "2012-06-30": "29.21000", "2012-03-31": "27.85820", "2011-12-31": "27.87860", "2011-09-30": "27.05470", "2011-06-30": "14.59640", "2011-03-31": "12.82970", "2010-12-31": "12.09190", "2010-09-30": "11.89140", "2010-06-30": "11.47110", "2010-03-31": "10.93610", "2009-12-31": "11.38000", "2009-09-30": "10.42270", "2009-06-30": "10.21580", "2009-03-31": "9.49150", "2008-12-31": "9.37400", "2008-09-30": "5.13130", "2008-06-30": "4.79350", "2008-03-31": "4.93030", "2007-12-31": "5.64270", "2007-09-30": "6.11090", "2007-06-30": "5.82090", "2007-03-31": "4.53560", "2006-12-31": "4.21290", "2006-09-30": "4.13500", "2006-06-30": "3.81400", "2006-03-31": "3.19560", "2005-12-31": "6.42280", "2005-09-30": "3.22970", "2005-06-30": "3.08160", "2005-03-31": "2.82160"}, "Operating Cash Flow Per Share": {"2020-09-30": 0.5031, "2020-06-30": 0.7362, "2020-03-31": "1.17440", "2019-12-31": 0.6984, "2019-09-30": 2.8685, "2019-06-30": 4.4261, "2019-03-31": "1.25880", "2018-12-31": 2.4127, "2018-09-30": 2.286, "2018-06-30": 2.2245, "2018-03-31": "1.87570", "2017-12-31": 0.9199, "2017-09-30": 1.764, "2017-06-30": 2.9087, "2017-03-31": "-0.22350", "2016-12-31": 0.9222, "2016-09-30": 0.7598, "2016-06-30": 1.7271, "2016-03-31": "0.03750", "2015-12-31": 0.3961, "2015-09-30": 1.8449, "2015-06-30": 1.7116, "2015-03-31": "1.26530", "2014-12-31": -0.2376, "2014-09-30": 0.4431, "2014-06-30": 1.6516, "2014-03-31": "1.98530", "2013-12-31": 0.2985, "2013-09-30": 1.7844, "2013-06-30": 1.0144, "2013-03-31": "1.22190", "2012-12-31": 2.3425, "2012-09-30": 3.6772, "2012-06-30": 0.866, "2012-03-31": "1.21410", "2011-12-31": 3.2581, "2011-09-30": 0.9056, "2011-06-30": 3.0498, "2011-03-31": "1.21700", "2010-12-31": 0.4393, "2010-09-30": 1.8436, "2010-06-30": 1.2068, "2010-03-31": "-0.84780", "2009-12-31": 0.3054, "2009-09-30": 0.3757, "2009-06-30": 1.4322, "2009-03-31": "-0.02310", "2008-12-31": -0.0679, "2008-09-30": 0.4715, "2008-06-30": 0.175, "2008-03-31": "0.95940", "2007-12-31": 1.4866, "2007-09-30": -0.2093, "2007-06-30": 1.7411, "2007-03-31": "0.76620", "2006-12-31": 0.3038, "2006-09-30": 1.1186, "2006-06-30": 0.8364, "2006-03-31": "-0.15280", "2005-12-31": 0.6888, "2005-09-30": 0.7374, "2005-06-30": 0.5071, "2005-03-31": "0.05290"}, "Free Cash Flow Per Share": {"2020-09-30": -0.0103, "2020-06-30": 0.4522, "2020-03-31": "0.65700", "2019-12-31": 0.1266, "2019-09-30": 2.3927, "2019-06-30": 4.0898, "2019-03-31": "0.88880", "2018-12-31": 1.8513, "2018-09-30": 1.946, "2018-06-30": 1.7736, "2018-03-31": "1.48490", "2017-12-31": 0.4852, "2017-09-30": 1.4474, "2017-06-30": 2.4704, "2017-03-31": "-0.56260", "2016-12-31": 0.4042, "2016-09-30": 0.2074, "2016-06-30": 0.9224, "2016-03-31": "-0.80710", "2015-12-31": -0.6356, "2015-09-30": 1.0435, "2015-06-30": 0.9485, "2015-03-31": "0.38480", "2014-12-31": -1.22, "2014-09-30": -0.1173, "2014-06-30": 1.0424, "2014-03-31": "1.36060", "2013-12-31": -0.3699, "2013-09-30": 1.1962, "2013-06-30": 0.5397, "2013-03-31": "0.87940", "2012-12-31": 1.729, "2012-09-30": 3.2775, "2012-06-30": 0.5396, "2012-03-31": "0.92050", "2011-12-31": 2.203, "2011-09-30": 1.0596, "2011-06-30": 2.2838, "2011-03-31": "0.52680", "2010-12-31": -0.3553, "2010-09-30": 1.3659, "2010-06-30": 0.7831, "2010-03-31": "-1.14060", "2009-12-31": -0.2398, "2009-09-30": -0.2429, "2009-06-30": 0.5955, "2009-03-31": "-1.01200", "2008-12-31": -1.3081, "2008-09-30": -0.457, "2008-06-30": -1.0535, "2008-03-31": "1.91290", "2007-12-31": 1.0564, "2007-09-30": -0.5747, "2007-06-30": 1.3305, "2007-03-31": "0.52870", "2006-12-31": 0.0411, "2006-09-30": 0.9251, "2006-06-30": 0.5267, "2006-03-31": "-0.42130", "2005-12-31": 0.3112, "2005-09-30": 0.4962, "2005-06-30": 0.3903, "2005-03-31": "-0.05160"}}, "revenue": {"HollyFrontier Annual Revenue (Millions of US $)": {"2019": "$17,487", "2018": "$17,715", "2017": "$14,251", "2016": "$10,536", "2015": "$13,238", "2014": "$19,764", "2013": "$20,161", "2012": "$20,091", "2011": "$15,440", "2010": "$8,323", "2009": "$4,834", "2008": "$5,860", "2007": "$4,792", "2006": "$4,023", "2005": "$3,046"}, "HollyFrontier Quarterly Revenue (Millions of US $)": {"2020-09-30": "$2,819", "2020-06-30": "$2,063", "2020-03-31": "$3,401", "2019-12-31": "$4,382", "2019-09-30": "$4,425", "2019-06-30": "$4,783", "2019-03-31": "$3,897", "2018-12-31": "$4,344", "2018-09-30": "$4,771", "2018-06-30": "$4,471", "2018-03-31": "$4,128", "2017-12-31": "$3,993", "2017-09-30": "$3,719", "2017-06-30": "$3,459", "2017-03-31": "$3,080", "2016-12-31": "$2,955", "2016-09-30": "$2,847", "2016-06-30": "$2,715", "2016-03-31": "$2,019", "2015-12-31": "$2,944", "2015-09-30": "$3,586", "2015-06-30": "$3,702", "2015-03-31": "$3,007", "2014-12-31": "$4,283", "2014-09-30": "$5,318", "2014-06-30": "$5,373", "2014-03-31": "$4,791", "2013-12-31": "$4,827", "2013-09-30": "$5,327", "2013-06-30": "$5,299", "2013-03-31": "$4,708", "2012-12-31": "$5,148", "2012-09-30": "$5,205", "2012-06-30": "$4,807", "2012-03-31": "$4,932", "2011-12-31": "$4,972", "2011-09-30": "$5,173", "2011-06-30": "$2,967", "2011-03-31": "$2,327", "2010-12-31": "$2,212", "2010-09-30": "$2,091", "2010-06-30": "$2,146", "2010-03-31": "$1,874", "2009-12-31": "$1,662", "2009-09-30": "$1,488", "2009-06-30": "$1,036", "2009-03-31": "$648", "2008-12-31": "$917", "2008-09-30": "$1,720", "2008-06-30": "$1,744", "2008-03-31": "$1,480", "2007-12-31": "$1,440", "2007-09-30": "$1,209", "2007-06-30": "$1,217", "2007-03-31": "$926", "2006-12-31": "$938", "2006-09-30": "$1,173", "2006-06-30": "$1,121", "2006-03-31": "$792", "2005-12-31": "$812", "2005-09-30": "$881", "2005-06-30": "$729", "2005-03-31": "$625"}}, "gross-profit": {"HollyFrontier Annual Gross Profit (Millions of US $)": {"2019": "$3,568", "2018": "$3,774", "2017": "$2,783", "2016": "$1,770", "2015": "$2,999", "2014": "$2,536", "2013": "$2,768", "2012": "$4,250", "2011": "$2,759", "2010": "$956", "2009": "$596", "2008": "$580", "2007": "$788", "2006": "$674", "2005": "$548"}, "HollyFrontier Quarterly Gross Profit (Millions of US $)": {"2020-09-30": "$442", "2020-06-30": "$486", "2020-03-31": "$707", "2019-12-31": "$771", "2019-09-30": "$1,021", "2019-06-30": "$1,078", "2019-03-31": "$698", "2018-12-31": "$1,099", "2018-09-30": "$1,019", "2018-06-30": "$875", "2018-03-31": "$781", "2017-12-31": "$808", "2017-09-30": "$831", "2017-06-30": "$705", "2017-03-31": "$439", "2016-12-31": "$404", "2016-09-30": "$505", "2016-06-30": "$466", "2016-03-31": "$394", "2015-12-31": "$497", "2015-09-30": "$932", "2015-06-30": "$814", "2015-03-31": "$755", "2014-12-31": "$494", "2014-09-30": "$692", "2014-06-30": "$698", "2014-03-31": "$652", "2013-12-31": "$494", "2013-09-30": "$517", "2013-06-30": "$842", "2013-03-31": "$915", "2012-12-31": "$1,074", "2012-09-30": "$1,306", "2012-06-30": "$1,125", "2012-03-31": "$745", "2011-12-31": "$714", "2011-09-30": "$1,183", "2011-06-30": "$520", "2011-03-31": "$342", "2010-12-31": "$224", "2010-09-30": "$284", "2010-06-30": "$298", "2010-03-31": "$150", "2009-12-31": "$111", "2009-09-30": "$193", "2009-06-30": "$156", "2009-03-31": "$136", "2008-12-31": "$175", "2008-09-30": "$185", "2008-06-30": "$123", "2008-03-31": "$97", "2007-12-31": "$145", "2007-09-30": "$149", "2007-06-30": "$320", "2007-03-31": "$174", "2006-12-31": "$151", "2006-09-30": "$193", "2006-06-30": "$213", "2006-03-31": "$116", "2005-12-31": "$142", "2005-09-30": "$155", "2005-06-30": "$159", "2005-03-31": "$91"}}, "operating-income": {"HollyFrontier Annual Operating Income (Millions of US $)": {"2019": "$1,277", "2018": "$1,624", "2017": "$901", "2016": "$-103", "2015": "$1,244", "2014": "$516", "2013": "$1,246", "2012": "$2,884", "2011": "$1,732", "2010": "$263", "2009": "$80", "2008": "$196", "2007": "$466", "2006": "$362", "2005": "$263"}, "HollyFrontier Quarterly Operating Income (Millions of US $)": {"2020-09-30": "$-27", "2020-06-30": "$-190", "2020-03-31": "$-410", "2019-12-31": "$129", "2019-09-30": "$427", "2019-06-30": "$332", "2019-03-31": "$389", "2018-12-31": "$218", "2018-09-30": "$504", "2018-06-30": "$507", "2018-03-31": "$396", "2017-12-31": "$365", "2017-09-30": "$448", "2017-06-30": "$121", "2017-03-31": "$-34", "2016-12-31": "$110", "2016-09-30": "$125", "2016-06-30": "$-421", "2016-03-31": "$84", "2015-12-31": "$-57", "2015-09-30": "$323", "2015-06-30": "$590", "2015-03-31": "$389", "2014-12-31": "$-354", "2014-09-30": "$303", "2014-06-30": "$296", "2014-03-31": "$271", "2013-12-31": "$87", "2013-09-30": "$150", "2013-06-30": "$460", "2013-03-31": "$549", "2012-12-31": "$673", "2012-09-30": "$978", "2012-06-30": "$813", "2012-03-31": "$420", "2011-12-31": "$373", "2011-09-30": "$869", "2011-06-30": "$330", "2011-03-31": "$159", "2010-12-31": "$46", "2010-09-30": "$108", "2010-06-30": "$132", "2010-03-31": "$-23", "2009-12-31": "$-51", "2009-09-30": "$56", "2009-06-30": "$37", "2009-03-31": "$38", "2008-12-31": "$83", "2008-09-30": "$83", "2008-06-30": "$20", "2008-03-31": "$10", "2007-12-31": "$66", "2007-09-30": "$68", "2007-06-30": "$237", "2007-03-31": "$97", "2006-12-31": "$69", "2006-09-30": "$117", "2006-06-30": "$134", "2006-03-31": "$42", "2005-12-31": "$57", "2005-09-30": "$92", "2005-06-30": "$86", "2005-03-31": "$28"}}, "ebitda": {"HollyFrontier Annual EBITDA (Millions of US $)": {"2019": "$1,940", "2018": "$2,061", "2017": "$1,330", "2016": "$915", "2015": "$1,591", "2014": "$879", "2013": "$1,550", "2012": "$3,127", "2011": "$1,891", "2010": "$381", "2009": "$180", "2008": "$259", "2007": "$510", "2006": "$402", "2005": "$307"}, "HollyFrontier Quarterly EBITDA (Millions of US $)": {"2020-09-30": "$98", "2020-06-30": "$377", "2020-03-31": "$-270", "2019-12-31": "$264", "2019-09-30": "$554", "2019-06-30": "$611", "2019-03-31": "$511", "2018-12-31": "$331", "2018-09-30": "$612", "2018-06-30": "$617", "2018-03-31": "$500", "2017-12-31": "$471", "2017-09-30": "$551", "2017-06-30": "$245", "2017-03-31": "$63", "2016-12-31": "$203", "2016-09-30": "$216", "2016-06-30": "$324", "2016-03-31": "$171", "2015-12-31": "$34", "2015-09-30": "$410", "2015-06-30": "$678", "2015-03-31": "$469", "2014-12-31": "$-254", "2014-09-30": "$384", "2014-06-30": "$398", "2014-03-31": "$352", "2013-12-31": "$166", "2013-09-30": "$232", "2013-06-30": "$530", "2013-03-31": "$621", "2012-12-31": "$738", "2012-09-30": "$1,043", "2012-06-30": "$870", "2012-03-31": "$476", "2011-12-31": "$426", "2011-09-30": "$912", "2011-06-30": "$362", "2011-03-31": "$190", "2010-12-31": "$78", "2010-09-30": "$137", "2010-06-30": "$161", "2010-03-31": "$5", "2009-12-31": "$-21", "2009-09-30": "$80", "2009-06-30": "$63", "2009-03-31": "$58", "2008-12-31": "$101", "2008-09-30": "$100", "2008-06-30": "$36", "2008-03-31": "$23", "2007-12-31": "$76", "2007-09-30": "$78", "2007-06-30": "$247", "2007-03-31": "$108", "2006-12-31": "$80", "2006-09-30": "$127", "2006-06-30": "$145", "2006-03-31": "$51", "2005-12-31": "$67", "2005-09-30": "$101", "2005-06-30": "$99", "2005-03-31": "$40"}}, "net-income": {"HollyFrontier Annual Net Income (Millions of US $)": {"2019": "$772", "2018": "$1,098", "2017": "$805", "2016": "$-261", "2015": "$738", "2014": "$280", "2013": "$733", "2012": "$1,720", "2011": "$1,020", "2010": "$104", "2009": "$20", "2008": "$121", "2007": "$334", "2006": "$267", "2005": "$168"}, "HollyFrontier Quarterly Net Income (Millions of US $)": {"2020-09-30": "$-2", "2020-06-30": "$-177", "2020-03-31": "$-305", "2019-12-31": "$61", "2019-09-30": "$262", "2019-06-30": "$197", "2019-03-31": "$253", "2018-12-31": "$142", "2018-09-30": "$342", "2018-06-30": "$346", "2018-03-31": "$268", "2017-12-31": "$521", "2017-09-30": "$272", "2017-06-30": "$58", "2017-03-31": "$-45", "2016-12-31": "$52", "2016-09-30": "$74", "2016-06-30": "$-409", "2016-03-31": "$21", "2015-12-31": "$-46", "2015-09-30": "$196", "2015-06-30": "$361", "2015-03-31": "$227", "2014-12-31": "$-222", "2014-09-30": "$175", "2014-06-30": "$176", "2014-03-31": "$152", "2013-12-31": "$62", "2013-09-30": "$82", "2013-06-30": "$257", "2013-03-31": "$332", "2012-12-31": "$389", "2012-09-30": "$598", "2012-06-30": "$491", "2012-03-31": "$242", "2011-12-31": "$220", "2011-09-30": "$523", "2011-06-30": "$192", "2011-03-31": "$85", "2010-12-31": "$15", "2010-09-30": "$51", "2010-06-30": "$66", "2010-03-31": "$-28", "2009-12-31": "$-41", "2009-09-30": "$23", "2009-06-30": "$15", "2009-03-31": "$22", "2008-12-31": "$51", "2008-09-30": "$50", "2008-06-30": "$11", "2008-03-31": "$9", "2007-12-31": "$50", "2007-09-30": "$58", "2007-06-30": "$159", "2007-03-31": "$68", "2006-12-31": "$48", "2006-09-30": "$79", "2006-06-30": "$93", "2006-03-31": "$47", "2005-12-31": "$40", "2005-09-30": "$62", "2005-06-30": "$52", "2005-03-31": "$14"}}, "eps-earnings-per-share-diluted": {"HollyFrontier Annual EPS": {"2019": "$4.61", "2018": "$6.19", "2017": "$4.52", "2016": "$-1.48", "2015": "$3.90", "2014": "$1.42", "2013": "$3.64", "2012": "$8.38", "2011": "$6.42", "2010": "$0.97", "2009": "$0.20", "2008": "$1.19", "2007": "$2.99", "2006": "$2.29", "2005": "$1.33"}, "HollyFrontier Quarterly EPS": {"2020-09-30": "$-0.01", "2020-06-30": "$-1.09", "2020-03-31": "$-1.88", "2019-12-31": "$0.41", "2019-09-30": "$1.58", "2019-06-30": "$1.15", "2019-03-31": "$1.47", "2018-12-31": "$0.82", "2018-09-30": "$1.93", "2018-06-30": "$1.94", "2018-03-31": "$1.50", "2017-12-31": "$2.92", "2017-09-30": "$1.53", "2017-06-30": "$0.33", "2017-03-31": "$-0.26", "2016-12-31": "$0.31", "2016-09-30": "$0.42", "2016-06-30": "$-2.33", "2016-03-31": "$0.12", "2015-12-31": "$-0.18", "2015-09-30": "$1.04", "2015-06-30": "$1.88", "2015-03-31": "$1.16", "2014-12-31": "$-1.11", "2014-09-30": "$0.88", "2014-06-30": "$0.89", "2014-03-31": "$0.76", "2013-12-31": "$0.33", "2013-09-30": "$0.41", "2013-06-30": "$1.27", "2013-03-31": "$1.63", "2012-12-31": "$1.89", "2012-09-30": "$2.94", "2012-06-30": "$2.39", "2012-03-31": "$1.16", "2011-12-31": "$1.36", "2011-09-30": "$2.48", "2011-06-30": "$1.79", "2011-03-31": "$0.79", "2010-12-31": "$0.14", "2010-09-30": "$0.48", "2010-06-30": "$0.62", "2010-03-31": "$-0.27", "2009-12-31": "$-0.26", "2009-09-30": "$0.24", "2009-06-30": "$0.15", "2009-03-31": "$0.08", "2008-12-31": "$0.49", "2008-09-30": "$0.50", "2008-06-30": "$0.12", "2008-03-31": "$0.09", "2007-12-31": "$0.45", "2007-09-30": "$0.52", "2007-06-30": "$1.42", "2007-03-31": "$0.60", "2006-12-31": "$0.42", "2006-09-30": "$0.69", "2006-06-30": "$0.80", "2006-03-31": "$0.39", "2005-12-31": "$0.33", "2005-09-30": "$0.49", "2005-06-30": "$0.41", "2005-03-31": "$0.11"}}, "shares-outstanding": {"HollyFrontier Annual Shares Outstanding (Millions of Shares)": {"2019": "167", "2018": "177", "2017": "177", "2016": "176", "2015": "189", "2014": "197", "2013": "201", "2012": "205", "2011": "159", "2010": "107", "2009": "101", "2008": "101", "2007": "112", "2006": "116", "2005": "126"}, "HollyFrontier Quarterly Shares Outstanding (Millions of Shares)": {"2020-09-30": "162", "2020-06-30": "162", "2020-03-31": "162", "2019-12-31": "167", "2019-09-30": "165", "2019-06-30": "171", "2019-03-31": "172", "2018-12-31": "177", "2018-09-30": "177", "2018-06-30": "178", "2018-03-31": "178", "2017-12-31": "177", "2017-09-30": "177", "2017-06-30": "176", "2017-03-31": "176", "2016-12-31": "176", "2016-09-30": "176", "2016-06-30": "176", "2016-03-31": "177", "2015-12-31": "189", "2015-09-30": "187", "2015-06-30": "191", "2015-03-31": "195", "2014-12-31": "197", "2014-09-30": "198", "2014-06-30": "198", "2014-03-31": "199", "2013-12-31": "201", "2013-09-30": "200", "2013-06-30": "202", "2013-03-31": "203", "2012-12-31": "205", "2012-09-30": "204", "2012-06-30": "206", "2012-03-31": "209", "2011-12-31": "159", "2011-09-30": "211", "2011-06-30": "107", "2011-03-31": "107", "2010-12-31": "107", "2010-09-30": "107", "2010-06-30": "107", "2010-03-31": "106", "2009-12-31": "101", "2009-09-30": "101", "2009-06-30": "100", "2009-03-31": "100", "2008-12-31": "101", "2008-09-30": "100", "2008-06-30": "101", "2008-03-31": "103", "2007-12-31": "112", "2007-09-30": "112", "2007-06-30": "112", "2007-03-31": "113", "2006-12-31": "116", "2006-09-30": "116", "2006-06-30": "117", "2006-03-31": "120", "2005-12-31": "126", "2005-09-30": "126", "2005-06-30": "129", "2005-03-31": "129"}}, "total-assets": {"HollyFrontier Annual Total Assets (Millions of US $)": {"2019": "$12,165", "2018": "$10,995", "2017": "$10,692", "2016": "$9,436", "2015": "$8,388", "2014": "$9,230", "2013": "$10,057", "2012": "$10,329", "2011": "$9,576", "2010": "$3,701", "2009": "$3,146", "2008": "$1,874", "2007": "$1,664", "2006": "$1,238", "2005": "$1,143"}, "HollyFrontier Quarterly Total Assets (Millions of US $)": {"2020-09-30": "$11,580", "2020-06-30": "$11,064", "2020-03-31": "$11,222", "2019-12-31": "$12,165", "2019-09-30": "$12,191", "2019-06-30": "$12,104", "2019-03-31": "$12,123", "2018-12-31": "$10,995", "2018-09-30": "$11,495", "2018-06-30": "$11,281", "2018-03-31": "$10,912", "2017-12-31": "$10,692", "2017-09-30": "$10,148", "2017-06-30": "$9,643", "2017-03-31": "$9,542", "2016-12-31": "$9,436", "2016-09-30": "$8,596", "2016-06-30": "$8,660", "2016-03-31": "$8,594", "2015-12-31": "$8,388", "2015-09-30": "$9,072", "2015-06-30": "$9,145", "2015-03-31": "$9,262", "2014-12-31": "$9,230", "2014-09-30": "$10,182", "2014-06-30": "$10,458", "2014-03-31": "$10,381", "2013-12-31": "$10,057", "2013-09-30": "$10,499", "2013-06-30": "$10,494", "2013-03-31": "$10,696", "2012-12-31": "$10,329", "2012-09-30": "$10,346", "2012-06-30": "$9,383", "2012-03-31": "$9,786", "2011-12-31": "$9,576", "2011-09-30": "$9,916", "2011-06-30": "$4,165", "2011-03-31": "$3,990", "2010-12-31": "$3,701", "2010-09-30": "$3,397", "2010-06-30": "$3,284", "2010-03-31": "$3,382", "2009-12-31": "$3,146", "2009-09-30": "$2,698", "2009-06-30": "$2,621", "2009-03-31": "$2,014", "2008-12-31": "$1,874", "2008-09-30": "$2,240", "2008-06-30": "$2,443", "2008-03-31": "$2,277", "2007-12-31": "$1,664", "2007-09-30": "$1,612", "2007-06-30": "$1,457", "2007-03-31": "$1,247", "2006-12-31": "$1,238", "2006-09-30": "$1,229", "2006-06-30": "$1,257", "2006-03-31": "$1,110", "2005-12-31": "$1,143", "2005-09-30": "$1,197", "2005-06-30": "$1,321", "2005-03-31": "$1,267"}}, "cash-on-hand": {"HollyFrontier Annual Cash on Hand (Millions of US $)": {"2019": "$885", "2018": "$1,155", "2017": "$631", "2016": "$1,135", "2015": "$211", "2014": "$1,042", "2013": "$1,665", "2012": "$2,388", "2011": "$1,791", "2010": "$230", "2009": "$126", "2008": "$88", "2007": "$253", "2006": "$250", "2005": "$239"}, "HollyFrontier Quarterly Cash on Hand (Millions of US $)": {"2020-09-30": "$1,525", "2020-06-30": "$903", "2020-03-31": "$909", "2019-12-31": "$885", "2019-09-30": "$982", "2019-06-30": "$915", "2019-03-31": "$496", "2018-12-31": "$1,155", "2018-09-30": "$1,076", "2018-06-30": "$980", "2018-03-31": "$781", "2017-12-31": "$631", "2017-09-30": "$631", "2017-06-30": "$460", "2017-03-31": "$130", "2016-12-31": "$1,135", "2016-09-30": "$478", "2016-06-30": "$533", "2016-03-31": "$111", "2015-12-31": "$211", "2015-09-30": "$627", "2015-06-30": "$626", "2015-03-31": "$1,009", "2014-12-31": "$1,042", "2014-09-30": "$1,480", "2014-06-30": "$1,798", "2014-03-31": "$1,784", "2013-12-31": "$1,665", "2013-09-30": "$1,951", "2013-06-30": "$1,982", "2013-03-31": "$2,538", "2012-12-31": "$2,388", "2012-09-30": "$2,338", "2012-06-30": "$1,639", "2012-03-31": "$1,901", "2011-12-31": "$1,791", "2011-09-30": "$1,716", "2011-06-30": "$493", "2011-03-31": "$273", "2010-12-31": "$230", "2010-09-30": "$273", "2010-06-30": "$141", "2010-03-31": "$95", "2009-12-31": "$126", "2009-09-30": "$100", "2009-06-30": "$109", "2009-03-31": "$54", "2008-12-31": "$88", "2008-09-30": "$214", "2008-06-30": "$271", "2008-03-31": "$387", "2007-12-31": "$253", "2007-09-30": "$224", "2007-06-30": "$357", "2007-03-31": "$271", "2006-12-31": "$250", "2006-09-30": "$286", "2006-06-30": "$229", "2006-03-31": "$191", "2005-12-31": "$239", "2005-09-30": "$261", "2005-06-30": "$209", "2005-03-31": "$138"}}, "long-term-debt": {"HollyFrontier Annual Long Term Debt (Millions of US $)": {"2019": "$2,456", "2018": "$2,412", "2017": "$2,499", "2016": "$2,235", "2015": "$1,040", "2014": "$1,054", "2013": "$998", "2012": "$1,336", "2011": "$1,215", "2010": "$811", "2009": "$707", "2008": "$342", "2007": "$", "2006": "$", "2005": "$"}, "HollyFrontier Quarterly Long Term Debt (Millions of US $)": {"2020-09-30": "$3,176", "2020-06-30": "$2,481", "2020-03-31": "$2,496", "2019-12-31": "$2,456", "2019-09-30": "$2,425", "2019-06-30": "$2,431", "2019-03-31": "$2,431", "2018-12-31": "$2,412", "2018-09-30": "$2,409", "2018-06-30": "$2,388", "2018-03-31": "$2,383", "2017-12-31": "$2,499", "2017-09-30": "$2,237", "2017-06-30": "$2,228", "2017-03-31": "$2,232", "2016-12-31": "$2,235", "2016-09-30": "$1,666", "2016-06-30": "$1,678", "2016-03-31": "$1,308", "2015-12-31": "$1,040", "2015-09-30": "$983", "2015-06-30": "$933", "2015-03-31": "$1,077", "2014-12-31": "$1,054", "2014-09-30": "$1,039", "2014-06-30": "$1,028", "2014-03-31": "$1,023", "2013-12-31": "$998", "2013-09-30": "$1,000", "2013-06-30": "$990", "2013-03-31": "$1,283", "2012-12-31": "$1,336", "2012-09-30": "$1,346", "2012-06-30": "$1,295", "2012-03-31": "$1,286", "2011-12-31": "$1,215", "2011-09-30": "$1,225", "2011-06-30": "$839", "2011-03-31": "$834", "2010-12-31": "$811", "2010-09-30": "$651", "2010-06-30": "$805", "2010-03-31": "$821", "2009-12-31": "$707", "2009-09-30": "$606", "2009-06-30": "$578", "2009-03-31": "$411", "2008-12-31": "$342", "2008-09-30": "$341", "2008-06-30": "$340", "2008-03-31": "$341", "2007-12-31": "", "2007-09-30": "", "2007-06-30": "", "2007-03-31": "", "2006-12-31": "", "2006-09-30": "", "2006-06-30": "", "2006-03-31": "", "2005-12-31": "", "2005-09-30": "", "2005-06-30": "$183", "2005-03-31": "$147"}}, "total-liabilities": {"HollyFrontier Annual Total Liabilities (Millions of US $)": {"2019": "$5,655", "2018": "$4,536", "2017": "$4,795", "2016": "$4,134", "2015": "$2,579", "2014": "$3,129", "2013": "$3,447", "2012": "$3,686", "2011": "$3,740", "2010": "$2,413", "2009": "$1,938", "2008": "$938", "2007": "$1,070", "2006": "$772", "2005": "$766"}, "HollyFrontier Quarterly Total Liabilities (Millions of US $)": {"2020-09-30": "$5,703", "2020-06-30": "$5,149", "2020-03-31": "$5,111", "2019-12-31": "$5,655", "2019-09-30": "$5,650", "2019-06-30": "$5,573", "2019-03-31": "$5,529", "2018-12-31": "$4,536", "2018-09-30": "$4,932", "2018-06-30": "$4,878", "2018-03-31": "$4,754", "2017-12-31": "$4,795", "2017-09-30": "$4,683", "2017-06-30": "$4,401", "2017-03-31": "$4,319", "2016-12-31": "$4,134", "2016-09-30": "$3,376", "2016-06-30": "$3,462", "2016-03-31": "$2,951", "2015-12-31": "$2,579", "2015-09-30": "$2,890", "2015-06-30": "$2,977", "2015-03-31": "$3,063", "2014-12-31": "$3,129", "2014-09-30": "$3,621", "2014-06-30": "$3,792", "2014-03-31": "$3,732", "2013-12-31": "$3,447", "2013-09-30": "$3,702", "2013-06-30": "$3,595", "2013-03-31": "$3,767", "2012-12-31": "$3,686", "2012-09-30": "$3,986", "2012-06-30": "$3,435", "2012-03-31": "$3,996", "2011-12-31": "$3,740", "2011-09-30": "$4,256", "2011-06-30": "$2,606", "2011-03-31": "$2,622", "2010-12-31": "$2,413", "2010-09-30": "$2,132", "2010-06-30": "$2,063", "2010-03-31": "$2,219", "2009-12-31": "$1,938", "2009-09-30": "$1,651", "2009-06-30": "$1,595", "2009-03-31": "$1,063", "2008-12-31": "$938", "2008-09-30": "$1,731", "2008-06-30": "$1,962", "2008-03-31": "$1,777", "2007-12-31": "$1,070", "2007-09-30": "$947", "2007-06-30": "$817", "2007-03-31": "$748", "2006-12-31": "$772", "2006-09-30": "$766", "2006-06-30": "$823", "2006-03-31": "$743", "2005-12-31": "$766", "2005-09-30": "$808", "2005-06-30": "$937", "2005-03-31": "$909"}}, "total-share-holder-equity": {"HollyFrontier Annual Share Holder Equity (Millions of US $)": {"2019": "$6,509", "2018": "$6,459", "2017": "$5,897", "2016": "$5,302", "2015": "$5,810", "2014": "$6,101", "2013": "$6,609", "2012": "$6,643", "2011": "$5,836", "2010": "$1,288", "2009": "$1,208", "2008": "$936", "2007": "$594", "2006": "$466", "2005": "$377"}, "HollyFrontier Quarterly Share Holder Equity (Millions of US $)": {"2020-09-30": "$5,877", "2020-06-30": "$5,915", "2020-03-31": "$6,110", "2019-12-31": "$6,509", "2019-09-30": "$6,541", "2019-06-30": "$6,531", "2019-03-31": "$6,595", "2018-12-31": "$6,459", "2018-09-30": "$6,564", "2018-06-30": "$6,404", "2018-03-31": "$6,158", "2017-12-31": "$5,897", "2017-09-30": "$5,466", "2017-06-30": "$5,242", "2017-03-31": "$5,223", "2016-12-31": "$5,302", "2016-09-30": "$5,220", "2016-06-30": "$5,198", "2016-03-31": "$5,643", "2015-12-31": "$5,810", "2015-09-30": "$6,182", "2015-06-30": "$6,168", "2015-03-31": "$6,200", "2014-12-31": "$6,101", "2014-09-30": "$6,561", "2014-06-30": "$6,667", "2014-03-31": "$6,649", "2013-12-31": "$6,609", "2013-09-30": "$6,796", "2013-06-30": "$6,899", "2013-03-31": "$6,929", "2012-12-31": "$6,643", "2012-09-30": "$6,359", "2012-06-30": "$5,948", "2012-03-31": "$5,790", "2011-12-31": "$5,836", "2011-09-30": "$5,661", "2011-06-30": "$1,559", "2011-03-31": "$1,368", "2010-12-31": "$1,288", "2010-09-30": "$1,265", "2010-06-30": "$1,221", "2010-03-31": "$1,164", "2009-12-31": "$1,208", "2009-09-30": "$1,047", "2009-06-30": "$1,027", "2009-03-31": "$951", "2008-12-31": "$936", "2008-09-30": "$510", "2008-06-30": "$480", "2008-03-31": "$500", "2007-12-31": "$594", "2007-09-30": "$665", "2007-06-30": "$640", "2007-03-31": "$499", "2006-12-31": "$466", "2006-09-30": "$463", "2006-06-30": "$434", "2006-03-31": "$366", "2005-12-31": "$377", "2005-09-30": "$389", "2005-06-30": "$384", "2005-03-31": "$358"}}, "profit-margins": {"current": "-3.34%"}, "gross margin": {"2020-09-30": "19.00%", "2020-06-30": "20.92%", "2020-03-31": "21.05%", "2019-12-31": "20.40%", "2019-09-30": "22.33%", "2019-06-30": "21.88%", "2019-03-31": "21.11%", "2018-12-31": "21.31%", "2018-09-30": "20.06%", "2018-06-30": "20.20%", "2018-03-31": "20.43%", "2017-12-31": "19.53%", "2017-09-30": "18.00%", "2017-06-30": "16.64%", "2017-03-31": "15.64%", "2016-12-31": "16.79%", "2016-09-30": "17.69%", "2016-06-30": "20.32%", "2016-03-31": "21.52%", "2015-12-31": "22.65%", "2015-09-30": "20.54%", "2015-06-30": "16.89%", "2015-03-31": "14.68%", "2014-12-31": "12.83%", "2014-09-30": "12.49%", "2014-06-30": "11.62%", "2014-03-31": "12.37%", "2013-12-31": "13.73%", "2013-09-30": "16.35%", "2013-06-30": "20.32%", "2013-03-31": "22.25%", "2012-12-31": "21.15%", "2012-09-30": "19.53%", "2012-06-30": "18.94%", "2012-03-31": "17.52%", "2011-12-31": "17.87%", "2011-09-30": "17.90%", "2011-06-30": "14.28%", "2011-03-31": "13.08%", "2010-12-31": "11.49%", "2010-09-30": "10.85%", "2010-06-30": "10.49%", "2010-03-31": "10.07%", "2009-12-31": "12.33%", "2009-09-30": "16.14%", "2009-06-30": "15.09%", "2009-03-31": "12.31%", "2008-12-31": "9.90%", "2008-09-30": "8.62%", "2008-06-30": "8.75%", "2008-03-31": "13.30%", "2007-12-31": "16.44%", "2007-09-30": "18.51%", "2007-06-30": "19.70%", "2007-03-31": "17.58%", "2006-12-31": "16.72%", "2006-09-30": "17.03%", "2006-06-30": "17.36%", "2006-03-31": "17.80%", "2005-12-31": "17.95%"}, "operating margin": {"2020-09-30": "-3.93%", "2020-06-30": "-0.31%", "2020-03-31": "2.81%", "2019-12-31": "7.30%", "2019-09-30": "7.83%", "2019-06-30": "8.11%", "2019-03-31": "9.25%", "2018-12-31": "9.17%", "2018-09-30": "10.21%", "2018-06-30": "10.52%", "2018-03-31": "8.69%", "2017-12-31": "6.32%", "2017-09-30": "4.88%", "2017-06-30": "2.61%", "2017-03-31": "-1.90%", "2016-12-31": "-0.97%", "2016-09-30": "-2.56%", "2016-06-30": "-0.63%", "2016-03-31": "7.67%", "2015-12-31": "9.40%", "2015-09-30": "6.50%", "2015-06-30": "5.69%", "2015-03-31": "3.53%", "2014-12-31": "2.61%", "2014-09-30": "4.71%", "2014-06-30": "3.96%", "2014-03-31": "4.78%", "2013-12-31": "6.18%", "2013-09-30": "8.94%", "2013-06-30": "13.06%", "2013-03-31": "15.17%", "2012-12-31": "14.35%", "2012-09-30": "12.97%", "2012-06-30": "12.45%", "2012-03-31": "11.04%", "2011-12-31": "11.21%", "2011-09-30": "11.07%", "2011-06-30": "6.70%", "2011-03-31": "5.07%", "2010-12-31": "3.16%", "2010-09-30": "2.14%", "2010-06-30": "1.59%", "2010-03-31": "0.31%", "2009-12-31": "1.65%", "2009-09-30": "5.23%", "2009-06-30": "5.58%", "2009-03-31": "4.45%", "2008-12-31": "3.34%", "2008-09-30": "2.80%", "2008-06-30": "2.79%", "2008-03-31": "7.13%", "2007-12-31": "9.77%", "2007-09-30": "10.98%", "2007-06-30": "12.22%", "2007-03-31": "10.03%", "2006-12-31": "9.00%", "2006-09-30": "8.98%", "2006-06-30": "9.01%", "2006-03-31": "8.62%", "2005-12-31": "8.63%"}, "ebitda margin": {"2020-09-30": "3.70%", "2020-06-30": "6.48%", "2020-03-31": "6.82%", "2019-12-31": "11.09%", "2019-09-30": "11.50%", "2019-06-30": "11.60%", "2019-03-31": "11.85%", "2018-12-31": "11.63%", "2018-09-30": "12.67%", "2018-06-30": "13.11%", "2018-03-31": "11.55%", "2017-12-31": "9.33%", "2017-09-30": "8.04%", "2017-06-30": "5.89%", "2017-03-31": "6.95%", "2016-12-31": "8.68%", "2016-09-30": "7.08%", "2016-06-30": "8.34%", "2016-03-31": "10.55%", "2015-12-31": "12.02%", "2015-09-30": "8.94%", "2015-06-30": "7.83%", "2015-03-31": "5.54%", "2014-12-31": "4.45%", "2014-09-30": "6.40%", "2014-06-30": "5.65%", "2014-03-31": "6.32%", "2013-12-31": "7.68%", "2013-09-30": "10.36%", "2013-06-30": "14.40%", "2013-03-31": "16.47%", "2012-12-31": "15.56%", "2012-09-30": "14.13%", "2012-06-30": "13.50%", "2012-03-31": "12.06%", "2011-12-31": "12.24%", "2011-09-30": "12.16%", "2011-06-30": "7.99%", "2011-03-31": "6.45%", "2010-12-31": "4.58%", "2010-09-30": "3.63%", "2010-06-30": "3.14%", "2010-03-31": "2.10%", "2009-12-31": "3.72%", "2009-09-30": "7.39%", "2009-06-30": "7.45%", "2009-03-31": "5.87%", "2008-12-31": "4.44%", "2008-09-30": "3.68%", "2008-06-30": "3.63%", "2008-03-31": "7.93%", "2007-12-31": "10.62%", "2007-09-30": "11.96%", "2007-06-30": "13.21%", "2007-03-31": "11.06%", "2006-12-31": "10.01%", "2006-09-30": "10.01%", "2006-06-30": "10.09%", "2006-03-31": "9.89%", "2005-12-31": "10.08%"}, "pre tax profit margin": {"2020-09-30": "-4.01%", "2020-06-30": "-0.95%", "2020-03-31": "2.07%", "2019-12-31": "6.70%", "2019-09-30": "7.24%", "2019-06-30": "7.53%", "2019-03-31": "8.66%", "2018-12-31": "8.60%", "2018-09-30": "9.81%", "2018-06-30": "10.24%", "2018-03-31": "8.48%", "2017-12-31": "6.09%", "2017-09-30": "4.39%", "2017-06-30": "1.98%", "2017-03-31": "-2.53%", "2016-12-31": "-1.63%", "2016-09-30": "-3.04%", "2016-06-30": "-0.97%", "2016-03-31": "7.36%", "2015-12-31": "9.12%", "2015-09-30": "6.26%", "2015-06-30": "5.41%", "2015-03-31": "3.27%", "2014-12-31": "2.37%", "2014-09-30": "4.45%", "2014-06-30": "3.69%", "2014-03-31": "4.36%", "2013-12-31": "5.75%", "2013-09-30": "8.48%", "2013-06-30": "12.57%", "2013-03-31": "14.74%", "2012-12-31": "13.87%", "2012-09-30": "12.49%", "2012-06-30": "11.88%", "2012-03-31": "10.47%", "2011-12-31": "10.64%", "2011-09-30": "10.40%", "2011-06-30": "5.98%", "2011-03-31": "4.24%", "2010-12-31": "2.31%", "2010-09-30": "1.29%", "2010-06-30": "0.74%", "2010-03-31": "-0.50%", "2009-12-31": "0.91%", "2009-09-30": "4.52%", "2009-06-30": "5.05%", "2009-03-31": "4.12%", "2008-12-31": "3.19%", "2008-09-30": "2.88%", "2008-06-30": "3.13%", "2008-03-31": "7.69%", "2007-12-31": "10.41%", "2007-09-30": "11.66%", "2007-06-30": "12.83%", "2007-03-31": "10.56%", "2006-12-31": "9.54%", "2006-09-30": "9.52%", "2006-06-30": "9.54%", "2006-03-31": "8.96%", "2005-12-31": "8.66%"}, "net profit margin": {"2020-09-30": "-3.34%", "2020-06-30": "-1.11%", "2020-03-31": "1.27%", "2019-12-31": "4.42%", "2019-09-30": "4.89%", "2019-06-30": "5.25%", "2019-03-31": "6.19%", "2018-12-31": "6.20%", "2018-09-30": "8.51%", "2018-06-30": "8.63%", "2018-03-31": "7.31%", "2017-12-31": "5.66%", "2017-09-30": "2.55%", "2017-06-30": "1.13%", "2017-03-31": "-2.83%", "2016-12-31": "-2.49%", "2016-09-30": "-3.42%", "2016-06-30": "-2.11%", "2016-03-31": "4.34%", "2015-12-31": "5.57%", "2015-09-30": "3.86%", "2015-06-30": "3.32%", "2015-03-31": "1.98%", "2014-12-31": "1.42%", "2014-09-30": "2.78%", "2014-06-30": "2.32%", "2014-03-31": "2.73%", "2013-12-31": "3.64%", "2013-09-30": "5.18%", "2013-06-30": "7.74%", "2013-03-31": "9.11%", "2012-12-31": "8.56%", "2012-09-30": "7.79%", "2012-06-30": "7.42%", "2012-03-31": "6.52%", "2011-12-31": "6.61%", "2011-09-30": "6.43%", "2011-06-30": "3.57%", "2011-03-31": "2.47%", "2010-12-31": "1.25%", "2010-09-30": "0.62%", "2010-06-30": "0.28%", "2010-03-31": "-0.51%", "2009-12-31": "0.39%", "2009-09-30": "2.71%", "2009-06-30": "3.19%", "2009-03-31": "2.66%", "2008-12-31": "2.06%", "2008-09-30": "1.88%", "2008-06-30": "2.18%", "2008-03-31": "5.16%", "2007-12-31": "6.99%", "2007-09-30": "7.76%", "2007-06-30": "8.32%", "2007-03-31": "6.93%", "2006-12-31": "6.64%", "2006-09-30": "6.64%", "2006-06-30": "6.71%", "2006-03-31": "6.25%", "2005-12-31": "5.51%"}, "pe ratio": {"current": "86.29", "2021-02-05": "0.00", "2020-09-30": "0.00", "2020-06-30": "0.00", "2020-03-31": "19.29", "2019-12-31": "10.57", "2019-09-30": "10.13", "2019-06-30": "8.11", "2019-03-31": "7.47", "2018-12-31": "7.66", "2018-09-30": "7.77", "2018-06-30": "7.96", "2018-03-31": "7.10", "2017-12-31": "10.27", "2017-09-30": "17.03", "2017-06-30": "30.91", "2017-03-31": "0.00", "2016-12-31": "0.00", "2016-09-30": "0.00", "2016-06-30": "0.00", "2016-03-31": "10.57", "2015-12-31": "8.62", "2015-09-30": "13.64", "2015-06-30": "12.52", "2015-03-31": "18.15", "2014-12-31": "21.55", "2014-09-30": "12.15", "2014-06-30": "14.33", "2014-03-31": "13.17", "2013-12-31": "10.28", "2013-09-30": "5.93", "2013-06-30": "3.99", "2013-03-31": "4.13", "2012-12-31": "3.89", "2012-09-30": "3.78", "2012-06-30": "3.36", "2012-03-31": "3.26", "2011-12-31": "2.47", "2011-09-30": "3.18", "2011-06-30": "6.72", "2011-03-31": "9.26", "2010-12-31": "12.94", "2010-09-30": "20.03", "2010-06-30": "41.56", "2010-03-31": "0.00", "2009-12-31": "37.71", "2009-09-30": "6.95", "2009-06-30": "3.91", "2009-03-31": "4.68", "2008-12-31": "4.44", "2008-09-30": "7.33", "2008-06-30": "9.15", "2008-03-31": "5.07", "2007-12-31": "4.90", "2007-09-30": "5.81", "2007-06-30": "6.81", "2007-03-31": "6.78", "2006-12-31": "6.40"}, "price sales": {"2021-02-05": "0.39", "2020-09-30": "0.25", "2020-06-30": "0.33", "2020-03-31": "0.23", "2019-12-31": "0.47", "2019-09-30": "0.50", "2019-06-30": "0.43", "2019-03-31": "0.46", "2018-12-31": "0.47", "2018-09-30": "0.66", "2018-06-30": "0.68", "2018-03-31": "0.52", "2017-12-31": "0.58", "2017-09-30": "0.43", "2017-06-30": "0.35", "2017-03-31": "0.38", "2016-12-31": "0.48", "2016-09-30": "0.36", "2016-06-30": "0.33", "2016-03-31": "0.45", "2015-12-31": "0.48", "2015-09-30": "0.53", "2015-06-30": "0.42", "2015-03-31": "0.36", "2014-12-31": "0.30", "2014-09-30": "0.34", "2014-06-30": "0.33", "2014-03-31": "0.36", "2013-12-31": "0.37", "2013-09-30": "0.31", "2013-06-30": "0.31", "2013-03-31": "0.38", "2012-12-31": "0.34", "2012-09-30": "0.28", "2012-06-30": "0.23", "2012-03-31": "0.20", "2011-12-31": "0.14", "2011-09-30": "0.17", "2011-06-30": "0.24", "2011-03-31": "0.23", "2010-12-31": "0.16", "2010-09-30": "0.12", "2010-06-30": "0.12", "2010-03-31": "0.14", "2009-12-31": "0.16", "2009-09-30": "0.19", "2009-06-30": "0.12", "2009-03-31": "0.13", "2008-12-31": "0.09", "2008-09-30": "0.14", "2008-06-30": "0.19", "2008-03-31": "0.26", "2007-12-31": "0.34", "2007-09-30": "0.45", "2007-06-30": "0.57", "2007-03-31": "0.47", "2006-12-31": "0.43"}, "price book": {"current": "0.83", "2021-02-05": "0.83", "2020-09-30": "0.53", "2020-06-30": "0.78", "2020-03-31": "0.62", "2019-12-31": "1.20", "2019-09-30": "1.26", "2019-06-30": "1.10", "2019-03-31": "1.19", "2018-12-31": "1.26", "2018-09-30": "1.71", "2018-06-30": "1.73", "2018-03-31": "1.28", "2017-12-31": "1.40", "2017-09-30": "1.05", "2017-06-30": "0.83", "2017-03-31": "0.84", "2016-12-31": "0.95", "2016-09-30": "0.71", "2016-06-30": "0.68", "2016-03-31": "0.93", "2015-12-31": "1.03", "2015-09-30": "1.20", "2015-06-30": "1.07", "2015-03-31": "1.03", "2014-12-31": "0.97", "2014-09-30": "1.03", "2014-06-30": "1.01", "2014-03-31": "1.09", "2013-12-31": "1.12", "2013-09-30": "0.91", "2013-06-30": "0.90", "2013-03-31": "1.08", "2012-12-31": "1.00", "2012-09-30": "0.91", "2012-06-30": "0.82", "2012-03-31": "0.76", "2011-12-31": "0.54", "2011-09-30": "0.61", "2011-06-30": "1.47", "2011-03-31": "1.46", "2010-12-31": "1.04", "2010-09-30": "0.74", "2010-06-30": "0.71", "2010-03-31": "0.77", "2009-12-31": "0.68", "2009-09-30": "0.74", "2009-06-30": "0.52", "2009-03-31": "0.66", "2008-12-31": "0.57", "2008-09-30": "1.64", "2008-06-30": "2.23", "2008-03-31": "2.55", "2007-12-31": "2.60", "2007-09-30": "2.81", "2007-06-30": "3.65", "2007-03-31": "3.74", "2006-12-31": "3.49", "2006-09-30": "2.99", "2006-06-30": "3.60", "2006-03-31": "3.30"}, "price fcf": {"2021-02-05": "", "2020-09-30": "$1.23", "2020-06-30": "$3.63", "2020-03-31": "$7.27", "2019-12-31": "$7.50", "2019-09-30": "$9.22", "2019-06-30": "$8.78", "2019-03-31": "$6.46", "2018-12-31": "$7.06", "2018-09-30": "$5.69", "2018-06-30": "$5.19", "2018-03-31": "$5.89", "2017-12-31": "$3.84", "2017-09-30": "$3.76", "2017-06-30": "$2.52", "2017-03-31": "$0.97", "2016-12-31": "$0.73", "2016-09-30": "$-0.31", "2016-06-30": "$0.52", "2016-03-31": "$0.55", "2015-12-31": "$1.74", "2015-09-30": "$1.16", "2015-06-30": "$-0.00", "2015-03-31": "$0.09", "2014-12-31": "$1.07", "2014-09-30": "$1.92", "2014-06-30": "$3.23", "2014-03-31": "$2.73", "2013-12-31": "$2.25", "2013-09-30": "$4.34", "2013-06-30": "$6.43", "2013-03-31": "$6.43", "2012-12-31": "$6.47", "2012-09-30": "$6.94", "2012-06-30": "$4.72", "2012-03-31": "$6.47", "2011-12-31": "$6.07", "2011-09-30": "$3.51", "2011-06-30": "$3.82", "2011-03-31": "$2.32", "2010-12-31": "$0.65", "2010-09-30": "$0.77", "2010-06-30": "$-0.84", "2010-03-31": "$-1.03", "2009-12-31": "$-0.90", "2009-09-30": "$-1.97", "2009-06-30": "$-2.18", "2009-03-31": "$-3.83", "2008-12-31": "$-0.91", "2008-09-30": "$1.46", "2008-06-30": "$1.34", "2008-03-31": "$3.73", "2007-12-31": "$2.34", "2007-09-30": "$1.33", "2007-06-30": "$2.83", "2007-03-31": "$2.02", "2006-12-31": "$1.07"}, "net worth": {"value": "$4.89B"}, "current ratio": {"2020-09-30": "2.68", "2020-06-30": "2.10", "2020-03-31": "1.92", "2019-12-31": "1.96", "2019-09-30": "2.07", "2019-06-30": "2.08", "2019-03-31": "1.99", "2018-12-31": "2.82", "2018-09-30": "2.50", "2018-06-30": "2.38", "2018-03-31": "2.25", "2017-12-31": "2.15", "2017-09-30": "2.00", "2017-06-30": "1.88", "2017-03-31": "1.90", "2016-12-31": "2.63", "2016-09-30": "2.10", "2016-06-30": "2.02", "2016-03-31": "1.69", "2015-12-31": "1.68", "2015-09-30": "2.11", "2015-06-30": "2.03", "2015-03-31": "2.32", "2014-12-31": "2.26", "2014-09-30": "2.18", "2014-06-30": "2.15", "2014-03-31": "2.18", "2013-12-31": "2.33", "2013-09-30": "2.33", "2013-06-30": "2.37", "2013-03-31": "2.70", "2012-12-31": "2.70", "2012-09-30": "2.23", "2012-06-30": "2.37", "2012-03-31": "1.95", "2011-12-31": "2.07", "2011-09-30": "1.84", "2011-06-30": "1.30", "2011-03-31": "1.22", "2010-12-31": "1.23", "2010-09-30": "1.16", "2010-06-30": "1.30", "2010-03-31": "1.25", "2009-12-31": "1.25", "2009-09-30": "1.21", "2009-06-30": "1.19", "2009-03-31": "1.06", "2008-12-31": "1.15", "2008-09-30": "1.09", "2008-06-30": "1.14", "2008-03-31": "1.27", "2007-12-31": "1.27", "2007-09-30": "1.38", "2007-06-30": "1.54", "2007-03-31": "1.48", "2006-12-31": "1.43", "2006-09-30": "1.45", "2006-06-30": "1.38", "2006-03-31": "1.33", "2005-12-31": "1.36", "2005-09-30": "1.41", "2005-06-30": "1.41", "2005-03-31": "1.27"}, "quick ratio": {"2020-09-30": "1.76", "2020-06-30": "1.22", "2020-03-31": "1.20", "2019-12-31": "1.09", "2019-09-30": "1.11", "2019-06-30": "1.10", "2019-03-31": "0.99", "2018-12-31": "1.66", "2018-09-30": "1.30", "2018-06-30": "1.21", "2018-03-31": "1.16", "2017-12-31": "1.01", "2017-09-30": "0.98", "2017-06-30": "0.90", "2017-03-31": "0.75", "2016-12-31": "1.58", "2016-09-30": "0.97", "2016-06-30": "1.05", "2016-03-31": "0.69", "2015-12-31": "0.70", "2015-09-30": "1.16", "2015-06-30": "1.07", "2015-03-31": "1.37", "2014-12-31": "1.42", "2014-09-30": "1.30", "2014-06-30": "1.39", "2014-03-31": "1.35", "2013-12-31": "1.52", "2013-09-30": "1.51", "2013-06-30": "1.54", "2013-03-31": "1.86", "2012-12-31": "1.90", "2012-09-30": "1.52", "2012-06-30": "1.53", "2012-03-31": "1.31", "2011-12-31": "1.48", "2011-09-30": "1.31", "2011-06-30": "0.98", "2011-03-31": "0.92", "2010-12-31": "0.94", "2010-09-30": "0.84", "2010-06-30": "0.91", "2010-03-31": "0.90", "2009-12-31": "0.96", "2009-09-30": "0.86", "2009-06-30": "0.88", "2009-03-31": "0.75", "2008-12-31": "0.88", "2008-09-30": "0.94", "2008-06-30": "1.00", "2008-03-31": "1.13", "2007-12-31": "1.09", "2007-09-30": "1.14", "2007-06-30": "1.30", "2007-03-31": "1.21", "2006-12-31": "1.20", "2006-09-30": "1.26", "2006-06-30": "1.14", "2006-03-31": "1.06", "2005-12-31": "1.18", "2005-09-30": "1.23", "2005-06-30": "1.17", "2005-03-31": "1.01"}, "debt equity ratio": {"current": "0.54", "2020-09-30": "0.97", "2020-06-30": "0.87", "2020-03-31": "0.84", "2019-12-31": "0.87", "2019-09-30": "0.86", "2019-06-30": "0.85", "2019-03-31": "0.84", "2018-12-31": "0.70", "2018-09-30": "0.75", "2018-06-30": "0.76", "2018-03-31": "0.77", "2017-12-31": "0.81", "2017-09-30": "0.86", "2017-06-30": "0.84", "2017-03-31": "0.83", "2016-12-31": "0.78", "2016-09-30": "0.65", "2016-06-30": "0.67", "2016-03-31": "0.52", "2015-12-31": "0.44", "2015-09-30": "0.47", "2015-06-30": "0.48", "2015-03-31": "0.49", "2014-12-31": "0.51", "2014-09-30": "0.55", "2014-06-30": "0.57", "2014-03-31": "0.56", "2013-12-31": "0.52", "2013-09-30": "0.55", "2013-06-30": "0.52", "2013-03-31": "0.54", "2012-12-31": "0.56", "2012-09-30": "0.63", "2012-06-30": "0.58", "2012-03-31": "0.69", "2011-12-31": "0.64", "2011-09-30": "0.75", "2011-06-30": "1.67", "2011-03-31": "1.92", "2010-12-31": "1.87", "2010-09-30": "1.69", "2010-06-30": "1.69", "2010-03-31": "1.91", "2009-12-31": "1.61", "2009-09-30": "1.58", "2009-06-30": "1.55", "2009-03-31": "1.12", "2008-12-31": "1.00", "2008-09-30": "3.39", "2008-06-30": "4.09", "2008-03-31": "3.55", "2007-12-31": "1.80", "2007-09-30": "1.42", "2007-06-30": "1.28", "2007-03-31": "1.50", "2006-12-31": "1.66", "2006-09-30": "1.66", "2006-06-30": "1.90", "2006-03-31": "2.03", "2005-12-31": "2.03", "2005-09-30": "2.08", "2005-06-30": "2.44", "2005-03-31": "2.54"}, "return on equity": {"2020-09-30": "-6.93%", "2020-06-30": "-2.54%", "2020-03-31": "3.35%", "2019-12-31": "11.81%", "2019-09-30": "13.08%", "2019-06-30": "14.29%", "2019-03-31": "16.65%", "2018-12-31": "17.17%", "2018-09-30": "23.61%", "2018-06-30": "23.52%", "2018-03-31": "19.66%", "2017-12-31": "14.77%", "2017-09-30": "6.35%", "2017-06-30": "2.65%", "2017-03-31": "-6.26%", "2016-12-31": "-4.91%", "2016-09-30": "-6.58%", "2016-06-30": "-4.17%", "2016-03-31": "8.94%", "2015-12-31": "12.12%", "2015-09-30": "9.12%", "2015-06-30": "8.65%", "2015-03-31": "5.58%", "2014-12-31": "4.33%", "2014-09-30": "8.53%", "2014-06-30": "7.07%", "2014-03-31": "8.21%", "2013-12-31": "10.77%", "2013-09-30": "15.55%", "2013-06-30": "23.50%", "2013-03-31": "27.98%", "2012-12-31": "27.81%", "2012-09-30": "25.92%", "2012-06-30": "25.41%", "2012-03-31": "24.98%", "2011-12-31": "28.29%", "2011-09-30": "33.01%", "2011-06-30": "25.04%", "2011-03-31": "16.88%", "2010-12-31": "8.42%", "2010-09-30": "3.95%", "2010-06-30": "1.72%", "2010-03-31": "-2.79%", "2009-12-31": "1.80%", "2009-09-30": "11.21%", "2009-06-30": "16.12%", "2009-03-31": "18.63%", "2008-12-31": "19.95%", "2008-09-30": "23.03%", "2008-06-30": "22.87%", "2008-03-31": "46.02%", "2007-12-31": "55.88%", "2007-09-30": "58.68%", "2007-06-30": "68.47%", "2007-03-31": "61.87%", "2006-12-31": "61.77%", "2006-09-30": "63.17%", "2006-06-30": "61.81%", "2006-03-31": "53.03%", "2005-12-31": "44.56%"}, "return on assets": {"2020-09-30": "-3.68%", "2020-06-30": "-1.36%", "2020-03-31": "1.80%", "2019-12-31": "6.36%", "2019-09-30": "7.20%", "2019-06-30": "8.00%", "2019-03-31": "9.44%", "2018-12-31": "9.83%", "2018-09-30": "13.31%", "2018-06-30": "13.08%", "2018-03-31": "10.81%", "2017-12-31": "8.05%", "2017-09-30": "3.48%", "2017-06-30": "1.49%", "2017-03-31": "-3.62%", "2016-12-31": "-2.97%", "2016-09-30": "-4.21%", "2016-06-30": "-2.74%", "2016-03-31": "6.05%", "2015-12-31": "8.23%", "2015-09-30": "6.12%", "2015-06-30": "5.72%", "2015-03-31": "3.64%", "2014-12-31": "2.79%", "2014-09-30": "5.50%", "2014-06-30": "4.56%", "2014-03-31": "5.34%", "2013-12-31": "7.02%", "2013-09-30": "10.09%", "2013-06-30": "15.06%", "2013-03-31": "17.77%", "2012-12-31": "17.27%", "2012-09-30": "15.87%", "2012-06-30": "15.27%", "2012-03-31": "14.08%", "2011-12-31": "14.76%", "2011-09-30": "14.97%", "2011-06-30": "8.99%", "2011-03-31": "6.04%", "2010-12-31": "3.02%", "2010-09-30": "1.45%", "2010-06-30": "0.64%", "2010-03-31": "-1.05%", "2009-12-31": "0.73%", "2009-09-30": "4.82%", "2009-06-30": "6.31%", "2009-03-31": "6.25%", "2008-12-31": "5.48%", "2008-09-30": "5.57%", "2008-06-30": "6.40%", "2008-03-31": "15.75%", "2007-12-31": "22.41%", "2007-09-30": "23.98%", "2007-06-30": "27.38%", "2007-03-31": "23.17%", "2006-12-31": "22.09%", "2006-09-30": "21.86%", "2006-06-30": "20.57%", "2006-03-31": "16.85%", "2005-12-31": "13.64%"}, "return on investments": {"2020-09-30": "-5.69%", "2020-06-30": "-0.50%", "2020-03-31": "5.39%", "2019-12-31": "14.22%", "2019-09-30": "15.25%", "2019-06-30": "16.11%", "2019-03-31": "18.15%", "2018-12-31": "18.48%", "2018-09-30": "20.43%", "2018-06-30": "20.53%", "2018-03-31": "16.57%", "2017-12-31": "11.60%", "2017-09-30": "8.55%", "2017-06-30": "4.39%", "2017-03-31": "-3.06%", "2016-12-31": "-1.44%", "2016-09-30": "-3.90%", "2016-06-30": "-1.02%", "2016-03-31": "13.40%", "2015-12-31": "17.54%", "2015-09-30": "13.21%", "2015-06-30": "12.74%", "2015-03-31": "8.53%", "2014-12-31": "6.85%", "2014-09-30": "12.52%", "2014-06-30": "10.45%", "2014-03-31": "12.50%", "2013-12-31": "15.82%", "2013-09-30": "22.99%", "2013-06-30": "33.47%", "2013-03-31": "38.70%", "2012-12-31": "38.45%", "2012-09-30": "35.55%", "2012-06-30": "35.04%", "2012-03-31": "34.04%", "2011-12-31": "37.35%", "2011-09-30": "41.34%", "2011-06-30": "29.85%", "2011-03-31": "21.59%", "2010-12-31": "13.11%", "2010-09-30": "8.47%", "2010-06-30": "6.02%", "2010-03-31": "1.06%", "2009-12-31": "4.90%", "2009-09-30": "14.51%", "2009-06-30": "18.91%", "2009-03-31": "20.78%", "2008-12-31": "20.69%", "2008-09-30": "28.50%", "2008-06-30": "39.49%", "2008-03-31": "181.21%", "2007-12-31": "inf%", "2007-09-30": "inf%", "2007-06-30": "inf%", "2007-03-31": "inf%", "2006-12-31": "inf%", "2006-09-30": "inf%", "2006-06-30": "inf%", "2006-03-31": "195.76%", "2005-12-31": "98.23%"}, "return on tangible equity": {"2020-09-30": "-13.75%", "2020-06-30": "-4.90%", "2020-03-31": "6.32%", "2019-12-31": "22.17%", "2019-09-30": "23.95%", "2019-06-30": "25.59%", "2019-03-31": "29.23%", "2018-12-31": "29.52%", "2018-09-30": "41.30%", "2018-06-30": "42.56%", "2018-03-31": "37.08%", "2017-12-31": "28.89%", "2017-09-30": "12.38%", "2017-06-30": "5.07%", "2017-03-31": "-11.70%", "2016-12-31": "-8.99%", "2016-09-30": "-12.08%", "2016-06-30": "-7.50%", "2016-03-31": "15.75%", "2015-12-31": "20.79%", "2015-09-30": "15.44%", "2015-06-30": "14.44%", "2015-03-31": "9.20%", "2014-12-31": "7.05%", "2014-09-30": "13.74%", "2014-06-30": "11.32%", "2014-03-31": "13.08%", "2013-12-31": "17.07%", "2013-09-30": "24.63%", "2013-06-30": "37.55%", "2013-03-31": "45.69%", "2012-12-31": "46.72%", "2012-09-30": "44.54%", "2012-06-30": "44.39%", "2012-03-31": "41.90%", "2011-12-31": "44.70%", "2011-09-30": "47.22%", "2011-06-30": "28.76%", "2011-03-31": "19.56%", "2010-12-31": "9.81%", "2010-09-30": "4.62%", "2010-06-30": "2.01%", "2010-03-31": "-3.23%", "2009-12-31": "2.07%", "2009-09-30": "12.73%", "2009-06-30": "18.33%", "2009-03-31": "20.69%", "2008-12-31": "22.07%", "2008-09-30": "24.79%", "2008-06-30": "23.88%", "2008-03-31": "48.21%", "2007-12-31": "57.17%", "2007-09-30": "60.16%", "2007-06-30": "70.45%", "2007-03-31": "63.96%", "2006-12-31": "64.14%", "2006-09-30": "65.69%", "2006-06-30": "64.40%", "2006-03-31": "55.11%", "2005-12-31": "46.31%"}, "dividend yield history": {"last payout": "$1.40", "last yield": "4.64%"}}