{"ticker": "HOLX", "price": {"title": "Hologic Historical Annual Stock Price Data", "value": 82.8, "historical": {"2021": {"Average Stock Price": "77.9088", "Year Open": "73.1200", "Year High": "83.7200", "Year Low": "72.5100", "Year Close": "82.8000", "Annual % Change": "13.69%"}, "2020": {"Average Stock Price": "57.7542", "Year Open": "52.0700", "Year High": "76.6700", "Year Low": "29.3800", "Year Close": "72.8300", "Annual % Change": "39.49%"}, "2019": {"Average Stock Price": "47.6163", "Year Open": "38.4200", "Year High": "53.5600", "Year Low": "38.2800", "Year Close": "52.2100", "Annual % Change": "27.03%"}, "2018": {"Average Stock Price": "40.0689", "Year Open": "42.8700", "Year High": "44.8900", "Year Low": "36.4300", "Year Close": "41.1000", "Annual % Change": "-3.86%"}, "2017": {"Average Stock Price": "41.2919", "Year Open": "40.1500", "Year High": "46.4900", "Year Low": "35.9000", "Year Close": "42.7500", "Annual % Change": "6.56%"}, "2016": {"Average Stock Price": "36.4699", "Year Open": "37.8300", "Year High": "40.7900", "Year Low": "32.4200", "Year Close": "40.1200", "Annual % Change": "3.70%"}, "2015": {"Average Stock Price": "36.1323", "Year Open": "26.3800", "Year High": "42.9200", "Year Low": "25.7450", "Year Close": "38.6900", "Annual % Change": "44.69%"}, "2014": {"Average Stock Price": "24.0324", "Year Open": "21.9400", "Year High": "27.0500", "Year Low": "20.1100", "Year Close": "26.7400", "Annual % Change": "19.64%"}, "2013": {"Average Stock Price": "21.6224", "Year Open": "20.4700", "Year High": "23.8400", "Year Low": "18.6900", "Year Close": "22.3500", "Annual % Change": "11.69%"}, "2012": {"Average Stock Price": "19.6497", "Year Open": "17.8400", "Year High": "21.9300", "Year Low": "16.3200", "Year Close": "20.0101", "Annual % Change": "14.28%"}, "2011": {"Average Stock Price": "18.7990", "Year Open": "19.1200", "Year High": "22.6900", "Year Low": "14.2300", "Year Close": "17.5100", "Annual % Change": "-6.96%"}, "2010": {"Average Stock Price": "16.1435", "Year Open": "14.9400", "Year High": "19.5600", "Year Low": "13.3100", "Year Close": "18.8200", "Annual % Change": "29.79%"}, "2009": {"Average Stock Price": "14.0156", "Year Open": "13.0000", "Year High": "17.4600", "Year Low": "9.3900", "Year Close": "14.5000", "Annual % Change": "10.94%"}, "2008": {"Average Stock Price": "22.4100", "Year Open": "33.7550", "Year High": "35.5600", "Year Low": "11.3300", "Year Close": "13.0700", "Annual % Change": "-61.92%"}, "2007": {"Average Stock Price": "28.8833", "Year Open": "23.9050", "Year High": "35.6400", "Year Low": "23.1400", "Year Close": "34.3200", "Annual % Change": "45.18%"}, "2006": {"Average Stock Price": "23.1276", "Year Open": "18.2750", "Year High": "27.6750", "Year Low": "17.7600", "Year Close": "23.6400", "Annual % Change": "24.68%"}, "2005": {"Average Stock Price": "11.3169", "Year Open": "6.8000", "Year High": "19.9500", "Year Low": "6.1575", "Year Close": "18.9600", "Annual % Change": "176.08%"}, "2004": {"Average Stock Price": "5.1905", "Year Open": "4.4100", "Year High": "7.1550", "Year Low": "4.3425", "Year Close": "6.8675", "Annual % Change": "59.25%"}, "2003": {"Average Stock Price": "3.0994", "Year Open": "3.1275", "Year High": "4.3775", "Year Low": "1.7975", "Year Close": "4.3125", "Annual % Change": "41.28%"}, "2002": {"Average Stock Price": "3.2417", "Year Open": "2.4500", "Year High": "4.3475", "Year Low": "2.2000", "Year Close": "3.0525", "Annual % Change": "31.43%"}, "2001": {"Average Stock Price": "1.6307", "Year Open": "1.2500", "Year High": "2.7500", "Year Low": "1.0000", "Year Close": "2.3225", "Annual % Change": "74.85%"}, "2000": {"Average Stock Price": "1.7206", "Year Open": "1.5000", "Year High": "2.4533", "Year Low": "1.1640", "Year Close": "1.3283", "Annual % Change": "-7.60%"}, "1999": {"Average Stock Price": "1.7350", "Year Open": "2.9850", "Year High": "3.3450", "Year Low": "0.7658", "Year Close": "1.4375", "Annual % Change": "-52.60%"}, "1998": {"Average Stock Price": "4.5961", "Year Open": "5.2975", "Year High": "7.3750", "Year Low": "2.5000", "Year Close": "3.0325", "Annual % Change": "-41.37%"}, "1997": {"Average Stock Price": "6.3542", "Year Open": "6.1575", "Year High": "7.8750", "Year Low": "4.7825", "Year Close": "5.1725", "Annual % Change": "-16.40%"}, "1996": {"Average Stock Price": "7.5561", "Year Open": "4.9375", "Year High": "12.2500", "Year Low": "4.4063", "Year Close": "6.1875", "Annual % Change": "20.73%"}, "1995": {"Average Stock Price": "2.4365", "Year Open": "1.8125", "Year High": "5.6250", "Year Low": "1.1563", "Year Close": "5.1250", "Annual % Change": "173.33%"}, "1994": {"Average Stock Price": "1.3638", "Year Open": "0.5625", "Year High": "2.2025", "Year Low": "0.5313", "Year Close": "1.8750", "Annual % Change": "242.47%"}, "1993": {"Average Stock Price": "0.5717", "Year Open": "0.7188", "Year High": "0.7813", "Year Low": "0.4525", "Year Close": "0.5475", "Annual % Change": "-25.51%"}, "1992": {"Average Stock Price": "1.0187", "Year Open": "1.1875", "Year High": "1.6875", "Year Low": "0.5775", "Year Close": "0.7350", "Annual % Change": "-39.69%"}, "1991": {"Average Stock Price": "1.0196", "Year Open": "1.1250", "Year High": "1.3438", "Year Low": "0.6563", "Year Close": "1.2188", "Annual % Change": "8.34%"}}}, "market cap": {"value": "$21.33B"}, "income statement": {"Revenue": {"2020-09-30": "3776.40000", "2019-09-30": "3367.30000", "2018-09-30": "3217.90000", "2017-09-30": "3058.80000", "2016-09-30": "2832.70000", "2015-09-30": "2705.00000", "2014-09-30": "2530.70000", "2013-09-30": "2492.30000", "2012-09-30": "2002.60000", "2011-09-30": "1789.34900", "2010-09-30": "1679.55200", "2009-09-30": "1637.13400", "2008-09-30": "1674.49900", "2007-09-30": "738.36800", "2006-09-30": "462.68000", "2005-09-30": "287.68400"}, "Cost Of Goods Sold": {"2020-09-30": "1548.90000", "2019-09-30": "2196.40000", "2018-09-30": "1521.20000", "2017-09-30": "1437.80000", "2016-09-30": "1269.40000", "2015-09-30": "1272.30000", "2014-09-30": "1285.20000", "2013-09-30": "1330.90000", "2012-09-30": "1008.20000", "2011-09-30": "866.16800", "2010-09-30": "942.91400", "2009-09-30": "779.64800", "2008-09-30": "781.98100", "2007-09-30": "393.03900", "2006-09-30": "269.37500", "2005-09-30": "175.57000"}, "Gross Profit": {"2020-09-30": "2227.50000", "2019-09-30": "1170.90000", "2018-09-30": "1696.70000", "2017-09-30": "1621.00000", "2016-09-30": "1563.30000", "2015-09-30": "1432.70000", "2014-09-30": "1245.50000", "2013-09-30": "1161.40000", "2012-09-30": "994.40000", "2011-09-30": "923.18100", "2010-09-30": "736.63800", "2009-09-30": "857.48600", "2008-09-30": "892.51800", "2007-09-30": "345.32900", "2006-09-30": "193.30500", "2005-09-30": "112.11400"}, "Research And Development Expenses": {"2020-09-30": "222.50000", "2019-09-30": "232.20000", "2018-09-30": "218.70000", "2017-09-30": "232.80000", "2016-09-30": "232.10000", "2015-09-30": "214.90000", "2014-09-30": "203.20000", "2013-09-30": "197.60000", "2012-09-30": "131.00000", "2011-09-30": "116.69600", "2010-09-30": "104.30500", "2009-09-30": "102.45300", "2008-09-30": "88.18400", "2007-09-30": "44.38100", "2006-09-30": "28.11300", "2005-09-30": "18.61700"}, "SG&A Expenses": {"2020-09-30": "840.60000", "2019-09-30": "897.20000", "2018-09-30": "910.70000", "2017-09-30": "841.90000", "2016-09-30": "682.40000", "2015-09-30": "624.00000", "2014-09-30": "591.50000", "2013-09-30": "569.80000", "2012-09-30": "542.80000", "2011-09-30": "446.29300", "2010-09-30": "395.71400", "2009-09-30": "379.67700", "2008-09-30": "402.16600", "2007-09-30": "147.61200", "2006-09-30": "98.41500", "2005-09-30": "60.86600"}, "Other Operating Income Or Expenses": {"2020-09-30": "", "2019-09-30": "", "2018-09-30": "", "2017-09-30": "899.70000", "2016-09-30": "", "2015-09-30": "", "2014-09-30": "", "2013-09-30": "-37.40000", "2012-09-30": "-107.10000", "2011-09-30": "72.51600", "2010-09-30": "-31.52000", "2009-09-30": "0.00000", "2008-09-30": "-2.90000", "2007-09-30": "", "2006-09-30": "5.09300", "2005-09-30": ""}, "Operating Expenses": {"2020-09-30": "2671.40000", "2019-09-30": "3491.10000", "2018-09-30": "3455.80000", "2017-09-30": "1688.60000", "2016-09-30": "2284.10000", "2015-09-30": "2249.90000", "2014-09-30": "2251.00000", "2013-09-30": "3398.50000", "2012-09-30": "1888.90000", "2011-09-30": "1414.90400", "2010-09-30": "1609.61500", "2009-09-30": "3653.80800", "2008-09-30": "1872.04100", "2007-09-30": "590.61600", "2006-09-30": "412.34100", "2005-09-30": "255.05300"}, "Operating Income": {"2020-09-30": "1105.00000", "2019-09-30": "-123.79980", "2018-09-30": "-237.89990", "2017-09-30": "1370.20000", "2016-09-30": "548.60010", "2015-09-30": "455.10010", "2014-09-30": "279.70020", "2013-09-30": "-906.20000", "2012-09-30": "113.70000", "2011-09-30": "374.44510", "2010-09-30": "69.93690", "2009-09-30": "-2016.67400", "2008-09-30": "-197.54210", "2007-09-30": "147.75200", "2006-09-30": "50.33900", "2005-09-30": "32.63100"}, "Total Non-Operating Income/Expense": {"2020-09-30": "-103.10000", "2019-09-30": "-133.90000", "2018-09-30": "-180.70000", "2017-09-30": "-139.70000", "2016-09-30": "-133.30000", "2015-09-30": "-277.90000", "2014-09-30": "-231.60000", "2013-09-30": "-286.70000", "2012-09-30": "-175.40000", "2011-09-30": "-147.05900", "2010-09-30": "-124.92800", "2009-09-30": "-137.45600", "2008-09-30": "-129.73000", "2007-09-30": "0.73700", "2006-09-30": "2.88400", "2005-09-30": "2.06400"}, "Pre-Tax Income": {"2020-09-30": "1001.90000", "2019-09-30": "-257.70000", "2018-09-30": "-418.60000", "2017-09-30": "1230.50000", "2016-09-30": "415.30000", "2015-09-30": "177.20000", "2014-09-30": "48.10000", "2013-09-30": "-1192.90000", "2012-09-30": "-61.70000", "2011-09-30": "227.38600", "2010-09-30": "-54.99100", "2009-09-30": "-2154.13000", "2008-09-30": "-327.27200", "2007-09-30": "148.48900", "2006-09-30": "53.22300", "2005-09-30": "34.69500"}, "Income Taxes": {"2020-09-30": "-108.60000", "2019-09-30": "-54.10000", "2018-09-30": "-307.30000", "2017-09-30": "475.00000", "2016-09-30": "84.50000", "2015-09-30": "45.60000", "2014-09-30": "30.80000", "2013-09-30": "-20.10000", "2012-09-30": "11.90000", "2011-09-30": "70.23600", "2010-09-30": "7.82200", "2009-09-30": "62.51200", "2008-09-30": "88.31600", "2007-09-30": "53.91100", "2006-09-30": "25.80000", "2005-09-30": "6.43900"}, "Income After Taxes": {"2020-09-30": "1110.50000", "2019-09-30": "-203.60000", "2018-09-30": "-111.30000", "2017-09-30": "755.50000", "2016-09-30": "330.80000", "2015-09-30": "131.60000", "2014-09-30": "17.30000", "2013-09-30": "-1172.80000", "2012-09-30": "-73.60000", "2011-09-30": "157.15000", "2010-09-30": "-62.81300", "2009-09-30": "-2216.64200", "2008-09-30": "-415.58800", "2007-09-30": "94.57800", "2006-09-30": "27.42300", "2005-09-30": "28.25600"}, "Other Income": {"2020-09-30": "", "2019-09-30": "", "2018-09-30": "", "2017-09-30": "", "2016-09-30": "", "2015-09-30": "", "2014-09-30": "", "2013-09-30": "", "2012-09-30": "", "2011-09-30": "", "2010-09-30": "", "2009-09-30": "", "2008-09-30": "", "2007-09-30": "", "2006-09-30": "", "2005-09-30": ""}, "Income From Continuous Operations": {"2020-09-30": "1110.50000", "2019-09-30": "-203.60000", "2018-09-30": "-111.30000", "2017-09-30": "755.50000", "2016-09-30": "330.80000", "2015-09-30": "131.60000", "2014-09-30": "17.30000", "2013-09-30": "-1172.80000", "2012-09-30": "-73.60000", "2011-09-30": "157.15000", "2010-09-30": "-62.81300", "2009-09-30": "-2216.64200", "2008-09-30": "-415.58800", "2007-09-30": "94.57800", "2006-09-30": "27.42300", "2005-09-30": "28.25600"}, "Income From Discontinued Operations": {"2020-09-30": "", "2019-09-30": "", "2018-09-30": "", "2017-09-30": "", "2016-09-30": "", "2015-09-30": "", "2014-09-30": "", "2013-09-30": "", "2012-09-30": "", "2011-09-30": "", "2010-09-30": "", "2009-09-30": "", "2008-09-30": "", "2007-09-30": "", "2006-09-30": "", "2005-09-30": ""}, "Net Income": {"2020-09-30": "1115.20000", "2019-09-30": "-203.60000", "2018-09-30": "-111.30000", "2017-09-30": "755.50000", "2016-09-30": "330.80000", "2015-09-30": "131.60000", "2014-09-30": "17.30000", "2013-09-30": "-1172.80000", "2012-09-30": "-73.60000", "2011-09-30": "157.15000", "2010-09-30": "-62.81300", "2009-09-30": "-2216.64200", "2008-09-30": "-415.58800", "2007-09-30": "94.57800", "2006-09-30": "27.42300", "2005-09-30": "28.25600"}, "EBITDA": {"2020-09-30": "1481.00000", "2019-09-30": "339.30020", "2018-09-30": "242.40010", "2017-09-30": "1819.40000", "2016-09-30": "1014.00000", "2015-09-30": "946.50010", "2014-09-30": "802.90020", "2013-09-30": "727.20010", "2012-09-30": "465.29990", "2011-09-30": "679.18100", "2010-09-30": "441.42790", "2009-09-30": "597.27290", "2008-09-30": "-24.59210", "2007-09-30": "178.91400", "2006-09-30": "66.47200", "2005-09-30": "40.20500"}, "EBIT": {"2020-09-30": "1105.00000", "2019-09-30": "-123.79980", "2018-09-30": "-237.89990", "2017-09-30": "1370.20000", "2016-09-30": "548.60010", "2015-09-30": "455.10010", "2014-09-30": "279.70020", "2013-09-30": "-906.20000", "2012-09-30": "113.70000", "2011-09-30": "374.44510", "2010-09-30": "69.93690", "2009-09-30": "-2016.67400", "2008-09-30": "-197.54210", "2007-09-30": "147.75200", "2006-09-30": "50.33900", "2005-09-30": "32.63100"}, "Basic Shares Outstanding": {"2020-09-30": "262.72700", "2019-09-30": "269.41300", "2018-09-30": "275.10500", "2017-09-30": "279.81100", "2016-09-30": "280.21300", "2015-09-30": "280.56600", "2014-09-30": "275.49900", "2013-09-30": "268.70400", "2012-09-30": "264.04100", "2011-09-30": "261.09900", "2010-09-30": "258.74300", "2009-09-30": "256.54500", "2008-09-30": "245.96800", "2007-09-30": "106.87300", "2006-09-30": "93.02500", "2005-09-30": "85.64800"}, "Shares Outstanding": {"2020-09-30": "264.61300", "2019-09-30": "269.41300", "2018-09-30": "275.10500", "2017-09-30": "285.65300", "2016-09-30": "286.15600", "2015-09-30": "289.53700", "2014-09-30": "278.36000", "2013-09-30": "268.70400", "2012-09-30": "264.04100", "2011-09-30": "264.30500", "2010-09-30": "258.74300", "2009-09-30": "256.54500", "2008-09-30": "245.96800", "2007-09-30": "109.66900", "2006-09-30": "97.24000", "2005-09-30": "90.25200"}, "Basic EPS": {"2020-09-30": "4.24000", "2019-09-30": "-0.76000", "2018-09-30": "-0.40000", "2017-09-30": "2.70000", "2016-09-30": "1.18000", "2015-09-30": "0.47000", "2014-09-30": "0.06000", "2013-09-30": "-4.36000", "2012-09-30": "-0.28000", "2011-09-30": "0.60000", "2010-09-30": "-0.24000", "2009-09-30": "-8.64000", "2008-09-30": "-1.69000", "2007-09-30": "0.88000", "2006-09-30": "0.29000", "2005-09-30": "0.33000"}, "EPS - Earnings Per Share": {"2020-09-30": "4.21000", "2019-09-30": "-0.76000", "2018-09-30": "-0.40000", "2017-09-30": "2.64000", "2016-09-30": "1.16000", "2015-09-30": "0.45000", "2014-09-30": "0.06000", "2013-09-30": "-4.36000", "2012-09-30": "-0.28000", "2011-09-30": "0.59000", "2010-09-30": "-0.24000", "2009-09-30": "-8.64000", "2008-09-30": "-1.69000", "2007-09-30": "0.86000", "2006-09-30": "0.28000", "2005-09-30": "0.31500"}}, "income statement, quarterly": {"Revenue": {"2020-12-31": "1609.80000", "2020-09-30": "1346.90000", "2020-06-30": "822.90000", "2020-03-31": "756.10000", "2019-12-31": "850.50000", "2019-09-30": "865.79990", "2019-06-30": "852.40000", "2019-03-31": "818.40000", "2018-12-31": "830.70000", "2018-09-30": "813.49990", "2018-06-30": "824.00000", "2018-03-31": "789.30000", "2017-12-31": "791.10000", "2017-09-30": "802.90010", "2017-06-30": "806.10000", "2017-03-31": "715.40000", "2016-12-31": "734.40000", "2016-09-30": "726.79970", "2016-06-30": "717.40000", "2016-03-31": "693.30000", "2015-12-31": "695.20000", "2015-09-30": "702.80000", "2015-06-30": "693.90000", "2015-03-31": "655.50000", "2014-12-31": "652.80000", "2014-09-30": "660.60000", "2014-06-30": "632.60000", "2014-03-31": "625.00000", "2013-12-31": "612.50000", "2013-09-30": "622.17510", "2013-06-30": "626.10000", "2013-03-31": "612.66300", "2012-12-31": "631.36200", "2012-09-30": "588.49590", "2012-06-30": "470.22800", "2012-03-31": "471.16500", "2011-12-31": "472.71100", "2011-09-30": "467.04500", "2011-06-30": "451.08200", "2011-03-31": "438.65100", "2010-12-31": "432.57100", "2010-09-30": "428.29900", "2010-06-30": "420.69300", "2010-03-31": "418.11200", "2009-12-31": "412.44800", "2009-09-30": "402.76700", "2009-06-30": "403.12000", "2009-03-31": "402.01400", "2008-12-31": "429.23300", "2008-09-30": "442.51410", "2008-06-30": "429.49200", "2008-03-31": "431.04800", "2007-12-31": "371.44500", "2007-09-30": "202.56500", "2007-06-30": "191.50500", "2007-03-31": "181.08600", "2006-12-31": "163.21200", "2006-09-30": "154.05400", "2006-06-30": "119.68500", "2006-03-31": "100.98500", "2005-12-31": "87.95600", "2005-09-30": "78.21800", "2005-06-30": "74.05300", "2005-03-31": "69.23700"}, "Cost Of Goods Sold": {"2020-12-31": "429.40000", "2020-09-30": "415.10010", "2020-06-30": "356.80000", "2020-03-31": "360.30000", "2019-12-31": "416.70000", "2019-09-30": "616.20000", "2019-06-30": "407.60000", "2019-03-31": "776.00000", "2018-12-31": "396.60000", "2018-09-30": "392.40000", "2018-06-30": "388.00000", "2018-03-31": "374.20000", "2017-12-31": "366.60000", "2017-09-30": "385.00010", "2017-06-30": "396.50000", "2017-03-31": "326.70000", "2016-12-31": "329.60000", "2016-09-30": "320.69990", "2016-06-30": "324.30000", "2016-03-31": "308.30000", "2015-12-31": "316.10000", "2015-09-30": "323.40000", "2015-06-30": "315.20000", "2015-03-31": "319.50000", "2014-12-31": "314.20000", "2014-09-30": "315.59990", "2014-06-30": "319.80000", "2014-03-31": "342.90000", "2013-12-31": "306.90000", "2013-09-30": "331.57380", "2013-06-30": "316.30000", "2013-03-31": "333.33700", "2012-12-31": "349.68900", "2012-09-30": "314.21600", "2012-06-30": "225.58800", "2012-03-31": "245.05500", "2011-12-31": "223.34100", "2011-09-30": "223.84600", "2011-06-30": "216.52100", "2011-03-31": "217.96400", "2010-12-31": "207.83700", "2010-09-30": "331.63400", "2010-06-30": "210.80400", "2010-03-31": "204.47300", "2009-12-31": "196.00300", "2009-09-30": "195.95900", "2009-06-30": "191.97500", "2009-03-31": "192.44000", "2008-12-31": "199.27400", "2008-09-30": "202.23200", "2008-06-30": "184.72900", "2008-03-31": "191.41000", "2007-12-31": "203.61000", "2007-09-30": "105.05000", "2007-06-30": "101.42700", "2007-03-31": "97.57700", "2006-12-31": "88.98500", "2006-09-30": "89.12800", "2006-06-30": "70.02500", "2006-03-31": "58.55600", "2005-12-31": "51.66600", "2005-09-30": "47.17500", "2005-06-30": "43.96300", "2005-03-31": "42.46400"}, "Gross Profit": {"2020-12-31": "1180.40000", "2020-09-30": "931.79980", "2020-06-30": "466.10000", "2020-03-31": "395.80000", "2019-12-31": "433.80000", "2019-09-30": "249.59990", "2019-06-30": "444.80000", "2019-03-31": "42.40000", "2018-12-31": "434.10000", "2018-09-30": "421.09990", "2018-06-30": "436.00000", "2018-03-31": "415.10000", "2017-12-31": "424.50000", "2017-09-30": "417.90010", "2017-06-30": "409.60000", "2017-03-31": "388.70000", "2016-12-31": "404.80000", "2016-09-30": "406.09980", "2016-06-30": "393.10000", "2016-03-31": "385.00000", "2015-12-31": "379.10000", "2015-09-30": "379.40000", "2015-06-30": "378.70000", "2015-03-31": "336.00000", "2014-12-31": "338.60000", "2014-09-30": "345.00010", "2014-06-30": "312.80000", "2014-03-31": "282.10000", "2013-12-31": "305.60000", "2013-09-30": "290.60130", "2013-06-30": "309.80000", "2013-03-31": "279.32600", "2012-12-31": "281.67300", "2012-09-30": "274.27990", "2012-06-30": "244.64000", "2012-03-31": "226.11000", "2011-12-31": "249.37000", "2011-09-30": "243.19890", "2011-06-30": "234.56100", "2011-03-31": "220.68700", "2010-12-31": "224.73400", "2010-09-30": "96.66500", "2010-06-30": "209.88900", "2010-03-31": "213.63900", "2009-12-31": "216.44500", "2009-09-30": "206.80800", "2009-06-30": "211.14500", "2009-03-31": "209.57400", "2008-12-31": "229.95900", "2008-09-30": "240.28210", "2008-06-30": "244.76300", "2008-03-31": "239.63800", "2007-12-31": "167.83500", "2007-09-30": "97.51500", "2007-06-30": "90.07800", "2007-03-31": "83.50900", "2006-12-31": "74.22700", "2006-09-30": "64.92600", "2006-06-30": "49.66000", "2006-03-31": "42.42900", "2005-12-31": "36.29000", "2005-09-30": "31.04300", "2005-06-30": "30.09000", "2005-03-31": "26.77300"}, "Research And Development Expenses": {"2020-12-31": "59.30000", "2020-09-30": "56.90000", "2020-06-30": "55.10000", "2020-03-31": "49.30000", "2019-12-31": "61.20000", "2019-09-30": "60.30000", "2019-06-30": "61.40000", "2019-03-31": "57.30000", "2018-12-31": "53.20000", "2018-09-30": "52.70000", "2018-06-30": "54.40000", "2018-03-31": "56.80000", "2017-12-31": "54.80000", "2017-09-30": "60.50000", "2017-06-30": "62.50000", "2017-03-31": "55.40000", "2016-12-31": "54.40000", "2016-09-30": "62.50000", "2016-06-30": "58.80000", "2016-03-31": "59.10000", "2015-12-31": "51.70000", "2015-09-30": "53.60000", "2015-06-30": "56.00000", "2015-03-31": "53.30000", "2014-12-31": "52.00000", "2014-09-30": "52.10000", "2014-06-30": "52.50000", "2014-03-31": "49.90000", "2013-12-31": "48.70000", "2013-09-30": "48.67000", "2013-06-30": "47.80000", "2013-03-31": "49.62100", "2012-12-31": "51.50900", "2012-09-30": "47.13200", "2012-06-30": "26.22900", "2012-03-31": "29.29700", "2011-12-31": "28.34200", "2011-09-30": "28.87900", "2011-06-30": "29.32500", "2011-03-31": "29.93500", "2010-12-31": "28.55700", "2010-09-30": "27.25300", "2010-06-30": "25.69100", "2010-03-31": "26.74000", "2009-12-31": "24.62100", "2009-09-30": "30.82500", "2009-06-30": "23.40700", "2009-03-31": "24.42800", "2008-12-31": "23.79300", "2008-09-30": "27.70700", "2008-06-30": "20.96600", "2008-03-31": "19.36400", "2007-12-31": "20.14700", "2007-09-30": "11.26000", "2007-06-30": "11.41300", "2007-03-31": "10.98600", "2006-12-31": "10.72200", "2006-09-30": "9.82400", "2006-06-30": "6.46000", "2006-03-31": "6.32200", "2005-12-31": "5.50700", "2005-09-30": "4.32500", "2005-06-30": "5.10000", "2005-03-31": "4.84200"}, "SG&A Expenses": {"2020-12-31": "219.50000", "2020-09-30": "222.20000", "2020-06-30": "208.80000", "2020-03-31": "177.10000", "2019-12-31": "232.50000", "2019-09-30": "225.70000", "2019-06-30": "223.50000", "2019-03-31": "223.40000", "2018-12-31": "224.60000", "2018-09-30": "251.60000", "2018-06-30": "227.40000", "2018-03-31": "214.30000", "2017-12-31": "217.40000", "2017-09-30": "230.40000", "2017-06-30": "210.90000", "2017-03-31": "220.80000", "2016-12-31": "179.80000", "2016-09-30": "171.30000", "2016-06-30": "171.50000", "2016-03-31": "163.20000", "2015-12-31": "176.40000", "2015-09-30": "166.00000", "2015-06-30": "167.40000", "2015-03-31": "143.30000", "2014-12-31": "147.30000", "2014-09-30": "151.90000", "2014-06-30": "147.70000", "2014-03-31": "140.80000", "2013-12-31": "151.10000", "2013-09-30": "124.71900", "2013-06-30": "143.40000", "2013-03-31": "152.84700", "2012-12-31": "148.83400", "2012-09-30": "178.67400", "2012-06-30": "119.78900", "2012-03-31": "120.38200", "2011-12-31": "123.95500", "2011-09-30": "115.66300", "2011-06-30": "112.73600", "2011-03-31": "109.53000", "2010-12-31": "108.36400", "2010-09-30": "99.36200", "2010-06-30": "91.85100", "2010-03-31": "98.71200", "2009-12-31": "105.78900", "2009-09-30": "86.62100", "2009-06-30": "95.96700", "2009-03-31": "97.28200", "2008-12-31": "99.80700", "2008-09-30": "99.32600", "2008-06-30": "103.52600", "2008-03-31": "107.99400", "2007-12-31": "91.32000", "2007-09-30": "38.31700", "2007-06-30": "37.35000", "2007-03-31": "36.36500", "2006-12-31": "35.58000", "2006-09-30": "36.42100", "2006-06-30": "23.83200", "2006-03-31": "19.55000", "2005-12-31": "18.61200", "2005-09-30": "15.30900", "2005-06-30": "15.53900", "2005-03-31": "14.75000"}, "Other Operating Income Or Expenses": {"2020-12-31": "-4.60000", "2020-09-30": "", "2020-06-30": "", "2020-03-31": "", "2019-12-31": "-0.90000", "2019-09-30": "", "2019-06-30": "", "2019-03-31": "", "2018-12-31": "", "2018-09-30": "", "2018-06-30": "", "2018-03-31": "-46.00000", "2017-12-31": "", "2017-09-30": "", "2017-06-30": "", "2017-03-31": "899.70000", "2016-12-31": "", "2016-09-30": "", "2016-06-30": "", "2016-03-31": "", "2015-12-31": "", "2015-09-30": "", "2015-06-30": "", "2015-03-31": "", "2014-12-31": "", "2014-09-30": "", "2014-06-30": "", "2014-03-31": "", "2013-12-31": "", "2013-09-30": "0.52900", "2013-06-30": "-22.10000", "2013-03-31": "-30.18700", "2012-12-31": "14.35800", "2012-09-30": "-40.42600", "2012-06-30": "-2.22600", "2012-03-31": "-48.88500", "2011-12-31": "-15.56300", "2011-09-30": "-10.86600", "2011-06-30": "-3.79000", "2011-03-31": "88.71800", "2010-12-31": "-1.54600", "2010-09-30": "-19.02000", "2010-06-30": "0.00000", "2010-03-31": "-12.50000", "2009-12-31": "0.00000", "2009-09-30": "2340.02300", "2009-06-30": "", "2009-03-31": "-2340.02300", "2008-12-31": "", "2008-09-30": "", "2008-06-30": "", "2008-03-31": "", "2007-12-31": "-2.90000", "2007-09-30": "", "2007-06-30": "", "2007-03-31": "", "2006-12-31": "", "2006-09-30": "", "2006-06-30": "", "2006-03-31": "", "2005-12-31": "", "2005-09-30": "", "2005-06-30": "", "2005-03-31": ""}, "Operating Expenses": {"2020-12-31": "724.30000", "2020-09-30": "714.10000", "2020-06-30": "631.90000", "2020-03-31": "599.70010", "2019-12-31": "725.70010", "2019-09-30": "952.19980", "2019-06-30": "707.10000", "2019-03-31": "1141.60000", "2018-12-31": "690.20000", "2018-09-30": "714.39980", "2018-06-30": "690.90000", "2018-03-31": "1393.50000", "2017-12-31": "656.99990", "2017-09-30": "693.50020", "2017-06-30": "691.10000", "2017-03-31": "-284.40000", "2016-12-31": "588.40000", "2016-09-30": "579.79990", "2016-06-30": "578.00000", "2016-03-31": "557.20000", "2015-12-31": "569.10000", "2015-09-30": "576.99980", "2015-06-30": "577.90000", "2015-03-31": "545.70000", "2014-12-31": "549.30000", "2014-09-30": "568.59980", "2014-06-30": "556.40000", "2014-03-31": "574.80000", "2013-12-31": "551.20000", "2013-09-30": "1658.24600", "2013-06-30": "565.00000", "2013-03-31": "607.12100", "2012-12-31": "568.13300", "2012-09-30": "632.21600", "2012-06-30": "389.70100", "2012-03-31": "461.03100", "2011-12-31": "405.95200", "2011-09-30": "393.62390", "2011-06-30": "377.16600", "2011-03-31": "283.26300", "2010-12-31": "360.85100", "2010-09-30": "571.00600", "2010-06-30": "341.91900", "2010-03-31": "356.21100", "2009-12-31": "340.47900", "2009-09-30": "327.05610", "2009-06-30": "324.37400", "2009-03-31": "2666.86600", "2008-12-31": "335.51200", "2008-09-30": "531.00710", "2008-06-30": "321.87100", "2008-03-31": "324.93700", "2007-12-31": "694.22600", "2007-09-30": "156.06600", "2007-06-30": "151.57300", "2007-03-31": "146.28200", "2006-12-31": "136.69500", "2006-09-30": "146.49300", "2006-06-30": "101.10500", "2006-03-31": "84.59300", "2005-12-31": "80.15000", "2005-09-30": "66.80900", "2005-06-30": "64.60200", "2005-03-31": "62.05600"}, "Operating Income": {"2020-12-31": "885.50010", "2020-09-30": "632.79990", "2020-06-30": "191.00000", "2020-03-31": "156.39990", "2019-12-31": "124.79990", "2019-09-30": "-86.39990", "2019-06-30": "145.30000", "2019-03-31": "-323.20000", "2018-12-31": "140.50000", "2018-09-30": "99.10000", "2018-06-30": "133.10000", "2018-03-31": "-604.20010", "2017-12-31": "134.10000", "2017-09-30": "109.40000", "2017-06-30": "115.00000", "2017-03-31": "999.80000", "2016-12-31": "146.00010", "2016-09-30": "146.99990", "2016-06-30": "139.40000", "2016-03-31": "136.10000", "2015-12-31": "126.10000", "2015-09-30": "125.80020", "2015-06-30": "116.00000", "2015-03-31": "109.80000", "2014-12-31": "103.50000", "2014-09-30": "92.00020", "2014-06-30": "76.20000", "2014-03-31": "50.20000", "2013-12-31": "61.30000", "2013-09-30": "-1036.07100", "2013-06-30": "61.10000", "2013-03-31": "5.54210", "2012-12-31": "63.22900", "2012-09-30": "-43.72010", "2012-06-30": "80.52700", "2012-03-31": "10.13400", "2011-12-31": "66.75900", "2011-09-30": "73.42110", "2011-06-30": "73.91600", "2011-03-31": "155.38800", "2010-12-31": "71.72000", "2010-09-30": "-142.70700", "2010-06-30": "78.77400", "2010-03-31": "61.90100", "2009-12-31": "71.96900", "2009-09-30": "75.71090", "2009-06-30": "78.74600", "2009-03-31": "-2264.85200", "2008-12-31": "93.72100", "2008-09-30": "-88.49300", "2008-06-30": "107.62100", "2008-03-31": "106.11100", "2007-12-31": "-322.78100", "2007-09-30": "46.49890", "2007-06-30": "39.93200", "2007-03-31": "34.80400", "2006-12-31": "26.51700", "2006-09-30": "7.56100", "2006-06-30": "18.58000", "2006-03-31": "16.39200", "2005-12-31": "7.80600", "2005-09-30": "11.40900", "2005-06-30": "9.45100", "2005-03-31": "7.18100"}, "Total Non-Operating Income/Expense": {"2020-12-31": "-53.10000", "2020-09-30": "-15.60000", "2020-06-30": "-22.60000", "2020-03-31": "-37.50000", "2019-12-31": "-27.40000", "2019-09-30": "-36.20000", "2019-06-30": "-31.00000", "2019-03-31": "-30.50000", "2018-12-31": "-36.20000", "2018-09-30": "-27.80000", "2018-06-30": "-27.80000", "2018-03-31": "-86.80000", "2017-12-31": "-38.30000", "2017-09-30": "-37.10000", "2017-06-30": "-40.50000", "2017-03-31": "-32.20000", "2016-12-31": "-29.90000", "2016-09-30": "-39.40000", "2016-06-30": "-38.30000", "2016-03-31": "-44.20000", "2015-12-31": "-11.40000", "2015-09-30": "-100.20000", "2015-06-30": "-69.30000", "2015-03-31": "-49.00000", "2014-12-31": "-59.40000", "2014-09-30": "-53.30000", "2014-06-30": "-53.60000", "2014-03-31": "-62.00000", "2013-12-31": "-62.70000", "2013-09-30": "-68.72800", "2013-06-30": "-68.10000", "2013-03-31": "-79.29000", "2012-12-31": "-70.58200", "2012-09-30": "-54.28300", "2012-06-30": "-25.52000", "2012-03-31": "-68.74200", "2011-12-31": "-26.85500", "2011-09-30": "-31.81500", "2011-06-30": "-29.49200", "2011-03-31": "-26.56100", "2010-12-31": "-59.19100", "2010-09-30": "-29.88200", "2010-06-30": "-33.02700", "2010-03-31": "-31.14300", "2009-12-31": "-30.87600", "2009-09-30": "-32.26100", "2009-06-30": "-34.67900", "2009-03-31": "-33.53900", "2008-12-31": "-36.97700", "2008-09-30": "-68.97000", "2008-06-30": "-12.71100", "2008-03-31": "-18.62700", "2007-12-31": "-29.42200", "2007-09-30": "1.23200", "2007-06-30": "0.60600", "2007-03-31": "-0.52000", "2006-12-31": "-0.58100", "2006-09-30": "-0.03500", "2006-06-30": "0.63700", "2006-03-31": "1.02200", "2005-12-31": "1.26000", "2005-09-30": "0.70600", "2005-06-30": "0.70700", "2005-03-31": "0.37300"}, "Pre-Tax Income": {"2020-12-31": "832.40000", "2020-09-30": "617.20000", "2020-06-30": "168.40000", "2020-03-31": "118.90000", "2019-12-31": "97.40000", "2019-09-30": "-122.60000", "2019-06-30": "114.30000", "2019-03-31": "-353.70000", "2018-12-31": "104.30000", "2018-09-30": "71.30000", "2018-06-30": "105.30000", "2018-03-31": "-691.00000", "2017-12-31": "95.80000", "2017-09-30": "72.30000", "2017-06-30": "74.50000", "2017-03-31": "967.60000", "2016-12-31": "116.10000", "2016-09-30": "107.60000", "2016-06-30": "101.10000", "2016-03-31": "91.90000", "2015-12-31": "114.70000", "2015-09-30": "25.60000", "2015-06-30": "46.70000", "2015-03-31": "60.80000", "2014-12-31": "44.10000", "2014-09-30": "38.70000", "2014-06-30": "22.60000", "2014-03-31": "-11.80000", "2013-12-31": "-1.40000", "2013-09-30": "-1104.79900", "2013-06-30": "-7.00000", "2013-03-31": "-73.74800", "2012-12-31": "-7.35300", "2012-09-30": "-98.00300", "2012-06-30": "55.00700", "2012-03-31": "-58.60800", "2011-12-31": "39.90400", "2011-09-30": "41.60600", "2011-06-30": "44.42400", "2011-03-31": "128.82700", "2010-12-31": "12.52900", "2010-09-30": "-172.58900", "2010-06-30": "45.74700", "2010-03-31": "30.75800", "2009-12-31": "41.09300", "2009-09-30": "43.45030", "2009-06-30": "44.06700", "2009-03-31": "-2298.39100", "2008-12-31": "56.74400", "2008-09-30": "-157.46300", "2008-06-30": "94.91000", "2008-03-31": "87.48400", "2007-12-31": "-352.20300", "2007-09-30": "47.73100", "2007-06-30": "40.53800", "2007-03-31": "34.28400", "2006-12-31": "25.93600", "2006-09-30": "7.52600", "2006-06-30": "19.21700", "2006-03-31": "17.41400", "2005-12-31": "9.06600", "2005-09-30": "12.11500", "2005-06-30": "10.15800", "2005-03-31": "7.55400"}, "Income Taxes": {"2020-12-31": "179.00000", "2020-09-30": "123.70000", "2020-06-30": "32.00000", "2020-03-31": "24.10000", "2019-12-31": "-288.40000", "2019-09-30": "0.90000", "2019-06-30": "20.40000", "2019-03-31": "-81.10000", "2018-12-31": "5.70000", "2018-09-30": "20.80000", "2018-06-30": "-7.60000", "2018-03-31": "-9.60000", "2017-12-31": "-310.90000", "2017-09-30": "-10.40000", "2017-06-30": "15.00000", "2017-03-31": "440.80000", "2016-12-31": "29.60000", "2016-09-30": "15.40000", "2016-06-30": "16.30000", "2016-03-31": "23.00000", "2015-12-31": "29.80000", "2015-09-30": "0.40000", "2015-06-30": "17.30000", "2015-03-31": "13.00000", "2014-12-31": "14.90000", "2014-09-30": "10.60000", "2014-06-30": "11.30000", "2014-03-31": "5.00000", "2013-12-31": "3.90000", "2013-09-30": "9.01500", "2013-06-30": "4.00000", "2013-03-31": "-22.64400", "2012-12-31": "-10.47100", "2012-09-30": "-20.27000", "2012-06-30": "31.41300", "2012-03-31": "-18.33500", "2011-12-31": "19.09200", "2011-09-30": "14.03700", "2011-06-30": "8.22800", "2011-03-31": "46.38200", "2010-12-31": "1.58900", "2010-09-30": "-35.61500", "2010-06-30": "18.29900", "2010-03-31": "10.14000", "2009-12-31": "14.99800", "2009-09-30": "18.88200", "2009-06-30": "13.31600", "2009-03-31": "11.72800", "2008-12-31": "18.58600", "2008-09-30": "16.88200", "2008-06-30": "33.53100", "2008-03-31": "31.49800", "2007-12-31": "6.40500", "2007-09-30": "15.62100", "2007-06-30": "15.79000", "2007-03-31": "12.65000", "2006-12-31": "9.85000", "2006-09-30": "9.00000", "2006-06-30": "7.20000", "2006-03-31": "6.25000", "2005-12-31": "3.35000", "2005-09-30": "2.63900", "2005-06-30": "2.00000", "2005-03-31": "1.50600"}, "Income After Taxes": {"2020-12-31": "653.40000", "2020-09-30": "493.50000", "2020-06-30": "136.40000", "2020-03-31": "94.80000", "2019-12-31": "385.80000", "2019-09-30": "-123.50000", "2019-06-30": "93.90000", "2019-03-31": "-272.60000", "2018-12-31": "98.60000", "2018-09-30": "50.50000", "2018-06-30": "112.90000", "2018-03-31": "-681.40000", "2017-12-31": "406.70000", "2017-09-30": "82.70000", "2017-06-30": "59.50000", "2017-03-31": "526.80000", "2016-12-31": "86.50000", "2016-09-30": "92.20000", "2016-06-30": "84.80000", "2016-03-31": "68.90000", "2015-12-31": "84.90000", "2015-09-30": "25.20000", "2015-06-30": "29.40000", "2015-03-31": "47.80000", "2014-12-31": "29.20000", "2014-09-30": "28.10000", "2014-06-30": "11.30000", "2014-03-31": "-16.80000", "2013-12-31": "-5.30000", "2013-09-30": "-1113.81400", "2013-06-30": "-11.00000", "2013-03-31": "-51.10400", "2012-12-31": "3.11800", "2012-09-30": "-77.73300", "2012-06-30": "23.59400", "2012-03-31": "-40.27300", "2011-12-31": "20.81200", "2011-09-30": "27.56900", "2011-06-30": "36.19600", "2011-03-31": "82.44500", "2010-12-31": "10.94000", "2010-09-30": "-136.97400", "2010-06-30": "27.44800", "2010-03-31": "20.61800", "2009-12-31": "26.09500", "2009-09-30": "24.56830", "2009-06-30": "30.75100", "2009-03-31": "-2310.11900", "2008-12-31": "38.15800", "2008-09-30": "-174.34500", "2008-06-30": "61.37900", "2008-03-31": "55.98600", "2007-12-31": "-358.60800", "2007-09-30": "32.11000", "2007-06-30": "24.74800", "2007-03-31": "21.63400", "2006-12-31": "16.08600", "2006-09-30": "-1.47400", "2006-06-30": "12.01700", "2006-03-31": "11.16400", "2005-12-31": "5.71600", "2005-09-30": "9.47600", "2005-06-30": "8.15800", "2005-03-31": "6.04800"}, "Other Income": {"2020-12-31": "", "2020-09-30": "", "2020-06-30": "", "2020-03-31": "", "2019-12-31": "", "2019-09-30": "", "2019-06-30": "", "2019-03-31": "", "2018-12-31": "", "2018-09-30": "", "2018-06-30": "", "2018-03-31": "", "2017-12-31": "", "2017-09-30": "", "2017-06-30": "", "2017-03-31": "", "2016-12-31": "", "2016-09-30": "", "2016-06-30": "", "2016-03-31": "", "2015-12-31": "", "2015-09-30": "", "2015-06-30": "", "2015-03-31": "", "2014-12-31": "", "2014-09-30": "", "2014-06-30": "", "2014-03-31": "", "2013-12-31": "", "2013-09-30": "", "2013-06-30": "", "2013-03-31": "", "2012-12-31": "", "2012-09-30": "", "2012-06-30": "", "2012-03-31": "", "2011-12-31": "", "2011-09-30": "", "2011-06-30": "", "2011-03-31": "", "2010-12-31": "", "2010-09-30": "", "2010-06-30": "", "2010-03-31": "", "2009-12-31": "", "2009-09-30": "", "2009-06-30": "", "2009-03-31": "", "2008-12-31": "", "2008-09-30": "", "2008-06-30": "", "2008-03-31": "", "2007-12-31": "", "2007-09-30": "", "2007-06-30": "", "2007-03-31": "", "2006-12-31": "", "2006-09-30": "", "2006-06-30": "", "2006-03-31": "", "2005-12-31": "", "2005-09-30": "", "2005-06-30": "", "2005-03-31": ""}, "Income From Continuous Operations": {"2020-12-31": "653.40000", "2020-09-30": "493.50000", "2020-06-30": "136.40000", "2020-03-31": "94.80000", "2019-12-31": "385.80000", "2019-09-30": "-123.50000", "2019-06-30": "93.90000", "2019-03-31": "-272.60000", "2018-12-31": "98.60000", "2018-09-30": "50.50000", "2018-06-30": "112.90000", "2018-03-31": "-681.40000", "2017-12-31": "406.70000", "2017-09-30": "82.70000", "2017-06-30": "59.50000", "2017-03-31": "526.80000", "2016-12-31": "86.50000", "2016-09-30": "92.20000", "2016-06-30": "84.80000", "2016-03-31": "68.90000", "2015-12-31": "84.90000", "2015-09-30": "25.20000", "2015-06-30": "29.40000", "2015-03-31": "47.80000", "2014-12-31": "29.20000", "2014-09-30": "28.10000", "2014-06-30": "11.30000", "2014-03-31": "-16.80000", "2013-12-31": "-5.30000", "2013-09-30": "-1113.81400", "2013-06-30": "-11.00000", "2013-03-31": "-51.10400", "2012-12-31": "3.11800", "2012-09-30": "-77.73300", "2012-06-30": "23.59400", "2012-03-31": "-40.27300", "2011-12-31": "20.81200", "2011-09-30": "27.56900", "2011-06-30": "36.19600", "2011-03-31": "82.44500", "2010-12-31": "10.94000", "2010-09-30": "-136.97400", "2010-06-30": "27.44800", "2010-03-31": "20.61800", "2009-12-31": "26.09500", "2009-09-30": "24.56830", "2009-06-30": "30.75100", "2009-03-31": "-2310.11900", "2008-12-31": "38.15800", "2008-09-30": "-174.34500", "2008-06-30": "61.37900", "2008-03-31": "55.98600", "2007-12-31": "-358.60800", "2007-09-30": "32.11000", "2007-06-30": "24.74800", "2007-03-31": "21.63400", "2006-12-31": "16.08600", "2006-09-30": "-1.47400", "2006-06-30": "12.01700", "2006-03-31": "11.16400", "2005-12-31": "5.71600", "2005-09-30": "9.47600", "2005-06-30": "8.15800", "2005-03-31": "6.04800"}, "Income From Discontinued Operations": {"2020-12-31": "", "2020-09-30": "", "2020-06-30": "", "2020-03-31": "", "2019-12-31": "", "2019-09-30": "", "2019-06-30": "", "2019-03-31": "", "2018-12-31": "", "2018-09-30": "", "2018-06-30": "", "2018-03-31": "", "2017-12-31": "", "2017-09-30": "", "2017-06-30": "", "2017-03-31": "", "2016-12-31": "", "2016-09-30": "", "2016-06-30": "", "2016-03-31": "", "2015-12-31": "", "2015-09-30": "", "2015-06-30": "", "2015-03-31": "", "2014-12-31": "", "2014-09-30": "", "2014-06-30": "", "2014-03-31": "", "2013-12-31": "", "2013-09-30": "", "2013-06-30": "", "2013-03-31": "", "2012-12-31": "", "2012-09-30": "", "2012-06-30": "", "2012-03-31": "", "2011-12-31": "", "2011-09-30": "", "2011-06-30": "", "2011-03-31": "", "2010-12-31": "", "2010-09-30": "", "2010-06-30": "", "2010-03-31": "", "2009-12-31": "", "2009-09-30": "", "2009-06-30": "", "2009-03-31": "", "2008-12-31": "", "2008-09-30": "", "2008-06-30": "", "2008-03-31": "", "2007-12-31": "", "2007-09-30": "", "2007-06-30": "", "2007-03-31": "", "2006-12-31": "", "2006-09-30": "", "2006-06-30": "", "2006-03-31": "", "2005-12-31": "", "2005-09-30": "", "2005-06-30": "", "2005-03-31": ""}, "Net Income": {"2020-12-31": "654.40000", "2020-09-30": "494.89990", "2020-06-30": "137.90000", "2020-03-31": "96.30000", "2019-12-31": "386.10000", "2019-09-30": "-123.50000", "2019-06-30": "93.90000", "2019-03-31": "-272.60000", "2018-12-31": "98.60000", "2018-09-30": "50.50000", "2018-06-30": "112.90000", "2018-03-31": "-681.40000", "2017-12-31": "406.70000", "2017-09-30": "82.70000", "2017-06-30": "59.50000", "2017-03-31": "526.80000", "2016-12-31": "86.50000", "2016-09-30": "92.20000", "2016-06-30": "84.80000", "2016-03-31": "68.90000", "2015-12-31": "84.90000", "2015-09-30": "25.20000", "2015-06-30": "29.40000", "2015-03-31": "47.80000", "2014-12-31": "29.20000", "2014-09-30": "28.10000", "2014-06-30": "11.30000", "2014-03-31": "-16.80000", "2013-12-31": "-5.30000", "2013-09-30": "-1113.81400", "2013-06-30": "-11.00000", "2013-03-31": "-51.10400", "2012-12-31": "3.11800", "2012-09-30": "-77.73300", "2012-06-30": "23.59400", "2012-03-31": "-40.27300", "2011-12-31": "20.81200", "2011-09-30": "27.56900", "2011-06-30": "36.19600", "2011-03-31": "82.44500", "2010-12-31": "10.94000", "2010-09-30": "-136.97400", "2010-06-30": "27.44800", "2010-03-31": "20.61800", "2009-12-31": "26.09500", "2009-09-30": "24.56780", "2009-06-30": "30.75100", "2009-03-31": "-2310.11900", "2008-12-31": "38.15800", "2008-09-30": "-174.34500", "2008-06-30": "61.37900", "2008-03-31": "55.98600", "2007-12-31": "-358.60800", "2007-09-30": "32.11000", "2007-06-30": "24.74800", "2007-03-31": "21.63400", "2006-12-31": "16.08600", "2006-09-30": "-1.47400", "2006-06-30": "12.01700", "2006-03-31": "11.16400", "2005-12-31": "5.71600", "2005-09-30": "9.47600", "2005-06-30": "8.15800", "2005-03-31": "6.04800"}, "EBITDA": {"2020-12-31": "978.30000", "2020-09-30": "945.99990", "2020-06-30": "65.70000", "2020-03-31": "250.09990", "2019-12-31": "219.19990", "2019-09-30": "307.00010", "2019-06-30": "-21.40000", "2019-03-31": "-205.59990", "2018-12-31": "259.30000", "2018-09-30": "218.20000", "2018-06-30": "253.60010", "2018-03-31": "-484.70010", "2017-12-31": "255.30000", "2017-09-30": "229.90000", "2017-06-30": "233.30000", "2017-03-31": "1094.90000", "2016-12-31": "261.30000", "2016-09-30": "261.59990", "2016-06-30": "260.30000", "2016-03-31": "250.10000", "2015-12-31": "242.00000", "2015-09-30": "248.10020", "2015-06-30": "236.50000", "2015-03-31": "236.40000", "2014-12-31": "225.50000", "2014-09-30": "223.40020", "2014-06-30": "210.09990", "2014-03-31": "180.30000", "2013-12-31": "189.10000", "2013-09-30": "213.92920", "2013-06-30": "190.06900", "2013-03-31": "131.81810", "2012-12-31": "191.38400", "2012-09-30": "76.77690", "2012-06-30": "157.46600", "2012-03-31": "87.17500", "2011-12-31": "143.88200", "2011-09-30": "151.79900", "2011-06-30": "151.06900", "2011-03-31": "231.12300", "2010-12-31": "145.19000", "2010-09-30": "6.45900", "2010-06-30": "153.31000", "2010-03-31": "135.69900", "2009-12-31": "145.96000", "2009-09-30": "146.34880", "2009-06-30": "149.80220", "2009-03-31": "141.22000", "2008-12-31": "159.90200", "2008-09-30": "-42.52100", "2008-06-30": "152.73200", "2008-03-31": "151.41500", "2007-12-31": "-286.21800", "2007-09-30": "54.38990", "2007-06-30": "47.55300", "2007-03-31": "42.22300", "2006-12-31": "34.74800", "2006-09-30": "15.21600", "2006-06-30": "21.79700", "2006-03-31": "19.07400", "2005-12-31": "10.38500", "2005-09-30": "13.34300", "2005-06-30": "11.37400", "2005-03-31": "8.99600"}, "EBIT": {"2020-12-31": "885.50010", "2020-09-30": "632.79990", "2020-06-30": "191.00000", "2020-03-31": "156.39990", "2019-12-31": "124.79990", "2019-09-30": "-86.39980", "2019-06-30": "145.30000", "2019-03-31": "-323.20000", "2018-12-31": "140.50000", "2018-09-30": "99.10020", "2018-06-30": "133.10000", "2018-03-31": "-604.20010", "2017-12-31": "134.10000", "2017-09-30": "109.39980", "2017-06-30": "115.00000", "2017-03-31": "999.80000", "2016-12-31": "146.00010", "2016-09-30": "147.00010", "2016-06-30": "139.40000", "2016-03-31": "136.10000", "2015-12-31": "126.10000", "2015-09-30": "125.80010", "2015-06-30": "116.00000", "2015-03-31": "109.80000", "2014-12-31": "103.50000", "2014-09-30": "92.00020", "2014-06-30": "76.20000", "2014-03-31": "50.20000", "2013-12-31": "61.30000", "2013-09-30": "-1036.07100", "2013-06-30": "61.10000", "2013-03-31": "5.54210", "2012-12-31": "63.22900", "2012-09-30": "-43.72010", "2012-06-30": "80.52700", "2012-03-31": "10.13400", "2011-12-31": "66.75900", "2011-09-30": "73.42110", "2011-06-30": "73.91600", "2011-03-31": "155.38800", "2010-12-31": "71.72000", "2010-09-30": "-142.70710", "2010-06-30": "78.77400", "2010-03-31": "61.90100", "2009-12-31": "71.96900", "2009-09-30": "75.71090", "2009-06-30": "78.74600", "2009-03-31": "-2264.85200", "2008-12-31": "93.72100", "2008-09-30": "-88.49310", "2008-06-30": "107.62100", "2008-03-31": "106.11100", "2007-12-31": "-322.78100", "2007-09-30": "46.49900", "2007-06-30": "39.93200", "2007-03-31": "34.80400", "2006-12-31": "26.51700", "2006-09-30": "7.56100", "2006-06-30": "18.58000", "2006-03-31": "16.39200", "2005-12-31": "7.80600", "2005-09-30": "11.40900", "2005-06-30": "9.45100", "2005-03-31": "7.18100"}, "Basic Shares Outstanding": {"2020-12-31": "258.60500", "2020-09-30": "262.72700", "2020-06-30": "259.87000", "2020-03-31": "263.23800", "2019-12-31": "267.89300", "2019-09-30": "269.41300", "2019-06-30": "268.93200", "2019-03-31": "269.23500", "2018-12-31": "270.59000", "2018-09-30": "275.10500", "2018-06-30": "273.72900", "2018-03-31": "277.11400", "2017-12-31": "276.85600", "2017-09-30": "279.81100", "2017-06-30": "280.82400", "2017-03-31": "280.21500", "2016-12-31": "278.66300", "2016-09-30": "280.21300", "2016-06-30": "277.85300", "2016-03-31": "282.47400", "2015-12-31": "282.97600", "2015-09-30": "280.56600", "2015-06-30": "281.18400", "2015-03-31": "280.33800", "2014-12-31": "278.67100", "2014-09-30": "275.49900", "2014-06-30": "276.84300", "2014-03-31": "274.58900", "2013-12-31": "272.70800", "2013-09-30": "268.70400", "2013-06-30": "269.43000", "2013-03-31": "268.17500", "2012-12-31": "266.34400", "2012-09-30": "264.04100", "2012-06-30": "264.60900", "2012-03-31": "263.90000", "2011-12-31": "262.71700", "2011-09-30": "261.09900", "2011-06-30": "261.78400", "2011-03-31": "260.82500", "2010-12-31": "259.62400", "2010-09-30": "258.74300", "2010-06-30": "259.10700", "2010-03-31": "258.65300", "2009-12-31": "258.02400", "2009-09-30": "256.54500", "2009-06-30": "256.55600", "2009-03-31": "256.37400", "2008-12-31": "256.21200", "2008-09-30": "245.96800", "2008-06-30": "255.67600", "2008-03-31": "255.25300", "2007-12-31": "216.88200", "2007-09-30": "106.87300", "2007-06-30": "107.62500", "2007-03-31": "106.62000", "2006-12-31": "105.23400", "2006-09-30": "93.02500", "2006-06-30": "91.15200", "2006-03-31": "90.37800", "2005-12-31": "88.70200", "2005-09-30": "85.64800", "2005-06-30": "87.35600", "2005-03-31": "84.51600"}, "Shares Outstanding": {"2020-12-31": "261.78500", "2020-09-30": "264.61300", "2020-06-30": "261.04700", "2020-03-31": "264.50600", "2019-12-31": "269.72100", "2019-09-30": "269.41300", "2019-06-30": "270.78900", "2019-03-31": "269.23500", "2018-12-31": "272.37200", "2018-09-30": "275.10500", "2018-06-30": "275.56900", "2018-03-31": "277.11400", "2017-12-31": "280.80200", "2017-09-30": "285.65300", "2017-06-30": "287.63800", "2017-03-31": "286.01000", "2016-12-31": "284.22400", "2016-09-30": "286.15600", "2016-06-30": "282.30200", "2016-03-31": "287.85700", "2015-12-31": "291.97100", "2015-09-30": "289.53700", "2015-06-30": "292.61200", "2015-03-31": "287.58000", "2014-12-31": "283.17600", "2014-09-30": "278.36000", "2014-06-30": "279.20500", "2014-03-31": "274.58900", "2013-12-31": "272.70800", "2013-09-30": "268.70400", "2013-06-30": "269.43000", "2013-03-31": "268.17500", "2012-12-31": "269.37900", "2012-09-30": "264.04100", "2012-06-30": "267.29400", "2012-03-31": "263.90000", "2011-12-31": "264.95800", "2011-09-30": "264.30500", "2011-06-30": "265.16700", "2011-03-31": "264.03000", "2010-12-31": "263.14600", "2010-09-30": "258.74300", "2010-06-30": "262.10600", "2010-03-31": "261.47800", "2009-12-31": "260.80400", "2009-09-30": "256.54500", "2009-06-30": "258.90800", "2009-03-31": "256.37400", "2008-12-31": "258.43300", "2008-09-30": "245.96800", "2008-06-30": "259.39000", "2008-03-31": "259.79800", "2007-12-31": "216.88200", "2007-09-30": "109.66900", "2007-06-30": "110.01900", "2007-03-31": "109.52600", "2006-12-31": "108.78800", "2006-09-30": "97.24000", "2006-06-30": "95.03200", "2006-03-31": "94.69000", "2005-12-31": "93.60200", "2005-09-30": "90.25200", "2005-06-30": "91.55200", "2005-03-31": "89.76400"}, "Basic EPS": {"2020-12-31": "2.53000", "2020-09-30": "1.90000", "2020-06-30": "0.53000", "2020-03-31": "0.37000", "2019-12-31": "1.44000", "2019-09-30": "-0.46000", "2019-06-30": "0.35000", "2019-03-31": "-1.01000", "2018-12-31": "0.36000", "2018-09-30": "0.18000", "2018-06-30": "0.41000", "2018-03-31": "-2.46000", "2017-12-31": "1.47000", "2017-09-30": "0.30000", "2017-06-30": "0.21000", "2017-03-31": "1.88000", "2016-12-31": "0.31000", "2016-09-30": "0.33000", "2016-06-30": "0.31000", "2016-03-31": "0.24000", "2015-12-31": "0.30000", "2015-09-30": "0.10000", "2015-06-30": "0.10000", "2015-03-31": "0.17000", "2014-12-31": "0.10000", "2014-09-30": "0.10000", "2014-06-30": "0.04000", "2014-03-31": "-0.06000", "2013-12-31": "-0.02000", "2013-09-30": "-4.14000", "2013-06-30": "-0.04000", "2013-03-31": "-0.19000", "2012-12-31": "0.01000", "2012-09-30": "-0.30000", "2012-06-30": "0.09000", "2012-03-31": "-0.15000", "2011-12-31": "0.08000", "2011-09-30": "0.10000", "2011-06-30": "0.14000", "2011-03-31": "0.32000", "2010-12-31": "0.04000", "2010-09-30": "-0.53000", "2010-06-30": "0.11000", "2010-03-31": "0.08000", "2009-12-31": "0.10000", "2009-09-30": "0.10000", "2009-06-30": "0.12000", "2009-03-31": "-9.01000", "2008-12-31": "0.15000", "2008-09-30": "-0.50000", "2008-06-30": "0.24000", "2008-03-31": "0.22000", "2007-12-31": "-1.65000", "2007-09-30": "0.29500", "2007-06-30": "0.23000", "2007-03-31": "0.20000", "2006-12-31": "0.15500", "2006-09-30": "-0.03000", "2006-06-30": "0.13000", "2006-03-31": "0.12500", "2005-12-31": "0.06500", "2005-09-30": "0.11000", "2005-06-30": "0.09500", "2005-03-31": "0.07000"}, "EPS - Earnings Per Share": {"2020-12-31": "2.50000", "2020-09-30": "1.89000", "2020-06-30": "0.53000", "2020-03-31": "0.36000", "2019-12-31": "1.43000", "2019-09-30": "-0.46000", "2019-06-30": "0.35000", "2019-03-31": "-1.01000", "2018-12-31": "0.36000", "2018-09-30": "0.20000", "2018-06-30": "0.41000", "2018-03-31": "-2.46000", "2017-12-31": "1.45000", "2017-09-30": "0.29000", "2017-06-30": "0.21000", "2017-03-31": "1.84000", "2016-12-31": "0.30000", "2016-09-30": "0.33000", "2016-06-30": "0.30000", "2016-03-31": "0.24000", "2015-12-31": "0.29000", "2015-09-30": "0.08000", "2015-06-30": "0.10000", "2015-03-31": "0.17000", "2014-12-31": "0.10000", "2014-09-30": "0.10000", "2014-06-30": "0.04000", "2014-03-31": "-0.06000", "2013-12-31": "-0.02000", "2013-09-30": "-4.14000", "2013-06-30": "-0.04000", "2013-03-31": "-0.19000", "2012-12-31": "0.01000", "2012-09-30": "-0.30000", "2012-06-30": "0.09000", "2012-03-31": "-0.15000", "2011-12-31": "0.08000", "2011-09-30": "0.10000", "2011-06-30": "0.14000", "2011-03-31": "0.31000", "2010-12-31": "0.04000", "2010-09-30": "-0.52000", "2010-06-30": "0.10000", "2010-03-31": "0.08000", "2009-12-31": "0.10000", "2009-09-30": "0.10000", "2009-06-30": "0.12000", "2009-03-31": "-9.01000", "2008-12-31": "0.15000", "2008-09-30": "-0.50000", "2008-06-30": "0.24000", "2008-03-31": "0.22000", "2007-12-31": "-1.65000", "2007-09-30": "0.29000", "2007-06-30": "0.22000", "2007-03-31": "0.20000", "2006-12-31": "0.15000", "2006-09-30": "-0.02500", "2006-06-30": "0.12500", "2006-03-31": "0.12000", "2005-12-31": "0.06000", "2005-09-30": "0.10500", "2005-06-30": "0.09000", "2005-03-31": "0.06500"}}, "balance sheet": {"Cash On Hand": {"2020-09-30": "701.00000", "2019-09-30": "601.80000", "2018-09-30": "666.70000", "2017-09-30": "540.60000", "2016-09-30": "548.40000", "2015-09-30": "492.70000", "2014-09-30": "741.60000", "2013-09-30": "829.40000", "2012-09-30": "566.12600", "2011-09-30": "712.86900", "2010-09-30": "516.56700", "2009-09-30": "294.10200", "2008-09-30": "99.29000", "2007-09-30": "100.40300", "2006-09-30": "29.92300", "2005-09-30": "113.99400"}, "Receivables": {"2020-09-30": "1067.70000", "2019-09-30": "683.60000", "2018-09-30": "610.90000", "2017-09-30": "555.90000", "2016-09-30": "463.90000", "2015-09-30": "437.80000", "2014-09-30": "418.40000", "2013-09-30": "454.00000", "2012-09-30": "479.17800", "2011-09-30": "328.81000", "2010-09-30": "287.04700", "2009-09-30": "263.40300", "2008-09-30": "339.09600", "2007-09-30": "152.80400", "2006-09-30": "108.56600", "2005-09-30": "57.74200"}, "Inventory": {"2020-09-30": "395.10000", "2019-09-30": "444.90000", "2018-09-30": "384.10000", "2017-09-30": "331.60000", "2016-09-30": "274.70000", "2015-09-30": "283.10000", "2014-09-30": "330.60000", "2013-09-30": "289.40000", "2012-09-30": "367.19100", "2011-09-30": "230.54400", "2010-09-30": "192.48200", "2009-09-30": "179.88900", "2008-09-30": "174.66700", "2007-09-30": "105.28900", "2006-09-30": "93.47700", "2005-09-30": "44.52000"}, "Pre-Paid Expenses": {"2020-09-30": "58.50000", "2019-09-30": "62.80000", "2018-09-30": "61.50000", "2017-09-30": "50.50000", "2016-09-30": "39.60000", "2015-09-30": "33.20000", "2014-09-30": "35.80000", "2013-09-30": "48.40000", "2012-09-30": "44.30100", "2011-09-30": "31.07000", "2010-09-30": "29.97700", "2009-09-30": "29.06600", "2008-09-30": "26.86500", "2007-09-30": "11.32800", "2006-09-30": "7.11200", "2005-09-30": "6.09600"}, "Other Current Assets": {"2020-09-30": "", "2019-09-30": "", "2018-09-30": "", "2017-09-30": "", "2016-09-30": "", "2015-09-30": "", "2014-09-30": "", "2013-09-30": "3.00000", "2012-09-30": "94.50300", "2011-09-30": "", "2010-09-30": "", "2009-09-30": "", "2008-09-30": "", "2007-09-30": "", "2006-09-30": "", "2005-09-30": ""}, "Total Current Assets": {"2020-09-30": "2222.30000", "2019-09-30": "1793.10000", "2018-09-30": "1723.20000", "2017-09-30": "1478.60000", "2016-09-30": "1326.60000", "2015-09-30": "1265.80000", "2014-09-30": "1565.80000", "2013-09-30": "1624.20000", "2012-09-30": "1563.01400", "2011-09-30": "1342.90000", "2010-09-30": "1098.88100", "2009-09-30": "818.62500", "2008-09-30": "693.57800", "2007-09-30": "399.18000", "2006-09-30": "290.02200", "2005-09-30": "228.37500"}, "Property, Plant, And Equipment": {"2020-09-30": "491.50000", "2019-09-30": "470.90000", "2018-09-30": "478.20000", "2017-09-30": "472.80000", "2016-09-30": "460.20000", "2015-09-30": "457.10000", "2014-09-30": "461.90000", "2013-09-30": "491.50000", "2012-09-30": "507.99800", "2011-09-30": "238.66600", "2010-09-30": "251.69800", "2009-09-30": "278.37700", "2008-09-30": "283.97500", "2007-09-30": "69.76900", "2006-09-30": "61.72300", "2005-09-30": "33.32900"}, "Long-Term Investments": {"2020-09-30": "", "2019-09-30": "", "2018-09-30": "", "2017-09-30": "", "2016-09-30": "", "2015-09-30": "", "2014-09-30": "", "2013-09-30": "", "2012-09-30": "", "2011-09-30": "", "2010-09-30": "", "2009-09-30": "", "2008-09-30": "", "2007-09-30": "", "2006-09-30": "", "2005-09-30": ""}, "Goodwill And Intangible Assets": {"2020-09-30": "3965.40000", "2019-09-30": "4023.50000", "2018-09-30": "4931.80000", "2017-09-30": "5943.50000", "2016-09-30": "5446.50000", "2015-09-30": "5831.40000", "2014-09-30": "6244.40000", "2013-09-30": "6721.20000", "2012-09-30": "8244.02900", "2011-09-30": "4381.13700", "2010-09-30": "4227.79500", "2009-09-30": "4531.52700", "2008-09-30": "7080.14700", "2007-09-30": "581.88900", "2006-09-30": "500.15500", "2005-09-30": "11.44700"}, "Other Long-Term Assets": {"2020-09-30": "516.60000", "2019-09-30": "154.60000", "2018-09-30": "97.70000", "2017-09-30": "84.70000", "2016-09-30": "83.70000", "2015-09-30": "88.20000", "2014-09-30": "142.60000", "2013-09-30": "163.90000", "2012-09-30": "162.06700", "2011-09-30": "46.07700", "2010-09-30": "47.46000", "2009-09-30": "55.69700", "2008-09-30": "76.93200", "2007-09-30": "15.51100", "2006-09-30": "4.30500", "2005-09-30": "6.68800"}, "Total Long-Term Assets": {"2020-09-30": "4973.50000", "2019-09-30": "4649.00000", "2018-09-30": "5507.70000", "2017-09-30": "6501.00000", "2016-09-30": "5990.40000", "2015-09-30": "6376.70000", "2014-09-30": "6848.90000", "2013-09-30": "7376.60000", "2012-09-30": "8914.09500", "2011-09-30": "4665.88000", "2010-09-30": "4526.95300", "2009-09-30": "4865.60100", "2008-09-30": "7441.05400", "2007-09-30": "667.16900", "2006-09-30": "566.18300", "2005-09-30": "51.46400"}, "Total Assets": {"2020-09-30": "7195.80000", "2019-09-30": "6442.10000", "2018-09-30": "7230.90000", "2017-09-30": "7979.60000", "2016-09-30": "7317.00000", "2015-09-30": "7642.50000", "2014-09-30": "8414.70000", "2013-09-30": "9000.80000", "2012-09-30": "10477.11000", "2011-09-30": "6008.78000", "2010-09-30": "5625.83400", "2009-09-30": "5684.22600", "2008-09-30": "8134.63200", "2007-09-30": "1066.34900", "2006-09-30": "856.20500", "2005-09-30": "279.83900"}, "Total Current Liabilities": {"2020-09-30": "1239.30000", "2019-09-30": "1070.10000", "2018-09-30": "1402.60000", "2017-09-30": "1865.50000", "2016-09-30": "901.90000", "2015-09-30": "943.40000", "2014-09-30": "619.60000", "2013-09-30": "1088.40000", "2012-09-30": "661.34900", "2011-09-30": "509.45000", "2010-09-30": "441.91200", "2009-09-30": "329.29000", "2008-09-30": "340.87500", "2007-09-30": "178.61200", "2006-09-30": "166.52900", "2005-09-30": "55.76000"}, "Long Term Debt": {"2020-09-30": "2731.30000", "2019-09-30": "2802.80000", "2018-09-30": "2725.50000", "2017-09-30": "2194.80000", "2016-09-30": "3049.40000", "2015-09-30": "3221.00000", "2014-09-30": "4153.20000", "2013-09-30": "4242.10000", "2012-09-30": "4971.17900", "2011-09-30": "1488.58000", "2010-09-30": "1447.05300", "2009-09-30": "1513.87800", "2008-09-30": "2162.42000", "2007-09-30": "9.22200", "2006-09-30": "6.16300", "2005-09-30": ""}, "Other Non-Current Liabilities": {"2020-09-30": "303.20000", "2019-09-30": "162.40000", "2018-09-30": "157.60000", "2017-09-30": "140.20000", "2016-09-30": "224.50000", "2015-09-30": "200.90000", "2014-09-30": "183.40000", "2013-09-30": "168.00000", "2012-09-30": "98.25000", "2011-09-30": "106.96200", "2010-09-30": "72.69800", "2009-09-30": "58.53400", "2008-09-30": "57.45300", "2007-09-30": "7.79100", "2006-09-30": "9.00600", "2005-09-30": ""}, "Total Long Term Liabilities": {"2020-09-30": "3249.20000", "2019-09-30": "3256.30000", "2018-09-30": "3399.50000", "2017-09-30": "3329.40000", "2016-09-30": "4272.40000", "2015-09-30": "4619.90000", "2014-09-30": "5732.10000", "2013-09-30": "5970.90000", "2012-09-30": "6854.72800", "2011-09-30": "2562.43500", "2010-09-30": "2485.37300", "2009-09-30": "2628.95900", "2008-09-30": "3151.48800", "2007-09-30": "82.01400", "2006-09-30": "83.92900", "2005-09-30": "6.24500"}, "Total Liabilities": {"2020-09-30": "4488.50000", "2019-09-30": "4326.40000", "2018-09-30": "4802.10000", "2017-09-30": "5194.90000", "2016-09-30": "5174.30000", "2015-09-30": "5563.30000", "2014-09-30": "6351.70000", "2013-09-30": "7059.30000", "2012-09-30": "7516.07700", "2011-09-30": "3071.88500", "2010-09-30": "2927.28500", "2009-09-30": "2958.24900", "2008-09-30": "3492.36300", "2007-09-30": "260.62600", "2006-09-30": "250.45800", "2005-09-30": "62.00500"}, "Common Stock Net": {"2020-09-30": "2.90000", "2019-09-30": "2.90000", "2018-09-30": "2.90000", "2017-09-30": "2.90000", "2016-09-30": "2.90000", "2015-09-30": "2.80000", "2014-09-30": "2.80000", "2013-09-30": "2.70000", "2012-09-30": "2.65600", "2011-09-30": "2.62500", "2010-09-30": "2.59500", "2009-09-30": "2.57900", "2008-09-30": "2.56400", "2007-09-30": "1.10300", "2006-09-30": "0.52600", "2005-09-30": "0.44300"}, "Retained Earnings (Accumulated Deficit)": {"2020-09-30": "-1573.20000", "2019-09-30": "-2688.70000", "2018-09-30": "-2494.00000", "2017-09-30": "-2382.70000", "2016-09-30": "-3138.20000", "2015-09-30": "-3469.00000", "2014-09-30": "-3600.60000", "2013-09-30": "-3616.40000", "2012-09-30": "-2443.55400", "2011-09-30": "-2369.92000", "2010-09-30": "-2527.07000", "2009-09-30": "-2464.25700", "2008-09-30": "-217.64400", "2007-09-30": "168.45300", "2006-09-30": "73.87500", "2005-09-30": "46.45200"}, "Comprehensive Income": {"2020-09-30": "-49.70000", "2019-09-30": "-42.30000", "2018-09-30": "-25.50000", "2017-09-30": "-16.20000", "2016-09-30": "-32.30000", "2015-09-30": "-14.50000", "2014-09-30": "2.60000", "2013-09-30": "20.40000", "2012-09-30": "6.79000", "2011-09-30": "1.99500", "2010-09-30": "0.14300", "2009-09-30": "7.02800", "2008-09-30": "4.94500", "2007-09-30": "4.12300", "2006-09-30": "-0.44200", "2005-09-30": "-1.23900"}, "Other Share Holders Equity": {"2020-09-30": "", "2019-09-30": "", "2018-09-30": "", "2017-09-30": "", "2016-09-30": "", "2015-09-30": "", "2014-09-30": "", "2013-09-30": "", "2012-09-30": "", "2011-09-30": "", "2010-09-30": "", "2009-09-30": "", "2008-09-30": "", "2007-09-30": "", "2006-09-30": "", "2005-09-30": ""}, "Share Holder Equity": {"2020-09-30": "2707.30000", "2019-09-30": "2115.70000", "2018-09-30": "2428.80000", "2017-09-30": "2784.70000", "2016-09-30": "2142.70000", "2015-09-30": "2079.20000", "2014-09-30": "2063.00000", "2013-09-30": "1941.50000", "2012-09-30": "2961.03100", "2011-09-30": "2936.89500", "2010-09-30": "2698.54900", "2009-09-30": "2725.97700", "2008-09-30": "4642.26900", "2007-09-30": "805.72300", "2006-09-30": "605.75000", "2005-09-30": "217.83400"}, "Total Liabilities And Share Holders Equity": {"2020-09-30": "7195.80000", "2019-09-30": "6442.10000", "2018-09-30": "7230.90000", "2017-09-30": "7979.60000", "2016-09-30": "7317.00000", "2015-09-30": "7642.50000", "2014-09-30": "8414.70000", "2013-09-30": "9000.80000", "2012-09-30": "10477.11000", "2011-09-30": "6008.78000", "2010-09-30": "5625.83400", "2009-09-30": "5684.22600", "2008-09-30": "8134.63200", "2007-09-30": "1066.34900", "2006-09-30": "856.20500", "2005-09-30": "279.83900"}}, "balance sheet, quarterly": {"Cash On Hand": {"2020-12-31": "868.70000", "2020-09-30": "701.00000", "2020-06-30": "744.20000", "2020-03-31": "799.80000", "2019-12-31": "370.80000", "2019-09-30": "601.80000", "2019-06-30": "427.90000", "2019-03-31": "401.00000", "2018-12-31": "311.10000", "2018-09-30": "666.70000", "2018-06-30": "575.40000", "2018-03-31": "614.20000", "2017-12-31": "664.40000", "2017-09-30": "540.60000", "2017-06-30": "588.40000", "2017-03-31": "1139.80000", "2016-12-31": "646.00000", "2016-09-30": "548.40000", "2016-06-30": "441.50000", "2016-03-31": "316.30000", "2015-12-31": "650.30000", "2015-09-30": "492.70000", "2015-06-30": "888.80000", "2015-03-31": "675.10000", "2014-12-31": "549.10000", "2014-09-30": "741.60000", "2014-06-30": "638.40000", "2014-03-31": "490.37900", "2013-12-31": "448.63700", "2013-09-30": "829.40000", "2013-06-30": "964.38490", "2013-03-31": "752.17500", "2012-12-31": "720.56500", "2012-09-30": "566.12600", "2012-06-30": "905.60600", "2012-03-31": "855.09700", "2011-12-31": "793.61000", "2011-09-30": "712.86900", "2011-06-30": "614.35800", "2011-03-31": "573.46800", "2010-12-31": "608.97200", "2010-09-30": "516.56700", "2010-06-30": "492.21500", "2010-03-31": "432.18700", "2009-12-31": "345.95200", "2009-09-30": "294.10200", "2009-06-30": "244.63200", "2009-03-31": "220.62200", "2008-12-31": "174.62500", "2008-09-30": "99.29000", "2008-06-30": "119.86300", "2008-03-31": "97.80300", "2007-12-31": "189.32900", "2007-09-30": "100.40300", "2007-06-30": "93.80000", "2007-03-31": "54.50100", "2006-12-31": "37.30900", "2006-09-30": "29.92300", "2006-06-30": "110.14000", "2006-03-31": "108.28500", "2005-12-31": "94.51400", "2005-09-30": "113.99400", "2005-06-30": "102.24700", "2005-03-31": "95.69100"}, "Receivables": {"2020-12-31": "1246.00000", "2020-09-30": "1067.70000", "2020-06-30": "773.50000", "2020-03-31": "659.80000", "2019-12-31": "612.70000", "2019-09-30": "683.60000", "2019-06-30": "630.00000", "2019-03-31": "597.50000", "2018-12-31": "608.30000", "2018-09-30": "610.90000", "2018-06-30": "595.90000", "2018-03-31": "596.30000", "2017-12-31": "562.30000", "2017-09-30": "555.90000", "2017-06-30": "538.40000", "2017-03-31": "470.00000", "2016-12-31": "437.60000", "2016-09-30": "463.90000", "2016-06-30": "445.90000", "2016-03-31": "440.80000", "2015-12-31": "410.50000", "2015-09-30": "437.80000", "2015-06-30": "406.50000", "2015-03-31": "402.10000", "2014-12-31": "400.50000", "2014-09-30": "418.40000", "2014-06-30": "392.00000", "2014-03-31": "387.63300", "2013-12-31": "394.47100", "2013-09-30": "454.00000", "2013-06-30": "433.29600", "2013-03-31": "487.84600", "2012-12-31": "456.96000", "2012-09-30": "479.17800", "2012-06-30": "346.17500", "2012-03-31": "336.06400", "2011-12-31": "333.98000", "2011-09-30": "328.81000", "2011-06-30": "292.32400", "2011-03-31": "298.70900", "2010-12-31": "274.70600", "2010-09-30": "287.04700", "2010-06-30": "261.51800", "2010-03-31": "266.80600", "2009-12-31": "263.22600", "2009-09-30": "263.40300", "2009-06-30": "284.03100", "2009-03-31": "309.61900", "2008-12-31": "318.53600", "2008-09-30": "339.09600", "2008-06-30": "348.38300", "2008-03-31": "350.38500", "2007-12-31": "359.47800", "2007-09-30": "152.80400", "2007-06-30": "131.56700", "2007-03-31": "117.86800", "2006-12-31": "108.23500", "2006-09-30": "108.56600", "2006-06-30": "86.88400", "2006-03-31": "70.77100", "2005-12-31": "62.11900", "2005-09-30": "57.74200", "2005-06-30": "54.04400", "2005-03-31": "52.40000"}, "Inventory": {"2020-12-31": "420.20000", "2020-09-30": "395.10000", "2020-06-30": "413.60000", "2020-03-31": "401.30000", "2019-12-31": "380.80000", "2019-09-30": "444.90000", "2019-06-30": "467.90000", "2019-03-31": "443.40000", "2018-12-31": "418.60000", "2018-09-30": "384.10000", "2018-06-30": "370.50000", "2018-03-31": "361.90000", "2017-12-31": "358.20000", "2017-09-30": "331.60000", "2017-06-30": "357.00000", "2017-03-31": "384.00000", "2016-12-31": "258.30000", "2016-09-30": "274.70000", "2016-06-30": "280.50000", "2016-03-31": "285.10000", "2015-12-31": "286.40000", "2015-09-30": "283.10000", "2015-06-30": "295.00000", "2015-03-31": "298.20000", "2014-12-31": "310.30000", "2014-09-30": "330.60000", "2014-06-30": "329.80000", "2014-03-31": "310.98000", "2013-12-31": "301.70900", "2013-09-30": "289.40000", "2013-06-30": "306.01900", "2013-03-31": "319.99800", "2012-12-31": "345.30900", "2012-09-30": "367.19100", "2012-06-30": "228.49600", "2012-03-31": "234.37200", "2011-12-31": "241.33300", "2011-09-30": "230.54400", "2011-06-30": "232.83500", "2011-03-31": "217.22700", "2010-12-31": "203.51300", "2010-09-30": "192.48200", "2010-06-30": "188.20200", "2010-03-31": "195.67600", "2009-12-31": "194.33700", "2009-09-30": "179.88900", "2009-06-30": "183.40100", "2009-03-31": "178.94700", "2008-12-31": "181.39600", "2008-09-30": "174.66700", "2008-06-30": "178.50000", "2008-03-31": "158.39300", "2007-12-31": "150.07000", "2007-09-30": "105.28900", "2007-06-30": "92.54500", "2007-03-31": "92.41000", "2006-12-31": "98.81700", "2006-09-30": "93.47700", "2006-06-30": "85.74400", "2006-03-31": "60.86600", "2005-12-31": "49.47200", "2005-09-30": "44.52000", "2005-06-30": "41.68400", "2005-03-31": "37.08900"}, "Pre-Paid Expenses": {"2020-12-31": "61.40000", "2020-09-30": "58.50000", "2020-06-30": "51.50000", "2020-03-31": "75.70000", "2019-12-31": "62.70000", "2019-09-30": "62.80000", "2019-06-30": "66.00000", "2019-03-31": "69.10000", "2018-12-31": "63.90000", "2018-09-30": "61.50000", "2018-06-30": "53.60000", "2018-03-31": "62.80000", "2017-12-31": "53.50000", "2017-09-30": "50.50000", "2017-06-30": "52.20000", "2017-03-31": "58.00000", "2016-12-31": "67.70000", "2016-09-30": "39.60000", "2016-06-30": "52.10000", "2016-03-31": "50.40000", "2015-12-31": "40.50000", "2015-09-30": "33.20000", "2015-06-30": "38.50000", "2015-03-31": "40.90000", "2014-12-31": "37.70000", "2014-09-30": "35.80000", "2014-06-30": "37.80000", "2014-03-31": "41.17000", "2013-12-31": "46.76900", "2013-09-30": "48.40000", "2013-06-30": "47.64500", "2013-03-31": "46.60600", "2012-12-31": "45.95000", "2012-09-30": "44.30100", "2012-06-30": "27.13700", "2012-03-31": "31.16500", "2011-12-31": "29.90900", "2011-09-30": "31.07000", "2011-06-30": "27.70300", "2011-03-31": "27.87700", "2010-12-31": "26.83400", "2010-09-30": "29.97700", "2010-06-30": "32.95400", "2010-03-31": "31.85600", "2009-12-31": "26.35700", "2009-09-30": "29.06600", "2009-06-30": "25.58500", "2009-03-31": "26.25700", "2008-12-31": "20.39900", "2008-09-30": "26.86500", "2008-06-30": "15.98500", "2008-03-31": "19.08900", "2007-12-31": "17.23900", "2007-09-30": "11.32800", "2007-06-30": "12.35900", "2007-03-31": "11.58100", "2006-12-31": "7.37700", "2006-09-30": "7.11200", "2006-06-30": "10.20600", "2006-03-31": "16.15000", "2005-12-31": "11.76000", "2005-09-30": "6.09600", "2005-06-30": "8.92400", "2005-03-31": "8.86200"}, "Other Current Assets": {"2020-12-31": "", "2020-09-30": "", "2020-06-30": "", "2020-03-31": "", "2019-12-31": "210.60000", "2019-09-30": "", "2019-06-30": "", "2019-03-31": "", "2018-12-31": "", "2018-09-30": "", "2018-06-30": "", "2018-03-31": "", "2017-12-31": "", "2017-09-30": "", "2017-06-30": "", "2017-03-31": "", "2016-12-31": "928.50000", "2016-09-30": "", "2016-06-30": "", "2016-03-31": "", "2015-12-31": "", "2015-09-30": "", "2015-06-30": "", "2015-03-31": "", "2014-12-31": "", "2014-09-30": "", "2014-06-30": "", "2014-03-31": "", "2013-12-31": "", "2013-09-30": "3.00000", "2013-06-30": "", "2013-03-31": "0.62300", "2012-12-31": "91.45200", "2012-09-30": "94.50300", "2012-06-30": "", "2012-03-31": "", "2011-12-31": "", "2011-09-30": "", "2011-06-30": "", "2011-03-31": "", "2010-12-31": "", "2010-09-30": "", "2010-06-30": "", "2010-03-31": "", "2009-12-31": "", "2009-09-30": "", "2009-06-30": "", "2009-03-31": "", "2008-12-31": "", "2008-09-30": "", "2008-06-30": "", "2008-03-31": "", "2007-12-31": "", "2007-09-30": "", "2007-06-30": "", "2007-03-31": "", "2006-12-31": "", "2006-09-30": "", "2006-06-30": "", "2006-03-31": "", "2005-12-31": "", "2005-09-30": "", "2005-06-30": "", "2005-03-31": ""}, "Total Current Assets": {"2020-12-31": "2596.30000", "2020-09-30": "2222.30000", "2020-06-30": "1982.80000", "2020-03-31": "1936.60000", "2019-12-31": "1637.60000", "2019-09-30": "1793.10000", "2019-06-30": "1591.80000", "2019-03-31": "1511.00000", "2018-12-31": "1401.90000", "2018-09-30": "1723.20000", "2018-06-30": "1595.40000", "2018-03-31": "1635.20000", "2017-12-31": "1638.40000", "2017-09-30": "1478.60000", "2017-06-30": "1536.00000", "2017-03-31": "2051.80000", "2016-12-31": "2338.10000", "2016-09-30": "1326.60000", "2016-06-30": "1220.00000", "2016-03-31": "1092.60000", "2015-12-31": "1387.70000", "2015-09-30": "1265.80000", "2015-06-30": "1628.80000", "2015-03-31": "1416.30000", "2014-12-31": "1336.60000", "2014-09-30": "1565.80000", "2014-06-30": "1432.40000", "2014-03-31": "1264.56000", "2013-12-31": "1226.93900", "2013-09-30": "1624.20000", "2013-06-30": "1751.34500", "2013-03-31": "1607.24800", "2012-12-31": "1660.23600", "2012-09-30": "1563.01400", "2012-06-30": "1534.98400", "2012-03-31": "1491.03100", "2011-12-31": "1437.29700", "2011-09-30": "1342.90000", "2011-06-30": "1207.79600", "2011-03-31": "1158.92100", "2010-12-31": "1185.20000", "2010-09-30": "1098.88100", "2010-06-30": "1048.57100", "2010-03-31": "1000.94800", "2009-12-31": "878.84200", "2009-09-30": "818.62500", "2009-06-30": "794.09800", "2009-03-31": "795.08800", "2008-12-31": "746.81900", "2008-09-30": "693.57800", "2008-06-30": "695.44000", "2008-03-31": "658.43500", "2007-12-31": "752.87900", "2007-09-30": "399.18000", "2007-06-30": "350.61700", "2007-03-31": "309.24700", "2006-12-31": "300.18600", "2006-09-30": "290.02200", "2006-06-30": "292.97400", "2006-03-31": "256.07200", "2005-12-31": "217.86500", "2005-09-30": "228.37500", "2005-06-30": "206.89900", "2005-03-31": "194.04200"}, "Property, Plant, And Equipment": {"2020-12-31": "514.50000", "2020-09-30": "491.50000", "2020-06-30": "456.20000", "2020-03-31": "445.30000", "2019-12-31": "452.00000", "2019-09-30": "470.90000", "2019-06-30": "469.80000", "2019-03-31": "469.70000", "2018-12-31": "472.60000", "2018-09-30": "478.20000", "2018-06-30": "461.50000", "2018-03-31": "468.60000", "2017-12-31": "467.10000", "2017-09-30": "472.80000", "2017-06-30": "485.50000", "2017-03-31": "482.70000", "2016-12-31": "432.60000", "2016-09-30": "460.20000", "2016-06-30": "451.50000", "2016-03-31": "454.10000", "2015-12-31": "454.50000", "2015-09-30": "457.10000", "2015-06-30": "449.90000", "2015-03-31": "451.00000", "2014-12-31": "458.20000", "2014-09-30": "461.90000", "2014-06-30": "467.40000", "2014-03-31": "472.15400", "2013-12-31": "479.73500", "2013-09-30": "491.50000", "2013-06-30": "501.86100", "2013-03-31": "502.63900", "2012-12-31": "504.07100", "2012-09-30": "507.99800", "2012-06-30": "232.74600", "2012-03-31": "232.02300", "2011-12-31": "236.69200", "2011-09-30": "238.66600", "2011-06-30": "247.59200", "2011-03-31": "246.68100", "2010-12-31": "246.44300", "2010-09-30": "251.69800", "2010-06-30": "254.88300", "2010-03-31": "256.91800", "2009-12-31": "263.67900", "2009-09-30": "278.37700", "2009-06-30": "277.64000", "2009-03-31": "276.63400", "2008-12-31": "280.98200", "2008-09-30": "283.97500", "2008-06-30": "281.54400", "2008-03-31": "276.22700", "2007-12-31": "258.74100", "2007-09-30": "69.76900", "2007-06-30": "67.92100", "2007-03-31": "63.86800", "2006-12-31": "63.95500", "2006-09-30": "61.72300", "2006-06-30": "56.78400", "2006-03-31": "34.62000", "2005-12-31": "34.88500", "2005-09-30": "33.32900", "2005-06-30": "33.93400", "2005-03-31": "33.91300"}, "Long-Term Investments": {"2020-12-31": "", "2020-09-30": "", "2020-06-30": "", "2020-03-31": "", "2019-12-31": "", "2019-09-30": "", "2019-06-30": "", "2019-03-31": "", "2018-12-31": "", "2018-09-30": "", "2018-06-30": "", "2018-03-31": "", "2017-12-31": "", "2017-09-30": "", "2017-06-30": "", "2017-03-31": "", "2016-12-31": "", "2016-09-30": "", "2016-06-30": "", "2016-03-31": "", "2015-12-31": "", "2015-09-30": "", "2015-06-30": "", "2015-03-31": "", "2014-12-31": "", "2014-09-30": "", "2014-06-30": "", "2014-03-31": "", "2013-12-31": "", "2013-09-30": "", "2013-06-30": "", "2013-03-31": "", "2012-12-31": "", "2012-09-30": "", "2012-06-30": "", "2012-03-31": "", "2011-12-31": "", "2011-09-30": "", "2011-06-30": "", "2011-03-31": "", "2010-12-31": "", "2010-09-30": "", "2010-06-30": "", "2010-03-31": "", "2009-12-31": "", "2009-09-30": "", "2009-06-30": "", "2009-03-31": "", "2008-12-31": "", "2008-09-30": "", "2008-06-30": "", "2008-03-31": "", "2007-12-31": "", "2007-09-30": "", "2007-06-30": "", "2007-03-31": "", "2006-12-31": "", "2006-09-30": "", "2006-06-30": "", "2006-03-31": "", "2005-12-31": "", "2005-09-30": "", "2005-06-30": "", "2005-03-31": ""}, "Goodwill And Intangible Assets": {"2020-12-31": "3908.10000", "2020-09-30": "3965.40000", "2020-06-30": "3845.40000", "2020-03-31": "3920.80000", "2019-12-31": "3961.20000", "2019-09-30": "4023.50000", "2019-06-30": "4354.30000", "2019-03-31": "4439.40000", "2018-12-31": "4965.10000", "2018-09-30": "4931.80000", "2018-06-30": "4942.40000", "2018-03-31": "5042.20000", "2017-12-31": "5858.00000", "2017-09-30": "5943.50000", "2017-06-30": "6000.80000", "2017-03-31": "6079.20000", "2016-12-31": "4480.20000", "2016-09-30": "5446.50000", "2016-06-30": "5541.90000", "2016-03-31": "5643.90000", "2015-12-31": "5733.60000", "2015-09-30": "5831.40000", "2015-06-30": "5934.40000", "2015-03-31": "6034.90000", "2014-12-31": "6142.00000", "2014-09-30": "6244.40000", "2014-06-30": "6369.80000", "2014-03-31": "6477.41100", "2013-12-31": "6616.32800", "2013-09-30": "6721.20000", "2013-06-30": "7926.32900", "2013-03-31": "8034.42500", "2012-12-31": "8136.96800", "2012-09-30": "8244.02900", "2012-06-30": "4209.04800", "2012-03-31": "4274.79700", "2011-12-31": "4324.07300", "2011-09-30": "4381.13700", "2011-06-30": "4431.81500", "2011-03-31": "4378.20400", "2010-12-31": "4181.04800", "2010-09-30": "4227.79500", "2010-06-30": "4378.37500", "2010-03-31": "4423.53200", "2009-12-31": "4476.81700", "2009-09-30": "4531.52700", "2009-06-30": "4577.59700", "2009-03-31": "4637.19000", "2008-12-31": "7034.30600", "2008-09-30": "7080.14700", "2008-06-30": "6774.95200", "2008-03-31": "6796.87700", "2007-12-31": "6821.42700", "2007-09-30": "581.88900", "2007-06-30": "500.67300", "2007-03-31": "491.48900", "2006-12-31": "495.45500", "2006-09-30": "500.15500", "2006-06-30": "43.00500", "2006-03-31": "38.43700", "2005-12-31": "39.35100", "2005-09-30": "11.44700", "2005-06-30": "11.71300", "2005-03-31": "12.02900"}, "Other Long-Term Assets": {"2020-12-31": "531.80000", "2020-09-30": "516.60000", "2020-06-30": "518.70000", "2020-03-31": "519.10000", "2019-12-31": "261.10000", "2019-09-30": "154.60000", "2019-06-30": "106.50000", "2019-03-31": "105.20000", "2018-12-31": "91.90000", "2018-09-30": "97.70000", "2018-06-30": "92.10000", "2018-03-31": "88.40000", "2017-12-31": "84.80000", "2017-09-30": "84.70000", "2017-06-30": "95.70000", "2017-03-31": "92.90000", "2016-12-31": "86.90000", "2016-09-30": "83.70000", "2016-06-30": "93.30000", "2016-03-31": "95.70000", "2015-12-31": "103.70000", "2015-09-30": "88.20000", "2015-06-30": "117.40000", "2015-03-31": "129.60000", "2014-12-31": "141.30000", "2014-09-30": "142.60000", "2014-06-30": "142.40000", "2014-03-31": "148.27000", "2013-12-31": "161.30600", "2013-09-30": "163.90000", "2013-06-30": "153.66800", "2013-03-31": "164.89400", "2012-12-31": "167.28000", "2012-09-30": "162.06700", "2012-06-30": "50.01600", "2012-03-31": "50.40500", "2011-12-31": "48.02200", "2011-09-30": "46.07700", "2011-06-30": "50.02000", "2011-03-31": "52.43700", "2010-12-31": "52.88800", "2010-09-30": "47.46000", "2010-06-30": "49.04100", "2010-03-31": "58.47600", "2009-12-31": "62.88600", "2009-09-30": "55.69700", "2009-06-30": "68.91000", "2009-03-31": "74.44800", "2008-12-31": "77.25800", "2008-09-30": "76.93200", "2008-06-30": "61.64400", "2008-03-31": "58.94300", "2007-12-31": "65.58100", "2007-09-30": "15.51100", "2007-06-30": "14.69800", "2007-03-31": "6.90300", "2006-12-31": "8.39900", "2006-09-30": "4.30500", "2006-06-30": "7.43200", "2006-03-31": "3.21300", "2005-12-31": "1.72900", "2005-09-30": "6.68800", "2005-06-30": "6.65900", "2005-03-31": "1.17300"}, "Total Long-Term Assets": {"2020-12-31": "4954.40000", "2020-09-30": "4973.50000", "2020-06-30": "4820.30000", "2020-03-31": "4885.20000", "2019-12-31": "4674.30000", "2019-09-30": "4649.00000", "2019-06-30": "4930.60000", "2019-03-31": "5014.30000", "2018-12-31": "5529.60000", "2018-09-30": "5507.70000", "2018-06-30": "5496.00000", "2018-03-31": "5599.20000", "2017-12-31": "6409.90000", "2017-09-30": "6501.00000", "2017-06-30": "6582.00000", "2017-03-31": "6654.80000", "2016-12-31": "4999.70000", "2016-09-30": "5990.40000", "2016-06-30": "6086.70000", "2016-03-31": "6193.70000", "2015-12-31": "6291.80000", "2015-09-30": "6376.70000", "2015-06-30": "6501.70000", "2015-03-31": "6615.50000", "2014-12-31": "6741.50000", "2014-09-30": "6848.90000", "2014-06-30": "6979.60000", "2014-03-31": "7097.83500", "2013-12-31": "7257.36900", "2013-09-30": "7376.60000", "2013-06-30": "8581.85800", "2013-03-31": "8701.95700", "2012-12-31": "8808.31900", "2012-09-30": "8914.09500", "2012-06-30": "4491.81000", "2012-03-31": "4557.22500", "2011-12-31": "4608.78700", "2011-09-30": "4665.88000", "2011-06-30": "4729.42700", "2011-03-31": "4677.32200", "2010-12-31": "4480.37900", "2010-09-30": "4526.95300", "2010-06-30": "4682.29900", "2010-03-31": "4738.92600", "2009-12-31": "4803.38300", "2009-09-30": "4865.60100", "2009-06-30": "4924.14700", "2009-03-31": "4988.27100", "2008-12-31": "7392.54500", "2008-09-30": "7441.05400", "2008-06-30": "7118.14000", "2008-03-31": "7132.04700", "2007-12-31": "7145.74900", "2007-09-30": "667.16900", "2007-06-30": "583.29200", "2007-03-31": "562.26000", "2006-12-31": "567.80900", "2006-09-30": "566.18300", "2006-06-30": "108.17800", "2006-03-31": "76.90900", "2005-12-31": "76.34600", "2005-09-30": "51.46400", "2005-06-30": "52.30600", "2005-03-31": "47.11500"}, "Total Assets": {"2020-12-31": "7550.70000", "2020-09-30": "7195.80000", "2020-06-30": "6803.10000", "2020-03-31": "6821.80000", "2019-12-31": "6311.90000", "2019-09-30": "6442.10000", "2019-06-30": "6522.40000", "2019-03-31": "6525.30000", "2018-12-31": "6931.50000", "2018-09-30": "7230.90000", "2018-06-30": "7091.40000", "2018-03-31": "7234.40000", "2017-12-31": "8048.30000", "2017-09-30": "7979.60000", "2017-06-30": "8118.00000", "2017-03-31": "8706.60000", "2016-12-31": "7337.80000", "2016-09-30": "7317.00000", "2016-06-30": "7306.70000", "2016-03-31": "7286.30000", "2015-12-31": "7679.50000", "2015-09-30": "7642.50000", "2015-06-30": "8130.50000", "2015-03-31": "8031.80000", "2014-12-31": "8078.10000", "2014-09-30": "8414.70000", "2014-06-30": "8412.00000", "2014-03-31": "8362.39500", "2013-12-31": "8484.30800", "2013-09-30": "9000.80000", "2013-06-30": "10333.20000", "2013-03-31": "10309.21000", "2012-12-31": "10468.55000", "2012-09-30": "10477.11000", "2012-06-30": "6026.79400", "2012-03-31": "6048.25600", "2011-12-31": "6046.08400", "2011-09-30": "6008.78000", "2011-06-30": "5937.22300", "2011-03-31": "5836.24300", "2010-12-31": "5665.57900", "2010-09-30": "5625.83400", "2010-06-30": "5730.87000", "2010-03-31": "5739.87400", "2009-12-31": "5682.22400", "2009-09-30": "5684.22600", "2009-06-30": "5718.24500", "2009-03-31": "5783.36000", "2008-12-31": "8139.36500", "2008-09-30": "8134.63200", "2008-06-30": "7813.58000", "2008-03-31": "7790.48200", "2007-12-31": "7898.62800", "2007-09-30": "1066.34900", "2007-06-30": "933.90900", "2007-03-31": "871.50700", "2006-12-31": "867.99500", "2006-09-30": "856.20500", "2006-06-30": "401.15200", "2006-03-31": "332.98100", "2005-12-31": "294.21100", "2005-09-30": "279.83900", "2005-06-30": "259.20500", "2005-03-31": "241.15700"}, "Total Current Liabilities": {"2020-12-31": "1056.00000", "2020-09-30": "1239.30000", "2020-06-30": "1345.70000", "2020-03-31": "1480.90000", "2019-12-31": "1043.30000", "2019-09-30": "1070.10000", "2019-06-30": "1015.20000", "2019-03-31": "1045.20000", "2018-12-31": "1077.70000", "2018-09-30": "1402.60000", "2018-06-30": "1235.20000", "2018-03-31": "1299.60000", "2017-12-31": "1309.90000", "2017-09-30": "1865.50000", "2017-06-30": "1812.80000", "2017-03-31": "2375.40000", "2016-12-31": "1290.70000", "2016-09-30": "901.90000", "2016-06-30": "910.80000", "2016-03-31": "841.00000", "2015-12-31": "915.40000", "2015-09-30": "943.40000", "2015-06-30": "1189.20000", "2015-03-31": "1044.20000", "2014-12-31": "607.80000", "2014-09-30": "619.60000", "2014-06-30": "597.90000", "2014-03-31": "550.68300", "2013-12-31": "628.25700", "2013-09-30": "1088.40000", "2013-06-30": "1258.92300", "2013-03-31": "1010.30600", "2012-12-31": "1551.75300", "2012-09-30": "661.34900", "2012-06-30": "557.10700", "2012-03-31": "593.82200", "2011-12-31": "511.74500", "2011-09-30": "509.45000", "2011-06-30": "467.13800", "2011-03-31": "406.78000", "2010-12-31": "436.21500", "2010-09-30": "441.91200", "2010-06-30": "393.93900", "2010-03-31": "445.89000", "2009-12-31": "338.23200", "2009-09-30": "329.29000", "2009-06-30": "296.44500", "2009-03-31": "307.15200", "2008-12-31": "315.45200", "2008-09-30": "340.87500", "2008-06-30": "303.90900", "2008-03-31": "274.73500", "2007-12-31": "250.40000", "2007-09-30": "178.61200", "2007-06-30": "165.73400", "2007-03-31": "135.97000", "2006-12-31": "165.44600", "2006-09-30": "166.52900", "2006-06-30": "101.35100", "2006-03-31": "65.43300", "2005-12-31": "59.43500", "2005-09-30": "55.76000", "2005-06-30": "60.64500", "2005-03-31": "53.88600"}, "Long Term Debt": {"2020-12-31": "2706.30000", "2020-09-30": "2731.30000", "2020-06-30": "2749.20000", "2020-03-31": "2767.70000", "2019-12-31": "2788.20000", "2019-09-30": "2802.80000", "2019-06-30": "2811.20000", "2019-03-31": "2819.80000", "2018-12-31": "2828.40000", "2018-09-30": "2725.50000", "2018-06-30": "2743.30000", "2018-03-31": "2761.00000", "2017-12-31": "2780.00000", "2017-09-30": "2194.80000", "2017-06-30": "2230.80000", "2017-03-31": "2257.40000", "2016-12-31": "2615.60000", "2016-09-30": "3049.40000", "2016-06-30": "3088.80000", "2016-03-31": "3098.00000", "2015-12-31": "3239.10000", "2015-09-30": "3221.00000", "2015-06-30": "3270.80000", "2015-03-31": "3358.10000", "2014-12-31": "3815.40000", "2014-09-30": "4153.20000", "2014-06-30": "4168.50000", "2014-03-31": "4183.95800", "2013-12-31": "4224.73200", "2013-09-30": "4242.10000", "2013-06-30": "4347.30000", "2013-03-31": "4551.01900", "2012-12-31": "4237.08500", "2012-09-30": "4971.17900", "2012-06-30": "1542.14600", "2012-03-31": "1527.02700", "2011-12-31": "1507.53300", "2011-09-30": "1488.58000", "2011-06-30": "1470.11000", "2011-03-31": "1451.88200", "2010-12-31": "1434.13200", "2010-09-30": "1447.05300", "2010-06-30": "1428.68800", "2010-03-31": "1410.53100", "2009-12-31": "1482.37100", "2009-09-30": "1513.87800", "2009-06-30": "1981.34000", "2009-03-31": "2080.84800", "2008-12-31": "2134.42400", "2008-09-30": "2162.42000", "2008-06-30": "1734.88300", "2008-03-31": "1824.86200", "2007-12-31": "2033.67400", "2007-09-30": "9.22200", "2007-06-30": "7.06400", "2007-03-31": "7.02200", "2006-12-31": "5.84800", "2006-09-30": "6.16300", "2006-06-30": "7.92300", "2006-03-31": "", "2005-12-31": "", "2005-09-30": "", "2005-06-30": "0.11800", "2005-03-31": "0.23600"}, "Other Non-Current Liabilities": {"2020-12-31": "317.50000", "2020-09-30": "303.20000", "2020-06-30": "222.90000", "2020-03-31": "231.10000", "2019-12-31": "201.70000", "2019-09-30": "162.40000", "2019-06-30": "150.90000", "2019-03-31": "148.10000", "2018-12-31": "156.40000", "2018-09-30": "157.60000", "2018-06-30": "149.60000", "2018-03-31": "165.60000", "2017-12-31": "159.20000", "2017-09-30": "140.20000", "2017-06-30": "156.80000", "2017-03-31": "153.40000", "2016-12-31": "228.80000", "2016-09-30": "224.50000", "2016-06-30": "216.50000", "2016-03-31": "212.60000", "2015-12-31": "206.80000", "2015-09-30": "200.90000", "2015-06-30": "206.10000", "2015-03-31": "199.80000", "2014-12-31": "187.00000", "2014-09-30": "183.40000", "2014-06-30": "181.70000", "2014-03-31": "174.85100", "2013-12-31": "171.06700", "2013-09-30": "168.00000", "2013-06-30": "154.21200", "2013-03-31": "152.07200", "2012-12-31": "102.42900", "2012-09-30": "98.25000", "2012-06-30": "66.14900", "2012-03-31": "64.19000", "2011-12-31": "107.43300", "2011-09-30": "106.96200", "2011-06-30": "108.78300", "2011-03-31": "113.20800", "2010-12-31": "73.83700", "2010-09-30": "72.69800", "2010-06-30": "59.62200", "2010-03-31": "58.77100", "2009-12-31": "58.94600", "2009-09-30": "58.53400", "2009-06-30": "55.57300", "2009-03-31": "54.22300", "2008-12-31": "58.00300", "2008-09-30": "57.45300", "2008-06-30": "53.48600", "2008-03-31": "52.16200", "2007-12-31": "49.35700", "2007-09-30": "7.79100", "2007-06-30": "4.07100", "2007-03-31": "3.52300", "2006-12-31": "3.00300", "2006-09-30": "9.00600", "2006-06-30": "1.27800", "2006-03-31": "", "2005-12-31": "", "2005-09-30": "", "2005-06-30": "", "2005-03-31": ""}, "Total Long Term Liabilities": {"2020-12-31": "3225.70000", "2020-09-30": "3249.20000", "2020-06-30": "3198.80000", "2020-03-31": "3249.70000", "2019-12-31": "3010.90000", "2019-09-30": "3256.30000", "2019-06-30": "3290.70000", "2019-03-31": "3320.30000", "2018-12-31": "3459.40000", "2018-09-30": "3399.50000", "2018-06-30": "3406.70000", "2018-03-31": "3489.20000", "2017-12-31": "3544.40000", "2017-09-30": "3329.40000", "2017-06-30": "3439.60000", "2017-03-31": "3534.10000", "2016-12-31": "3818.50000", "2016-09-30": "4272.40000", "2016-06-30": "4353.20000", "2016-03-31": "4400.90000", "2015-12-31": "4597.80000", "2015-09-30": "4619.90000", "2015-06-30": "4704.20000", "2015-03-31": "4819.00000", "2014-12-31": "5367.90000", "2014-09-30": "5732.10000", "2014-06-30": "5782.80000", "2014-03-31": "5831.60900", "2013-12-31": "5905.52000", "2013-09-30": "5970.90000", "2013-06-30": "6077.64600", "2013-03-31": "6308.33600", "2012-12-31": "5932.42600", "2012-09-30": "6854.72800", "2012-06-30": "2465.43600", "2012-03-31": "2474.95100", "2011-12-31": "2570.55100", "2011-09-30": "2562.43500", "2011-06-30": "2559.79200", "2011-03-31": "2574.02700", "2010-12-31": "2475.34800", "2010-09-30": "2485.37300", "2010-06-30": "2516.57600", "2010-03-31": "2504.01000", "2009-12-31": "2586.42500", "2009-09-30": "2628.95900", "2009-06-30": "2966.62700", "2009-03-31": "3074.54000", "2008-12-31": "3127.31600", "2008-09-30": "3151.48800", "2008-06-30": "2734.33500", "2008-03-31": "2828.56000", "2007-12-31": "3038.48600", "2007-09-30": "82.01400", "2007-06-30": "68.11500", "2007-03-31": "77.28000", "2006-12-31": "75.38400", "2006-09-30": "83.92900", "2006-06-30": "17.35600", "2006-03-31": "5.26200", "2005-12-31": "", "2005-09-30": "6.24500", "2005-06-30": "0.11800", "2005-03-31": "0.23600"}, "Total Liabilities": {"2020-12-31": "4281.70000", "2020-09-30": "4488.50000", "2020-06-30": "4544.50000", "2020-03-31": "4730.60000", "2019-12-31": "4054.20000", "2019-09-30": "4326.40000", "2019-06-30": "4305.90000", "2019-03-31": "4365.50000", "2018-12-31": "4537.10000", "2018-09-30": "4802.10000", "2018-06-30": "4641.90000", "2018-03-31": "4788.80000", "2017-12-31": "4854.30000", "2017-09-30": "5194.90000", "2017-06-30": "5252.40000", "2017-03-31": "5909.50000", "2016-12-31": "5109.20000", "2016-09-30": "5174.30000", "2016-06-30": "5264.00000", "2016-03-31": "5241.90000", "2015-12-31": "5513.20000", "2015-09-30": "5563.30000", "2015-06-30": "5893.40000", "2015-03-31": "5863.20000", "2014-12-31": "5975.70000", "2014-09-30": "6351.70000", "2014-06-30": "6380.70000", "2014-03-31": "6382.29200", "2013-12-31": "6533.77700", "2013-09-30": "7059.30000", "2013-06-30": "7336.56900", "2013-03-31": "7318.64200", "2012-12-31": "7484.17900", "2012-09-30": "7516.07700", "2012-06-30": "3022.54300", "2012-03-31": "3068.77300", "2011-12-31": "3082.29600", "2011-09-30": "3071.88500", "2011-06-30": "3026.93000", "2011-03-31": "2980.80700", "2010-12-31": "2911.56300", "2010-09-30": "2927.28500", "2010-06-30": "2910.51500", "2010-03-31": "2949.90000", "2009-12-31": "2924.65700", "2009-09-30": "2958.24900", "2009-06-30": "3263.07200", "2009-03-31": "3381.69200", "2008-12-31": "3442.76800", "2008-09-30": "3492.36300", "2008-06-30": "3038.24400", "2008-03-31": "3103.29500", "2007-12-31": "3288.88600", "2007-09-30": "260.62600", "2007-06-30": "233.84900", "2007-03-31": "213.25000", "2006-12-31": "240.83000", "2006-09-30": "250.45800", "2006-06-30": "118.70700", "2006-03-31": "70.69500", "2005-12-31": "59.43500", "2005-09-30": "62.00500", "2005-06-30": "60.76300", "2005-03-31": "54.12200"}, "Common Stock Net": {"2020-12-31": "3.00000", "2020-09-30": "2.90000", "2020-06-30": "2.90000", "2020-03-31": "2.90000", "2019-12-31": "2.90000", "2019-09-30": "2.90000", "2019-06-30": "2.90000", "2019-03-31": "2.90000", "2018-12-31": "2.90000", "2018-09-30": "2.90000", "2018-06-30": "2.90000", "2018-03-31": "2.90000", "2017-12-31": "2.90000", "2017-09-30": "2.90000", "2017-06-30": "2.90000", "2017-03-31": "2.90000", "2016-12-31": "2.90000", "2016-09-30": "2.90000", "2016-06-30": "2.80000", "2016-03-31": "2.80000", "2015-12-31": "2.80000", "2015-09-30": "2.80000", "2015-06-30": "2.80000", "2015-03-31": "2.80000", "2014-12-31": "2.80000", "2014-09-30": "2.80000", "2014-06-30": "2.80000", "2014-03-31": "2.76200", "2013-12-31": "2.73400", "2013-09-30": "2.70000", "2013-06-30": "2.70200", "2013-03-31": "2.69300", "2012-12-31": "2.67400", "2012-09-30": "2.65600", "2012-06-30": "2.64900", "2012-03-31": "2.64700", "2011-12-31": "2.63400", "2011-09-30": "2.62500", "2011-06-30": "2.62300", "2011-03-31": "2.61600", "2010-12-31": "2.60300", "2010-09-30": "2.59500", "2010-06-30": "2.59400", "2010-03-31": "2.59200", "2009-12-31": "2.58500", "2009-09-30": "2.57900", "2009-06-30": "2.56800", "2009-03-31": "2.56700", "2008-12-31": "2.56500", "2008-09-30": "2.56400", "2008-06-30": "2.56200", "2008-03-31": "2.55700", "2007-12-31": "1.27400", "2007-09-30": "1.10300", "2007-06-30": "0.53900", "2007-03-31": "0.53800", "2006-12-31": "0.52800", "2006-09-30": "0.52600", "2006-06-30": "0.45700", "2006-03-31": "0.45600", "2005-12-31": "0.44900", "2005-09-30": "0.44300", "2005-06-30": "0.22000", "2005-03-31": "0.21700"}, "Retained Earnings (Accumulated Deficit)": {"2020-12-31": "-918.80000", "2020-09-30": "-1573.20000", "2020-06-30": "-2068.10000", "2020-03-31": "-2206.00000", "2019-12-31": "-2302.30000", "2019-09-30": "-2688.70000", "2019-06-30": "-2565.20000", "2019-03-31": "-2659.10000", "2018-12-31": "-2386.50000", "2018-09-30": "-2494.00000", "2018-06-30": "-2544.50000", "2018-03-31": "-2657.40000", "2017-12-31": "-1976.00000", "2017-09-30": "-2382.70000", "2017-06-30": "-2465.40000", "2017-03-31": "-2524.90000", "2016-12-31": "-3051.70000", "2016-09-30": "-3138.20000", "2016-06-30": "-3230.30000", "2016-03-31": "-3315.20000", "2015-12-31": "-3384.10000", "2015-09-30": "-3469.00000", "2015-06-30": "-3494.10000", "2015-03-31": "-3523.50000", "2014-12-31": "-3571.30000", "2014-09-30": "-3600.60000", "2014-06-30": "-3628.70000", "2014-03-31": "-3640.02400", "2013-12-31": "-3623.25900", "2013-09-30": "-3616.40000", "2013-06-30": "-2502.49000", "2013-03-31": "-2491.54000", "2012-12-31": "-2440.43600", "2012-09-30": "-2443.55400", "2012-06-30": "-2365.78700", "2012-03-31": "-2389.38100", "2011-12-31": "-2349.10800", "2011-09-30": "-2369.92000", "2011-06-30": "-2397.48900", "2011-03-31": "-2433.68500", "2010-12-31": "-2516.13000", "2010-09-30": "-2527.07000", "2010-06-30": "-2390.09600", "2010-03-31": "-2417.54400", "2009-12-31": "-2438.16200", "2009-09-30": "-2464.25700", "2009-06-30": "-2428.82100", "2009-03-31": "-2469.82100", "2008-12-31": "-169.65100", "2008-09-30": "-217.64400", "2008-06-30": "-73.26800", "2008-03-31": "-134.64900", "2007-12-31": "-190.63500", "2007-09-30": "168.45300", "2007-06-30": "136.34300", "2007-03-31": "111.59400", "2006-12-31": "89.96000", "2006-09-30": "73.87500", "2006-06-30": "75.34900", "2006-03-31": "63.33200", "2005-12-31": "52.16800", "2005-09-30": "46.45200", "2005-06-30": "36.97600", "2005-03-31": "28.81800"}, "Comprehensive Income": {"2020-12-31": "-30.70000", "2020-09-30": "-49.70000", "2020-06-30": "-61.90000", "2020-03-31": "-58.90000", "2019-12-31": "-28.70000", "2019-09-30": "-42.30000", "2019-06-30": "-34.20000", "2019-03-31": "-30.50000", "2018-12-31": "-31.90000", "2018-09-30": "-25.50000", "2018-06-30": "-18.60000", "2018-03-31": "-0.60000", "2017-12-31": "-11.70000", "2017-09-30": "-16.20000", "2017-06-30": "-27.40000", "2017-03-31": "-40.20000", "2016-12-31": "-42.80000", "2016-09-30": "-32.30000", "2016-06-30": "-33.30000", "2016-03-31": "-29.20000", "2015-12-31": "-25.90000", "2015-09-30": "-14.50000", "2015-06-30": "-7.90000", "2015-03-31": "-20.60000", "2014-12-31": "-1.20000", "2014-09-30": "2.60000", "2014-06-30": "18.10000", "2014-03-31": "10.60600", "2013-12-31": "17.41800", "2013-09-30": "20.40000", "2013-06-30": "-0.25200", "2013-03-31": "2.60100", "2012-12-31": "8.20200", "2012-09-30": "6.79000", "2012-06-30": "-2.85700", "2012-03-31": "6.67100", "2011-12-31": "1.63700", "2011-09-30": "1.99500", "2011-06-30": "9.25400", "2011-03-31": "8.80100", "2010-12-31": "-0.11100", "2010-09-30": "0.14300", "2010-06-30": "-4.07100", "2010-03-31": "1.70900", "2009-12-31": "6.81100", "2009-09-30": "7.02800", "2009-06-30": "3.43100", "2009-03-31": "-0.43400", "2008-12-31": "3.31200", "2008-09-30": "4.94500", "2008-06-30": "8.65200", "2008-03-31": "8.52800", "2007-12-31": "5.72300", "2007-09-30": "4.12300", "2007-06-30": "1.03700", "2007-03-31": "0.53200", "2006-12-31": "0.22600", "2006-09-30": "-0.44200", "2006-06-30": "-0.95400", "2006-03-31": "-1.27500", "2005-12-31": "-1.30500", "2005-09-30": "-1.23900", "2005-06-30": "-1.23100", "2005-03-31": "-0.99000"}, "Other Share Holders Equity": {"2020-12-31": "", "2020-09-30": "", "2020-06-30": "", "2020-03-31": "", "2019-12-31": "", "2019-09-30": "", "2019-06-30": "", "2019-03-31": "", "2018-12-31": "", "2018-09-30": "", "2018-06-30": "", "2018-03-31": "", "2017-12-31": "", "2017-09-30": "", "2017-06-30": "", "2017-03-31": "", "2016-12-31": "", "2016-09-30": "", "2016-06-30": "", "2016-03-31": "", "2015-12-31": "", "2015-09-30": "", "2015-06-30": "", "2015-03-31": "", "2014-12-31": "", "2014-09-30": "", "2014-06-30": "", "2014-03-31": "", "2013-12-31": "", "2013-09-30": "", "2013-06-30": "", "2013-03-31": "", "2012-12-31": "", "2012-09-30": "", "2012-06-30": "", "2012-03-31": "", "2011-12-31": "", "2011-09-30": "", "2011-06-30": "", "2011-03-31": "", "2010-12-31": "", "2010-09-30": "", "2010-06-30": "", "2010-03-31": "", "2009-12-31": "", "2009-09-30": "", "2009-06-30": "", "2009-03-31": "", "2008-12-31": "", "2008-09-30": "", "2008-06-30": "", "2008-03-31": "", "2007-12-31": "", "2007-09-30": "", "2007-06-30": "", "2007-03-31": "", "2006-12-31": "", "2006-09-30": "", "2006-06-30": "", "2006-03-31": "", "2005-12-31": "", "2005-09-30": "", "2005-06-30": "", "2005-03-31": ""}, "Share Holder Equity": {"2020-12-31": "3269.00000", "2020-09-30": "2707.30000", "2020-06-30": "2258.60000", "2020-03-31": "2091.20000", "2019-12-31": "2257.70000", "2019-09-30": "2115.70000", "2019-06-30": "2216.50000", "2019-03-31": "2159.80000", "2018-12-31": "2394.40000", "2018-09-30": "2428.80000", "2018-06-30": "2449.50000", "2018-03-31": "2445.60000", "2017-12-31": "3194.00000", "2017-09-30": "2784.70000", "2017-06-30": "2865.60000", "2017-03-31": "2797.10000", "2016-12-31": "2228.60000", "2016-09-30": "2142.70000", "2016-06-30": "2042.70000", "2016-03-31": "2044.40000", "2015-12-31": "2166.30000", "2015-09-30": "2079.20000", "2015-06-30": "2237.10000", "2015-03-31": "2168.60000", "2014-12-31": "2102.40000", "2014-09-30": "2063.00000", "2014-06-30": "2031.30000", "2014-03-31": "1980.10300", "2013-12-31": "1950.53100", "2013-09-30": "1941.50000", "2013-06-30": "2996.63400", "2013-03-31": "2990.56400", "2012-12-31": "2984.37600", "2012-09-30": "2961.03100", "2012-06-30": "3004.25100", "2012-03-31": "2979.48300", "2011-12-31": "2963.78800", "2011-09-30": "2936.89500", "2011-06-30": "2910.29300", "2011-03-31": "2855.43600", "2010-12-31": "2754.01600", "2010-09-30": "2698.54900", "2010-06-30": "2820.35500", "2010-03-31": "2789.97400", "2009-12-31": "2757.56700", "2009-09-30": "2725.97700", "2009-06-30": "2455.17300", "2009-03-31": "2401.66800", "2008-12-31": "4696.59700", "2008-09-30": "4642.26900", "2008-06-30": "4775.33600", "2008-03-31": "4687.18700", "2007-12-31": "4609.74200", "2007-09-30": "805.72300", "2007-06-30": "700.06000", "2007-03-31": "658.25700", "2006-12-31": "627.16500", "2006-09-30": "605.75000", "2006-06-30": "282.44500", "2006-03-31": "262.28600", "2005-12-31": "234.77600", "2005-09-30": "217.83400", "2005-06-30": "198.44200", "2005-03-31": "187.03500"}, "Total Liabilities And Share Holders Equity": {"2020-12-31": "7550.70000", "2020-09-30": "7195.80000", "2020-06-30": "6803.10000", "2020-03-31": "6821.80000", "2019-12-31": "6311.90000", "2019-09-30": "6442.10000", "2019-06-30": "6522.40000", "2019-03-31": "6525.30000", "2018-12-31": "6931.50000", "2018-09-30": "7230.90000", "2018-06-30": "7091.40000", "2018-03-31": "7234.40000", "2017-12-31": "8048.30000", "2017-09-30": "7979.60000", "2017-06-30": "8118.00000", "2017-03-31": "8706.60000", "2016-12-31": "7337.80000", "2016-09-30": "7317.00000", "2016-06-30": "7306.70000", "2016-03-31": "7286.30000", "2015-12-31": "7679.50000", "2015-09-30": "7642.50000", "2015-06-30": "8130.50000", "2015-03-31": "8031.80000", "2014-12-31": "8078.10000", "2014-09-30": "8414.70000", "2014-06-30": "8412.00000", "2014-03-31": "8362.39500", "2013-12-31": "8484.30800", "2013-09-30": "9000.80000", "2013-06-30": "10333.20000", "2013-03-31": "10309.21000", "2012-12-31": "10468.55000", "2012-09-30": "10477.11000", "2012-06-30": "6026.79400", "2012-03-31": "6048.25600", "2011-12-31": "6046.08400", "2011-09-30": "6008.78000", "2011-06-30": "5937.22300", "2011-03-31": "5836.24300", "2010-12-31": "5665.57900", "2010-09-30": "5625.83400", "2010-06-30": "5730.87000", "2010-03-31": "5739.87400", "2009-12-31": "5682.22400", "2009-09-30": "5684.22600", "2009-06-30": "5718.24500", "2009-03-31": "5783.36000", "2008-12-31": "8139.36500", "2008-09-30": "8134.63200", "2008-06-30": "7813.58000", "2008-03-31": "7790.48200", "2007-12-31": "7898.62800", "2007-09-30": "1066.34900", "2007-06-30": "933.90900", "2007-03-31": "871.50700", "2006-12-31": "867.99500", "2006-09-30": "856.20500", "2006-06-30": "401.15200", "2006-03-31": "332.98100", "2005-12-31": "294.21100", "2005-09-30": "279.83900", "2005-06-30": "259.20500", "2005-03-31": "241.15700"}}, "cash flow statement": {"Net Income/Loss": {"2020-09-30": "1110.50000", "2019-09-30": "-203.60000", "2018-09-30": "-111.30000", "2017-09-30": "755.50000", "2016-09-30": "330.80000", "2015-09-30": "131.60000", "2014-09-30": "17.30000", "2013-09-30": "-1172.80000", "2012-09-30": "-73.60000", "2011-09-30": "157.15000", "2010-09-30": "-62.81300", "2009-09-30": "-2216.64200", "2008-09-30": "-415.58800", "2007-09-30": "94.57800", "2006-09-30": "27.42300", "2005-09-30": "28.25600"}, "Total Depreciation And Amortization - Cash Flow": {"2020-09-30": "376.00000", "2019-09-30": "463.10000", "2018-09-30": "480.30000", "2017-09-30": "449.20000", "2016-09-30": "465.40000", "2015-09-30": "491.40000", "2014-09-30": "523.20000", "2013-09-30": "1633.40000", "2012-09-30": "351.60000", "2011-09-30": "304.73600", "2010-09-30": "371.49100", "2009-09-30": "2613.94700", "2008-09-30": "172.95000", "2007-09-30": "31.16200", "2006-09-30": "16.13300", "2005-09-30": "7.57400"}, "Other Non-Cash Items": {"2020-09-30": "46.40000", "2019-09-30": "546.30000", "2018-09-30": "390.10000", "2017-09-30": "-1093.20000", "2016-09-30": "-54.40000", "2015-09-30": "75.30000", "2014-09-30": "-76.60000", "2013-09-30": "-31.30000", "2012-09-30": "64.00000", "2011-09-30": "7.37500", "2010-09-30": "149.44200", "2009-09-30": "96.41200", "2008-09-30": "621.67900", "2007-09-30": "-9.40200", "2006-09-30": "-8.01200", "2005-09-30": "8.36400"}, "Total Non-Cash Items": {"2020-09-30": "422.40000", "2019-09-30": "1009.40000", "2018-09-30": "870.40010", "2017-09-30": "-644.00000", "2016-09-30": "411.00010", "2015-09-30": "566.70000", "2014-09-30": "446.60000", "2013-09-30": "1602.10000", "2012-09-30": "415.60000", "2011-09-30": "312.11100", "2010-09-30": "520.93300", "2009-09-30": "2710.35900", "2008-09-30": "794.62900", "2007-09-30": "21.76000", "2006-09-30": "8.12100", "2005-09-30": "15.93800"}, "Change In Accounts Receivable": {"2020-09-30": "-427.10000", "2019-09-30": "-76.50000", "2018-09-30": "-38.20000", "2017-09-30": "-41.50000", "2016-09-30": "-31.80000", "2015-09-30": "-30.30000", "2014-09-30": "7.90000", "2013-09-30": "4.10000", "2012-09-30": "-11.00000", "2011-09-30": "-17.13100", "2010-09-30": "-20.21100", "2009-09-30": "57.58100", "2008-09-30": "-58.80100", "2007-09-30": "-45.36700", "2006-09-30": "-9.54500", "2005-09-30": "-9.31000"}, "Change In Inventories": {"2020-09-30": "-25.30000", "2019-09-30": "-63.00000", "2018-09-30": "-50.60000", "2017-09-30": "-11.60000", "2016-09-30": "7.60000", "2015-09-30": "43.90000", "2014-09-30": "-44.70000", "2013-09-30": "25.20000", "2012-09-30": "-12.20000", "2011-09-30": "-32.15800", "2010-09-30": "-5.24700", "2009-09-30": "-14.33600", "2008-09-30": "-29.00700", "2007-09-30": "-7.99700", "2006-09-30": "-23.02300", "2005-09-30": "-4.38100"}, "Change In Accounts Payable": {"2020-09-30": "-4.90000", "2019-09-30": "-5.50000", "2018-09-30": "23.90000", "2017-09-30": "-10.60000", "2016-09-30": "40.10000", "2015-09-30": "25.50000", "2014-09-30": "11.80000", "2013-09-30": "-6.40000", "2012-09-30": "3.80000", "2011-09-30": "2.58900", "2010-09-30": "7.15100", "2009-09-30": "-12.88100", "2008-09-30": "-10.18900", "2007-09-30": "14.26500", "2006-09-30": "3.94000", "2005-09-30": "3.62300"}, "Change In Assets/Liabilities": {"2020-09-30": "-271.20000", "2019-09-30": "8.40000", "2018-09-30": "-5.70000", "2017-09-30": "-13.00000", "2016-09-30": "-9.80000", "2015-09-30": "21.80000", "2014-09-30": "32.40000", "2013-09-30": "14.20000", "2012-09-30": "82.50000", "2011-09-30": "-0.95200", "2010-09-30": "21.01900", "2009-09-30": "19.06300", "2008-09-30": "21.36000", "2007-09-30": "16.93000", "2006-09-30": "2.76500", "2005-09-30": "5.08000"}, "Total Change In Assets/Liabilities": {"2020-09-30": "-636.30000", "2019-09-30": "-156.30000", "2018-09-30": "-26.20000", "2017-09-30": "-103.20000", "2016-09-30": "56.40000", "2015-09-30": "98.50000", "2014-09-30": "44.50000", "2013-09-30": "64.50000", "2012-09-30": "28.20000", "2011-09-30": "-13.23700", "2010-09-30": "-1.40800", "2009-09-30": "56.73900", "2008-09-30": "-16.82500", "2007-09-30": "37.58900", "2006-09-30": "-19.03100", "2005-09-30": "0.98400"}, "Cash Flow From Operating Activities": {"2020-09-30": "896.60000", "2019-09-30": "649.50000", "2018-09-30": "732.90000", "2017-09-30": "8.30000", "2016-09-30": "798.20000", "2015-09-30": "796.80000", "2014-09-30": "508.40000", "2013-09-30": "493.80000", "2012-09-30": "370.20000", "2011-09-30": "456.02400", "2010-09-30": "456.71200", "2009-09-30": "550.45600", "2008-09-30": "362.21600", "2007-09-30": "153.92700", "2006-09-30": "16.51300", "2005-09-30": "45.17800"}, "Net Change In Property, Plant, And Equipment": {"2020-09-30": "-156.40000", "2019-09-30": "-109.10000", "2018-09-30": "-105.60000", "2017-09-30": "-107.60000", "2016-09-30": "-94.50000", "2015-09-30": "-89.40000", "2014-09-30": "-70.10000", "2013-09-30": "-90.10000", "2012-09-30": "-78.70000", "2011-09-30": "-55.66300", "2010-09-30": "-46.65800", "2009-09-30": "-58.23400", "2008-09-30": "-78.88500", "2007-09-30": "-21.41300", "2006-09-30": "-12.98900", "2005-09-30": "-7.69900"}, "Net Change In Intangible Assets": {"2020-09-30": "", "2019-09-30": "-4.50000", "2018-09-30": "", "2017-09-30": "", "2016-09-30": "", "2015-09-30": "", "2014-09-30": "", "2013-09-30": "60.00000", "2012-09-30": "8.00000", "2011-09-30": "10.22900", "2010-09-30": "70.50000", "2009-09-30": "-3.98800", "2008-09-30": "3.00000", "2007-09-30": "", "2006-09-30": "-21.09400", "2005-09-30": ""}, "Net Acquisitions/Divestitures": {"2020-09-30": "19.90000", "2019-09-30": "-110.60000", "2018-09-30": "-76.50000", "2017-09-30": "306.90000", "2016-09-30": "", "2015-09-30": "", "2014-09-30": "", "2013-09-30": "62.00000", "2012-09-30": "-3772.20000", "2011-09-30": "-216.13700", "2010-09-30": "-85.35700", "2009-09-30": "-0.22900", "2008-09-30": "-2609.34100", "2007-09-30": "-29.92600", "2006-09-30": "-171.82800", "2005-09-30": ""}, "Net Change In Short-term Investments": {"2020-09-30": "", "2019-09-30": "", "2018-09-30": "", "2017-09-30": "87.10000", "2016-09-30": "31.10000", "2015-09-30": "", "2014-09-30": "", "2013-09-30": "", "2012-09-30": "", "2011-09-30": "", "2010-09-30": "", "2009-09-30": "0.00000", "2008-09-30": "0.00000", "2007-09-30": "", "2006-09-30": "", "2005-09-30": ""}, "Net Change In Long-Term Investments": {"2020-09-30": "-2.40000", "2019-09-30": "-21.20000", "2018-09-30": "-6.00000", "2017-09-30": "", "2016-09-30": "", "2015-09-30": "3.60000", "2014-09-30": "6.50000", "2013-09-30": "-5.60000", "2012-09-30": "-0.30000", "2011-09-30": "-5.42100", "2010-09-30": "-5.43900", "2009-09-30": "-5.87200", "2008-09-30": "-0.01100", "2007-09-30": "-2.17200", "2006-09-30": "", "2005-09-30": ""}, "Net Change In Investments - Total": {"2020-09-30": "-2.40000", "2019-09-30": "-21.20000", "2018-09-30": "-6.00000", "2017-09-30": "87.10000", "2016-09-30": "31.10000", "2015-09-30": "3.60000", "2014-09-30": "6.50000", "2013-09-30": "-5.60000", "2012-09-30": "-0.30000", "2011-09-30": "-5.42100", "2010-09-30": "-5.43900", "2009-09-30": "-5.87200", "2008-09-30": "-0.01100", "2007-09-30": "-2.17200", "2006-09-30": "", "2005-09-30": ""}, "Investing Activities - Other": {"2020-09-30": "-2.70000", "2019-09-30": "-35.30000", "2018-09-30": "-7.10000", "2017-09-30": "-0.60000", "2016-09-30": "-5.00000", "2015-09-30": "-0.30000", "2014-09-30": "-3.40000", "2013-09-30": "-7.50000", "2012-09-30": "-7.60000", "2011-09-30": "0.40500", "2010-09-30": "-0.02600", "2009-09-30": "2.71300", "2008-09-30": "8.16800", "2007-09-30": "-6.39300", "2006-09-30": "13.92900", "2005-09-30": "-6.60000"}, "Cash Flow From Investing Activities": {"2020-09-30": "-141.60000", "2019-09-30": "-280.70000", "2018-09-30": "-195.20000", "2017-09-30": "285.80000", "2016-09-30": "-68.40000", "2015-09-30": "-86.10000", "2014-09-30": "-67.00000", "2013-09-30": "18.80000", "2012-09-30": "-3850.80000", "2011-09-30": "-266.58700", "2010-09-30": "-66.98000", "2009-09-30": "-65.61000", "2008-09-30": "-2677.06900", "2007-09-30": "-59.90400", "2006-09-30": "-191.98200", "2005-09-30": "-14.29900"}, "Net Long-Term Debt": {"2020-09-30": "202.50000", "2019-09-30": "-266.70000", "2018-09-30": "-143.29980", "2017-09-30": "-136.50000", "2016-09-30": "-692.80000", "2015-09-30": "-1143.60000", "2014-09-30": "-595.00000", "2013-09-30": "-265.00000", "2012-09-30": "3476.30000", "2011-09-30": "-1.36200", "2010-09-30": "", "2009-09-30": "", "2008-09-30": "1688.97400", "2007-09-30": "", "2006-09-30": "", "2005-09-30": ""}, "Net Current Debt": {"2020-09-30": "", "2019-09-30": "", "2018-09-30": "", "2017-09-30": "", "2016-09-30": "50.00000", "2015-09-30": "175.00000", "2014-09-30": "", "2013-09-30": "", "2012-09-30": "", "2011-09-30": "", "2010-09-30": "-177.00400", "2009-09-30": "-301.25800", "2008-09-30": "389.20190", "2007-09-30": "-53.99500", "2006-09-30": "52.05200", "2005-09-30": "-0.94700"}, "Debt Issuance/Retirement Net - Total": {"2020-09-30": "202.50000", "2019-09-30": "-266.70000", "2018-09-30": "-143.29980", "2017-09-30": "-136.50000", "2016-09-30": "-642.80000", "2015-09-30": "-968.59990", "2014-09-30": "-595.00000", "2013-09-30": "-265.00000", "2012-09-30": "3476.30000", "2011-09-30": "-1.36200", "2010-09-30": "-177.00400", "2009-09-30": "-301.25800", "2008-09-30": "2078.17600", "2007-09-30": "-53.99500", "2006-09-30": "52.05200", "2005-09-30": "-0.94700"}, "Net Common Equity Issued/Repurchased": {"2020-09-30": "-602.30000", "2019-09-30": "-163.10000", "2018-09-30": "-259.30000", "2017-09-30": "-219.80000", "2016-09-30": "-266.40000", "2015-09-30": "57.10000", "2014-09-30": "71.60000", "2013-09-30": "62.80000", "2012-09-30": "28.60000", "2011-09-30": "25.40400", "2010-09-30": "12.59400", "2009-09-30": "10.88700", "2008-09-30": "171.01400", "2007-09-30": "9.60900", "2006-09-30": "10.63900", "2005-09-30": "15.86800"}, "Net Total Equity Issued/Repurchased": {"2020-09-30": "-602.30000", "2019-09-30": "-163.10000", "2018-09-30": "-259.30000", "2017-09-30": "-219.80000", "2016-09-30": "-266.40000", "2015-09-30": "57.10000", "2014-09-30": "71.60000", "2013-09-30": "62.80000", "2012-09-30": "28.60000", "2011-09-30": "25.40400", "2010-09-30": "12.59400", "2009-09-30": "10.88700", "2008-09-30": "171.01400", "2007-09-30": "9.60900", "2006-09-30": "10.63900", "2005-09-30": "15.86800"}, "Total Common And Preferred Stock Dividends Paid": {"2020-09-30": "", "2019-09-30": "", "2018-09-30": "", "2017-09-30": "", "2016-09-30": "", "2015-09-30": "", "2014-09-30": "", "2013-09-30": "", "2012-09-30": "", "2011-09-30": "", "2010-09-30": "", "2009-09-30": "", "2008-09-30": "", "2007-09-30": "", "2006-09-30": "", "2005-09-30": ""}, "Financial Activities - Other": {"2020-09-30": "-260.10000", "2019-09-30": "-1.70000", "2018-09-30": "-2.20000", "2017-09-30": "47.10000", "2016-09-30": "238.50000", "2015-09-30": "-35.90000", "2014-09-30": "-1.70000", "2013-09-30": "-46.60000", "2012-09-30": "-176.80000", "2011-09-30": "-16.36800", "2010-09-30": "-3.16500", "2009-09-30": "1.74700", "2008-09-30": "61.88900", "2007-09-30": "21.92600", "2006-09-30": "27.90800", "2005-09-30": ""}, "Cash Flow From Financial Activities": {"2020-09-30": "-659.90000", "2019-09-30": "-431.50000", "2018-09-30": "-404.80000", "2017-09-30": "-309.20000", "2016-09-30": "-670.70000", "2015-09-30": "-947.40000", "2014-09-30": "-525.10000", "2013-09-30": "-248.80000", "2012-09-30": "3328.10000", "2011-09-30": "7.67400", "2010-09-30": "-167.57500", "2009-09-30": "-288.62400", "2008-09-30": "2311.07900", "2007-09-30": "-22.46000", "2006-09-30": "90.59900", "2005-09-30": "14.92100"}, "Net Cash Flow": {"2020-09-30": "99.20000", "2019-09-30": "-64.90000", "2018-09-30": "126.10000", "2017-09-30": "-7.80000", "2016-09-30": "57.10000", "2015-09-30": "-244.80000", "2014-09-30": "-86.40000", "2013-09-30": "262.10000", "2012-09-30": "-151.90000", "2011-09-30": "196.70700", "2010-09-30": "222.43900", "2009-09-30": "197.52500", "2008-09-30": "-4.74200", "2007-09-30": "70.48000", "2006-09-30": "-84.07100", "2005-09-30": "45.65900"}, "Stock-Based Compensation": {"2020-09-30": "83.30000", "2019-09-30": "62.00000", "2018-09-30": "65.00000", "2017-09-30": "68.20000", "2016-09-30": "65.40000", "2015-09-30": "59.30000", "2014-09-30": "50.00000", "2013-09-30": "52.30000", "2012-09-30": "40.60000", "2011-09-30": "35.47200", "2010-09-30": "34.16000", "2009-09-30": "32.93900", "2008-09-30": "25.66400", "2007-09-30": "6.10400", "2006-09-30": "3.95100", "2005-09-30": ""}, "Common Stock Dividends Paid": {"2020-09-30": "", "2019-09-30": "", "2018-09-30": "", "2017-09-30": "", "2016-09-30": "", "2015-09-30": "", "2014-09-30": "", "2013-09-30": "", "2012-09-30": "", "2011-09-30": "", "2010-09-30": "", "2009-09-30": "", "2008-09-30": "", "2007-09-30": "", "2006-09-30": "", "2005-09-30": ""}}, "cash flow statement, quarterly": {"Net Income/Loss": {"2020-12-31": "653.40000", "2020-09-30": 493.6, "2020-06-30": 136.2, "2020-03-31": 94.9, "2019-12-31": "385.80000", "2019-09-30": -123.5, "2019-06-30": 93.9, "2019-03-31": -272.6, "2018-12-31": "98.60000", "2018-09-30": 50.5, "2018-06-30": 112.9, "2018-03-31": -681.4, "2017-12-31": "406.70000", "2017-09-30": 82.7, "2017-06-30": 59.5, "2017-03-31": 526.8, "2016-12-31": "86.50000", "2016-09-30": 92.1, "2016-06-30": 84.9, "2016-03-31": 68.9, "2015-12-31": "84.90000", "2015-09-30": 25.1, "2015-06-30": 29.5, "2015-03-31": 47.8, "2014-12-31": "29.20000", "2014-09-30": 28.1, "2014-06-30": 11.3, "2014-03-31": -16.8, "2013-12-31": "-5.30000", "2013-09-30": -1113.9, "2013-06-30": -10.914, "2013-03-31": -51.104, "2012-12-31": "3.11800", "2012-09-30": -77.733, "2012-06-30": 23.594, "2012-03-31": -40.273, "2011-12-31": "20.81200", "2011-09-30": 27.569, "2011-06-30": 36.196, "2011-03-31": 82.445, "2010-12-31": "10.94000", "2010-09-30": -136.974, "2010-06-30": 27.448, "2010-03-31": 20.618, "2009-12-31": "26.09500", "2009-09-30": 24.568, "2009-06-30": 30.751, "2009-03-31": -2310.119, "2008-12-31": "38.15800", "2008-09-30": -174.344, "2008-06-30": 61.378, "2008-03-31": 55.986, "2007-12-31": "-358.60800", "2007-09-30": 32.11, "2007-06-30": 24.748, "2007-03-31": 21.634, "2006-12-31": "16.08600", "2006-09-30": -1.474, "2006-06-30": 12.017, "2006-03-31": 11.164, "2005-12-31": "5.71600", "2005-09-30": 9.476, "2005-06-30": 8.158, "2005-03-31": 10.622}, "Total Depreciation And Amortization - Cash Flow": {"2020-12-31": "92.80000", "2020-09-30": 313.2, "2020-06-30": -125.3, "2020-03-31": 93.7, "2019-12-31": "94.40000", "2019-09-30": 393.4, "2019-06-30": -166.7, "2019-03-31": 117.6, "2018-12-31": "118.80000", "2018-09-30": 119.1, "2018-06-30": 120.5, "2018-03-31": 119.5, "2017-12-31": "121.20000", "2017-09-30": 120.5, "2017-06-30": 118.3, "2017-03-31": 95.1, "2016-12-31": "115.30000", "2016-09-30": 114.6, "2016-06-30": 120.9, "2016-03-31": 114, "2015-12-31": "115.90000", "2015-09-30": 122.3, "2015-06-30": 120.5, "2015-03-31": 126.6, "2014-12-31": "122.00000", "2014-09-30": 131.4, "2014-06-30": 133.9, "2014-03-31": 130.1, "2013-12-31": "127.80000", "2013-09-30": 1250, "2013-06-30": 128.969, "2013-03-31": 126.276, "2012-12-31": "128.15500", "2012-09-30": 120.497, "2012-06-30": 76.939, "2012-03-31": 77.041, "2011-12-31": "77.12300", "2011-09-30": 78.378, "2011-06-30": 77.153, "2011-03-31": 75.735, "2010-12-31": "73.47000", "2010-09-30": 149.166, "2010-06-30": 74.536, "2010-03-31": 73.798, "2009-12-31": "73.99100", "2009-09-30": 70.638, "2009-06-30": 71.056, "2009-03-31": 2406.072, "2008-12-31": "66.18100", "2008-09-30": 45.972, "2008-06-30": 45.111, "2008-03-31": 45.304, "2007-12-31": "36.56300", "2007-09-30": 7.891, "2007-06-30": 7.621, "2007-03-31": 7.419, "2006-12-31": "8.23100", "2006-09-30": 7.655, "2006-06-30": 3.217, "2006-03-31": 2.682, "2005-12-31": "2.57900", "2005-09-30": 1.934, "2005-06-30": 1.923, "2005-03-31": 3.717}, "Other Non-Cash Items": {"2020-12-31": "57.70000", "2020-09-30": -216.7, "2020-06-30": 228.5, "2020-03-31": 313.7, "2019-12-31": "-279.10000", "2019-09-30": -55.5, "2019-06-30": 282.3, "2019-03-31": 340.7, "2018-12-31": "-21.20000", "2018-09-30": 9.8, "2018-06-30": -18.1, "2018-03-31": 761.8, "2017-12-31": "-363.40000", "2017-09-30": -4.3, "2017-06-30": 11, "2017-03-31": -1102.8, "2016-12-31": "2.90000", "2016-09-30": -14.7, "2016-06-30": -12.1, "2016-03-31": -3.4, "2015-12-31": "-24.20000", "2015-09-30": 63, "2015-06-30": 27.8, "2015-03-31": -20.4, "2014-12-31": "4.90000", "2014-09-30": -9.4, "2014-06-30": -7.2, "2014-03-31": 28.2, "2013-12-31": "-88.20000", "2013-09-30": -35.1, "2013-06-30": 9.72, "2013-03-31": 47.854, "2012-12-31": "-53.77400", "2012-09-30": 28.599, "2012-06-30": -7.034, "2012-03-31": 24.979, "2011-12-31": "17.45600", "2011-09-30": 13.16, "2011-06-30": -4.018, "2011-03-31": -45.976, "2010-12-31": "44.20900", "2010-09-30": 104.14, "2010-06-30": 27.564, "2010-03-31": -5.896, "2009-12-31": "23.63400", "2009-09-30": 17.65, "2009-06-30": 29.089, "2009-03-31": 27.597, "2008-12-31": "22.07600", "2008-09-30": 243.163, "2008-06-30": -18.568, "2008-03-31": -10.788, "2007-12-31": "407.87200", "2007-09-30": -15.342, "2007-06-30": -11.901, "2007-03-31": 17.501, "2006-12-31": "0.34000", "2006-09-30": 3.713, "2006-06-30": 0.681, "2006-03-31": -10.156, "2005-12-31": "-2.25000", "2005-09-30": 8.262, "2005-06-30": 0.261, "2005-03-31": -0.159}, "Total Non-Cash Items": {"2020-12-31": "150.50000", "2020-09-30": 96.5, "2020-06-30": 103.2, "2020-03-31": 407.4, "2019-12-31": "-184.70000", "2019-09-30": 337.9001, "2019-06-30": 115.5999, "2019-03-31": 458.3, "2018-12-31": "97.60000", "2018-09-30": 128.9, "2018-06-30": 102.4001, "2018-03-31": 881.3, "2017-12-31": "-242.20000", "2017-09-30": 116.2, "2017-06-30": 129.3, "2017-03-31": -1007.7, "2016-12-31": "118.20000", "2016-09-30": 99.9001, "2016-06-30": 108.8, "2016-03-31": 110.6, "2015-12-31": "91.70000", "2015-09-30": 185.3, "2015-06-30": 148.3, "2015-03-31": 106.2, "2014-12-31": "126.90000", "2014-09-30": 122, "2014-06-30": 126.7, "2014-03-31": 158.3, "2013-12-31": "39.60000", "2013-09-30": 1214.9, "2013-06-30": 138.689, "2013-03-31": 174.13, "2012-12-31": "74.38100", "2012-09-30": 149.096, "2012-06-30": 69.905, "2012-03-31": 102.02, "2011-12-31": "94.57900", "2011-09-30": 91.538, "2011-06-30": 73.135, "2011-03-31": 29.759, "2010-12-31": "117.67900", "2010-09-30": 253.306, "2010-06-30": 102.1, "2010-03-31": 67.902, "2009-12-31": "97.62500", "2009-09-30": 88.288, "2009-06-30": 100.145, "2009-03-31": 2433.669, "2008-12-31": "88.25700", "2008-09-30": 289.135, "2008-06-30": 26.543, "2008-03-31": 34.516, "2007-12-31": "444.43500", "2007-09-30": -7.451, "2007-06-30": -4.28, "2007-03-31": 24.92, "2006-12-31": "8.57100", "2006-09-30": 11.368, "2006-06-30": 3.898, "2006-03-31": -7.474, "2005-12-31": "0.32900", "2005-09-30": 10.196, "2005-06-30": 2.184, "2005-03-31": 3.558}, "Change In Accounts Receivable": {"2020-12-31": "-175.50000", "2020-09-30": -296.6, "2020-06-30": -130.2, "2020-03-31": -17.9, "2019-12-31": "17.60000", "2019-09-30": -66.8, "2019-06-30": -28.3, "2019-03-31": 18.2, "2018-12-31": "0.40000", "2018-09-30": -24.4, "2018-06-30": -16.3, "2018-03-31": 8.9, "2017-12-31": "-6.40000", "2017-09-30": -11.8, "2017-06-30": -57.7, "2017-03-31": 6.5, "2016-12-31": "21.50000", "2016-09-30": -21, "2016-06-30": -3.8, "2016-03-31": -11.3, "2015-12-31": "4.30000", "2015-09-30": -33.8, "2015-06-30": 0.2, "2015-03-31": 13, "2014-12-31": "-9.70000", "2014-09-30": -20.5, "2014-06-30": 6.9, "2014-03-31": 5.9, "2013-12-31": "15.60000", "2013-09-30": -5.2, "2013-06-30": 0.673, "2013-03-31": 1.724, "2012-12-31": "6.90300", "2012-09-30": 11.055, "2012-06-30": -14.482, "2012-03-31": -0.957, "2011-12-31": "-6.61600", "2011-09-30": -29.251, "2011-06-30": 11.773, "2011-03-31": -6.118, "2010-12-31": "6.46500", "2010-09-30": -15.498, "2010-06-30": 2.374, "2010-03-31": -7.75, "2009-12-31": "0.66300", "2009-09-30": 18.431, "2009-06-30": 22.426, "2009-03-31": 10.928, "2008-12-31": "5.79600", "2008-09-30": -15.725, "2008-06-30": 0.376, "2008-03-31": -21.475, "2007-12-31": "-21.97700", "2007-09-30": -23.532, "2007-06-30": -13.55, "2007-03-31": -9.409, "2006-12-31": "1.12400", "2006-09-30": 1.699, "2006-06-30": 1.837, "2006-03-31": -8.652, "2005-12-31": "-4.42900", "2005-09-30": -3.692, "2005-06-30": -1.554, "2005-03-31": -4.064}, "Change In Inventories": {"2020-12-31": "-21.20000", "2020-09-30": 22.7, "2020-06-30": -14.7, "2020-03-31": -18.4, "2019-12-31": "-14.90000", "2019-09-30": 18.7, "2019-06-30": -27.7, "2019-03-31": -26.1, "2018-12-31": "-27.90000", "2018-09-30": -11.3, "2018-06-30": -11.8, "2018-03-31": -4.2, "2017-12-31": "-23.30000", "2017-09-30": 8.6, "2017-06-30": 8.8, "2017-03-31": -8.3, "2016-12-31": "-20.70000", "2016-09-30": 5.5, "2016-06-30": 4.4, "2016-03-31": 1.3, "2015-12-31": "-3.60000", "2015-09-30": 11, "2015-06-30": 3.9, "2015-03-31": 10.3, "2014-12-31": "18.70000", "2014-09-30": -2.5, "2014-06-30": -18.4, "2014-03-31": -9.7, "2013-12-31": "-14.10000", "2013-09-30": 13.1, "2013-06-30": 15.819, "2013-03-31": 2.285, "2012-12-31": "-6.00400", "2012-09-30": -3.241, "2012-06-30": 2.93, "2012-03-31": -0.415, "2011-12-31": "-11.47400", "2011-09-30": 2.573, "2011-06-30": -10.01, "2011-03-31": -12.025, "2010-12-31": "-12.69600", "2010-09-30": 5.975, "2010-06-30": 4.421, "2010-03-31": -2.684, "2009-12-31": "-12.95900", "2009-09-30": 0.836, "2009-06-30": -6.006, "2009-03-31": -0.459, "2008-12-31": "-8.70700", "2008-09-30": 9.008, "2008-06-30": -20.044, "2008-03-31": -7.204, "2007-12-31": "-10.76700", "2007-09-30": -10.106, "2007-06-30": 0.068, "2007-03-31": 6.689, "2006-12-31": "-4.64800", "2006-09-30": 0.882, "2006-06-30": -7.543, "2006-03-31": -11.368, "2005-12-31": "-4.99400", "2005-09-30": -2.846, "2005-06-30": -4.732, "2005-03-31": 3.197}, "Change In Accounts Payable": {"2020-12-31": "4.60000", "2020-09-30": 50.2, "2020-06-30": -7.2, "2020-03-31": 7.5, "2019-12-31": "-55.40000", "2019-09-30": 25.4, "2019-06-30": -3.7, "2019-03-31": -11.2, "2018-12-31": "-16.00000", "2018-09-30": 23.5, "2018-06-30": 9.9, "2018-03-31": -2.4, "2017-12-31": "-7.10000", "2017-09-30": 17.7, "2017-06-30": -28.8, "2017-03-31": 18.3, "2016-12-31": "-17.80000", "2016-09-30": 25.7, "2016-06-30": 12.8, "2016-03-31": 6.5, "2015-12-31": "-4.90000", "2015-09-30": 27.3, "2015-06-30": 16, "2015-03-31": 7, "2014-12-31": "-24.80000", "2014-09-30": 10.1, "2014-06-30": 14, "2014-03-31": -22.7, "2013-12-31": "10.40000", "2013-09-30": 8, "2013-06-30": -1.461, "2013-03-31": -2.31, "2012-12-31": "-10.62900", "2012-09-30": 11.955, "2012-06-30": -10.494, "2012-03-31": 2.838, "2011-12-31": "-0.49900", "2011-09-30": 10.95, "2011-06-30": -10.932, "2011-03-31": -4.057, "2010-12-31": "6.62800", "2010-09-30": 1.087, "2010-06-30": 2.937, "2010-03-31": 0.985, "2009-12-31": "2.14200", "2009-09-30": -3.247, "2009-06-30": -2.245, "2009-03-31": -1.922, "2008-12-31": "-5.46700", "2008-09-30": -1.054, "2008-06-30": -3.718, "2008-03-31": -1.712, "2007-12-31": "-3.70500", "2007-09-30": 4.212, "2007-06-30": 1.748, "2007-03-31": 5.443, "2006-12-31": "2.86200", "2006-09-30": -8.56, "2006-06-30": 6.56, "2006-03-31": 2.496, "2005-12-31": "3.44400", "2005-09-30": -1.578, "2005-06-30": 2.835, "2005-03-31": 2.366}, "Change In Assets/Liabilities": {"2020-12-31": "-28.80000", "2020-09-30": 13.3, "2020-06-30": 27.3, "2020-03-31": -298.9, "2019-12-31": "-12.90000", "2019-09-30": 16.3, "2019-06-30": -6.2, "2019-03-31": -3.2, "2018-12-31": "1.50000", "2018-09-30": -9.7, "2018-06-30": 15.1, "2018-03-31": 4.5, "2017-12-31": "-15.60000", "2017-09-30": -9.4, "2017-06-30": 18.6, "2017-03-31": 9.7, "2016-12-31": "-31.90000", "2016-09-30": 12.6, "2016-06-30": 5, "2016-03-31": -14.5, "2015-12-31": "-12.90000", "2015-09-30": 14.7, "2015-06-30": 2.4, "2015-03-31": 8.9, "2014-12-31": "-4.20000", "2014-09-30": 7.9, "2014-06-30": 5.6, "2014-03-31": 14.2, "2013-12-31": "4.70000", "2013-09-30": 2.7, "2013-06-30": 5.967, "2013-03-31": 12.953, "2012-12-31": "-7.42000", "2012-09-30": 69.927, "2012-06-30": 10.516, "2012-03-31": -1.226, "2011-12-31": "3.28300", "2011-09-30": -5.393, "2011-06-30": -3.538, "2011-03-31": 6.751, "2010-12-31": "1.22800", "2010-09-30": 0.157, "2010-06-30": 2.328, "2010-03-31": 8.4, "2009-12-31": "10.13400", "2009-09-30": 3.435, "2009-06-30": 5.013, "2009-03-31": 1.737, "2008-12-31": "8.87800", "2008-09-30": 10.816, "2008-06-30": -4.38, "2008-03-31": 2.756, "2007-12-31": "12.16800", "2007-09-30": 10.382, "2007-06-30": 5.617, "2007-03-31": -0.511, "2006-12-31": "1.44200", "2006-09-30": -4.194, "2006-06-30": 8.859, "2006-03-31": -3.415, "2005-12-31": "1.51500", "2005-09-30": 0.679, "2005-06-30": 0.72, "2005-03-31": 3.681}, "Total Change In Assets/Liabilities": {"2020-12-31": "-153.90000", "2020-09-30": -148.1, "2020-06-30": -16.4, "2020-03-31": -384.6, "2019-12-31": "-87.20000", "2019-09-30": 33.3, "2019-06-30": -45.8, "2019-03-31": -52.2, "2018-12-31": "-91.60000", "2018-09-30": 53, "2018-06-30": 18.7, "2018-03-31": -102.5, "2017-12-31": "4.60000", "2017-09-30": -32.3, "2017-06-30": -600.5, "2017-03-31": 564.7, "2016-12-31": "-35.10000", "2016-09-30": 36.5, "2016-06-30": 53.7, "2016-03-31": -28.6, "2015-12-31": "-5.20000", "2015-09-30": 32.8, "2015-06-30": 64.5, "2015-03-31": 3.8, "2014-12-31": "-2.60000", "2014-09-30": -18.4, "2014-06-30": 20.4, "2014-03-31": -72.5, "2013-12-31": "115.00000", "2013-09-30": -23, "2013-06-30": 118.497, "2013-03-31": -108.523, "2012-12-31": "77.52600", "2012-09-30": 14.206, "2012-06-30": -21.703, "2012-03-31": 39.357, "2011-12-31": "-3.66000", "2011-09-30": -0.198, "2011-06-30": 10.593, "2011-03-31": -30.334, "2010-12-31": "6.70200", "2010-09-30": 2.439, "2010-06-30": -12.266, "2010-03-31": 6.112, "2009-12-31": "2.30700", "2009-09-30": 40.166, "2009-06-30": 25.415, "2009-03-31": -2.678, "2008-12-31": "-6.16400", "2008-09-30": 8.364, "2008-06-30": 2.124, "2008-03-31": 8.212, "2007-12-31": "-35.52500", "2007-09-30": 11.728, "2007-06-30": 16.854, "2007-03-31": 2.521, "2006-12-31": "6.48600", "2006-09-30": -22.78, "2006-06-30": 10.405, "2006-03-31": -2.216, "2005-12-31": "-4.44000", "2005-09-30": -7.752, "2005-06-30": -0.213, "2005-03-31": 8.949}, "Cash Flow From Operating Activities": {"2020-12-31": "650.00000", "2020-09-30": 442, "2020-06-30": 223, "2020-03-31": 117.7, "2019-12-31": "113.90000", "2019-09-30": 247.7, "2019-06-30": 163.7, "2019-03-31": 133.5, "2018-12-31": "104.60000", "2018-09-30": 232.4, "2018-06-30": 234, "2018-03-31": 97.4, "2017-12-31": "169.10000", "2017-09-30": 166.6, "2017-06-30": -411.7, "2017-03-31": 83.8, "2016-12-31": "169.60000", "2016-09-30": 228.5, "2016-06-30": 247.4, "2016-03-31": 150.9, "2015-12-31": "171.40000", "2015-09-30": 243.2, "2015-06-30": 242.3, "2015-03-31": 157.8, "2014-12-31": "153.50000", "2014-09-30": 131.7, "2014-06-30": 158.4, "2014-03-31": 69, "2013-12-31": "149.30000", "2013-09-30": 78, "2013-06-30": 246.272, "2013-03-31": 14.503, "2012-12-31": "155.02500", "2012-09-30": 85.569, "2012-06-30": 71.796, "2012-03-31": 101.104, "2011-12-31": "111.73100", "2011-09-30": 118.909, "2011-06-30": 119.924, "2011-03-31": 81.87, "2010-12-31": "135.32100", "2010-09-30": 118.771, "2010-06-30": 117.282, "2010-03-31": 94.632, "2009-12-31": "126.02700", "2009-09-30": 153.022, "2009-06-30": 156.311, "2009-03-31": 120.872, "2008-12-31": "120.25100", "2008-09-30": 123.155, "2008-06-30": 90.045, "2008-03-31": 98.714, "2007-12-31": "50.30200", "2007-09-30": 36.387, "2007-06-30": 37.322, "2007-03-31": 49.075, "2006-12-31": "31.14300", "2006-09-30": -12.886, "2006-06-30": 26.32, "2006-03-31": 1.474, "2005-12-31": "1.60500", "2005-09-30": 11.92, "2005-06-30": 10.129, "2005-03-31": 23.129}, "Net Change In Property, Plant, And Equipment": {"2020-12-31": "-44.80000", "2020-09-30": -201, "2020-06-30": 107.7, "2020-03-31": -31.6, "2019-12-31": "-31.50000", "2019-09-30": -31.4, "2019-06-30": -25.8, "2019-03-31": -29.3, "2018-12-31": "-22.60000", "2018-09-30": -32.1, "2018-06-30": -24.7, "2018-03-31": -27, "2017-12-31": "-21.80000", "2017-09-30": -1898.6, "2017-06-30": 1840.8, "2017-03-31": -25.1, "2016-12-31": "-24.70000", "2016-09-30": -31.7, "2016-06-30": -21.1, "2016-03-31": -22, "2015-12-31": "-19.70000", "2015-09-30": -31.3, "2015-06-30": -18.4, "2015-03-31": -18.6, "2014-12-31": "-21.10000", "2014-09-30": -12.3, "2014-06-30": -20, "2014-03-31": -21.4, "2013-12-31": "-16.40000", "2013-09-30": -17.1, "2013-06-30": -26.157, "2013-03-31": -24.396, "2012-12-31": "-22.44700", "2012-09-30": -25.258, "2012-06-30": -19.885, "2012-03-31": -18.881, "2011-12-31": "-14.67600", "2011-09-30": -13.128, "2011-06-30": -14.848, "2011-03-31": -14.602, "2010-12-31": "-13.08500", "2010-09-30": -12.311, "2010-06-30": -11.718, "2010-03-31": -12.494, "2009-12-31": "-10.13500", "2009-09-30": -13.085, "2009-06-30": -17.924, "2009-03-31": -13.762, "2008-12-31": "-13.46300", "2008-09-30": -18.665, "2008-06-30": -20.975, "2008-03-31": -21.947, "2007-12-31": "-17.29800", "2007-09-30": -4.655, "2007-06-30": -7.532, "2007-03-31": -3.296, "2006-12-31": "-5.93000", "2006-09-30": -4.613, "2006-06-30": -3.56, "2006-03-31": -1.567, "2005-12-31": "-3.24900", "2005-09-30": -1.852, "2005-06-30": -1.12, "2005-03-31": -4.727}, "Net Change In Intangible Assets": {"2020-12-31": "", "2020-09-30": 0, "2020-06-30": 0, "2020-03-31": 0, "2019-12-31": "", "2019-09-30": 0, "2019-06-30": -4.5, "2019-03-31": 0, "2018-12-31": "", "2018-09-30": 0, "2018-06-30": 0, "2018-03-31": 0, "2017-12-31": "", "2017-09-30": 0, "2017-06-30": 0, "2017-03-31": 0, "2016-12-31": "", "2016-09-30": 4, "2016-06-30": 0, "2016-03-31": -4, "2015-12-31": "", "2015-09-30": 0, "2015-06-30": 0, "2015-03-31": 0, "2014-12-31": "", "2014-09-30": 0, "2014-06-30": 0, "2014-03-31": 0, "2013-12-31": "", "2013-09-30": 0, "2013-06-30": 0, "2013-03-31": 0, "2012-12-31": "60.00000", "2012-09-30": -4.5, "2012-06-30": 0, "2012-03-31": 12.5, "2011-12-31": "", "2011-09-30": 0, "2011-06-30": 0, "2011-03-31": 9.479, "2010-12-31": "0.75000", "2010-09-30": -1.25, "2010-06-30": 0.75, "2010-03-31": 70.75, "2009-12-31": "0.25000", "2009-09-30": 0.75, "2009-06-30": -5.25, "2009-03-31": 0.75, "2008-12-31": "-0.23800", "2008-09-30": 0, "2008-06-30": 3, "2008-03-31": 0, "2007-12-31": "", "2007-09-30": 0, "2007-06-30": 0, "2007-03-31": 0, "2006-12-31": "", "2006-09-30": 6.5, "2006-06-30": 0, "2006-03-31": 0, "2005-12-31": "-27.59400", "2005-09-30": 0, "2005-06-30": 0, "2005-03-31": 0}, "Net Acquisitions/Divestitures": {"2020-12-31": "-4.90000", "2020-09-30": 63.1, "2020-06-30": -142.7, "2020-03-31": 111.3, "2019-12-31": "-11.80000", "2019-09-30": -1.2, "2019-06-30": -0.8, "2019-03-31": -2, "2018-12-31": "-106.60000", "2018-09-30": -72.1, "2018-06-30": 0, "2018-03-31": -0.3, "2017-12-31": "-4.10000", "2017-09-30": 1785.8, "2017-06-30": -1872.5, "2017-03-31": 393.6, "2016-12-31": "", "2016-09-30": 0, "2016-06-30": 0, "2016-03-31": 0, "2015-12-31": "", "2015-09-30": 0, "2015-06-30": 0, "2015-03-31": 0, "2014-12-31": "", "2014-09-30": -2.4, "2014-06-30": 0, "2014-03-31": 0, "2013-12-31": "2.40000", "2013-09-30": -1.2, "2013-06-30": -2.324, "2013-03-31": 80.844, "2012-12-31": "-15.32000", "2012-09-30": -3762.416, "2012-06-30": 0, "2012-03-31": 0, "2011-12-31": "-9.78400", "2011-09-30": -7.806, "2011-06-30": -72.072, "2011-03-31": -117.728, "2010-12-31": "-18.53100", "2010-09-30": -83.193, "2010-06-30": 0, "2010-03-31": -2.164, "2009-12-31": "", "2009-09-30": 0, "2009-06-30": 0, "2009-03-31": 0.097, "2008-12-31": "-0.32600", "2008-09-30": -581.368, "2008-06-30": -0.958, "2008-03-31": -0.007, "2007-12-31": "-2027.00800", "2007-09-30": -29.926, "2007-06-30": 0, "2007-03-31": 0, "2006-12-31": "", "2006-09-30": -153.32, "2006-06-30": -18.508, "2006-03-31": 0, "2005-12-31": "", "2005-09-30": 0, "2005-06-30": 0, "2005-03-31": 0}, "Net Change In Short-term Investments": {"2020-12-31": "", "2020-09-30": 0, "2020-06-30": 0, "2020-03-31": 0, "2019-12-31": "", "2019-09-30": 0, "2019-06-30": 0, "2019-03-31": 0, "2018-12-31": "", "2018-09-30": 0, "2018-06-30": 0, "2018-03-31": 0, "2017-12-31": "", "2017-09-30": 0, "2017-06-30": 5.3, "2017-03-31": 81.4, "2016-12-31": "0.40000", "2016-09-30": 0, "2016-06-30": 0, "2016-03-31": 0, "2015-12-31": "31.10000", "2015-09-30": 0, "2015-06-30": 0, "2015-03-31": 0, "2014-12-31": "", "2014-09-30": 0, "2014-06-30": 0, "2014-03-31": 0, "2013-12-31": "", "2013-09-30": 0, "2013-06-30": 0, "2013-03-31": 0, "2012-12-31": "", "2012-09-30": 0, "2012-06-30": 0, "2012-03-31": 0, "2011-12-31": "", "2011-09-30": 0, "2011-06-30": 0, "2011-03-31": 0, "2010-12-31": "", "2010-09-30": 0, "2010-06-30": 0, "2010-03-31": 0, "2009-12-31": "", "2009-09-30": 0, "2009-06-30": 0, "2009-03-31": 0, "2008-12-31": "", "2008-09-30": 0, "2008-06-30": 0, "2008-03-31": 0, "2007-12-31": "", "2007-09-30": 0, "2007-06-30": 0, "2007-03-31": 0, "2006-12-31": "", "2006-09-30": 0, "2006-06-30": 0, "2006-03-31": 0, "2005-12-31": "", "2005-09-30": 0, "2005-06-30": 0, "2005-03-31": 0}, "Net Change In Long-Term Investments": {"2020-12-31": "", "2020-09-30": 0, "2020-06-30": 0, "2020-03-31": 0, "2019-12-31": "-2.40000", "2019-09-30": -18.2, "2019-06-30": 0, "2019-03-31": -3, "2018-12-31": "", "2018-09-30": 0, "2018-06-30": 0, "2018-03-31": -6, "2017-12-31": "", "2017-09-30": 0, "2017-06-30": 0, "2017-03-31": 0, "2016-12-31": "", "2016-09-30": 0, "2016-06-30": 0, "2016-03-31": 0, "2015-12-31": "", "2015-09-30": 2.3, "2015-06-30": 0, "2015-03-31": 1.3, "2014-12-31": "", "2014-09-30": 0, "2014-06-30": 3.8, "2014-03-31": 2.7, "2013-12-31": "", "2013-09-30": -0.1, "2013-06-30": 2.125, "2013-03-31": 0, "2012-12-31": "-7.62500", "2012-09-30": -0.05, "2012-06-30": 0, "2012-03-31": -0.1, "2011-12-31": "-0.15000", "2011-09-30": 0, "2011-06-30": 0, "2011-03-31": 0.051, "2010-12-31": "-5.47200", "2010-09-30": -5.396, "2010-06-30": 0.432, "2010-03-31": -0.35, "2009-12-31": "-0.12500", "2009-09-30": -5.472, "2009-06-30": -0.175, "2009-03-31": -0.225, "2008-12-31": "", "2008-09-30": -3.322, "2008-06-30": 0.936, "2008-03-31": 0, "2007-12-31": "2.37500", "2007-09-30": -4.322, "2007-06-30": 0, "2007-03-31": 2.15, "2006-12-31": "", "2006-09-30": 0, "2006-06-30": 0, "2006-03-31": 0, "2005-12-31": "", "2005-09-30": 0, "2005-06-30": 0, "2005-03-31": 0}, "Net Change In Investments - Total": {"2020-12-31": "", "2020-09-30": 0, "2020-06-30": 0, "2020-03-31": 0, "2019-12-31": "-2.40000", "2019-09-30": -18.2, "2019-06-30": 0, "2019-03-31": -3, "2018-12-31": "", "2018-09-30": 0, "2018-06-30": 0, "2018-03-31": -6, "2017-12-31": "", "2017-09-30": 0, "2017-06-30": 5.3, "2017-03-31": 81.4, "2016-12-31": "0.40000", "2016-09-30": 0, "2016-06-30": 0, "2016-03-31": 0, "2015-12-31": "31.10000", "2015-09-30": 2.3, "2015-06-30": 0, "2015-03-31": 1.3, "2014-12-31": "", "2014-09-30": 0, "2014-06-30": 3.8, "2014-03-31": 2.7, "2013-12-31": "", "2013-09-30": -0.1, "2013-06-30": 2.125, "2013-03-31": 0, "2012-12-31": "-7.62500", "2012-09-30": -0.05, "2012-06-30": 0, "2012-03-31": -0.1, "2011-12-31": "-0.15000", "2011-09-30": 0, "2011-06-30": 0, "2011-03-31": 0.051, "2010-12-31": "-5.47200", "2010-09-30": -5.396, "2010-06-30": 0.432, "2010-03-31": -0.35, "2009-12-31": "-0.12500", "2009-09-30": -5.472, "2009-06-30": -0.175, "2009-03-31": -0.225, "2008-12-31": "", "2008-09-30": -3.322, "2008-06-30": 0.936, "2008-03-31": 0, "2007-12-31": "2.37500", "2007-09-30": -4.322, "2007-06-30": 0, "2007-03-31": 2.15, "2006-12-31": "", "2006-09-30": 0, "2006-06-30": 0, "2006-03-31": 0, "2005-12-31": "", "2005-09-30": 0, "2005-06-30": 0, "2005-03-31": 0}, "Investing Activities - Other": {"2020-12-31": "-0.20000", "2020-09-30": 0, "2020-06-30": -1.3, "2020-03-31": -1.4, "2019-12-31": "", "2019-09-30": -30, "2019-06-30": -1.7, "2019-03-31": -2.1, "2018-12-31": "-1.50000", "2018-09-30": -3.3, "2018-06-30": -1.7, "2018-03-31": -1.8, "2017-12-31": "-0.30000", "2017-09-30": 5, "2017-06-30": -3.8, "2017-03-31": -0.9, "2016-12-31": "-0.90000", "2016-09-30": -4.6, "2016-06-30": -0.5, "2016-03-31": -0.8, "2015-12-31": "0.90000", "2015-09-30": -0.3, "2015-06-30": 0.6, "2015-03-31": 0.3, "2014-12-31": "-0.90000", "2014-09-30": -0.4, "2014-06-30": -1.1, "2014-03-31": -1.5, "2013-12-31": "-0.40000", "2013-09-30": -2.9, "2013-06-30": 0.351, "2013-03-31": -6.095, "2012-12-31": "1.14400", "2012-09-30": -6.652, "2012-06-30": -0.949, "2012-03-31": -0.008, "2011-12-31": "0.00900", "2011-09-30": 0.02, "2011-06-30": -0.007, "2011-03-31": 0.386, "2010-12-31": "0.00600", "2010-09-30": 5.227, "2010-06-30": 0.025, "2010-03-31": 0.038, "2009-12-31": "-5.31600", "2009-09-30": 5.317, "2009-06-30": 2.483, "2009-03-31": -2.248, "2008-12-31": "-2.83900", "2008-09-30": -0.306, "2008-06-30": 2, "2008-03-31": 41.97, "2007-12-31": "-35.49600", "2007-09-30": 3.072, "2007-06-30": -5.098, "2007-03-31": -0.157, "2006-12-31": "-4.21000", "2006-09-30": 19.645, "2006-06-30": -3.128, "2006-03-31": -1.741, "2005-12-31": "-0.84700", "2005-09-30": -0.08, "2005-06-30": -5.482, "2005-03-31": -1.038}, "Cash Flow From Investing Activities": {"2020-12-31": "-49.90000", "2020-09-30": -137.9, "2020-06-30": -36.3, "2020-03-31": 78.3, "2019-12-31": "-45.70000", "2019-09-30": -80.8, "2019-06-30": -32.8, "2019-03-31": -36.4, "2018-12-31": "-130.70000", "2018-09-30": -107.5, "2018-06-30": -26.4, "2018-03-31": -35.1, "2017-12-31": "-26.20000", "2017-09-30": -107.8, "2017-06-30": -30.2, "2017-03-31": 449, "2016-12-31": "-25.20000", "2016-09-30": -32.3, "2016-06-30": -21.6, "2016-03-31": -26.8, "2015-12-31": "12.30000", "2015-09-30": -29.3, "2015-06-30": -17.8, "2015-03-31": -17, "2014-12-31": "-22.00000", "2014-09-30": -15.1, "2014-06-30": -17.3, "2014-03-31": -20.2, "2013-12-31": "-14.40000", "2013-09-30": -21.3, "2013-06-30": -26.005, "2013-03-31": 50.353, "2012-12-31": "15.75200", "2012-09-30": -3798.876, "2012-06-30": -20.834, "2012-03-31": -6.489, "2011-12-31": "-24.60100", "2011-09-30": -20.914, "2011-06-30": -86.927, "2011-03-31": -122.414, "2010-12-31": "-36.33200", "2010-09-30": -96.923, "2010-06-30": -10.511, "2010-03-31": 55.78, "2009-12-31": "-15.32600", "2009-09-30": -12.49, "2009-06-30": -20.866, "2009-03-31": -15.388, "2008-12-31": "-16.86600", "2008-09-30": -603.661, "2008-06-30": -15.997, "2008-03-31": 20.016, "2007-12-31": "-2077.42700", "2007-09-30": -35.831, "2007-06-30": -12.63, "2007-03-31": -1.303, "2006-12-31": "-10.14000", "2006-09-30": -131.788, "2006-06-30": -25.196, "2006-03-31": -3.308, "2005-12-31": "-31.69000", "2005-09-30": -1.932, "2005-06-30": -6.602, "2005-03-31": -5.765}, "Net Long-Term Debt": {"2020-12-31": "-290.10000", "2020-09-30": -509.9, "2020-06-30": -9.7, "2020-03-31": 731.9, "2019-12-31": "-9.80000", "2019-09-30": -780.4, "2019-06-30": 694.5, "2019-03-31": -0.4001, "2018-12-31": "-180.39990", "2018-09-30": 46.9002, "2018-06-30": -168.2998, "2018-03-31": -18.3001, "2017-12-31": "-3.60010", "2017-09-30": 85.3, "2017-06-30": -163.3, "2017-03-31": -33.3, "2016-12-31": "-25.20000", "2016-09-30": -150.1, "2016-06-30": -193.7, "2016-03-31": -330.1, "2015-12-31": "-18.90000", "2015-09-30": -768.7, "2015-06-30": -17.4, "2015-03-31": -28.7, "2014-12-31": "-328.80000", "2014-09-30": -16.2, "2014-06-30": -16.3, "2014-03-31": -41.2, "2013-12-31": "-521.30000", "2013-09-30": -216.2, "2013-06-30": -16.3, "2013-03-31": -16.25, "2012-12-31": "-16.25000", "2012-09-30": 3476.3, "2012-06-30": 0, "2012-03-31": 0, "2011-12-31": "", "2011-09-30": -1.362, "2011-06-30": 0, "2011-03-31": 0, "2010-12-31": "", "2010-09-30": 0, "2010-06-30": 0, "2010-03-31": 0, "2009-12-31": "", "2009-09-30": 0, "2009-06-30": 0, "2009-03-31": 0, "2008-12-31": "", "2008-09-30": 0, "2008-06-30": 0, "2008-03-31": -0.024, "2007-12-31": "1688.99800", "2007-09-30": 0, "2007-06-30": 0, "2007-03-31": 0, "2006-12-31": "", "2006-09-30": 0, "2006-06-30": 0, "2006-03-31": 0, "2005-12-31": "", "2005-09-30": 0, "2005-06-30": 0, "2005-03-31": 0}, "Net Current Debt": {"2020-12-31": "", "2020-09-30": 250, "2020-06-30": -250, "2020-03-31": -16, "2019-12-31": "16.00000", "2019-09-30": 780, "2019-06-30": -780, "2019-03-31": 0, "2018-12-31": "", "2018-09-30": 0, "2018-06-30": 0, "2018-03-31": 0, "2017-12-31": "", "2017-09-30": 0, "2017-06-30": 0, "2017-03-31": 0, "2016-12-31": "", "2016-09-30": 50, "2016-06-30": 0, "2016-03-31": 0, "2015-12-31": "", "2015-09-30": 175, "2015-06-30": 0, "2015-03-31": 0, "2014-12-31": "", "2014-09-30": 0, "2014-06-30": 0, "2014-03-31": 0, "2013-12-31": "", "2013-09-30": 0, "2013-06-30": 0, "2013-03-31": 0, "2012-12-31": "", "2012-09-30": 0, "2012-06-30": 0, "2012-03-31": 0, "2011-12-31": "", "2011-09-30": 1.015, "2011-06-30": -0.342, "2011-03-31": -0.338, "2010-12-31": "-0.33500", "2010-09-30": -0.333, "2010-06-30": -47.296, "2010-03-31": -72.889, "2009-12-31": "-56.48600", "2009-09-30": -103.485, "2009-06-30": -108.515, "2009-03-31": -59.926, "2008-12-31": "-29.33200", "2008-09-30": 444.2239, "2008-06-30": -89.958, "2008-03-31": -209.0838, "2007-12-31": "244.01980", "2007-09-30": 1.087, "2007-06-30": -0.367, "2007-03-31": -38.309, "2006-12-31": "-16.40600", "2006-09-30": 52.703, "2006-06-30": -0.651, "2006-03-31": 0, "2005-12-31": "", "2005-09-30": -0.59, "2005-06-30": -0.118, "2005-03-31": -0.239}, "Debt Issuance/Retirement Net - Total": {"2020-12-31": "-290.10000", "2020-09-30": -259.9, "2020-06-30": -259.7, "2020-03-31": 715.9, "2019-12-31": "6.20000", "2019-09-30": -0.4, "2019-06-30": -85.5, "2019-03-31": -0.4001, "2018-12-31": "-180.39990", "2018-09-30": 46.9002, "2018-06-30": -168.2998, "2018-03-31": -18.3001, "2017-12-31": "-3.60010", "2017-09-30": 85.3, "2017-06-30": -163.3, "2017-03-31": -33.3, "2016-12-31": "-25.20000", "2016-09-30": -100.1, "2016-06-30": -193.7, "2016-03-31": -330.1, "2015-12-31": "-18.90000", "2015-09-30": -593.6999, "2015-06-30": -17.4, "2015-03-31": -28.7, "2014-12-31": "-328.80000", "2014-09-30": -16.2, "2014-06-30": -16.3, "2014-03-31": -41.2, "2013-12-31": "-521.30000", "2013-09-30": -216.2, "2013-06-30": -16.3, "2013-03-31": -16.25, "2012-12-31": "-16.25000", "2012-09-30": 3476.3, "2012-06-30": 0, "2012-03-31": 0, "2011-12-31": "", "2011-09-30": -0.347, "2011-06-30": -0.342, "2011-03-31": -0.338, "2010-12-31": "-0.33500", "2010-09-30": -0.333, "2010-06-30": -47.296, "2010-03-31": -72.889, "2009-12-31": "-56.48600", "2009-09-30": -103.485, "2009-06-30": -108.515, "2009-03-31": -59.926, "2008-12-31": "-29.33200", "2008-09-30": 444.224, "2008-06-30": -89.958, "2008-03-31": -209.108, "2007-12-31": "1933.01800", "2007-09-30": 1.087, "2007-06-30": -0.367, "2007-03-31": -38.309, "2006-12-31": "-16.40600", "2006-09-30": 52.703, "2006-06-30": -0.651, "2006-03-31": 0, "2005-12-31": "", "2005-09-30": -0.59, "2005-06-30": -0.118, "2005-03-31": -0.239}, "Net Common Equity Issued/Repurchased": {"2020-12-31": "-101.30000", "2020-09-30": -103.6, "2020-06-30": 18.2, "2020-03-31": -231, "2019-12-31": "-285.90000", "2019-09-30": 1.1, "2019-06-30": -42.9, "2019-03-31": 12.2, "2018-12-31": "-133.50000", "2018-09-30": -96.1, "2018-06-30": -88.8, "2018-03-31": -83.9, "2017-12-31": "9.50000", "2017-09-30": -262.3, "2017-06-30": 15.9, "2017-03-31": 13.4, "2016-12-31": "13.20000", "2016-09-30": -43.8, "2016-06-30": -105.7, "2016-03-31": -128, "2015-12-31": "11.10000", "2015-09-30": 6.7, "2015-06-30": 13, "2015-03-31": 22.2, "2014-12-31": "15.20000", "2014-09-30": -4.2, "2014-06-30": 22.1, "2014-03-31": 40.8, "2013-12-31": "12.90000", "2013-09-30": 11.6, "2013-06-30": 13.577, "2013-03-31": 24.846, "2012-12-31": "12.77700", "2012-09-30": 6.859, "2012-06-30": 1.352, "2012-03-31": 18.762, "2011-12-31": "1.62700", "2011-09-30": 1.326, "2011-06-30": 10.67, "2011-03-31": 10.464, "2010-12-31": "2.94400", "2010-09-30": 1.3, "2010-06-30": 1.071, "2010-03-31": 8.317, "2009-12-31": "1.90600", "2009-09-30": 8.776, "2009-06-30": 0.347, "2009-03-31": 1.096, "2008-12-31": "0.66800", "2008-09-30": 2.291, "2008-06-30": 6.386, "2008-03-31": 13.508, "2007-12-31": "148.82900", "2007-09-30": 0.218, "2007-06-30": 0.923, "2007-03-31": 7.564, "2006-12-31": "0.90400", "2006-09-30": 0.657, "2006-06-30": 0.366, "2006-03-31": 4.61, "2005-12-31": "5.00600", "2005-09-30": 2.364, "2005-06-30": 3.49, "2005-03-31": 10.014}, "Net Total Equity Issued/Repurchased": {"2020-12-31": "-101.30000", "2020-09-30": -103.6, "2020-06-30": 18.2, "2020-03-31": -231, "2019-12-31": "-285.90000", "2019-09-30": 1.1, "2019-06-30": -42.9, "2019-03-31": 12.2, "2018-12-31": "-133.50000", "2018-09-30": -96.1, "2018-06-30": -88.8, "2018-03-31": -83.9, "2017-12-31": "9.50000", "2017-09-30": -262.3, "2017-06-30": 15.9, "2017-03-31": 13.4, "2016-12-31": "13.20000", "2016-09-30": -43.8, "2016-06-30": -105.7, "2016-03-31": -128, "2015-12-31": "11.10000", "2015-09-30": 6.7, "2015-06-30": 13, "2015-03-31": 22.2, "2014-12-31": "15.20000", "2014-09-30": -4.2, "2014-06-30": 22.1, "2014-03-31": 40.8, "2013-12-31": "12.90000", "2013-09-30": 11.6, "2013-06-30": 13.577, "2013-03-31": 24.846, "2012-12-31": "12.77700", "2012-09-30": 6.859, "2012-06-30": 1.352, "2012-03-31": 18.762, "2011-12-31": "1.62700", "2011-09-30": 1.326, "2011-06-30": 10.67, "2011-03-31": 10.464, "2010-12-31": "2.94400", "2010-09-30": 1.3, "2010-06-30": 1.071, "2010-03-31": 8.317, "2009-12-31": "1.90600", "2009-09-30": 8.776, "2009-06-30": 0.347, "2009-03-31": 1.096, "2008-12-31": "0.66800", "2008-09-30": 2.291, "2008-06-30": 6.386, "2008-03-31": 13.508, "2007-12-31": "148.82900", "2007-09-30": 0.218, "2007-06-30": 0.923, "2007-03-31": 7.564, "2006-12-31": "0.90400", "2006-09-30": 0.657, "2006-06-30": 0.366, "2006-03-31": 4.61, "2005-12-31": "5.00600", "2005-09-30": 2.364, "2005-06-30": 3.49, "2005-03-31": 10.014}, "Total Common And Preferred Stock Dividends Paid": {"2020-12-31": "", "2020-09-30": 0, "2020-06-30": 0, "2020-03-31": 0, "2019-12-31": "", "2019-09-30": 0, "2019-06-30": 0, "2019-03-31": 0, "2018-12-31": "", "2018-09-30": 0, "2018-06-30": 0, "2018-03-31": 0, "2017-12-31": "", "2017-09-30": 0, "2017-06-30": 0, "2017-03-31": 0, "2016-12-31": "", "2016-09-30": 0, "2016-06-30": 0, "2016-03-31": 0, "2015-12-31": "", "2015-09-30": 0, "2015-06-30": 0, "2015-03-31": 0, "2014-12-31": "", "2014-09-30": 0, "2014-06-30": 0, "2014-03-31": 0, "2013-12-31": "", "2013-09-30": 0, "2013-06-30": 0, "2013-03-31": 0, "2012-12-31": "", "2012-09-30": 0, "2012-06-30": 0, "2012-03-31": 0, "2011-12-31": "", "2011-09-30": 0, "2011-06-30": 0, "2011-03-31": 0, "2010-12-31": "", "2010-09-30": 0, "2010-06-30": 0, "2010-03-31": 0, "2009-12-31": "", "2009-09-30": 0, "2009-06-30": 0, "2009-03-31": 0, "2008-12-31": "", "2008-09-30": 0, "2008-06-30": 0, "2008-03-31": 0, "2007-12-31": "", "2007-09-30": 0, "2007-06-30": 0, "2007-03-31": 0, "2006-12-31": "", "2006-09-30": 0, "2006-06-30": 0, "2006-03-31": 0, "2005-12-31": "", "2005-09-30": 0, "2005-06-30": 0, "2005-03-31": 0}, "Financial Activities - Other": {"2020-12-31": "-36.80000", "2020-09-30": 12.6, "2020-06-30": -0.2, "2020-03-31": -262.3, "2019-12-31": "-10.20000", "2019-09-30": 8.5, "2019-06-30": 23.9, "2019-03-31": -19.8, "2018-12-31": "-14.30000", "2018-09-30": 21.3, "2018-06-30": 15.6, "2018-03-31": -12.9, "2017-12-31": "-26.20000", "2017-09-30": 66.4, "2017-06-30": 34.3, "2017-03-31": -25.2, "2016-12-31": "-28.40000", "2016-09-30": 54.6, "2016-06-30": 199.5, "2016-03-31": -0.7, "2015-12-31": "-14.90000", "2015-09-30": -16.9, "2015-06-30": -6.8, "2015-03-31": -4.6, "2014-12-31": "-7.60000", "2014-09-30": 9.7, "2014-06-30": 1, "2014-03-31": -6.3, "2013-12-31": "-6.10000", "2013-09-30": 11.1, "2013-06-30": -2.713, "2013-03-31": -45.879, "2012-12-31": "-9.10800", "2012-09-30": -115.296, "2012-06-30": -0.989, "2012-03-31": -52.574, "2011-12-31": "-7.94100", "2011-09-30": 0.38, "2011-06-30": -2.941, "2011-03-31": -5.119, "2010-12-31": "-8.68800", "2010-09-30": 0.212, "2010-06-30": 0.222, "2010-03-31": 0.635, "2009-12-31": "-4.23400", "2009-09-30": 2.447, "2009-06-30": 0.075, "2009-03-31": -0.563, "2008-12-31": "-0.21200", "2008-09-30": 9.052, "2008-06-30": 31.837, "2008-03-31": 21, "2007-12-31": "", "2007-09-30": 5.695, "2007-06-30": 13.987, "2007-03-31": 0, "2006-12-31": "2.24400", "2006-09-30": 10.153, "2006-06-30": 1.116, "2006-03-31": 10.968, "2005-12-31": "5.67100", "2005-09-30": 0, "2005-06-30": 0, "2005-03-31": 0}, "Cash Flow From Financial Activities": {"2020-12-31": "-428.20000", "2020-09-30": -350.9, "2020-06-30": -241.7, "2020-03-31": 222.6, "2019-12-31": "-289.90000", "2019-09-30": 9.2, "2019-06-30": -104.5, "2019-03-31": -8, "2018-12-31": "-328.20000", "2018-09-30": -27.9, "2018-06-30": -241.5, "2018-03-31": -115.1, "2017-12-31": "-20.30000", "2017-09-30": -110.6, "2017-06-30": -113.1, "2017-03-31": -45.1, "2016-12-31": "-40.40000", "2016-09-30": -89.3, "2016-06-30": -99.9, "2016-03-31": -458.8, "2015-12-31": "-22.70000", "2015-09-30": -603.9, "2015-06-30": -11.2, "2015-03-31": -11.1, "2014-12-31": "-321.20000", "2014-09-30": -10.7, "2014-06-30": 6.8, "2014-03-31": -6.7, "2013-12-31": "-514.50000", "2013-09-30": -193.5, "2013-06-30": -5.436, "2013-03-31": -37.283, "2012-12-31": "-12.58100", "2012-09-30": 3367.863, "2012-06-30": 0.363, "2012-03-31": -33.812, "2011-12-31": "-6.31400", "2011-09-30": 1.359, "2011-06-30": 7.387, "2011-03-31": 5.007, "2010-12-31": "-6.07900", "2010-09-30": 1.179, "2010-06-30": -46.003, "2010-03-31": -63.937, "2009-12-31": "-58.81400", "2009-09-30": -92.262, "2009-06-30": -108.093, "2009-03-31": -59.393, "2008-12-31": "-28.87600", "2008-09-30": 455.567, "2008-06-30": -51.735, "2008-03-31": -174.6, "2007-12-31": "2081.84700", "2007-09-30": 7, "2007-06-30": 14.543, "2007-03-31": -30.745, "2006-12-31": "-13.25800", "2006-09-30": 63.513, "2006-06-30": 0.831, "2006-03-31": 15.578, "2005-12-31": "10.67700", "2005-09-30": 1.774, "2005-06-30": 3.372, "2005-03-31": 9.775}, "Net Cash Flow": {"2020-12-31": "167.70000", "2020-09-30": -43.2, "2020-06-30": -55.6, "2020-03-31": 418.3, "2019-12-31": "-220.30000", "2019-09-30": 173.9, "2019-06-30": 26.9, "2019-03-31": 89.9, "2018-12-31": "-355.60000", "2018-09-30": 91.3, "2018-06-30": -38.8, "2018-03-31": -50.2, "2017-12-31": "123.80000", "2017-09-30": -47.8, "2017-06-30": -546.2, "2017-03-31": 488.6, "2016-12-31": "97.60000", "2016-09-30": 106.9, "2016-06-30": 125.2, "2016-03-31": -334, "2015-12-31": "159.00000", "2015-09-30": -393.7, "2015-06-30": 214.5, "2015-03-31": 126.5, "2014-12-31": "-192.10000", "2014-09-30": 103.6, "2014-06-30": 148, "2014-03-31": 42, "2013-12-31": "-380.00000", "2013-09-30": -135.9, "2013-06-30": 213.434, "2013-03-31": 26.525, "2012-12-31": "158.04100", "2012-09-30": -344.65, "2012-06-30": 50.521, "2012-03-31": 61.479, "2011-12-31": "80.75000", "2011-09-30": 98.531, "2011-06-30": 40.883, "2011-03-31": -35.118, "2010-12-31": "92.41100", "2010-09-30": 24.257, "2010-06-30": 60.053, "2010-03-31": 86.273, "2009-12-31": "51.85600", "2009-09-30": 49.465, "2009-06-30": 26.493, "2009-03-31": 45.749, "2008-12-31": "75.81800", "2008-09-30": -24.202, "2008-06-30": 22.06, "2008-03-31": -56.86, "2007-12-31": "54.26000", "2007-09-30": 6.603, "2007-06-30": 39.299, "2007-03-31": 17.192, "2006-12-31": "7.38600", "2006-09-30": -80.217, "2006-06-30": 1.855, "2006-03-31": 13.771, "2005-12-31": "-19.48000", "2005-09-30": 11.747, "2005-06-30": 6.556, "2005-03-31": 27.356}, "Stock-Based Compensation": {"2020-12-31": "18.60000", "2020-09-30": 29.6, "2020-06-30": 19.9, "2020-03-31": 15.7, "2019-12-31": "18.10000", "2019-09-30": 13.5, "2019-06-30": 13.9, "2019-03-31": 17.5, "2018-12-31": "17.10000", "2018-09-30": 11.9, "2018-06-30": 17.2, "2018-03-31": 19.5, "2017-12-31": "16.40000", "2017-09-30": 14.8, "2017-06-30": 14.4, "2017-03-31": 19.8, "2016-12-31": "19.20000", "2016-09-30": 20.3, "2016-06-30": 14.5, "2016-03-31": 14.7, "2015-12-31": "15.90000", "2015-09-30": 17.1, "2015-06-30": 16.4, "2015-03-31": 13.7, "2014-12-31": "12.10000", "2014-09-30": 10.9, "2014-06-30": 13, "2014-03-31": 12.4, "2013-12-31": "13.70000", "2013-09-30": 10.4, "2013-06-30": 10.821, "2013-03-31": 19.013, "2012-12-31": "12.06600", "2012-09-30": 14.24, "2012-06-30": 8.754, "2012-03-31": 8.949, "2011-12-31": "8.65700", "2011-09-30": 8.227, "2011-06-30": 7.779, "2011-03-31": 8.768, "2010-12-31": "10.69800", "2010-09-30": 9.636, "2010-06-30": 7.949, "2010-03-31": 8.454, "2009-12-31": "8.12100", "2009-09-30": 8.586, "2009-06-30": 8.01, "2009-03-31": 8.873, "2008-12-31": "7.47000", "2008-09-30": 6.176, "2008-06-30": 7.393, "2008-03-31": 4.903, "2007-12-31": "7.19200", "2007-09-30": 1.413, "2007-06-30": 1.587, "2007-03-31": 1.588, "2006-12-31": "1.51600", "2006-09-30": 1.512, "2006-06-30": 1.034, "2006-03-31": 0.738, "2005-12-31": "0.66700", "2005-09-30": 0, "2005-06-30": 0, "2005-03-31": 0}, "Common Stock Dividends Paid": {"2020-12-31": "", "2020-09-30": 0, "2020-06-30": 0, "2020-03-31": 0, "2019-12-31": "", "2019-09-30": 0, "2019-06-30": 0, "2019-03-31": 0, "2018-12-31": "", "2018-09-30": 0, "2018-06-30": 0, "2018-03-31": 0, "2017-12-31": "", "2017-09-30": 0, "2017-06-30": 0, "2017-03-31": 0, "2016-12-31": "", "2016-09-30": 0, "2016-06-30": 0, "2016-03-31": 0, "2015-12-31": "", "2015-09-30": 0, "2015-06-30": 0, "2015-03-31": 0, "2014-12-31": "", "2014-09-30": 0, "2014-06-30": 0, "2014-03-31": 0, "2013-12-31": "", "2013-09-30": 0, "2013-06-30": 0, "2013-03-31": 0, "2012-12-31": "", "2012-09-30": 0, "2012-06-30": 0, "2012-03-31": 0, "2011-12-31": "", "2011-09-30": 0, "2011-06-30": 0, "2011-03-31": 0, "2010-12-31": "", "2010-09-30": 0, "2010-06-30": 0, "2010-03-31": 0, "2009-12-31": "", "2009-09-30": 0, "2009-06-30": 0, "2009-03-31": 0, "2008-12-31": "", "2008-09-30": 0, "2008-06-30": 0, "2008-03-31": 0, "2007-12-31": "", "2007-09-30": 0, "2007-06-30": 0, "2007-03-31": 0, "2006-12-31": "", "2006-09-30": 0, "2006-06-30": 0, "2006-03-31": 0, "2005-12-31": "", "2005-09-30": 0, "2005-06-30": 0, "2005-03-31": 0}}, "financial ratios": {"Current Ratio": {"2020-09-30": "1.79320", "2019-09-30": "1.67560", "2018-09-30": "1.22860", "2017-09-30": "0.79260", "2016-09-30": "1.47090", "2015-09-30": "1.34170", "2014-09-30": "2.52710", "2013-09-30": "1.49230", "2012-09-30": "2.36340", "2011-09-30": "2.63600", "2010-09-30": "2.48670", "2009-09-30": "2.48600", "2008-09-30": "2.03470", "2007-09-30": "2.23490", "2006-09-30": "1.74160", "2005-09-30": "4.09570"}, "Long-term Debt / Capital": {"2020-09-30": "0.50220", "2019-09-30": "0.56980", "2018-09-30": "0.52880", "2017-09-30": "0.44080", "2016-09-30": "0.58730", "2015-09-30": "0.60770", "2014-09-30": "0.66810", "2013-09-30": "0.68600", "2012-09-30": "0.62670", "2011-09-30": "0.33640", "2010-09-30": "0.34910", "2009-09-30": "0.35710", "2008-09-30": "0.31780", "2007-09-30": "0.01130", "2006-09-30": "0.01010", "2005-09-30": ""}, "Debt/Equity Ratio": {"2020-09-30": "1.12960", "2019-09-30": "1.45390", "2018-09-30": "1.36980", "2017-09-30": "1.20200", "2016-09-30": "1.56130", "2015-09-30": "1.73730", "2014-09-30": "2.06870", "2013-09-30": "2.47540", "2012-09-30": "1.70060", "2011-09-30": "0.50690", "2010-09-30": "0.53670", "2009-09-30": "0.56940", "2008-09-30": "0.47410", "2007-09-30": "0.01390", "2006-09-30": "0.10580", "2005-09-30": ""}, "Gross Margin": {"2020-09-30": "58.98480", "2019-09-30": "34.77270", "2018-09-30": "52.72690", "2017-09-30": "52.99460", "2016-09-30": "55.18760", "2015-09-30": "52.96490", "2014-09-30": "49.21560", "2013-09-30": "46.59950", "2012-09-30": "49.65550", "2011-09-30": "51.59310", "2010-09-30": "43.85920", "2009-09-30": "52.37730", "2008-09-30": "53.30060", "2007-09-30": "46.76920", "2006-09-30": "41.77940", "2005-09-30": "38.97120"}, "Operating Margin": {"2020-09-30": "29.26070", "2019-09-30": "-3.67650", "2018-09-30": "-7.39300", "2017-09-30": "44.79530", "2016-09-30": "19.36670", "2015-09-30": "16.82440", "2014-09-30": "11.05230", "2013-09-30": "-36.36000", "2012-09-30": "5.67760", "2011-09-30": "20.92630", "2010-09-30": "4.16400", "2009-09-30": "-123.18320", "2008-09-30": "-11.79710", "2007-09-30": "20.01060", "2006-09-30": "10.87990", "2005-09-30": "11.34270"}, "EBIT Margin": {"2020-09-30": "29.26070", "2019-09-30": "-3.67650", "2018-09-30": "-7.39300", "2017-09-30": "44.79530", "2016-09-30": "19.36670", "2015-09-30": "16.82440", "2014-09-30": "11.05230", "2013-09-30": "-36.36000", "2012-09-30": "5.67760", "2011-09-30": "20.92630", "2010-09-30": "4.16400", "2009-09-30": "-123.18320", "2008-09-30": "-11.79710", "2007-09-30": "20.01060", "2006-09-30": "10.87990", "2005-09-30": "11.34270"}, "EBITDA Margin": {"2020-09-30": "39.21720", "2019-09-30": "10.07630", "2018-09-30": "7.53290", "2017-09-30": "59.48080", "2016-09-30": "35.79620", "2015-09-30": "34.99080", "2014-09-30": "31.72640", "2013-09-30": "29.17790", "2012-09-30": "23.23480", "2011-09-30": "37.95690", "2010-09-30": "26.28250", "2009-09-30": "36.48280", "2008-09-30": "-1.46860", "2007-09-30": "24.23100", "2006-09-30": "14.36670", "2005-09-30": "13.97540"}, "Pre-Tax Profit Margin": {"2020-09-30": "26.53060", "2019-09-30": "-7.65300", "2018-09-30": "-13.00850", "2017-09-30": "40.22820", "2016-09-30": "14.66090", "2015-09-30": "6.55080", "2014-09-30": "1.90070", "2013-09-30": "-47.86340", "2012-09-30": "-3.08100", "2011-09-30": "12.70780", "2010-09-30": "-3.27410", "2009-09-30": "-131.57930", "2008-09-30": "-19.54450", "2007-09-30": "20.11040", "2006-09-30": "11.50320", "2005-09-30": "12.06010"}, "Net Profit Margin": {"2020-09-30": "29.53080", "2019-09-30": "-6.04640", "2018-09-30": "-3.45880", "2017-09-30": "24.69920", "2016-09-30": "11.67790", "2015-09-30": "4.86510", "2014-09-30": "0.68360", "2013-09-30": "-47.05690", "2012-09-30": "-3.67520", "2011-09-30": "8.78250", "2010-09-30": "-3.73990", "2009-09-30": "-135.39770", "2008-09-30": "-24.81870", "2007-09-30": "12.80910", "2006-09-30": "5.92700", "2005-09-30": "9.82190"}, "Asset Turnover": {"2020-09-30": "0.52480", "2019-09-30": "0.52270", "2018-09-30": "0.44500", "2017-09-30": "0.38330", "2016-09-30": "0.38710", "2015-09-30": "0.35390", "2014-09-30": "0.30070", "2013-09-30": "0.27690", "2012-09-30": "0.19110", "2011-09-30": "0.29780", "2010-09-30": "0.29850", "2009-09-30": "0.28800", "2008-09-30": "0.20580", "2007-09-30": "0.69240", "2006-09-30": "0.54040", "2005-09-30": "1.02800"}, "Inventory Turnover Ratio": {"2020-09-30": "3.92030", "2019-09-30": "4.93680", "2018-09-30": "3.96040", "2017-09-30": "4.33590", "2016-09-30": "4.62100", "2015-09-30": "4.49420", "2014-09-30": "3.88750", "2013-09-30": "4.59880", "2012-09-30": "2.74570", "2011-09-30": "3.75710", "2010-09-30": "4.89870", "2009-09-30": "4.33410", "2008-09-30": "4.47700", "2007-09-30": "3.73300", "2006-09-30": "2.88170", "2005-09-30": "3.94360"}, "Receiveable Turnover": {"2020-09-30": "3.53690", "2019-09-30": "4.92580", "2018-09-30": "5.26750", "2017-09-30": "5.50240", "2016-09-30": "6.10630", "2015-09-30": "6.17860", "2014-09-30": "6.04850", "2013-09-30": "5.48960", "2012-09-30": "4.17920", "2011-09-30": "5.44190", "2010-09-30": "5.85110", "2009-09-30": "6.21530", "2008-09-30": "4.93810", "2007-09-30": "4.83210", "2006-09-30": "4.26170", "2005-09-30": "4.98220"}, "Days Sales In Receivables": {"2020-09-30": "103.19630", "2019-09-30": "74.09910", "2018-09-30": "69.29320", "2017-09-30": "66.33430", "2016-09-30": "59.77460", "2015-09-30": "59.07470", "2014-09-30": "60.34540", "2013-09-30": "66.48880", "2012-09-30": "87.33650", "2011-09-30": "67.07220", "2010-09-30": "62.38100", "2009-09-30": "58.72590", "2008-09-30": "73.91470", "2007-09-30": "75.53610", "2006-09-30": "85.64580", "2005-09-30": "73.26040"}, "ROE - Return On Equity": {"2020-09-30": "41.01870", "2019-09-30": "-9.62330", "2018-09-30": "-4.58250", "2017-09-30": "27.13040", "2016-09-30": "15.43850", "2015-09-30": "6.32940", "2014-09-30": "0.83860", "2013-09-30": "-60.40690", "2012-09-30": "-2.48560", "2011-09-30": "5.35090", "2010-09-30": "-2.32770", "2009-09-30": "-81.31550", "2008-09-30": "-8.95230", "2007-09-30": "11.73830", "2006-09-30": "4.52710", "2005-09-30": "12.97140"}, "Return On Tangible Equity": {"2020-09-30": "-88.26800", "2019-09-30": "10.67200", "2018-09-30": "4.44670", "2017-09-30": "-23.91730", "2016-09-30": "-10.01270", "2015-09-30": "-3.50730", "2014-09-30": "-0.41370", "2013-09-30": "24.53710", "2012-09-30": "1.39310", "2011-09-30": "-10.88110", "2010-09-30": "4.10750", "2009-09-30": "122.76820", "2008-09-30": "17.04710", "2007-09-30": "42.25360", "2006-09-30": "25.97070", "2005-09-30": "13.69080"}, "ROA - Return On Assets": {"2020-09-30": "15.43260", "2019-09-30": "-3.16050", "2018-09-30": "-1.53920", "2017-09-30": "9.46790", "2016-09-30": "4.52100", "2015-09-30": "1.72200", "2014-09-30": "0.20560", "2013-09-30": "-13.03000", "2012-09-30": "-0.70250", "2011-09-30": "2.61530", "2010-09-30": "-1.11650", "2009-09-30": "-38.99640", "2008-09-30": "-5.10890", "2007-09-30": "8.86930", "2006-09-30": "3.20290", "2005-09-30": "10.09720"}, "ROI - Return On Investment": {"2020-09-30": "20.41890", "2019-09-30": "-4.13950", "2018-09-30": "-2.15940", "2017-09-30": "15.17220", "2016-09-30": "6.37120", "2015-09-30": "2.48290", "2014-09-30": "0.27830", "2013-09-30": "-18.96630", "2012-09-30": "-0.92790", "2011-09-30": "3.55100", "2010-09-30": "-1.51520", "2009-09-30": "-52.28110", "2008-09-30": "-6.10740", "2007-09-30": "11.60550", "2006-09-30": "4.48150", "2005-09-30": "12.97140"}, "Book Value Per Share": {"2020-09-30": "10.51390", "2019-09-30": "7.90370", "2018-09-30": "8.99260", "2017-09-30": "10.11540", "2016-09-30": "7.71520", "2015-09-30": "7.36010", "2014-09-30": "7.42160", "2013-09-30": "7.14270", "2012-09-30": "11.15620", "2011-09-30": "11.19930", "2010-09-30": "10.40830", "2009-09-30": "10.57710", "2008-09-30": "18.12260", "2007-09-30": "7.31900", "2006-09-30": "5.76300", "2005-09-30": "2.45890"}, "Operating Cash Flow Per Share": {"2020-09-30": 0.9775, "2019-09-30": -0.2533, "2018-09-30": 2.635, "2017-09-30": -2.7603, "2016-09-30": 0.0374, "2015-09-30": 0.9256, "2014-09-30": -0.0113, "2013-09-30": 0.4356, "2012-09-30": -0.3233, "2011-09-30": -0.0397, "2010-09-30": -0.3806, "2009-09-30": 0.6731, "2008-09-30": 0.069, "2007-09-30": 1.2338, "2006-09-30": -0.3308, "2005-09-30": 0.5006}, "Free Cash Flow Per Share": {"2020-09-30": 0.7915, "2019-09-30": -0.2744, "2018-09-30": 2.6278, "2017-09-30": -2.8067, "2016-09-30": 0.0159, "2015-09-30": 0.8686, "2014-09-30": 0.0722, "2013-09-30": 0.3984, "2012-09-30": -0.4108, "2011-09-30": -0.07, "2010-09-30": -0.3339, "2009-09-30": 0.7668, "2008-09-30": -0.0564, "2007-09-30": 1.1721, "2006-09-30": -0.3791, "2005-09-30": 0.4153}}, "financial ratios, quarterly": {"Current Ratio": {"2020-12-31": "2.45860", "2020-09-30": "1.79320", "2020-06-30": "1.47340", "2020-03-31": "1.30770", "2019-12-31": "1.56960", "2019-09-30": "1.67560", "2019-06-30": "1.56800", "2019-03-31": "1.44570", "2018-12-31": "1.30080", "2018-09-30": "1.22860", "2018-06-30": "1.29160", "2018-03-31": "1.25820", "2017-12-31": "1.25080", "2017-09-30": "0.79260", "2017-06-30": "0.84730", "2017-03-31": "0.86380", "2016-12-31": "1.81150", "2016-09-30": "1.47090", "2016-06-30": "1.33950", "2016-03-31": "1.29920", "2015-12-31": "1.51590", "2015-09-30": "1.34170", "2015-06-30": "1.36970", "2015-03-31": "1.35630", "2014-12-31": "2.19910", "2014-09-30": "2.52710", "2014-06-30": "2.39570", "2014-03-31": "2.29630", "2013-12-31": "1.95290", "2013-09-30": "1.49230", "2013-06-30": "1.39110", "2013-03-31": "1.59090", "2012-12-31": "1.06990", "2012-09-30": "2.36340", "2012-06-30": "2.75530", "2012-03-31": "2.51090", "2011-12-31": "2.80860", "2011-09-30": "2.63600", "2011-06-30": "2.58550", "2011-03-31": "2.84900", "2010-12-31": "2.71700", "2010-09-30": "2.48670", "2010-06-30": "2.66180", "2010-03-31": "2.24480", "2009-12-31": "2.59830", "2009-09-30": "2.48600", "2009-06-30": "2.67870", "2009-03-31": "2.58860", "2008-12-31": "2.36750", "2008-09-30": "2.03470", "2008-06-30": "2.28830", "2008-03-31": "2.39660", "2007-12-31": "3.00670", "2007-09-30": "2.23490", "2007-06-30": "2.11550", "2007-03-31": "2.27440", "2006-12-31": "1.81440", "2006-09-30": "1.74160", "2006-06-30": "2.89070", "2006-03-31": "3.91350", "2005-12-31": "3.66560", "2005-09-30": "4.09570", "2005-06-30": "3.41160", "2005-03-31": "3.60100"}, "Long-term Debt / Capital": {"2020-12-31": "0.45290", "2020-09-30": "0.50220", "2020-06-30": "0.54900", "2020-03-31": "0.56960", "2019-12-31": "0.55260", "2019-09-30": "0.56980", "2019-06-30": "0.55910", "2019-03-31": "0.56630", "2018-12-31": "0.54150", "2018-09-30": "0.52880", "2018-06-30": "0.52830", "2018-03-31": "0.53030", "2017-12-31": "0.46530", "2017-09-30": "0.44080", "2017-06-30": "0.43770", "2017-03-31": "0.44660", "2016-12-31": "0.53990", "2016-09-30": "0.58730", "2016-06-30": "0.60190", "2016-03-31": "0.60240", "2015-12-31": "0.59920", "2015-09-30": "0.60770", "2015-06-30": "0.59380", "2015-03-31": "0.60760", "2014-12-31": "0.64470", "2014-09-30": "0.66810", "2014-06-30": "0.67240", "2014-03-31": "0.67880", "2013-12-31": "0.68410", "2013-09-30": "0.68600", "2013-06-30": "0.59200", "2013-03-31": "0.60350", "2012-12-31": "0.58670", "2012-09-30": "0.62670", "2012-06-30": "0.33920", "2012-03-31": "0.33880", "2011-12-31": "0.33720", "2011-09-30": "0.33640", "2011-06-30": "0.33560", "2011-03-31": "0.33710", "2010-12-31": "0.34240", "2010-09-30": "0.34910", "2010-06-30": "0.33620", "2010-03-31": "0.33580", "2009-12-31": "0.34960", "2009-09-30": "0.35710", "2009-06-30": "0.44660", "2009-03-31": "0.46420", "2008-12-31": "0.31250", "2008-09-30": "0.31780", "2008-06-30": "0.26650", "2008-03-31": "0.28020", "2007-12-31": "0.30610", "2007-09-30": "0.01130", "2007-06-30": "0.01000", "2007-03-31": "0.01060", "2006-12-31": "0.00920", "2006-09-30": "0.01010", "2006-06-30": "0.02730", "2006-03-31": "", "2005-12-31": "", "2005-09-30": "", "2005-06-30": "0.00060", "2005-03-31": "0.00130"}, "Debt/Equity Ratio": {"2020-12-31": "0.85140", "2020-09-30": "1.12960", "2020-06-30": "1.46840", "2020-03-31": "1.70980", "2019-12-31": "1.36960", "2019-09-30": "1.45390", "2019-06-30": "1.38730", "2019-03-31": "1.45020", "2018-12-31": "1.31540", "2018-09-30": "1.36980", "2018-06-30": "1.33500", "2018-03-31": "1.37970", "2017-12-31": "1.05000", "2017-09-30": "1.20200", "2017-06-30": "1.13260", "2017-03-31": "1.18280", "2016-12-31": "1.49100", "2016-09-30": "1.56130", "2016-06-30": "1.67530", "2016-03-31": "1.66590", "2015-12-31": "1.67680", "2015-09-30": "1.73730", "2015-06-30": "1.76220", "2015-03-31": "1.81670", "2014-12-31": "1.88110", "2014-09-30": "2.06870", "2014-06-30": "2.10230", "2014-03-31": "2.15820", "2013-12-31": "2.20540", "2013-09-30": "2.47540", "2013-06-30": "1.67010", "2013-03-31": "1.67350", "2012-12-31": "1.68750", "2012-09-30": "1.70060", "2012-06-30": "0.51330", "2012-03-31": "0.51250", "2011-12-31": "0.50870", "2011-09-30": "0.50690", "2011-06-30": "0.50530", "2011-03-31": "0.50870", "2010-12-31": "0.52110", "2010-09-30": "0.53670", "2010-06-30": "0.50700", "2010-03-31": "0.52290", "2009-12-31": "0.54890", "2009-09-30": "0.56940", "2009-06-30": "0.81730", "2009-03-31": "0.88060", "2008-12-31": "0.46230", "2008-09-30": "0.47410", "2008-06-30": "0.36380", "2008-03-31": "0.38980", "2007-12-31": "0.44180", "2007-09-30": "0.01390", "2007-06-30": "0.01370", "2007-03-31": "0.01340", "2006-12-31": "0.07510", "2006-09-30": "0.10580", "2006-06-30": "0.03800", "2006-03-31": "", "2005-12-31": "", "2005-09-30": "", "2005-06-30": "0.00300", "2005-03-31": "0.00380"}, "Gross Margin": {"2020-12-31": "73.32590", "2020-09-30": "69.18110", "2020-06-30": "56.64110", "2020-03-31": "52.34760", "2019-12-31": "51.00530", "2019-09-30": "28.82880", "2019-06-30": "52.18210", "2019-03-31": "5.18080", "2018-12-31": "52.25710", "2018-09-30": "51.76400", "2018-06-30": "52.91260", "2018-03-31": "52.59090", "2017-12-31": "53.65950", "2017-09-30": "52.04880", "2017-06-30": "50.81260", "2017-03-31": "54.33320", "2016-12-31": "55.11980", "2016-09-30": "55.87510", "2016-06-30": "54.79510", "2016-03-31": "55.53150", "2015-12-31": "54.53110", "2015-09-30": "53.98410", "2015-06-30": "54.57560", "2015-03-31": "51.25860", "2014-12-31": "51.86890", "2014-09-30": "52.22530", "2014-06-30": "49.44670", "2014-03-31": "45.13600", "2013-12-31": "49.89390", "2013-09-30": "46.70730", "2013-06-30": "49.48090", "2013-03-31": "45.59210", "2012-12-31": "44.61360", "2012-09-30": "46.60700", "2012-06-30": "52.02580", "2012-03-31": "47.98960", "2011-12-31": "52.75320", "2011-09-30": "52.07190", "2011-06-30": "51.99960", "2011-03-31": "50.31040", "2010-12-31": "51.95310", "2010-09-30": "22.56950", "2010-06-30": "49.89130", "2010-03-31": "51.09610", "2009-12-31": "52.47810", "2009-09-30": "51.34680", "2009-06-30": "52.37770", "2009-03-31": "52.13100", "2008-12-31": "53.57440", "2008-09-30": "54.29930", "2008-06-30": "56.98900", "2008-03-31": "55.59430", "2007-12-31": "45.18440", "2007-09-30": "48.14010", "2007-06-30": "47.03690", "2007-03-31": "46.11570", "2006-12-31": "45.47890", "2006-09-30": "42.14500", "2006-06-30": "41.49230", "2006-03-31": "42.01520", "2005-12-31": "41.25930", "2005-09-30": "39.68780", "2005-06-30": "40.63310", "2005-03-31": "38.66860"}, "Operating Margin": {"2020-12-31": "55.00680", "2020-09-30": "46.98200", "2020-06-30": "23.21060", "2020-03-31": "20.68510", "2019-12-31": "14.67370", "2019-09-30": "-9.97920", "2019-06-30": "17.04600", "2019-03-31": "-39.49170", "2018-12-31": "16.91350", "2018-09-30": "12.18190", "2018-06-30": "16.15290", "2018-03-31": "-76.54890", "2017-12-31": "16.95110", "2017-09-30": "13.62560", "2017-06-30": "14.26620", "2017-03-31": "139.75400", "2016-12-31": "19.88020", "2016-09-30": "20.22560", "2016-06-30": "19.43130", "2016-03-31": "19.63080", "2015-12-31": "18.13870", "2015-09-30": "17.89990", "2015-06-30": "16.71710", "2015-03-31": "16.75060", "2014-12-31": "15.85480", "2014-09-30": "13.92680", "2014-06-30": "12.04550", "2014-03-31": "8.03200", "2013-12-31": "10.00820", "2013-09-30": "-166.52400", "2013-06-30": "9.75880", "2013-03-31": "0.90460", "2012-12-31": "10.01470", "2012-09-30": "-7.42910", "2012-06-30": "17.12510", "2012-03-31": "2.15080", "2011-12-31": "14.12260", "2011-09-30": "15.72030", "2011-06-30": "16.38640", "2011-03-31": "35.42410", "2010-12-31": "16.57990", "2010-09-30": "-33.31950", "2010-06-30": "18.72480", "2010-03-31": "14.80490", "2009-12-31": "17.44920", "2009-09-30": "18.79770", "2009-06-30": "19.53410", "2009-03-31": "-563.37640", "2008-12-31": "21.83450", "2008-09-30": "-19.99780", "2008-06-30": "25.05770", "2008-03-31": "24.61700", "2007-12-31": "-86.89870", "2007-09-30": "22.95510", "2007-06-30": "20.85170", "2007-03-31": "19.21960", "2006-12-31": "16.24700", "2006-09-30": "4.90800", "2006-06-30": "15.52410", "2006-03-31": "16.23210", "2005-12-31": "8.87490", "2005-09-30": "14.58610", "2005-06-30": "12.76250", "2005-03-31": "10.37160"}, "EBIT Margin": {"2020-12-31": "55.00680", "2020-09-30": "46.98200", "2020-06-30": "23.21060", "2020-03-31": "20.68510", "2019-12-31": "14.67370", "2019-09-30": "-9.97920", "2019-06-30": "17.04600", "2019-03-31": "-39.49170", "2018-12-31": "16.91350", "2018-09-30": "12.18200", "2018-06-30": "16.15290", "2018-03-31": "-76.54890", "2017-12-31": "16.95110", "2017-09-30": "13.62560", "2017-06-30": "14.26620", "2017-03-31": "139.75400", "2016-12-31": "19.88020", "2016-09-30": "20.22570", "2016-06-30": "19.43130", "2016-03-31": "19.63080", "2015-12-31": "18.13870", "2015-09-30": "17.89990", "2015-06-30": "16.71710", "2015-03-31": "16.75060", "2014-12-31": "15.85480", "2014-09-30": "13.92680", "2014-06-30": "12.04550", "2014-03-31": "8.03200", "2013-12-31": "10.00820", "2013-09-30": "-166.52400", "2013-06-30": "9.75880", "2013-03-31": "0.90460", "2012-12-31": "10.01470", "2012-09-30": "-7.42910", "2012-06-30": "17.12510", "2012-03-31": "2.15080", "2011-12-31": "14.12260", "2011-09-30": "15.72040", "2011-06-30": "16.38640", "2011-03-31": "35.42410", "2010-12-31": "16.57990", "2010-09-30": "-33.31950", "2010-06-30": "18.72480", "2010-03-31": "14.80490", "2009-12-31": "17.44920", "2009-09-30": "18.79770", "2009-06-30": "19.53410", "2009-03-31": "-563.37640", "2008-12-31": "21.83450", "2008-09-30": "-19.99780", "2008-06-30": "25.05770", "2008-03-31": "24.61700", "2007-12-31": "-86.89870", "2007-09-30": "22.95510", "2007-06-30": "20.85170", "2007-03-31": "19.21960", "2006-12-31": "16.24700", "2006-09-30": "4.90800", "2006-06-30": "15.52410", "2006-03-31": "16.23210", "2005-12-31": "8.87490", "2005-09-30": "14.58610", "2005-06-30": "12.76250", "2005-03-31": "10.37160"}, "EBITDA Margin": {"2020-12-31": "", "2020-09-30": "", "2020-06-30": "", "2020-03-31": "", "2019-12-31": "", "2019-09-30": "", "2019-06-30": "", "2019-03-31": "", "2018-12-31": "", "2018-09-30": "", "2018-06-30": "", "2018-03-31": "", "2017-12-31": "", "2017-09-30": "", "2017-06-30": "", "2017-03-31": "", "2016-12-31": "", "2016-09-30": "", "2016-06-30": "", "2016-03-31": "", "2015-12-31": "", "2015-09-30": "", "2015-06-30": "", "2015-03-31": "", "2014-12-31": "", "2014-09-30": "", "2014-06-30": "", "2014-03-31": "", "2013-12-31": "", "2013-09-30": "", "2013-06-30": "", "2013-03-31": "", "2012-12-31": "", "2012-09-30": "", "2012-06-30": "", "2012-03-31": "", "2011-12-31": "", "2011-09-30": "", "2011-06-30": "", "2011-03-31": "", "2010-12-31": "", "2010-09-30": "", "2010-06-30": "", "2010-03-31": "", "2009-12-31": "", "2009-09-30": "", "2009-06-30": "", "2009-03-31": "", "2008-12-31": "", "2008-09-30": "", "2008-06-30": "", "2008-03-31": "", "2007-12-31": "", "2007-09-30": "", "2007-06-30": "", "2007-03-31": "", "2006-12-31": "", "2006-09-30": "", "2006-06-30": "", "2006-03-31": "", "2005-12-31": "", "2005-09-30": "", "2005-06-30": "", "2005-03-31": ""}, "Pre-Tax Profit Margin": {"2020-12-31": "51.70830", "2020-09-30": "45.82380", "2020-06-30": "20.46420", "2020-03-31": "15.72540", "2019-12-31": "11.45210", "2019-09-30": "-14.16030", "2019-06-30": "13.40920", "2019-03-31": "-43.21850", "2018-12-31": "12.55570", "2018-09-30": "8.76460", "2018-06-30": "12.77910", "2018-03-31": "-87.54590", "2017-12-31": "12.10970", "2017-09-30": "9.00490", "2017-06-30": "9.24200", "2017-03-31": "135.25300", "2016-12-31": "15.80880", "2016-09-30": "14.80460", "2016-06-30": "14.09260", "2016-03-31": "13.25550", "2015-12-31": "16.49890", "2015-09-30": "3.64260", "2015-06-30": "6.73010", "2015-03-31": "9.27540", "2014-12-31": "6.75550", "2014-09-30": "5.85830", "2014-06-30": "3.57260", "2014-03-31": "-1.88800", "2013-12-31": "-0.22860", "2013-09-30": "-177.57040", "2013-06-30": "-1.11800", "2013-03-31": "-12.03730", "2012-12-31": "-1.16460", "2012-09-30": "-16.65310", "2012-06-30": "11.69790", "2012-03-31": "-12.43900", "2011-12-31": "8.44150", "2011-09-30": "8.90840", "2011-06-30": "9.84830", "2011-03-31": "29.36890", "2010-12-31": "2.89640", "2010-09-30": "-40.29640", "2010-06-30": "10.87420", "2010-03-31": "7.35640", "2009-12-31": "9.96320", "2009-09-30": "10.78800", "2009-06-30": "10.93150", "2009-03-31": "-571.71920", "2008-12-31": "13.21990", "2008-09-30": "-35.58370", "2008-06-30": "22.09820", "2008-03-31": "20.29570", "2007-12-31": "-94.81970", "2007-09-30": "23.56330", "2007-06-30": "21.16810", "2007-03-31": "18.93240", "2006-12-31": "15.89100", "2006-09-30": "4.88530", "2006-06-30": "16.05630", "2006-03-31": "17.24410", "2005-12-31": "10.30740", "2005-09-30": "15.48880", "2005-06-30": "13.71720", "2005-03-31": "10.91040"}, "Net Profit Margin": {"2020-12-31": "40.65100", "2020-09-30": "36.74360", "2020-06-30": "16.75780", "2020-03-31": "12.73640", "2019-12-31": "45.39680", "2019-09-30": "-14.26430", "2019-06-30": "11.01600", "2019-03-31": "-33.30890", "2018-12-31": "11.86950", "2018-09-30": "6.20770", "2018-06-30": "13.70150", "2018-03-31": "-86.32970", "2017-12-31": "51.40940", "2017-09-30": "10.30020", "2017-06-30": "7.38120", "2017-03-31": "73.63710", "2016-12-31": "11.77830", "2016-09-30": "12.68580", "2016-06-30": "11.82050", "2016-03-31": "9.93800", "2015-12-31": "12.21230", "2015-09-30": "3.58570", "2015-06-30": "4.23690", "2015-03-31": "7.29210", "2014-12-31": "4.47300", "2014-09-30": "4.25370", "2014-06-30": "1.78630", "2014-03-31": "-2.68800", "2013-12-31": "-0.86530", "2013-09-30": "-179.01940", "2013-06-30": "-1.75690", "2013-03-31": "-8.34130", "2012-12-31": "0.49390", "2012-09-30": "-13.20880", "2012-06-30": "5.01760", "2012-03-31": "-8.54750", "2011-12-31": "4.40270", "2011-09-30": "5.90290", "2011-06-30": "8.02430", "2011-03-31": "18.79510", "2010-12-31": "2.52910", "2010-09-30": "-31.98090", "2010-06-30": "6.52450", "2010-03-31": "4.93120", "2009-12-31": "6.32690", "2009-09-30": "6.09980", "2009-06-30": "7.62820", "2009-03-31": "-574.63640", "2008-12-31": "8.88980", "2008-09-30": "-39.39880", "2008-06-30": "14.29110", "2008-03-31": "12.98830", "2007-12-31": "-96.54400", "2007-09-30": "15.85170", "2007-06-30": "12.92290", "2007-03-31": "11.94680", "2006-12-31": "9.85590", "2006-09-30": "-0.95680", "2006-06-30": "10.04050", "2006-03-31": "11.05510", "2005-12-31": "6.49870", "2005-09-30": "12.11490", "2005-06-30": "11.01640", "2005-03-31": "8.73520"}, "Asset Turnover": {"2020-12-31": "0.21320", "2020-09-30": "0.18720", "2020-06-30": "0.12100", "2020-03-31": "0.11080", "2019-12-31": "0.13470", "2019-09-30": "0.13440", "2019-06-30": "0.13070", "2019-03-31": "0.12540", "2018-12-31": "0.11980", "2018-09-30": "0.11250", "2018-06-30": "0.11620", "2018-03-31": "0.10910", "2017-12-31": "0.09830", "2017-09-30": "0.10060", "2017-06-30": "0.09930", "2017-03-31": "0.08220", "2016-12-31": "0.10010", "2016-09-30": "0.09930", "2016-06-30": "0.09820", "2016-03-31": "0.09520", "2015-12-31": "0.09050", "2015-09-30": "0.09200", "2015-06-30": "0.08530", "2015-03-31": "0.08160", "2014-12-31": "0.08080", "2014-09-30": "0.07850", "2014-06-30": "0.07520", "2014-03-31": "0.07470", "2013-12-31": "0.07220", "2013-09-30": "0.06910", "2013-06-30": "0.06060", "2013-03-31": "0.05940", "2012-12-31": "0.06030", "2012-09-30": "0.05620", "2012-06-30": "0.07800", "2012-03-31": "0.07790", "2011-12-31": "0.07820", "2011-09-30": "0.07770", "2011-06-30": "0.07600", "2011-03-31": "0.07520", "2010-12-31": "0.07640", "2010-09-30": "0.07610", "2010-06-30": "0.07340", "2010-03-31": "0.07280", "2009-12-31": "0.07260", "2009-09-30": "0.07090", "2009-06-30": "0.07050", "2009-03-31": "0.06950", "2008-12-31": "0.05270", "2008-09-30": "0.05440", "2008-06-30": "0.05500", "2008-03-31": "0.05530", "2007-12-31": "0.04700", "2007-09-30": "0.19000", "2007-06-30": "0.20510", "2007-03-31": "0.20780", "2006-12-31": "0.18800", "2006-09-30": "0.17990", "2006-06-30": "0.29840", "2006-03-31": "0.30330", "2005-12-31": "0.29900", "2005-09-30": "0.27950", "2005-06-30": "0.28570", "2005-03-31": "0.28710"}, "Inventory Turnover Ratio": {"2020-12-31": "1.02190", "2020-09-30": "1.05060", "2020-06-30": "0.86270", "2020-03-31": "0.89780", "2019-12-31": "1.09430", "2019-09-30": "1.38500", "2019-06-30": "0.87110", "2019-03-31": "1.75010", "2018-12-31": "0.94740", "2018-09-30": "1.02160", "2018-06-30": "1.04720", "2018-03-31": "1.03400", "2017-12-31": "1.02350", "2017-09-30": "1.16100", "2017-06-30": "1.11060", "2017-03-31": "0.85080", "2016-12-31": "1.27600", "2016-09-30": "1.16750", "2016-06-30": "1.15620", "2016-03-31": "1.08140", "2015-12-31": "1.10370", "2015-09-30": "1.14240", "2015-06-30": "1.06850", "2015-03-31": "1.07140", "2014-12-31": "1.01260", "2014-09-30": "0.95460", "2014-06-30": "0.96970", "2014-03-31": "1.10260", "2013-12-31": "1.01720", "2013-09-30": "1.14570", "2013-06-30": "1.03360", "2013-03-31": "1.04170", "2012-12-31": "1.01270", "2012-09-30": "0.85570", "2012-06-30": "0.98730", "2012-03-31": "1.04560", "2011-12-31": "0.92540", "2011-09-30": "0.97090", "2011-06-30": "0.92990", "2011-03-31": "1.00340", "2010-12-31": "1.02120", "2010-09-30": "1.72290", "2010-06-30": "1.12010", "2010-03-31": "1.04500", "2009-12-31": "1.00860", "2009-09-30": "1.08930", "2009-06-30": "1.04680", "2009-03-31": "1.07540", "2008-12-31": "1.09860", "2008-09-30": "1.15780", "2008-06-30": "1.03490", "2008-03-31": "1.20850", "2007-12-31": "1.35680", "2007-09-30": "0.99770", "2007-06-30": "1.09600", "2007-03-31": "1.05590", "2006-12-31": "0.90050", "2006-09-30": "0.95350", "2006-06-30": "0.81670", "2006-03-31": "0.96200", "2005-12-31": "1.04430", "2005-09-30": "1.05960", "2005-06-30": "1.05470", "2005-03-31": "1.14490"}, "Receiveable Turnover": {"2020-12-31": "1.29200", "2020-09-30": "1.26150", "2020-06-30": "1.06390", "2020-03-31": "1.14600", "2019-12-31": "1.38810", "2019-09-30": "1.26650", "2019-06-30": "1.35300", "2019-03-31": "1.36970", "2018-12-31": "1.36560", "2018-09-30": "1.33160", "2018-06-30": "1.38280", "2018-03-31": "1.32370", "2017-12-31": "1.40690", "2017-09-30": "1.44430", "2017-06-30": "1.49720", "2017-03-31": "1.52210", "2016-12-31": "1.67820", "2016-09-30": "1.56670", "2016-06-30": "1.60890", "2016-03-31": "1.57280", "2015-12-31": "1.69350", "2015-09-30": "1.60530", "2015-06-30": "1.70700", "2015-03-31": "1.63020", "2014-12-31": "1.63000", "2014-09-30": "1.57890", "2014-06-30": "1.61380", "2014-03-31": "1.61240", "2013-12-31": "1.55270", "2013-09-30": "1.37040", "2013-06-30": "1.44500", "2013-03-31": "1.25590", "2012-12-31": "1.38170", "2012-09-30": "1.22810", "2012-06-30": "1.35840", "2012-03-31": "1.40200", "2011-12-31": "1.41540", "2011-09-30": "1.42040", "2011-06-30": "1.54310", "2011-03-31": "1.46850", "2010-12-31": "1.57470", "2010-09-30": "1.49210", "2010-06-30": "1.60870", "2010-03-31": "1.56710", "2009-12-31": "1.56690", "2009-09-30": "1.52910", "2009-06-30": "1.41930", "2009-03-31": "1.29840", "2008-12-31": "1.34750", "2008-09-30": "1.30500", "2008-06-30": "1.23280", "2008-03-31": "1.23020", "2007-12-31": "1.03330", "2007-09-30": "1.32570", "2007-06-30": "1.45560", "2007-03-31": "1.53630", "2006-12-31": "1.50790", "2006-09-30": "1.41900", "2006-06-30": "1.37750", "2006-03-31": "1.42690", "2005-12-31": "1.41590", "2005-09-30": "1.35460", "2005-06-30": "1.37020", "2005-03-31": "1.32130"}, "Days Sales In Receivables": {"2020-12-31": "69.66080", "2020-09-30": "71.34380", "2020-06-30": "84.59720", "2020-03-31": "78.53720", "2019-12-31": "64.83600", "2019-09-30": "71.06030", "2019-06-30": "66.51810", "2019-03-31": "65.70750", "2018-12-31": "65.90470", "2018-09-30": "67.58580", "2018-06-30": "65.08620", "2018-03-31": "67.99320", "2017-12-31": "63.97040", "2017-09-30": "62.31290", "2017-06-30": "60.11160", "2017-03-31": "59.12780", "2016-12-31": "53.62750", "2016-09-30": "57.44500", "2016-06-30": "55.93950", "2016-03-31": "57.22200", "2015-12-31": "53.14300", "2015-09-30": "56.06430", "2015-06-30": "52.72370", "2015-03-31": "55.20820", "2014-12-31": "55.21600", "2014-09-30": "57.00270", "2014-06-30": "55.76980", "2014-03-31": "55.81920", "2013-12-31": "57.96310", "2013-09-30": "65.67280", "2013-06-30": "62.28500", "2013-03-31": "71.66440", "2012-12-31": "65.13920", "2012-09-30": "73.28180", "2012-06-30": "66.25670", "2012-03-31": "64.19360", "2011-12-31": "63.58680", "2011-09-30": "63.36200", "2011-06-30": "58.32460", "2011-03-31": "61.28750", "2010-12-31": "57.15490", "2010-09-30": "60.31820", "2010-06-30": "55.94730", "2010-03-31": "57.43090", "2009-12-31": "57.43840", "2009-09-30": "58.85850", "2009-06-30": "63.41240", "2009-03-31": "69.31530", "2008-12-31": "66.78950", "2008-09-30": "68.96650", "2008-06-30": "73.00360", "2008-03-31": "73.15810", "2007-12-31": "87.10040", "2007-09-30": "67.89110", "2007-06-30": "61.83140", "2007-03-31": "58.58060", "2006-12-31": "59.68400", "2006-09-30": "63.42540", "2006-06-30": "65.33450", "2006-03-31": "63.07260", "2005-12-31": "63.56260", "2005-09-30": "66.43970", "2005-06-30": "65.68210", "2005-03-31": "68.11390"}, "ROE - Return On Equity": {"2020-12-31": "19.98780", "2020-09-30": "18.22850", "2020-06-30": "6.03910", "2020-03-31": "4.53330", "2019-12-31": "17.08820", "2019-09-30": "-5.83730", "2019-06-30": "4.23640", "2019-03-31": "-12.62150", "2018-12-31": "4.11790", "2018-09-30": "2.07920", "2018-06-30": "4.60910", "2018-03-31": "-27.86230", "2017-12-31": "12.73330", "2017-09-30": "2.96980", "2017-06-30": "2.07640", "2017-03-31": "18.83380", "2016-12-31": "3.88140", "2016-09-30": "4.30300", "2016-06-30": "4.15140", "2016-03-31": "3.37020", "2015-12-31": "3.91910", "2015-09-30": "1.21200", "2015-06-30": "1.31420", "2015-03-31": "2.20420", "2014-12-31": "1.38890", "2014-09-30": "1.36210", "2014-06-30": "0.55630", "2014-03-31": "-0.84840", "2013-12-31": "-0.27170", "2013-09-30": "-57.36870", "2013-06-30": "-0.36710", "2013-03-31": "-1.70880", "2012-12-31": "0.10450", "2012-09-30": "-2.62520", "2012-06-30": "0.78540", "2012-03-31": "-1.35170", "2011-12-31": "0.70220", "2011-09-30": "0.93870", "2011-06-30": "1.24370", "2011-03-31": "2.88730", "2010-12-31": "0.39720", "2010-09-30": "-5.07580", "2010-06-30": "0.97320", "2010-03-31": "0.73900", "2009-12-31": "0.94630", "2009-09-30": "0.90130", "2009-06-30": "1.25250", "2009-03-31": "-96.18810", "2008-12-31": "0.81250", "2008-09-30": "-3.75560", "2008-06-30": "1.28530", "2008-03-31": "1.19440", "2007-12-31": "-7.77940", "2007-09-30": "3.98520", "2007-06-30": "3.53510", "2007-03-31": "3.28660", "2006-12-31": "2.56490", "2006-09-30": "-0.24330", "2006-06-30": "4.25460", "2006-03-31": "4.25640", "2005-12-31": "2.43470", "2005-09-30": "4.35010", "2005-06-30": "4.11100", "2005-03-31": "3.23360"}, "Return On Tangible Equity": {"2020-12-31": "-102.23750", "2020-09-30": "-39.22580", "2020-06-30": "-8.59590", "2020-03-31": "-5.18150", "2019-12-31": "-22.64750", "2019-09-30": "6.47340", "2019-06-30": "-4.39240", "2019-03-31": "11.95820", "2018-12-31": "-3.83550", "2018-09-30": "-2.01760", "2018-06-30": "-4.52890", "2018-03-31": "26.24200", "2017-12-31": "-15.26650", "2017-09-30": "-2.61810", "2017-06-30": "-1.89780", "2017-03-31": "-16.05070", "2016-12-31": "-3.84170", "2016-09-30": "-2.79070", "2016-06-30": "-2.42340", "2016-03-31": "-1.91420", "2015-12-31": "-2.38000", "2015-09-30": "-0.67160", "2015-06-30": "-0.79520", "2015-03-31": "-1.23630", "2014-12-31": "-0.72280", "2014-09-30": "-0.67200", "2014-06-30": "-0.26050", "2014-03-31": "0.37360", "2013-12-31": "0.11360", "2013-09-30": "23.30300", "2013-06-30": "0.22310", "2013-03-31": "1.01320", "2012-12-31": "-0.06050", "2012-09-30": "1.47140", "2012-06-30": "-1.95830", "2012-03-31": "3.10910", "2011-12-31": "-1.53000", "2011-09-30": "-1.90890", "2011-06-30": "-2.37890", "2011-03-31": "-5.41420", "2010-12-31": "-0.76660", "2010-09-30": "8.95700", "2010-06-30": "-1.76170", "2010-03-31": "-1.26220", "2009-12-31": "-1.51780", "2009-09-30": "-1.36070", "2009-06-30": "-1.44890", "2009-03-31": "103.33690", "2008-12-31": "-1.63230", "2008-09-30": "7.15150", "2008-06-30": "-3.06950", "2008-03-31": "-2.65380", "2007-12-31": "16.21430", "2007-09-30": "14.34550", "2007-06-30": "12.41200", "2007-03-31": "12.97250", "2006-12-31": "12.21320", "2006-09-30": "-1.39590", "2006-06-30": "5.01880", "2006-03-31": "4.98730", "2005-12-31": "2.92490", "2005-09-30": "4.59140", "2005-06-30": "4.36890", "2005-03-31": "3.45590"}, "ROA - Return On Assets": {"2020-12-31": "8.65350", "2020-09-30": "6.85820", "2020-06-30": "2.00500", "2020-03-31": "1.38970", "2019-12-31": "6.11230", "2019-09-30": "-1.91710", "2019-06-30": "1.43970", "2019-03-31": "-4.17760", "2018-12-31": "1.42250", "2018-09-30": "0.69840", "2018-06-30": "1.59210", "2018-03-31": "-9.41890", "2017-12-31": "5.05320", "2017-09-30": "1.03640", "2017-06-30": "0.73290", "2017-03-31": "6.05060", "2016-12-31": "1.17880", "2016-09-30": "1.26010", "2016-06-30": "1.16060", "2016-03-31": "0.94560", "2015-12-31": "1.10550", "2015-09-30": "0.32970", "2015-06-30": "0.36160", "2015-03-31": "0.59510", "2014-12-31": "0.36150", "2014-09-30": "0.33390", "2014-06-30": "0.13430", "2014-03-31": "-0.20090", "2013-12-31": "-0.06250", "2013-09-30": "-12.37460", "2013-06-30": "-0.10650", "2013-03-31": "-0.49570", "2012-12-31": "0.02980", "2012-09-30": "-0.74190", "2012-06-30": "0.39150", "2012-03-31": "-0.66590", "2011-12-31": "0.34420", "2011-09-30": "0.45880", "2011-06-30": "0.60960", "2011-03-31": "1.41260", "2010-12-31": "0.19310", "2010-09-30": "-2.43470", "2010-06-30": "0.47900", "2010-03-31": "0.35920", "2009-12-31": "0.45920", "2009-09-30": "0.43220", "2009-06-30": "0.53780", "2009-03-31": "-39.94420", "2008-12-31": "0.46880", "2008-09-30": "-2.14320", "2008-06-30": "0.78550", "2008-03-31": "0.71860", "2007-12-31": "-4.54010", "2007-09-30": "3.01120", "2007-06-30": "2.64990", "2007-03-31": "2.48240", "2006-12-31": "1.85320", "2006-09-30": "-0.17220", "2006-06-30": "2.99560", "2006-03-31": "3.35270", "2005-12-31": "1.94280", "2005-09-30": "3.38620", "2005-06-30": "3.14730", "2005-03-31": "2.50790"}, "ROI - Return On Investment": {"2020-12-31": "10.93500", "2020-09-30": "9.07400", "2020-06-30": "2.72380", "2020-03-31": "1.95110", "2019-12-31": "7.64580", "2019-09-30": "-2.51090", "2019-06-30": "1.86770", "2019-03-31": "-5.47430", "2018-12-31": "1.88790", "2018-09-30": "0.97980", "2018-06-30": "2.17420", "2018-03-31": "-13.08720", "2017-12-31": "6.80780", "2017-09-30": "1.66080", "2017-06-30": "1.16750", "2017-03-31": "10.42240", "2016-12-31": "1.78560", "2016-09-30": "1.77580", "2016-06-30": "1.65250", "2016-03-31": "1.33980", "2015-12-31": "1.57070", "2015-09-30": "0.47550", "2015-06-30": "0.53380", "2015-03-31": "0.86490", "2014-12-31": "0.49340", "2014-09-30": "0.45200", "2014-06-30": "0.18230", "2014-03-31": "-0.27250", "2013-12-31": "-0.08580", "2013-09-30": "-18.01240", "2013-06-30": "-0.14980", "2013-03-31": "-0.67760", "2012-12-31": "0.04320", "2012-09-30": "-0.98000", "2012-06-30": "0.51900", "2012-03-31": "-0.89370", "2011-12-31": "0.46550", "2011-09-30": "0.62300", "2011-06-30": "0.82630", "2011-03-31": "1.91410", "2010-12-31": "0.26120", "2010-09-30": "-3.30410", "2010-06-30": "0.64600", "2010-03-31": "0.49080", "2009-12-31": "0.61550", "2009-09-30": "0.57950", "2009-06-30": "0.69310", "2009-03-31": "-51.53620", "2008-12-31": "0.55860", "2008-09-30": "-2.56210", "2008-06-30": "0.94280", "2008-03-31": "0.85970", "2007-12-31": "-5.39790", "2007-09-30": "3.94010", "2007-06-30": "3.49980", "2007-03-31": "3.25190", "2006-12-31": "2.54120", "2006-09-30": "-0.24090", "2006-06-30": "4.13850", "2006-03-31": "4.25640", "2005-12-31": "2.43470", "2005-09-30": "4.35010", "2005-06-30": "4.10860", "2005-03-31": "3.22950"}, "Book Value Per Share": {"2020-12-31": "12.69740", "2020-09-30": "10.51390", "2020-06-30": "8.72910", "2020-03-31": "8.09910", "2019-12-31": "8.55590", "2019-09-30": "7.90370", "2019-06-30": "8.29990", "2019-03-31": "8.05780", "2018-12-31": "8.95690", "2018-09-30": "8.99260", "2018-06-30": "9.00990", "2018-03-31": "8.93170", "2017-12-31": "11.56450", "2017-09-30": "10.11540", "2017-06-30": "10.22600", "2017-03-31": "10.00010", "2016-12-31": "8.02450", "2016-09-30": "7.71520", "2016-06-30": "7.37250", "2016-03-31": "7.30770", "2015-12-31": "7.64030", "2015-09-30": "7.36010", "2015-06-30": "7.94750", "2015-03-31": "7.71960", "2014-12-31": "7.52290", "2014-09-30": "7.42160", "2014-06-30": "7.32710", "2014-03-31": "7.16820", "2013-12-31": "7.13420", "2013-09-30": "7.14270", "2013-06-30": "11.09960", "2013-03-31": "11.11240", "2012-12-31": "11.17100", "2012-09-30": "11.15620", "2012-06-30": "11.35110", "2012-03-31": "11.26680", "2011-12-31": "11.26090", "2011-09-30": "11.19930", "2011-06-30": "11.10280", "2011-03-31": "10.92390", "2010-12-31": "10.67200", "2010-09-30": "10.40830", "2010-06-30": "10.88350", "2010-03-31": "10.77090", "2009-12-31": "10.67590", "2009-09-30": "10.57710", "2009-06-30": "9.56800", "2009-03-31": "9.35520", "2008-12-31": "18.32870", "2008-09-30": "18.12260", "2008-06-30": "18.65780", "2008-03-31": "18.34720", "2007-12-31": "18.11220", "2007-09-30": "7.31900", "2007-06-30": "6.50030", "2007-03-31": "6.12390", "2006-12-31": "5.95040", "2006-09-30": "5.76300", "2006-06-30": "3.09310", "2006-03-31": "2.88390", "2005-12-31": "2.62150", "2005-09-30": "2.45890", "2005-06-30": "2.25860", "2005-03-31": "2.15490"}, "Operating Cash Flow Per Share": {"2020-12-31": "2.48300", "2020-09-30": 1.6469, "2020-06-30": 0.8658, "2020-03-31": 0.4533, "2019-12-31": "0.42230", "2019-09-30": 0.927, "2019-06-30": 0.5994, "2019-03-31": 0.5004, "2018-12-31": "0.38400", "2018-09-30": 0.8479, "2018-06-30": 0.8545, "2018-03-31": 0.3595, "2017-12-31": "0.60220", "2017-09-30": 0.5794, "2017-06-30": -1.4363, "2017-03-31": 0.2893, "2016-12-31": "0.59670", "2016-09-30": 0.7713, "2016-06-30": 0.8984, "2016-03-31": 0.5327, "2015-12-31": "0.58700", "2015-09-30": 0.8601, "2015-06-30": 0.8094, "2015-03-31": 0.5404, "2014-12-31": "0.54210", "2014-09-30": 0.4772, "2014-06-30": 0.5542, "2014-03-31": 0.2475, "2013-12-31": "0.54750", "2013-09-30": 0.2944, "2013-06-30": 0.9111, "2013-03-31": 0.0567, "2012-12-31": "0.57550", "2012-09-30": 0.3372, "2012-06-30": 0.2584, "2012-03-31": 0.3848, "2011-12-31": "0.42170", "2011-09-30": 0.4541, "2011-06-30": 0.4487, "2011-03-31": 0.3084, "2010-12-31": "0.51420", "2010-09-30": 0.4758, "2010-06-30": 0.4454, "2010-03-31": 0.3607, "2009-12-31": "0.48320", "2009-09-30": 0.6107, "2009-06-30": 0.5945, "2009-03-31": 0.4752, "2008-12-31": "0.46530", "2008-09-30": 0.551, "2008-06-30": 0.348, "2008-03-31": 0.3417, "2007-12-31": "0.23190", "2007-09-30": 0.3352, "2007-06-30": 0.336, "2007-03-31": 0.4461, "2006-12-31": "0.28630", "2006-09-30": -0.1396, "2006-06-30": 0.2769, "2006-03-31": 0.0154, "2005-12-31": "0.01710", "2005-09-30": 0.1373, "2005-06-30": 0.1056, "2005-03-31": 0.2577}, "Free Cash Flow Per Share": {"2020-12-31": "2.31180", "2020-09-30": 0.885, "2020-06-30": 1.2753, "2020-03-31": 0.3315, "2019-12-31": "0.30550", "2019-09-30": 0.8089, "2019-06-30": 0.5053, "2019-03-31": 0.3905, "2018-12-31": "0.30110", "2018-09-30": 0.7307, "2018-06-30": 0.7639, "2018-03-31": 0.261, "2017-12-31": "0.52460", "2017-09-30": -6.0238, "2017-06-30": 4.9643, "2017-03-31": 0.2021, "2016-12-31": "0.50980", "2016-09-30": 0.6635, "2016-06-30": 0.8208, "2016-03-31": 0.4552, "2015-12-31": "0.51960", "2015-09-30": 0.7498, "2015-06-30": 0.749, "2015-03-31": 0.4768, "2014-12-31": "0.46760", "2014-09-30": 0.4324, "2014-06-30": 0.4849, "2014-03-31": 0.17, "2013-12-31": "0.48730", "2013-09-30": 0.2301, "2013-06-30": 0.8148, "2013-03-31": -0.0347, "2012-12-31": "0.49220", "2012-09-30": 0.2391, "2012-06-30": 0.1856, "2012-03-31": 0.313, "2011-12-31": "0.36630", "2011-09-30": 0.4039, "2011-06-30": 0.3932, "2011-03-31": 0.2532, "2010-12-31": "0.46450", "2010-09-30": 0.4265, "2010-06-30": 0.401, "2010-03-31": 0.3129, "2009-12-31": "0.44440", "2009-09-30": 0.558, "2009-06-30": 0.5264, "2009-03-31": 0.4211, "2008-12-31": "0.41320", "2008-09-30": 0.4624, "2008-06-30": 0.267, "2008-03-31": 0.2703, "2007-12-31": "0.15220", "2007-09-30": 0.2923, "2007-06-30": 0.2678, "2007-03-31": 0.4164, "2006-12-31": "0.23180", "2006-09-30": -0.185, "2006-06-30": 0.2395, "2006-03-31": -0.0007, "2005-12-31": "-0.01760", "2005-09-30": 0.1159, "2005-06-30": 0.0944, "2005-03-31": 0.205}}, "revenue": {"Hologic Annual Revenue (Millions of US $)": {"2020": "$3,776", "2019": "$3,367", "2018": "$3,218", "2017": "$3,059", "2016": "$2,833", "2015": "$2,705", "2014": "$2,531", "2013": "$2,492", "2012": "$2,003", "2011": "$1,789", "2010": "$1,680", "2009": "$1,637", "2008": "$1,674", "2007": "$738", "2006": "$463", "2005": "$288"}, "Hologic Quarterly Revenue (Millions of US $)": {"2020-12-31": "$1,610", "2020-09-30": "$1,347", "2020-06-30": "$823", "2020-03-31": "$756", "2019-12-31": "$851", "2019-09-30": "$866", "2019-06-30": "$852", "2019-03-31": "$818", "2018-12-31": "$831", "2018-09-30": "$814", "2018-06-30": "$824", "2018-03-31": "$789", "2017-12-31": "$791", "2017-09-30": "$803", "2017-06-30": "$806", "2017-03-31": "$715", "2016-12-31": "$734", "2016-09-30": "$727", "2016-06-30": "$717", "2016-03-31": "$693", "2015-12-31": "$695", "2015-09-30": "$703", "2015-06-30": "$694", "2015-03-31": "$656", "2014-12-31": "$653", "2014-09-30": "$661", "2014-06-30": "$633", "2014-03-31": "$625", "2013-12-31": "$613", "2013-09-30": "$622", "2013-06-30": "$626", "2013-03-31": "$613", "2012-12-31": "$631", "2012-09-30": "$588", "2012-06-30": "$470", "2012-03-31": "$471", "2011-12-31": "$473", "2011-09-30": "$467", "2011-06-30": "$451", "2011-03-31": "$439", "2010-12-31": "$433", "2010-09-30": "$428", "2010-06-30": "$421", "2010-03-31": "$418", "2009-12-31": "$412", "2009-09-30": "$403", "2009-06-30": "$403", "2009-03-31": "$402", "2008-12-31": "$429", "2008-09-30": "$443", "2008-06-30": "$429", "2008-03-31": "$431", "2007-12-31": "$371", "2007-09-30": "$203", "2007-06-30": "$192", "2007-03-31": "$181", "2006-12-31": "$163", "2006-09-30": "$154", "2006-06-30": "$120", "2006-03-31": "$101", "2005-12-31": "$88", "2005-09-30": "$78", "2005-06-30": "$74", "2005-03-31": "$69"}}, "gross-profit": {"Hologic Annual Gross Profit (Millions of US $)": {"2020": "$2,228", "2019": "$1,171", "2018": "$1,697", "2017": "$1,621", "2016": "$1,563", "2015": "$1,433", "2014": "$1,246", "2013": "$1,161", "2012": "$994", "2011": "$923", "2010": "$737", "2009": "$857", "2008": "$893", "2007": "$345", "2006": "$193", "2005": "$112"}, "Hologic Quarterly Gross Profit (Millions of US $)": {"2020-12-31": "$1,180", "2020-09-30": "$932", "2020-06-30": "$466", "2020-03-31": "$396", "2019-12-31": "$434", "2019-09-30": "$250", "2019-06-30": "$445", "2019-03-31": "$42", "2018-12-31": "$434", "2018-09-30": "$421", "2018-06-30": "$436", "2018-03-31": "$415", "2017-12-31": "$425", "2017-09-30": "$418", "2017-06-30": "$410", "2017-03-31": "$389", "2016-12-31": "$405", "2016-09-30": "$406", "2016-06-30": "$393", "2016-03-31": "$385", "2015-12-31": "$379", "2015-09-30": "$379", "2015-06-30": "$379", "2015-03-31": "$336", "2014-12-31": "$339", "2014-09-30": "$345", "2014-06-30": "$313", "2014-03-31": "$282", "2013-12-31": "$306", "2013-09-30": "$291", "2013-06-30": "$310", "2013-03-31": "$279", "2012-12-31": "$282", "2012-09-30": "$274", "2012-06-30": "$245", "2012-03-31": "$226", "2011-12-31": "$249", "2011-09-30": "$243", "2011-06-30": "$235", "2011-03-31": "$221", "2010-12-31": "$225", "2010-09-30": "$97", "2010-06-30": "$210", "2010-03-31": "$214", "2009-12-31": "$216", "2009-09-30": "$207", "2009-06-30": "$211", "2009-03-31": "$210", "2008-12-31": "$230", "2008-09-30": "$240", "2008-06-30": "$245", "2008-03-31": "$240", "2007-12-31": "$168", "2007-09-30": "$98", "2007-06-30": "$90", "2007-03-31": "$84", "2006-12-31": "$74", "2006-09-30": "$65", "2006-06-30": "$50", "2006-03-31": "$42", "2005-12-31": "$36", "2005-09-30": "$31", "2005-06-30": "$30", "2005-03-31": "$27"}}, "operating-income": {"Hologic Annual Operating Income (Millions of US $)": {"2020": "$1,105", "2019": "$-124", "2018": "$-238", "2017": "$1,370", "2016": "$549", "2015": "$455", "2014": "$280", "2013": "$-906", "2012": "$114", "2011": "$374", "2010": "$70", "2009": "$-2,017", "2008": "$-198", "2007": "$148", "2006": "$50", "2005": "$33"}, "Hologic Quarterly Operating Income (Millions of US $)": {"2020-12-31": "$886", "2020-09-30": "$633", "2020-06-30": "$191", "2020-03-31": "$156", "2019-12-31": "$125", "2019-09-30": "$-86", "2019-06-30": "$145", "2019-03-31": "$-323", "2018-12-31": "$141", "2018-09-30": "$99", "2018-06-30": "$133", "2018-03-31": "$-604", "2017-12-31": "$134", "2017-09-30": "$109", "2017-06-30": "$115", "2017-03-31": "$1,000", "2016-12-31": "$146", "2016-09-30": "$147", "2016-06-30": "$139", "2016-03-31": "$136", "2015-12-31": "$126", "2015-09-30": "$126", "2015-06-30": "$116", "2015-03-31": "$110", "2014-12-31": "$104", "2014-09-30": "$92", "2014-06-30": "$76", "2014-03-31": "$50", "2013-12-31": "$61", "2013-09-30": "$-1,036", "2013-06-30": "$61", "2013-03-31": "$6", "2012-12-31": "$63", "2012-09-30": "$-44", "2012-06-30": "$81", "2012-03-31": "$10", "2011-12-31": "$67", "2011-09-30": "$73", "2011-06-30": "$74", "2011-03-31": "$155", "2010-12-31": "$72", "2010-09-30": "$-143", "2010-06-30": "$79", "2010-03-31": "$62", "2009-12-31": "$72", "2009-09-30": "$76", "2009-06-30": "$79", "2009-03-31": "$-2,265", "2008-12-31": "$94", "2008-09-30": "$-88", "2008-06-30": "$108", "2008-03-31": "$106", "2007-12-31": "$-323", "2007-09-30": "$46", "2007-06-30": "$40", "2007-03-31": "$35", "2006-12-31": "$27", "2006-09-30": "$8", "2006-06-30": "$19", "2006-03-31": "$16", "2005-12-31": "$8", "2005-09-30": "$11", "2005-06-30": "$9", "2005-03-31": "$7"}}, "ebitda": {"Hologic Annual EBITDA (Millions of US $)": {"2020": "$1,481", "2019": "$339", "2018": "$242", "2017": "$1,819", "2016": "$1,014", "2015": "$947", "2014": "$803", "2013": "$727", "2012": "$465", "2011": "$679", "2010": "$441", "2009": "$597", "2008": "$-25", "2007": "$179", "2006": "$66", "2005": "$40"}, "Hologic Quarterly EBITDA (Millions of US $)": {"2020-12-31": "$978", "2020-09-30": "$946", "2020-06-30": "$66", "2020-03-31": "$250", "2019-12-31": "$219", "2019-09-30": "$307", "2019-06-30": "$-21", "2019-03-31": "$-206", "2018-12-31": "$259", "2018-09-30": "$218", "2018-06-30": "$254", "2018-03-31": "$-485", "2017-12-31": "$255", "2017-09-30": "$230", "2017-06-30": "$233", "2017-03-31": "$1,095", "2016-12-31": "$261", "2016-09-30": "$262", "2016-06-30": "$260", "2016-03-31": "$250", "2015-12-31": "$242", "2015-09-30": "$248", "2015-06-30": "$237", "2015-03-31": "$236", "2014-12-31": "$226", "2014-09-30": "$223", "2014-06-30": "$210", "2014-03-31": "$180", "2013-12-31": "$189", "2013-09-30": "$214", "2013-06-30": "$190", "2013-03-31": "$132", "2012-12-31": "$191", "2012-09-30": "$77", "2012-06-30": "$157", "2012-03-31": "$87", "2011-12-31": "$144", "2011-09-30": "$152", "2011-06-30": "$151", "2011-03-31": "$231", "2010-12-31": "$145", "2010-09-30": "$6", "2010-06-30": "$153", "2010-03-31": "$136", "2009-12-31": "$146", "2009-09-30": "$146", "2009-06-30": "$150", "2009-03-31": "$141", "2008-12-31": "$160", "2008-09-30": "$-43", "2008-06-30": "$153", "2008-03-31": "$151", "2007-12-31": "$-286", "2007-09-30": "$54", "2007-06-30": "$48", "2007-03-31": "$42", "2006-12-31": "$35", "2006-09-30": "$15", "2006-06-30": "$22", "2006-03-31": "$19", "2005-12-31": "$10", "2005-09-30": "$13", "2005-06-30": "$11", "2005-03-31": "$9"}}, "net-income": {"Hologic Annual Net Income (Millions of US $)": {"2020": "$1,115", "2019": "$-204", "2018": "$-111", "2017": "$756", "2016": "$331", "2015": "$132", "2014": "$17", "2013": "$-1,173", "2012": "$-74", "2011": "$157", "2010": "$-63", "2009": "$-2,217", "2008": "$-416", "2007": "$95", "2006": "$27", "2005": "$28"}, "Hologic Quarterly Net Income (Millions of US $)": {"2020-12-31": "$654", "2020-09-30": "$495", "2020-06-30": "$138", "2020-03-31": "$96", "2019-12-31": "$386", "2019-09-30": "$-124", "2019-06-30": "$94", "2019-03-31": "$-273", "2018-12-31": "$99", "2018-09-30": "$51", "2018-06-30": "$113", "2018-03-31": "$-681", "2017-12-31": "$407", "2017-09-30": "$83", "2017-06-30": "$60", "2017-03-31": "$527", "2016-12-31": "$87", "2016-09-30": "$92", "2016-06-30": "$85", "2016-03-31": "$69", "2015-12-31": "$85", "2015-09-30": "$25", "2015-06-30": "$29", "2015-03-31": "$48", "2014-12-31": "$29", "2014-09-30": "$28", "2014-06-30": "$11", "2014-03-31": "$-17", "2013-12-31": "$-5", "2013-09-30": "$-1,114", "2013-06-30": "$-11", "2013-03-31": "$-51", "2012-12-31": "$3", "2012-09-30": "$-78", "2012-06-30": "$24", "2012-03-31": "$-40", "2011-12-31": "$21", "2011-09-30": "$28", "2011-06-30": "$36", "2011-03-31": "$82", "2010-12-31": "$11", "2010-09-30": "$-137", "2010-06-30": "$27", "2010-03-31": "$21", "2009-12-31": "$26", "2009-09-30": "$25", "2009-06-30": "$31", "2009-03-31": "$-2,310", "2008-12-31": "$38", "2008-09-30": "$-174", "2008-06-30": "$61", "2008-03-31": "$56", "2007-12-31": "$-359", "2007-09-30": "$32", "2007-06-30": "$25", "2007-03-31": "$22", "2006-12-31": "$16", "2006-09-30": "$-1", "2006-06-30": "$12", "2006-03-31": "$11", "2005-12-31": "$6", "2005-09-30": "$9", "2005-06-30": "$8", "2005-03-31": "$6"}}, "eps-earnings-per-share-diluted": {"Hologic Annual EPS": {"2020": "$4.21", "2019": "$-0.76", "2018": "$-0.40", "2017": "$2.64", "2016": "$1.16", "2015": "$0.45", "2014": "$0.06", "2013": "$-4.36", "2012": "$-0.28", "2011": "$0.59", "2010": "$-0.24", "2009": "$-8.64", "2008": "$-1.69", "2007": "$0.86", "2006": "$0.28", "2005": "$0.32"}, "Hologic Quarterly EPS": {"2020-12-31": "$2.50", "2020-09-30": "$1.89", "2020-06-30": "$0.53", "2020-03-31": "$0.36", "2019-12-31": "$1.43", "2019-09-30": "$-0.46", "2019-06-30": "$0.35", "2019-03-31": "$-1.01", "2018-12-31": "$0.36", "2018-09-30": "$0.20", "2018-06-30": "$0.41", "2018-03-31": "$-2.46", "2017-12-31": "$1.45", "2017-09-30": "$0.29", "2017-06-30": "$0.21", "2017-03-31": "$1.84", "2016-12-31": "$0.30", "2016-09-30": "$0.33", "2016-06-30": "$0.30", "2016-03-31": "$0.24", "2015-12-31": "$0.29", "2015-09-30": "$0.08", "2015-06-30": "$0.10", "2015-03-31": "$0.17", "2014-12-31": "$0.10", "2014-09-30": "$0.10", "2014-06-30": "$0.04", "2014-03-31": "$-0.06", "2013-12-31": "$-0.02", "2013-09-30": "$-4.14", "2013-06-30": "$-0.04", "2013-03-31": "$-0.19", "2012-12-31": "$0.01", "2012-09-30": "$-0.30", "2012-06-30": "$0.09", "2012-03-31": "$-0.15", "2011-12-31": "$0.08", "2011-09-30": "$0.10", "2011-06-30": "$0.14", "2011-03-31": "$0.31", "2010-12-31": "$0.04", "2010-09-30": "$-0.52", "2010-06-30": "$0.10", "2010-03-31": "$0.08", "2009-12-31": "$0.10", "2009-09-30": "$0.10", "2009-06-30": "$0.12", "2009-03-31": "$-9.01", "2008-12-31": "$0.15", "2008-09-30": "$-0.50", "2008-06-30": "$0.24", "2008-03-31": "$0.22", "2007-12-31": "$-1.65", "2007-09-30": "$0.29", "2007-06-30": "$0.22", "2007-03-31": "$0.20", "2006-12-31": "$0.15", "2006-09-30": "$-0.03", "2006-06-30": "$0.13", "2006-03-31": "$0.12", "2005-12-31": "$0.06", "2005-09-30": "$0.11", "2005-06-30": "$0.09", "2005-03-31": "$0.07"}}, "shares-outstanding": {"Hologic Annual Shares Outstanding (Millions of Shares)": {"2020": "265", "2019": "269", "2018": "275", "2017": "286", "2016": "286", "2015": "290", "2014": "278", "2013": "269", "2012": "264", "2011": "264", "2010": "259", "2009": "257", "2008": "246", "2007": "110", "2006": "97", "2005": "90"}, "Hologic Quarterly Shares Outstanding (Millions of Shares)": {"2020-12-31": "262", "2020-09-30": "265", "2020-06-30": "261", "2020-03-31": "265", "2019-12-31": "270", "2019-09-30": "269", "2019-06-30": "271", "2019-03-31": "269", "2018-12-31": "272", "2018-09-30": "275", "2018-06-30": "276", "2018-03-31": "277", "2017-12-31": "281", "2017-09-30": "286", "2017-06-30": "288", "2017-03-31": "286", "2016-12-31": "284", "2016-09-30": "286", "2016-06-30": "282", "2016-03-31": "288", "2015-12-31": "292", "2015-09-30": "290", "2015-06-30": "293", "2015-03-31": "288", "2014-12-31": "283", "2014-09-30": "278", "2014-06-30": "279", "2014-03-31": "275", "2013-12-31": "273", "2013-09-30": "269", "2013-06-30": "269", "2013-03-31": "268", "2012-12-31": "269", "2012-09-30": "264", "2012-06-30": "267", "2012-03-31": "264", "2011-12-31": "265", "2011-09-30": "264", "2011-06-30": "265", "2011-03-31": "264", "2010-12-31": "263", "2010-09-30": "259", "2010-06-30": "262", "2010-03-31": "261", "2009-12-31": "261", "2009-09-30": "257", "2009-06-30": "259", "2009-03-31": "256", "2008-12-31": "258", "2008-09-30": "246", "2008-06-30": "259", "2008-03-31": "260", "2007-12-31": "217", "2007-09-30": "110", "2007-06-30": "110", "2007-03-31": "110", "2006-12-31": "109", "2006-09-30": "97", "2006-06-30": "95", "2006-03-31": "95", "2005-12-31": "94", "2005-09-30": "90", "2005-06-30": "92", "2005-03-31": "90"}}, "total-assets": {"Hologic Annual Total Assets (Millions of US $)": {"2020": "$7,196", "2019": "$6,442", "2018": "$7,231", "2017": "$7,980", "2016": "$7,317", "2015": "$7,643", "2014": "$8,415", "2013": "$9,001", "2012": "$10,477", "2011": "$6,009", "2010": "$5,626", "2009": "$5,684", "2008": "$8,135", "2007": "$1,066", "2006": "$856", "2005": "$280"}, "Hologic Quarterly Total Assets (Millions of US $)": {"2020-12-31": "$7,551", "2020-09-30": "$7,196", "2020-06-30": "$6,803", "2020-03-31": "$6,822", "2019-12-31": "$6,312", "2019-09-30": "$6,442", "2019-06-30": "$6,522", "2019-03-31": "$6,525", "2018-12-31": "$6,932", "2018-09-30": "$7,231", "2018-06-30": "$7,091", "2018-03-31": "$7,234", "2017-12-31": "$8,048", "2017-09-30": "$7,980", "2017-06-30": "$8,118", "2017-03-31": "$8,707", "2016-12-31": "$7,338", "2016-09-30": "$7,317", "2016-06-30": "$7,307", "2016-03-31": "$7,286", "2015-12-31": "$7,680", "2015-09-30": "$7,643", "2015-06-30": "$8,131", "2015-03-31": "$8,032", "2014-12-31": "$8,078", "2014-09-30": "$8,415", "2014-06-30": "$8,412", "2014-03-31": "$8,362", "2013-12-31": "$8,484", "2013-09-30": "$9,001", "2013-06-30": "$10,333", "2013-03-31": "$10,309", "2012-12-31": "$10,469", "2012-09-30": "$10,477", "2012-06-30": "$6,027", "2012-03-31": "$6,048", "2011-12-31": "$6,046", "2011-09-30": "$6,009", "2011-06-30": "$5,937", "2011-03-31": "$5,836", "2010-12-31": "$5,666", "2010-09-30": "$5,626", "2010-06-30": "$5,731", "2010-03-31": "$5,740", "2009-12-31": "$5,682", "2009-09-30": "$5,684", "2009-06-30": "$5,718", "2009-03-31": "$5,783", "2008-12-31": "$8,139", "2008-09-30": "$8,135", "2008-06-30": "$7,814", "2008-03-31": "$7,790", "2007-12-31": "$7,899", "2007-09-30": "$1,066", "2007-06-30": "$934", "2007-03-31": "$872", "2006-12-31": "$868", "2006-09-30": "$856", "2006-06-30": "$401", "2006-03-31": "$333", "2005-12-31": "$294", "2005-09-30": "$280", "2005-06-30": "$259", "2005-03-31": "$241"}}, "cash-on-hand": {"Hologic Annual Cash on Hand (Millions of US $)": {"2020": "$701", "2019": "$602", "2018": "$667", "2017": "$541", "2016": "$548", "2015": "$493", "2014": "$742", "2013": "$829", "2012": "$566", "2011": "$713", "2010": "$517", "2009": "$294", "2008": "$99", "2007": "$100", "2006": "$30", "2005": "$114"}, "Hologic Quarterly Cash on Hand (Millions of US $)": {"2020-12-31": "$869", "2020-09-30": "$701", "2020-06-30": "$744", "2020-03-31": "$800", "2019-12-31": "$371", "2019-09-30": "$602", "2019-06-30": "$428", "2019-03-31": "$401", "2018-12-31": "$311", "2018-09-30": "$667", "2018-06-30": "$575", "2018-03-31": "$614", "2017-12-31": "$664", "2017-09-30": "$541", "2017-06-30": "$588", "2017-03-31": "$1,140", "2016-12-31": "$646", "2016-09-30": "$548", "2016-06-30": "$442", "2016-03-31": "$316", "2015-12-31": "$650", "2015-09-30": "$493", "2015-06-30": "$889", "2015-03-31": "$675", "2014-12-31": "$549", "2014-09-30": "$742", "2014-06-30": "$638", "2014-03-31": "$490", "2013-12-31": "$449", "2013-09-30": "$829", "2013-06-30": "$964", "2013-03-31": "$752", "2012-12-31": "$721", "2012-09-30": "$566", "2012-06-30": "$906", "2012-03-31": "$855", "2011-12-31": "$794", "2011-09-30": "$713", "2011-06-30": "$614", "2011-03-31": "$573", "2010-12-31": "$609", "2010-09-30": "$517", "2010-06-30": "$492", "2010-03-31": "$432", "2009-12-31": "$346", "2009-09-30": "$294", "2009-06-30": "$245", "2009-03-31": "$221", "2008-12-31": "$175", "2008-09-30": "$99", "2008-06-30": "$120", "2008-03-31": "$98", "2007-12-31": "$189", "2007-09-30": "$100", "2007-06-30": "$94", "2007-03-31": "$55", "2006-12-31": "$37", "2006-09-30": "$30", "2006-06-30": "$110", "2006-03-31": "$108", "2005-12-31": "$95", "2005-09-30": "$114", "2005-06-30": "$102", "2005-03-31": "$96"}}, "long-term-debt": {"Hologic Annual Long Term Debt (Millions of US $)": {"2020": "$2,731", "2019": "$2,803", "2018": "$2,726", "2017": "$2,195", "2016": "$3,049", "2015": "$3,221", "2014": "$4,153", "2013": "$4,242", "2012": "$4,971", "2011": "$1,489", "2010": "$1,447", "2009": "$1,514", "2008": "$2,162", "2007": "$9", "2006": "$6", "2005": "$"}, "Hologic Quarterly Long Term Debt (Millions of US $)": {"2020-12-31": "$2,706", "2020-09-30": "$2,731", "2020-06-30": "$2,749", "2020-03-31": "$2,768", "2019-12-31": "$2,788", "2019-09-30": "$2,803", "2019-06-30": "$2,811", "2019-03-31": "$2,820", "2018-12-31": "$2,828", "2018-09-30": "$2,726", "2018-06-30": "$2,743", "2018-03-31": "$2,761", "2017-12-31": "$2,780", "2017-09-30": "$2,195", "2017-06-30": "$2,231", "2017-03-31": "$2,257", "2016-12-31": "$2,616", "2016-09-30": "$3,049", "2016-06-30": "$3,089", "2016-03-31": "$3,098", "2015-12-31": "$3,239", "2015-09-30": "$3,221", "2015-06-30": "$3,271", "2015-03-31": "$3,358", "2014-12-31": "$3,815", "2014-09-30": "$4,153", "2014-06-30": "$4,169", "2014-03-31": "$4,184", "2013-12-31": "$4,225", "2013-09-30": "$4,242", "2013-06-30": "$4,347", "2013-03-31": "$4,551", "2012-12-31": "$4,237", "2012-09-30": "$4,971", "2012-06-30": "$1,542", "2012-03-31": "$1,527", "2011-12-31": "$1,508", "2011-09-30": "$1,489", "2011-06-30": "$1,470", "2011-03-31": "$1,452", "2010-12-31": "$1,434", "2010-09-30": "$1,447", "2010-06-30": "$1,429", "2010-03-31": "$1,411", "2009-12-31": "$1,482", "2009-09-30": "$1,514", "2009-06-30": "$1,981", "2009-03-31": "$2,081", "2008-12-31": "$2,134", "2008-09-30": "$2,162", "2008-06-30": "$1,735", "2008-03-31": "$1,825", "2007-12-31": "$2,034", "2007-09-30": "$9", "2007-06-30": "$7", "2007-03-31": "$7", "2006-12-31": "$6", "2006-09-30": "$6", "2006-06-30": "$8", "2006-03-31": "", "2005-12-31": "", "2005-09-30": "", "2005-06-30": "$0", "2005-03-31": "$0"}}, "total-liabilities": {"Hologic Annual Total Liabilities (Millions of US $)": {"2020": "$4,489", "2019": "$4,326", "2018": "$4,802", "2017": "$5,195", "2016": "$5,174", "2015": "$5,563", "2014": "$6,352", "2013": "$7,059", "2012": "$7,516", "2011": "$3,072", "2010": "$2,927", "2009": "$2,958", "2008": "$3,492", "2007": "$261", "2006": "$250", "2005": "$62"}, "Hologic Quarterly Total Liabilities (Millions of US $)": {"2020-12-31": "$4,282", "2020-09-30": "$4,489", "2020-06-30": "$4,545", "2020-03-31": "$4,731", "2019-12-31": "$4,054", "2019-09-30": "$4,326", "2019-06-30": "$4,306", "2019-03-31": "$4,366", "2018-12-31": "$4,537", "2018-09-30": "$4,802", "2018-06-30": "$4,642", "2018-03-31": "$4,789", "2017-12-31": "$4,854", "2017-09-30": "$5,195", "2017-06-30": "$5,252", "2017-03-31": "$5,910", "2016-12-31": "$5,109", "2016-09-30": "$5,174", "2016-06-30": "$5,264", "2016-03-31": "$5,242", "2015-12-31": "$5,513", "2015-09-30": "$5,563", "2015-06-30": "$5,893", "2015-03-31": "$5,863", "2014-12-31": "$5,976", "2014-09-30": "$6,352", "2014-06-30": "$6,381", "2014-03-31": "$6,382", "2013-12-31": "$6,534", "2013-09-30": "$7,059", "2013-06-30": "$7,337", "2013-03-31": "$7,319", "2012-12-31": "$7,484", "2012-09-30": "$7,516", "2012-06-30": "$3,023", "2012-03-31": "$3,069", "2011-12-31": "$3,082", "2011-09-30": "$3,072", "2011-06-30": "$3,027", "2011-03-31": "$2,981", "2010-12-31": "$2,912", "2010-09-30": "$2,927", "2010-06-30": "$2,911", "2010-03-31": "$2,950", "2009-12-31": "$2,925", "2009-09-30": "$2,958", "2009-06-30": "$3,263", "2009-03-31": "$3,382", "2008-12-31": "$3,443", "2008-09-30": "$3,492", "2008-06-30": "$3,038", "2008-03-31": "$3,103", "2007-12-31": "$3,289", "2007-09-30": "$261", "2007-06-30": "$234", "2007-03-31": "$213", "2006-12-31": "$241", "2006-09-30": "$250", "2006-06-30": "$119", "2006-03-31": "$71", "2005-12-31": "$59", "2005-09-30": "$62", "2005-06-30": "$61", "2005-03-31": "$54"}}, "total-share-holder-equity": {"Hologic Annual Share Holder Equity (Millions of US $)": {"2020": "$2,707", "2019": "$2,116", "2018": "$2,429", "2017": "$2,785", "2016": "$2,143", "2015": "$2,079", "2014": "$2,063", "2013": "$1,942", "2012": "$2,961", "2011": "$2,937", "2010": "$2,699", "2009": "$2,726", "2008": "$4,642", "2007": "$806", "2006": "$606", "2005": "$218"}, "Hologic Quarterly Share Holder Equity (Millions of US $)": {"2020-12-31": "$3,269", "2020-09-30": "$2,707", "2020-06-30": "$2,259", "2020-03-31": "$2,091", "2019-12-31": "$2,258", "2019-09-30": "$2,116", "2019-06-30": "$2,217", "2019-03-31": "$2,160", "2018-12-31": "$2,394", "2018-09-30": "$2,429", "2018-06-30": "$2,450", "2018-03-31": "$2,446", "2017-12-31": "$3,194", "2017-09-30": "$2,785", "2017-06-30": "$2,866", "2017-03-31": "$2,797", "2016-12-31": "$2,229", "2016-09-30": "$2,143", "2016-06-30": "$2,043", "2016-03-31": "$2,044", "2015-12-31": "$2,166", "2015-09-30": "$2,079", "2015-06-30": "$2,237", "2015-03-31": "$2,169", "2014-12-31": "$2,102", "2014-09-30": "$2,063", "2014-06-30": "$2,031", "2014-03-31": "$1,980", "2013-12-31": "$1,951", "2013-09-30": "$1,942", "2013-06-30": "$2,997", "2013-03-31": "$2,991", "2012-12-31": "$2,984", "2012-09-30": "$2,961", "2012-06-30": "$3,004", "2012-03-31": "$2,979", "2011-12-31": "$2,964", "2011-09-30": "$2,937", "2011-06-30": "$2,910", "2011-03-31": "$2,855", "2010-12-31": "$2,754", "2010-09-30": "$2,699", "2010-06-30": "$2,820", "2010-03-31": "$2,790", "2009-12-31": "$2,758", "2009-09-30": "$2,726", "2009-06-30": "$2,455", "2009-03-31": "$2,402", "2008-12-31": "$4,697", "2008-09-30": "$4,642", "2008-06-30": "$4,775", "2008-03-31": "$4,687", "2007-12-31": "$4,610", "2007-09-30": "$806", "2007-06-30": "$700", "2007-03-31": "$658", "2006-12-31": "$627", "2006-09-30": "$606", "2006-06-30": "$282", "2006-03-31": "$262", "2005-12-31": "$235", "2005-09-30": "$218", "2005-06-30": "$198", "2005-03-31": "$187"}}, "profit-margins": {"current": "30.5%"}, "gross margin": {"2020-12-31": "65.56%", "2020-09-30": "58.99%", "2020-06-30": "46.91%", "2020-03-31": "45.86%", "2019-12-31": "34.57%", "2019-09-30": "34.78%", "2019-06-30": "40.49%", "2019-03-31": "40.57%", "2018-12-31": "52.38%", "2018-09-30": "52.75%", "2018-06-30": "52.82%", "2018-03-31": "52.30%", "2017-12-31": "52.71%", "2017-09-30": "53.04%", "2017-06-30": "53.99%", "2017-03-31": "55.06%", "2016-12-31": "55.35%", "2016-09-30": "55.19%", "2016-06-30": "54.70%", "2016-03-31": "54.65%", "2015-12-31": "53.60%", "2015-09-30": "52.96%", "2015-06-30": "52.52%", "2015-03-31": "51.21%", "2014-12-31": "49.73%", "2014-09-30": "49.21%", "2014-06-30": "47.81%", "2014-03-31": "47.83%", "2013-12-31": "47.94%", "2013-09-30": "46.63%", "2013-06-30": "46.58%", "2013-03-31": "46.92%", "2012-12-31": "47.55%", "2012-09-30": "49.65%", "2012-06-30": "51.20%", "2012-03-31": "51.18%", "2011-12-31": "51.80%", "2011-09-30": "51.62%", "2011-06-30": "44.43%", "2011-03-31": "43.75%", "2010-12-31": "43.88%", "2010-09-30": "43.90%", "2010-06-30": "51.21%", "2010-03-31": "51.83%", "2009-12-31": "52.10%", "2009-09-30": "52.41%", "2009-06-30": "53.13%", "2009-03-31": "54.32%", "2008-12-31": "55.14%", "2008-09-30": "53.35%", "2008-06-30": "52.37%", "2008-03-31": "49.79%", "2007-12-31": "46.46%", "2007-09-30": "46.82%", "2007-06-30": "45.36%", "2007-03-31": "44.17%", "2006-12-31": "42.94%", "2006-09-30": "41.68%", "2006-06-30": "41.09%", "2006-03-31": "40.76%", "2005-12-31": "40.13%"}, "operating margin": {"2020-12-31": "41.14%", "2020-09-30": "29.26%", "2020-06-30": "11.71%", "2020-03-31": "10.23%", "2019-12-31": "-4.10%", "2019-09-30": "-3.65%", "2019-06-30": "1.87%", "2019-03-31": "1.52%", "2018-12-31": "-7.09%", "2018-09-30": "-7.40%", "2018-06-30": "-7.11%", "2018-03-31": "-7.71%", "2017-12-31": "43.60%", "2017-09-30": "44.80%", "2017-06-30": "47.22%", "2017-03-31": "49.50%", "2016-12-31": "19.78%", "2016-09-30": "19.35%", "2016-06-30": "18.77%", "2016-03-31": "18.10%", "2015-12-31": "17.39%", "2015-09-30": "16.85%", "2015-06-30": "15.84%", "2015-03-31": "14.68%", "2014-12-31": "12.52%", "2014-09-30": "11.02%", "2014-06-30": "-34.06%", "2014-03-31": "-34.75%", "2013-12-31": "-36.70%", "2013-09-30": "-36.36%", "2013-06-30": "3.50%", "2013-03-31": "4.60%", "2012-12-31": "5.09%", "2012-09-30": "5.69%", "2012-06-30": "12.28%", "2012-03-31": "12.03%", "2011-12-31": "20.16%", "2011-09-30": "20.89%", "2011-06-30": "9.02%", "2011-03-31": "9.47%", "2010-12-31": "4.12%", "2010-09-30": "4.17%", "2010-06-30": "17.47%", "2010-03-31": "17.67%", "2009-12-31": "-125.80%", "2009-09-30": "-123.15%", "2009-06-30": "-129.99%", "2009-03-31": "-126.31%", "2008-12-31": "12.70%", "2008-09-30": "-11.77%", "2008-06-30": "-4.39%", "2008-03-31": "-10.94%", "2007-12-31": "-21.33%", "2007-09-30": "20.03%", "2007-06-30": "15.94%", "2007-03-31": "14.40%", "2006-12-31": "13.01%", "2006-09-30": "11.02%", "2006-06-30": "13.95%", "2006-03-31": "12.90%", "2005-12-31": "11.33%"}, "ebitda margin": {"2020-12-31": "49.38%", "2020-09-30": "39.21%", "2020-06-30": "25.55%", "2020-03-31": "22.71%", "2019-12-31": "8.83%", "2019-09-30": "10.07%", "2019-06-30": "7.54%", "2019-03-31": "15.98%", "2018-12-31": "7.55%", "2018-09-30": "7.52%", "2018-06-30": "7.92%", "2018-03-31": "7.31%", "2017-12-31": "58.20%", "2017-09-30": "59.48%", "2017-06-30": "62.07%", "2017-03-31": "64.92%", "2016-12-31": "35.98%", "2016-09-30": "35.81%", "2016-06-30": "35.61%", "2016-03-31": "35.08%", "2015-12-31": "35.04%", "2015-09-30": "35.00%", "2015-06-30": "34.61%", "2015-03-31": "34.38%", "2014-12-31": "32.62%", "2014-09-30": "31.67%", "2014-06-30": "31.81%", "2014-03-31": "31.09%", "2013-12-31": "29.30%", "2013-09-30": "29.17%", "2013-06-30": "24.00%", "2013-03-31": "24.20%", "2012-12-31": "23.70%", "2012-09-30": "23.23%", "2012-06-30": "28.71%", "2012-03-31": "28.68%", "2011-12-31": "37.05%", "2011-09-30": "37.93%", "2011-06-30": "30.44%", "2011-03-31": "31.09%", "2010-12-31": "25.88%", "2010-09-30": "26.27%", "2010-06-30": "35.13%", "2010-03-31": "35.33%", "2009-12-31": "35.99%", "2009-09-30": "36.47%", "2009-06-30": "24.33%", "2009-03-31": "24.13%", "2008-12-31": "24.31%", "2008-09-30": "-1.49%", "2008-06-30": "5.02%", "2008-03-31": "-2.76%", "2007-12-31": "-14.99%", "2007-09-30": "24.22%", "2007-06-30": "20.29%", "2007-03-31": "18.45%", "2006-12-31": "16.91%", "2006-09-30": "14.25%", "2006-06-30": "16.54%", "2006-03-31": "15.54%", "2005-12-31": "13.92%"}, "pre tax profit margin": {"2020-12-31": "38.27%", "2020-09-30": "26.50%", "2020-06-30": "7.92%", "2020-03-31": "6.23%", "2019-12-31": "-7.85%", "2019-09-30": "-7.69%", "2019-06-30": "-1.96%", "2019-03-31": "-2.25%", "2018-12-31": "-12.62%", "2018-09-30": "-13.02%", "2018-06-30": "-13.03%", "2018-03-31": "-14.05%", "2017-12-31": "38.88%", "2017-09-30": "40.26%", "2017-06-30": "42.49%", "2017-03-31": "44.69%", "2016-12-31": "14.52%", "2016-09-30": "14.69%", "2016-06-30": "11.89%", "2016-03-31": "10.05%", "2015-12-31": "9.06%", "2015-09-30": "6.58%", "2015-06-30": "7.17%", "2015-03-31": "6.42%", "2014-12-31": "3.65%", "2014-09-30": "1.94%", "2014-06-30": "-43.92%", "2014-03-31": "-45.25%", "2013-12-31": "-47.98%", "2013-09-30": "-47.87%", "2013-06-30": "-7.57%", "2013-03-31": "-5.39%", "2012-12-31": "-5.05%", "2012-09-30": "-3.10%", "2012-06-30": "4.15%", "2012-03-31": "3.60%", "2011-12-31": "13.93%", "2011-09-30": "12.74%", "2011-06-30": "0.74%", "2011-03-31": "0.87%", "2010-12-31": "-4.88%", "2010-09-30": "-3.28%", "2010-06-30": "9.73%", "2010-03-31": "9.72%", "2009-12-31": "-133.95%", "2009-09-30": "-131.58%", "2009-06-30": "-140.37%", "2009-03-31": "-135.23%", "2008-12-31": "4.73%", "2008-09-30": "-19.53%", "2008-06-30": "-8.51%", "2008-03-31": "-14.70%", "2007-12-31": "-24.18%", "2007-09-30": "20.16%", "2007-06-30": "15.80%", "2007-03-31": "14.08%", "2006-12-31": "13.01%", "2006-09-30": "11.45%", "2006-06-30": "14.73%", "2006-03-31": "14.08%", "2005-12-31": "12.62%"}, "net profit margin": {"2020-12-31": "30.49%", "2020-09-30": "29.52%", "2020-06-30": "15.05%", "2020-03-31": "13.59%", "2019-12-31": "2.45%", "2019-09-30": "-6.06%", "2019-06-30": "-0.88%", "2019-03-31": "-0.30%", "2018-12-31": "-12.83%", "2018-09-30": "-3.42%", "2018-06-30": "-2.43%", "2018-03-31": "-4.11%", "2017-12-31": "34.57%", "2017-09-30": "24.75%", "2017-06-30": "25.69%", "2017-03-31": "27.34%", "2016-12-31": "11.60%", "2016-09-30": "11.69%", "2016-06-30": "9.40%", "2016-03-31": "7.47%", "2015-12-31": "6.80%", "2015-09-30": "4.84%", "2015-06-30": "5.03%", "2015-03-31": "4.46%", "2014-12-31": "1.98%", "2014-09-30": "0.67%", "2014-06-30": "-45.13%", "2014-03-31": "-46.14%", "2013-12-31": "-47.74%", "2013-09-30": "-47.07%", "2013-06-30": "-5.57%", "2013-03-31": "-4.43%", "2012-12-31": "-4.21%", "2012-09-30": "-3.65%", "2012-06-30": "1.75%", "2012-03-31": "2.42%", "2011-12-31": "9.13%", "2011-09-30": "8.77%", "2011-06-30": "-0.46%", "2011-03-31": "-0.99%", "2010-12-31": "-4.59%", "2010-09-30": "-3.75%", "2010-06-30": "5.99%", "2010-03-31": "6.30%", "2009-12-31": "-137.53%", "2009-09-30": "-135.37%", "2009-06-30": "-144.01%", "2009-03-31": "-140.05%", "2008-12-31": "-1.10%", "2008-09-30": "-24.85%", "2008-06-30": "-14.64%", "2008-03-31": "-20.55%", "2007-12-31": "-29.57%", "2007-09-30": "12.86%", "2007-06-30": "8.99%", "2007-03-31": "7.93%", "2006-12-31": "7.06%", "2006-09-30": "6.05%", "2006-06-30": "9.82%", "2006-03-31": "9.97%", "2005-12-31": "9.39%"}, "pe ratio": {"current": "13.25", "2021-02-05": "29.89", "2020-12-31": "26.29", "2020-09-30": "15.83", "2020-06-30": "23.08", "2020-03-31": "15.33", "2019-12-31": "56.75", "2019-09-30": "0.00", "2019-06-30": "0.00", "2019-03-31": "0.00", "2018-12-31": "0.00", "2018-09-30": "0.00", "2018-06-30": "0.00", "2018-03-31": "0.00", "2017-12-31": "11.28", "2017-09-30": "13.90", "2017-06-30": "16.93", "2017-03-31": "15.36", "2016-12-31": "34.29", "2016-09-30": "33.47", "2016-06-30": "37.61", "2016-03-31": "47.92", "2015-12-31": "59.52", "2015-09-30": "85.07", "2015-06-30": "80.98", "2015-03-31": "80.55", "2014-12-31": "148.56", "2014-09-30": "405.50", "2014-06-30": "0.00", "2014-03-31": "0.00", "2013-12-31": "0.00", "2013-09-30": "0.00", "2013-06-30": "0.00", "2013-03-31": "0.00", "2012-12-31": "0.00", "2012-09-30": "0.00", "2012-06-30": "150.33", "2012-03-31": "126.76", "2011-12-31": "27.79", "2011-09-30": "25.78", "2011-06-30": "0.00", "2011-03-31": "0.00", "2010-12-31": "0.00", "2010-09-30": "0.00", "2010-06-30": "33.98", "2010-03-31": "39.45", "2009-12-31": "0.00", "2009-09-30": "0.00", "2009-06-30": "0.00", "2009-03-31": "0.00", "2008-12-31": "145.22", "2008-09-30": "0.00", "2008-06-30": "0.00", "2008-03-31": "0.00", "2007-12-31": "0.00", "2007-09-30": "35.26", "2007-06-30": "49.38", "2007-03-31": "62.65", "2006-12-31": "62.21"}, "price sales": {"2021-02-05": "4.80", "2020-12-31": "4.22", "2020-09-30": "4.66", "2020-06-30": "4.61", "2020-03-31": "2.84", "2019-12-31": "4.16", "2019-09-30": "4.06", "2019-06-30": "3.94", "2019-03-31": "4.02", "2018-12-31": "3.47", "2018-09-30": "3.53", "2018-06-30": "3.47", "2018-03-31": "3.31", "2017-12-31": "3.91", "2017-09-30": "3.43", "2017-06-30": "4.35", "2017-03-31": "4.19", "2016-12-31": "3.98", "2016-09-30": "3.93", "2016-06-30": "3.55", "2016-03-31": "3.60", "2015-12-31": "4.09", "2015-09-30": "4.17", "2015-06-30": "4.08", "2015-03-31": "3.58", "2014-12-31": "2.90", "2014-09-30": "2.66", "2014-06-30": "2.78", "2014-03-31": "2.35", "2013-12-31": "2.44", "2013-09-30": "2.23", "2013-06-30": "2.10", "2013-03-31": "2.62", "2012-12-31": "2.47", "2012-09-30": "2.68", "2012-06-30": "2.54", "2012-03-31": "3.06", "2011-12-31": "2.53", "2011-09-30": "2.25", "2011-06-30": "3.03", "2011-03-31": "3.38", "2010-12-31": "2.89", "2010-09-30": "2.49", "2010-06-30": "2.19", "2010-03-31": "2.94", "2009-12-31": "2.31", "2009-09-30": "2.57", "2009-06-30": "2.16", "2009-03-31": "1.96", "2008-12-31": "1.93", "2008-09-30": "2.83", "2008-06-30": "3.17", "2008-03-31": "3.99", "2007-12-31": "4.94", "2007-09-30": "4.52", "2007-06-30": "4.27", "2007-03-31": "4.81", "2006-12-31": "4.37"}, "price book": {"current": "6.53", "2021-02-05": "6.52", "2020-12-31": "5.74", "2020-09-30": "6.32", "2020-06-30": "6.53", "2020-03-31": "4.33", "2019-12-31": "6.10", "2019-09-30": "6.39", "2019-06-30": "5.79", "2019-03-31": "6.01", "2018-12-31": "4.59", "2018-09-30": "4.56", "2018-06-30": "4.41", "2018-03-31": "4.18", "2017-12-31": "3.70", "2017-09-30": "3.63", "2017-06-30": "4.44", "2017-03-31": "4.25", "2016-12-31": "5.00", "2016-09-30": "5.03", "2016-06-30": "4.69", "2016-03-31": "4.72", "2015-12-31": "5.06", "2015-09-30": "5.32", "2015-06-30": "4.79", "2015-03-31": "4.28", "2014-12-31": "3.55", "2014-09-30": "3.28", "2014-06-30": "3.46", "2014-03-31": "3.00", "2013-12-31": "3.13", "2013-09-30": "2.89", "2013-06-30": "1.74", "2013-03-31": "2.03", "2012-12-31": "1.79", "2012-09-30": "1.81", "2012-06-30": "1.59", "2012-03-31": "1.91", "2011-12-31": "1.55", "2011-09-30": "1.36", "2011-06-30": "1.82", "2011-03-31": "2.03", "2010-12-31": "1.76", "2010-09-30": "1.54", "2010-06-30": "1.28", "2010-03-31": "1.72", "2009-12-31": "1.36", "2009-09-30": "1.54", "2009-06-30": "1.49", "2009-03-31": "1.40", "2008-12-31": "0.71", "2008-09-30": "1.07", "2008-06-30": "1.17", "2008-03-31": "1.52", "2007-12-31": "1.89", "2007-09-30": "4.17", "2007-06-30": "4.25", "2007-03-31": "4.71", "2006-12-31": "3.97", "2006-09-30": "3.78", "2006-06-30": "7.98", "2006-03-31": "9.60"}, "price fcf": {"2021-02-05": "", "2020-12-31": "$4.80", "2020-09-30": "$2.80", "2020-06-30": "$2.72", "2020-03-31": "$1.95", "2019-12-31": "$2.01", "2019-09-30": "$2.01", "2019-06-30": "$1.93", "2019-03-31": "$2.19", "2018-12-31": "$2.06", "2018-09-30": "$2.28", "2018-06-30": "$-4.47", "2018-03-31": "$-0.27", "2017-12-31": "$-0.33", "2017-09-30": "$-0.35", "2017-06-30": "$6.34", "2017-03-31": "$2.20", "2016-12-31": "$2.45", "2016-09-30": "$2.46", "2016-06-30": "$2.55", "2016-03-31": "$2.47", "2015-12-31": "$2.50", "2015-09-30": "$2.44", "2015-06-30": "$2.13", "2015-03-31": "$1.86", "2014-12-31": "$1.55", "2014-09-30": "$1.57", "2014-06-30": "$1.37", "2014-03-31": "$1.70", "2013-12-31": "$1.50", "2013-09-30": "$1.50", "2013-06-30": "$1.51", "2013-03-31": "$0.88", "2012-12-31": "$1.23", "2012-09-30": "$1.10", "2012-06-30": "$1.27", "2012-03-31": "$1.48", "2011-12-31": "$1.42", "2011-09-30": "$1.51", "2011-06-30": "$1.54", "2011-03-31": "$1.55", "2010-12-31": "$1.60", "2010-09-30": "$1.58", "2010-06-30": "$1.72", "2010-03-31": "$1.84", "2009-12-31": "$1.95", "2009-09-30": "$1.92", "2009-06-30": "$1.82", "2009-03-31": "$1.56", "2008-12-31": "$1.41", "2008-09-30": "$1.15", "2008-06-30": "$0.98", "2008-03-31": "$0.98", "2007-12-31": "$1.13", "2007-09-30": "$1.21", "2007-06-30": "$0.73", "2007-03-31": "$0.70", "2006-12-31": "$0.27"}, "net worth": {"value": "$21.33B"}, "current ratio": {"current": "2.46", "2020-12-31": "2.46", "2020-09-30": "1.79", "2020-06-30": "1.47", "2020-03-31": "1.31", "2019-12-31": "1.57", "2019-09-30": "1.68", "2019-06-30": "1.57", "2019-03-31": "1.45", "2018-12-31": "1.30", "2018-09-30": "1.23", "2018-06-30": "1.29", "2018-03-31": "1.26", "2017-12-31": "1.25", "2017-09-30": "0.79", "2017-06-30": "0.85", "2017-03-31": "0.86", "2016-12-31": "1.81", "2016-09-30": "1.47", "2016-06-30": "1.34", "2016-03-31": "1.30", "2015-12-31": "1.52", "2015-09-30": "1.34", "2015-06-30": "1.37", "2015-03-31": "1.36", "2014-12-31": "2.20", "2014-09-30": "2.53", "2014-06-30": "2.40", "2014-03-31": "2.30", "2013-12-31": "1.95", "2013-09-30": "1.49", "2013-06-30": "1.39", "2013-03-31": "1.59", "2012-12-31": "1.07", "2012-09-30": "2.36", "2012-06-30": "2.76", "2012-03-31": "2.51", "2011-12-31": "2.81", "2011-09-30": "2.64", "2011-06-30": "2.59", "2011-03-31": "2.85", "2010-12-31": "2.72", "2010-09-30": "2.49", "2010-06-30": "2.66", "2010-03-31": "2.25", "2009-12-31": "2.60", "2009-09-30": "2.49", "2009-06-30": "2.68", "2009-03-31": "2.59", "2008-12-31": "2.37", "2008-09-30": "2.04", "2008-06-30": "2.29", "2008-03-31": "2.40", "2007-12-31": "3.01", "2007-09-30": "2.24", "2007-06-30": "2.12", "2007-03-31": "2.27", "2006-12-31": "1.81", "2006-09-30": "1.74", "2006-06-30": "2.89", "2006-03-31": "3.91", "2005-12-31": "3.67", "2005-09-30": "4.10", "2005-06-30": "3.41", "2005-03-31": "3.60"}, "quick ratio": {"2020-12-31": "2.06", "2020-09-30": "1.47", "2020-06-30": "1.17", "2020-03-31": "1.04", "2019-12-31": "1.21", "2019-09-30": "1.26", "2019-06-30": "1.11", "2019-03-31": "1.02", "2018-12-31": "0.91", "2018-09-30": "0.96", "2018-06-30": "0.99", "2018-03-31": "0.98", "2017-12-31": "0.98", "2017-09-30": "0.62", "2017-06-30": "0.65", "2017-03-31": "0.70", "2016-12-31": "1.61", "2016-09-30": "1.17", "2016-06-30": "1.03", "2016-03-31": "0.96", "2015-12-31": "1.20", "2015-09-30": "1.04", "2015-06-30": "1.12", "2015-03-31": "1.07", "2014-12-31": "1.69", "2014-09-30": "1.99", "2014-06-30": "1.84", "2014-03-31": "1.73", "2013-12-31": "1.47", "2013-09-30": "1.23", "2013-06-30": "1.15", "2013-03-31": "1.27", "2012-12-31": "0.85", "2012-09-30": "1.81", "2012-06-30": "2.35", "2012-03-31": "2.12", "2011-12-31": "2.34", "2011-09-30": "2.18", "2011-06-30": "2.09", "2011-03-31": "2.32", "2010-12-31": "2.25", "2010-09-30": "2.05", "2010-06-30": "2.18", "2010-03-31": "1.81", "2009-12-31": "2.02", "2009-09-30": "1.94", "2009-06-30": "2.06", "2009-03-31": "2.01", "2008-12-31": "1.79", "2008-09-30": "1.52", "2008-06-30": "1.70", "2008-03-31": "1.82", "2007-12-31": "2.41", "2007-09-30": "1.65", "2007-06-30": "1.56", "2007-03-31": "1.60", "2006-12-31": "1.22", "2006-09-30": "1.18", "2006-06-30": "2.05", "2006-03-31": "2.98", "2005-12-31": "2.83", "2005-09-30": "3.30", "2005-06-30": "2.72", "2005-03-31": "2.91"}, "debt equity ratio": {"current": "0.83", "2020-12-31": "1.31", "2020-09-30": "1.66", "2020-06-30": "2.01", "2020-03-31": "2.26", "2019-12-31": "1.80", "2019-09-30": "2.05", "2019-06-30": "1.94", "2019-03-31": "2.02", "2018-12-31": "1.90", "2018-09-30": "1.98", "2018-06-30": "1.90", "2018-03-31": "1.96", "2017-12-31": "1.52", "2017-09-30": "1.87", "2017-06-30": "1.83", "2017-03-31": "2.11", "2016-12-31": "2.29", "2016-09-30": "2.42", "2016-06-30": "2.58", "2016-03-31": "2.56", "2015-12-31": "2.55", "2015-09-30": "2.68", "2015-06-30": "2.63", "2015-03-31": "2.70", "2014-12-31": "2.84", "2014-09-30": "3.08", "2014-06-30": "3.14", "2014-03-31": "3.22", "2013-12-31": "3.35", "2013-09-30": "3.64", "2013-06-30": "2.45", "2013-03-31": "2.45", "2012-12-31": "2.51", "2012-09-30": "2.54", "2012-06-30": "1.01", "2012-03-31": "1.03", "2011-12-31": "1.04", "2011-09-30": "1.05", "2011-06-30": "1.04", "2011-03-31": "1.04", "2010-12-31": "1.06", "2010-09-30": "1.09", "2010-06-30": "1.03", "2010-03-31": "1.06", "2009-12-31": "1.06", "2009-09-30": "1.09", "2009-06-30": "1.33", "2009-03-31": "1.41", "2008-12-31": "0.73", "2008-09-30": "0.75", "2008-06-30": "0.64", "2008-03-31": "0.66", "2007-12-31": "0.71", "2007-09-30": "0.32", "2007-06-30": "0.33", "2007-03-31": "0.32", "2006-12-31": "0.38", "2006-09-30": "0.41", "2006-06-30": "0.42", "2006-03-31": "0.27", "2005-12-31": "0.25", "2005-09-30": "0.29", "2005-06-30": "0.31", "2005-03-31": "0.29"}, "return on equity": {"2020-12-31": "53.57%", "2020-09-30": "47.88%", "2020-06-30": "22.74%", "2020-03-31": "20.82%", "2019-12-31": "3.79%", "2019-09-30": "-9.18%", "2019-06-30": "-1.26%", "2019-03-31": "-0.42%", "2018-12-31": "-17.20%", "2018-09-30": "-4.18%", "2018-06-30": "-2.87%", "2018-03-31": "-4.64%", "2017-12-31": "37.00%", "2017-09-30": "28.36%", "2017-06-30": "30.53%", "2017-03-31": "34.35%", "2016-12-31": "15.75%", "2016-09-30": "15.77%", "2016-06-30": "12.67%", "2016-03-31": "9.76%", "2015-12-31": "8.65%", "2015-09-30": "6.10%", "2015-06-30": "6.25%", "2015-03-31": "5.55%", "2014-12-31": "2.50%", "2014-09-30": "0.85%", "2014-06-30": "-56.93%", "2014-03-31": "-51.72%", "2013-12-31": "-47.81%", "2013-09-30": "-42.99%", "2013-06-30": "-4.59%", "2013-03-31": "-3.42%", "2012-12-31": "-3.05%", "2012-09-30": "-2.45%", "2012-06-30": "1.11%", "2012-03-31": "1.53%", "2011-12-31": "5.73%", "2011-09-30": "5.48%", "2011-06-30": "-0.29%", "2011-03-31": "-0.61%", "2010-12-31": "-2.82%", "2010-09-30": "-2.28%", "2010-06-30": "3.57%", "2010-03-31": "3.84%", "2009-12-31": "-86.18%", "2009-09-30": "-72.18%", "2009-06-30": "-68.05%", "2009-03-31": "-57.76%", "2008-12-31": "-0.40%", "2008-09-30": "-8.89%", "2008-06-30": "-5.65%", "2008-03-31": "-9.11%", "2007-12-31": "-16.53%", "2007-09-30": "13.62%", "2007-06-30": "9.57%", "2007-03-31": "9.02%", "2006-12-31": "8.55%", "2006-09-30": "8.09%", "2006-06-30": "15.25%", "2006-03-31": "14.90%", "2005-12-31": "13.84%"}, "return on assets": {"2020-12-31": "19.50%", "2020-09-30": "16.44%", "2020-06-30": "7.52%", "2020-03-31": "6.93%", "2019-12-31": "1.29%", "2019-09-30": "-3.09%", "2019-06-30": "-0.43%", "2019-03-31": "-0.14%", "2018-12-31": "-5.87%", "2018-09-30": "-1.49%", "2018-06-30": "-1.03%", "2018-03-31": "-1.67%", "2017-12-31": "13.11%", "2017-09-30": "9.42%", "2017-06-30": "9.73%", "2017-03-31": "10.32%", "2016-12-31": "4.55%", "2016-09-30": "4.47%", "2016-06-30": "3.53%", "2016-03-31": "2.71%", "2015-12-31": "2.38%", "2015-09-30": "1.64%", "2015-06-30": "1.64%", "2015-03-31": "1.41%", "2014-12-31": "0.61%", "2014-09-30": "0.20%", "2014-06-30": "-13.14%", "2014-03-31": "-12.68%", "2013-12-31": "-12.39%", "2013-09-30": "-11.70%", "2013-06-30": "-1.32%", "2013-03-31": "-1.09%", "2012-12-31": "-1.10%", "2012-09-30": "-1.02%", "2012-06-30": "0.55%", "2012-03-31": "0.75%", "2011-12-31": "2.80%", "2011-09-30": "2.68%", "2011-06-30": "-0.14%", "2011-03-31": "-0.30%", "2010-12-31": "-1.37%", "2010-09-30": "-1.11%", "2010-06-30": "1.73%", "2010-03-31": "1.81%", "2009-12-31": "-38.97%", "2009-09-30": "-35.00%", "2009-06-30": "-34.78%", "2009-03-31": "-31.94%", "2008-12-31": "-0.24%", "2008-09-30": "-5.26%", "2008-06-30": "-3.42%", "2008-03-31": "-5.56%", "2007-12-31": "-10.40%", "2007-09-30": "10.16%", "2007-06-30": "7.03%", "2007-03-31": "6.54%", "2006-12-31": "6.18%", "2006-09-30": "5.94%", "2006-06-30": "11.62%", "2006-03-31": "11.66%", "2005-12-31": "10.80%"}, "return on investments": {"2020-12-31": "35.07%", "2020-09-30": "21.72%", "2020-06-30": "7.79%", "2020-03-31": "6.85%", "2019-12-31": "-2.78%", "2019-09-30": "-2.44%", "2019-06-30": "1.22%", "2019-03-31": "0.97%", "2018-12-31": "-4.45%", "2018-09-30": "-4.42%", "2018-06-30": "-4.27%", "2018-03-31": "-4.63%", "2017-12-31": "25.74%", "2017-09-30": "27.43%", "2017-06-30": "27.90%", "2017-03-31": "28.32%", "2016-12-31": "11.19%", "2016-09-30": "10.50%", "2016-06-30": "10.05%", "2016-03-31": "9.44%", "2015-12-31": "8.79%", "2015-09-30": "8.20%", "2015-06-30": "7.29%", "2015-03-31": "6.40%", "2014-12-31": "5.26%", "2014-09-30": "4.51%", "2014-06-30": "-13.74%", "2014-03-31": "-13.36%", "2013-12-31": "-13.33%", "2013-09-30": "-12.81%", "2013-06-30": "1.15%", "2013-03-31": "1.56%", "2012-12-31": "1.82%", "2012-09-30": "2.13%", "2012-06-30": "5.15%", "2012-03-31": "5.04%", "2011-12-31": "8.39%", "2011-09-30": "8.65%", "2011-06-30": "3.71%", "2011-03-31": "3.86%", "2010-12-31": "1.67%", "2010-09-30": "1.66%", "2010-06-30": "6.83%", "2010-03-31": "6.75%", "2009-12-31": "-46.85%", "2009-09-30": "-40.34%", "2009-06-30": "-38.66%", "2009-03-31": "-34.93%", "2008-12-31": "3.30%", "2008-09-30": "-2.98%", "2008-06-30": "-1.23%", "2008-03-31": "-3.57%", "2007-12-31": "-9.15%", "2007-09-30": "20.99%", "2007-06-30": "16.81%", "2007-03-31": "16.18%", "2006-12-31": "18.24%", "2006-09-30": "22.62%", "2006-06-30": "74.48%", "2006-03-31": "88.44%", "2005-12-31": "36.27%"}, "return on tangible equity": {"2020-12-31": "-104.10%", "2020-09-30": "-69.92%", "2020-06-30": "-28.23%", "2020-03-31": "-23.85%", "2019-12-31": "-4.13%", "2019-09-30": "9.17%", "2019-06-30": "1.22%", "2019-03-31": "0.41%", "2018-12-31": "16.45%", "2018-09-30": "4.29%", "2018-06-30": "2.86%", "2018-03-31": "4.53%", "2017-12-31": "-35.20%", "2017-09-30": "-25.60%", "2017-06-30": "-25.59%", "2017-03-31": "-25.65%", "2016-12-31": "-10.53%", "2016-09-30": "-9.48%", "2016-06-30": "-7.32%", "2016-03-31": "-5.69%", "2015-12-31": "-5.03%", "2015-09-30": "-3.41%", "2015-06-30": "-3.40%", "2015-03-31": "-2.82%", "2014-12-31": "-1.20%", "2014-09-30": "-0.38%", "2014-06-30": "24.61%", "2014-03-31": "24.31%", "2013-12-31": "24.33%", "2013-09-30": "23.57%", "2013-06-30": "2.68%", "2013-03-31": "2.45%", "2012-12-31": "2.81%", "2012-09-30": "3.19%", "2012-06-30": "-2.49%", "2012-03-31": "-3.20%", "2011-12-31": "-11.42%", "2011-09-30": "-10.62%", "2011-06-30": "0.53%", "2011-03-31": "1.13%", "2010-12-31": "5.07%", "2010-09-30": "3.91%", "2010-06-30": "-5.90%", "2010-03-31": "-5.66%", "2009-12-31": "113.05%", "2009-09-30": "104.26%", "2009-06-30": "105.76%", "2009-03-31": "105.86%", "2008-12-31": "0.86%", "2008-09-30": "19.00%", "2008-06-30": "13.78%", "2008-03-31": "25.24%", "2007-12-31": "69.05%", "2007-09-30": "52.63%", "2007-06-30": "41.06%", "2007-03-31": "30.43%", "2006-12-31": "21.68%", "2006-09-30": "14.66%", "2006-06-30": "17.59%", "2006-03-31": "16.75%", "2005-12-31": "15.20%"}, "dividend yield history": {"last payout": "$0.00", "last yield": "0.00%"}}