{"ticker": "HON", "price": {"title": "Honeywell Historical Annual Stock Price Data", "value": 202.92, "historical": {"2021": {"Average Stock Price": "204.6383", "Year Open": "207.9500", "Year High": "212.6100", "Year Low": "195.3700", "Year Close": "202.9200", "Annual % Change": "-4.60%"}, "2020": {"Average Stock Price": "163.7690", "Year Open": "180.7900", "Year High": "214.6300", "Year Low": "103.8600", "Year Close": "212.7000", "Annual % Change": "20.17%"}, "2019": {"Average Stock Price": "165.0129", "Year Open": "131.8300", "Year High": "182.0100", "Year Low": "130.0700", "Year Close": "177.0000", "Annual % Change": "33.97%"}, "2018": {"Average Stock Price": "150.8988", "Year Open": "153.7100", "Year High": "167.3400", "Year Low": "124.8300", "Year Close": "132.1200", "Annual % Change": "-13.85%"}, "2017": {"Average Stock Price": "134.7130", "Year Open": "116.1800", "Year High": "155.9600", "Year Low": "116.1800", "Year Close": "153.3600", "Annual % Change": "32.38%"}, "2016": {"Average Stock Price": "111.9712", "Year Open": "102.5700", "Year High": "119.8800", "Year Low": "96.2400", "Year Close": "115.8500", "Annual % Change": "11.86%"}, "2015": {"Average Stock Price": "102.2444", "Year Open": "100.2300", "Year High": "107.3000", "Year Low": "91.5900", "Year Close": "103.5700", "Annual % Change": "3.65%"}, "2014": {"Average Stock Price": "93.8945", "Year Open": "90.3200", "Year High": "101.9800", "Year Low": "85.1100", "Year Close": "99.9200", "Annual % Change": "9.36%"}, "2013": {"Average Stock Price": "79.2631", "Year Open": "64.7500", "Year High": "91.3700", "Year Low": "64.7500", "Year Close": "91.3700", "Annual % Change": "43.96%"}, "2012": {"Average Stock Price": "59.0287", "Year Open": "55.5800", "Year High": "64.2900", "Year Low": "52.9200", "Year Close": "63.4700", "Annual % Change": "16.78%"}, "2011": {"Average Stock Price": "53.9749", "Year Open": "54.2100", "Year High": "62.0000", "Year Low": "41.9400", "Year Close": "54.3500", "Annual % Change": "2.24%"}, "2010": {"Average Stock Price": "44.1635", "Year Open": "40.3500", "Year High": "53.7200", "Year Low": "36.8700", "Year Close": "53.1600", "Annual % Change": "35.61%"}, "2009": {"Average Stock Price": "34.1950", "Year Open": "34.6600", "Year High": "41.3100", "Year Low": "23.2300", "Year Close": "39.2000", "Annual % Change": "19.40%"}, "2008": {"Average Stock Price": "48.3337", "Year Open": "59.9000", "Year High": "62.4300", "Year Low": "23.6700", "Year Close": "32.8300", "Annual % Change": "-46.68%"}, "2007": {"Average Stock Price": "54.4559", "Year Open": "45.1000", "Year High": "61.7700", "Year Low": "44.1300", "Year Close": "61.5700", "Annual % Change": "36.10%"}, "2006": {"Average Stock Price": "40.7673", "Year Open": "37.4600", "Year High": "45.4600", "Year Low": "35.8400", "Year Close": "45.2400", "Annual % Change": "21.45%"}, "2005": {"Average Stock Price": "36.9259", "Year Open": "35.3000", "Year High": "39.3000", "Year Low": "33.2100", "Year Close": "37.2500", "Annual % Change": "5.20%"}, "2004": {"Average Stock Price": "35.2103", "Year Open": "33.3300", "Year High": "38.1100", "Year Low": "31.7500", "Year Close": "35.4100", "Annual % Change": "5.92%"}, "2003": {"Average Stock Price": "26.6608", "Year Open": "24.9800", "Year High": "33.4300", "Year Low": "20.7300", "Year Close": "33.4300", "Annual % Change": "39.29%"}, "2002": {"Average Stock Price": "31.4742", "Year Open": "33.4000", "Year High": "40.7600", "Year Low": "19.2000", "Year Close": "24.0000", "Annual % Change": "-29.04%"}, "2001": {"Average Stock Price": "39.1923", "Year Open": "44.2500", "Year High": "53.5000", "Year Low": "23.5900", "Year Close": "33.8200", "Annual % Change": "-28.51%"}, "2000": {"Average Stock Price": "45.8826", "Year Open": "56.6900", "Year High": "59.8800", "Year Low": "33.0000", "Year Close": "47.3100", "Annual % Change": "-17.99%"}, "1999": {"Average Stock Price": "56.4713", "Year Open": "43.5600", "Year High": "68.0600", "Year Low": "39.0000", "Year Close": "57.6900", "Annual % Change": "30.20%"}, "1998": {"Average Stock Price": "41.0282", "Year Open": "39.5000", "Year High": "47.1200", "Year Low": "33.0000", "Year Close": "44.3100", "Annual % Change": "14.17%"}, "1997": {"Average Stock Price": "38.9520", "Year Open": "33.6250", "Year High": "46.8450", "Year Low": "33.6200", "Year Close": "38.8100", "Annual % Change": "15.85%"}, "1996": {"Average Stock Price": "29.9753", "Year Open": "24.6250", "Year High": "36.8100", "Year Low": "23.8750", "Year Close": "33.5000", "Annual % Change": "41.05%"}, "1995": {"Average Stock Price": "21.0390", "Year Open": "17.0000", "Year High": "24.9400", "Year Low": "16.9400", "Year Close": "23.7500", "Annual % Change": "39.71%"}, "1994": {"Average Stock Price": "17.9904", "Year Open": "19.4375", "Year High": "20.0000", "Year Low": "15.4400", "Year Close": "17.0000", "Annual % Change": "-13.92%"}, "1993": {"Average Stock Price": "17.1561", "Year Open": "15.0950", "Year High": "20.0000", "Year Low": "14.4050", "Year Close": "19.7500", "Annual % Change": "30.58%"}, "1992": {"Average Stock Price": "13.4731", "Year Open": "10.5000", "Year High": "15.4050", "Year Low": "10.5000", "Year Close": "15.1250", "Annual % Change": "37.88%"}, "1991": {"Average Stock Price": "8.4673", "Year Open": "7.0000", "Year High": "11.0300", "Year Low": "6.4700", "Year Close": "10.9700", "Annual % Change": "62.52%"}, "1990": {"Average Stock Price": "8.1540", "Year Open": "8.8450", "Year High": "9.3450", "Year Low": "6.2800", "Year Close": "6.7500", "Annual % Change": "-22.59%"}, "1989": {"Average Stock Price": "8.7994", "Year Open": "8.3450", "Year High": "10.0300", "Year Low": "7.9700", "Year Close": "8.7200", "Annual % Change": "7.32%"}, "1988": {"Average Stock Price": "8.2778", "Year Open": "7.7200", "Year High": "9.1875", "Year Low": "7.0950", "Year Close": "8.1250", "Annual % Change": "15.04%"}, "1987": {"Average Stock Price": "10.4331", "Year Open": "10.1550", "Year High": "12.3125", "Year Low": "6.5300", "Year Close": "7.0625", "Annual % Change": "-29.59%"}, "1986": {"Average Stock Price": "11.1854", "Year Open": "11.7200", "Year High": "13.3125", "Year Low": "9.5000", "Year Close": "10.0300", "Annual % Change": "-14.18%"}, "1985": {"Average Stock Price": "10.5089", "Year Open": "8.5000", "Year High": "11.9050", "Year Low": "8.5000", "Year Close": "11.6875", "Annual % Change": "35.51%"}, "1984": {"Average Stock Price": "10.2221", "Year Open": "13.9050", "Year High": "13.9050", "Year Low": "7.1875", "Year Close": "8.6250", "Annual % Change": "-38.12%"}, "1983": {"Average Stock Price": "12.1356", "Year Open": "8.1250", "Year High": "14.3750", "Year Low": "8.1250", "Year Close": "13.9375", "Annual % Change": "72.23%"}, "1982": {"Average Stock Price": "8.7101", "Year Open": "11.3125", "Year High": "11.3125", "Year Low": "7.3125", "Year Close": "8.0925", "Annual % Change": "-26.23%"}, "1981": {"Average Stock Price": "12.5261", "Year Open": "13.5000", "Year High": "14.7500", "Year Low": "10.0000", "Year Close": "10.9700", "Annual % Change": "-17.98%"}, "1980": {"Average Stock Price": "13.0090", "Year Open": "11.8750", "Year High": "15.3750", "Year Low": "10.5625", "Year Close": "13.3750", "Annual % Change": "8.92%"}, "1979": {"Average Stock Price": "9.1503", "Year Open": "7.2500", "Year High": "12.3450", "Year Low": "7.1875", "Year Close": "12.2800", "Annual % Change": "73.88%"}, "1978": {"Average Stock Price": "9.1703", "Year Open": "10.9050", "Year High": "11.1875", "Year Low": "7.0300", "Year Close": "7.0625", "Annual % Change": "-36.16%"}, "1977": {"Average Stock Price": "11.2722", "Year Open": "9.9675", "Year High": "12.7200", "Year Low": "9.8750", "Year Close": "11.0625", "Annual % Change": "10.63%"}, "1976": {"Average Stock Price": "9.6483", "Year Open": "8.4675", "Year High": "11.1550", "Year Low": "8.4675", "Year Close": "10.0000", "Annual % Change": "20.30%"}, "1975": {"Average Stock Price": "8.6989", "Year Open": "7.3125", "Year High": "10.2825", "Year Low": "6.8125", "Year Close": "8.3125", "Annual % Change": "17.16%"}, "1974": {"Average Stock Price": "9.4556", "Year Open": "12.2800", "Year High": "13.3125", "Year Low": "6.0950", "Year Close": "7.0950", "Annual % Change": "-42.08%"}, "1973": {"Average Stock Price": "9.0980", "Year Open": "7.3425", "Year High": "12.2500", "Year Low": "7.0950", "Year Close": "12.2500", "Annual % Change": "68.97%"}, "1972": {"Average Stock Price": "7.4987", "Year Open": "7.2500", "Year High": "9.1575", "Year Low": "6.5925", "Year Close": "7.2500", "Annual % Change": "-0.45%"}, "1971": {"Average Stock Price": "7.3966", "Year Open": "5.8425", "Year High": "8.6550", "Year Low": "5.8425", "Year Close": "7.2825", "Annual % Change": "20.77%"}}}, "market cap": {"value": "$142.39B"}, "income statement": {"Revenue": {"2020-12-31": "32637.00000", "2019-12-31": "36709.00000", "2018-12-31": "41802.00000", "2017-12-31": "40534.00000", "2016-12-31": "39302.00000", "2015-12-31": "38581.00000", "2014-12-31": "40306.00000", "2013-12-31": "39055.00000", "2012-12-31": "37665.00000", "2011-12-31": "36529.00000", "2010-12-31": "32350.00000", "2009-12-31": "29951.00000", "2008-12-31": "36556.00000", "2007-12-31": "34589.00000", "2006-12-31": "31367.00000", "2005-12-31": "27652.00000"}, "Cost Of Goods Sold": {"2020-12-31": "22169.00000", "2019-12-31": "24339.00000", "2018-12-31": "29046.00000", "2017-12-31": "28144.00000", "2016-12-31": "27677.00000", "2015-12-31": "26747.00000", "2014-12-31": "28957.00000", "2013-12-31": "28364.00000", "2012-12-31": "28291.00000", "2011-12-31": "28556.00000", "2010-12-31": "24721.00000", "2009-12-31": "23260.00000", "2008-12-31": "31118.00000", "2007-12-31": "26300.00000", "2006-12-31": "24096.00000", "2005-12-31": "21524.00000"}, "Gross Profit": {"2020-12-31": "10468.00000", "2019-12-31": "12370.00000", "2018-12-31": "12756.00000", "2017-12-31": "12390.00000", "2016-12-31": "11625.00000", "2015-12-31": "11834.00000", "2014-12-31": "11349.00000", "2013-12-31": "10691.00000", "2012-12-31": "9374.00000", "2011-12-31": "7973.00000", "2010-12-31": "7629.00000", "2009-12-31": "6691.00000", "2008-12-31": "5438.00000", "2007-12-31": "8289.00000", "2006-12-31": "7271.00000", "2005-12-31": "6128.00000"}, "Research And Development Expenses": {"2020-12-31": "", "2019-12-31": "", "2018-12-31": "", "2017-12-31": "", "2016-12-31": "", "2015-12-31": "", "2014-12-31": "", "2013-12-31": "", "2012-12-31": "", "2011-12-31": "", "2010-12-31": "", "2009-12-31": "", "2008-12-31": "", "2007-12-31": "", "2006-12-31": "", "2005-12-31": ""}, "SG&A Expenses": {"2020-12-31": "4772.00000", "2019-12-31": "5519.00000", "2018-12-31": "6051.00000", "2017-12-31": "6087.00000", "2016-12-31": "5574.00000", "2015-12-31": "5006.00000", "2014-12-31": "5518.00000", "2013-12-31": "5190.00000", "2012-12-31": "5218.00000", "2011-12-31": "5399.00000", "2010-12-31": "4618.00000", "2009-12-31": "4323.00000", "2008-12-31": "5130.00000", "2007-12-31": "4565.00000", "2006-12-31": "4210.00000", "2005-12-31": "3707.00000"}, "Other Operating Income Or Expenses": {"2020-12-31": "", "2019-12-31": "", "2018-12-31": "", "2017-12-31": "", "2016-12-31": "", "2015-12-31": "", "2014-12-31": "", "2013-12-31": "", "2012-12-31": "", "2011-12-31": "", "2010-12-31": "", "2009-12-31": "", "2008-12-31": "", "2007-12-31": "", "2006-12-31": "", "2005-12-31": ""}, "Operating Expenses": {"2020-12-31": "26941.00000", "2019-12-31": "29858.00000", "2018-12-31": "35097.00000", "2017-12-31": "34231.00000", "2016-12-31": "33251.00000", "2015-12-31": "31753.00000", "2014-12-31": "34475.00000", "2013-12-31": "33554.00000", "2012-12-31": "33509.00000", "2011-12-31": "33955.00000", "2010-12-31": "29339.00000", "2009-12-31": "27583.00000", "2008-12-31": "36248.00000", "2007-12-31": "30865.00000", "2006-12-31": "28306.00000", "2005-12-31": "25231.00000"}, "Operating Income": {"2020-12-31": "5696.00000", "2019-12-31": "6851.00000", "2018-12-31": "6705.00000", "2017-12-31": "6303.00000", "2016-12-31": "6051.00000", "2015-12-31": "6828.00000", "2014-12-31": "5831.00000", "2013-12-31": "5501.00000", "2012-12-31": "4156.00000", "2011-12-31": "2574.00000", "2010-12-31": "3011.00000", "2009-12-31": "2368.00000", "2008-12-31": "308.00000", "2007-12-31": "3724.00000", "2006-12-31": "3061.00000", "2005-12-31": "2421.00000"}, "Total Non-Operating Income/Expense": {"2020-12-31": "316.00000", "2019-12-31": "708.00000", "2018-12-31": "782.00000", "2017-12-31": "647.00000", "2016-12-31": "401.00000", "2015-12-31": "-242.00000", "2014-12-31": "-13.00000", "2013-12-31": "-89.00000", "2012-12-31": "-281.00000", "2011-12-31": "-292.00000", "2010-12-31": "-289.00000", "2009-12-31": "-404.00000", "2008-12-31": "292.00000", "2007-12-31": "-387.00000", "2006-12-31": "-263.00000", "2005-12-31": "-125.00000"}, "Pre-Tax Income": {"2020-12-31": "6012.00000", "2019-12-31": "7559.00000", "2018-12-31": "7487.00000", "2017-12-31": "6950.00000", "2016-12-31": "6452.00000", "2015-12-31": "6586.00000", "2014-12-31": "5818.00000", "2013-12-31": "5412.00000", "2012-12-31": "3875.00000", "2011-12-31": "2282.00000", "2010-12-31": "2722.00000", "2009-12-31": "1964.00000", "2008-12-31": "600.00000", "2007-12-31": "3337.00000", "2006-12-31": "2798.00000", "2005-12-31": "2296.00000"}, "Income Taxes": {"2020-12-31": "1147.00000", "2019-12-31": "1329.00000", "2018-12-31": "659.00000", "2017-12-31": "5362.00000", "2016-12-31": "1603.00000", "2015-12-31": "1739.00000", "2014-12-31": "1489.00000", "2013-12-31": "1450.00000", "2012-12-31": "944.00000", "2011-12-31": "417.00000", "2010-12-31": "765.00000", "2009-12-31": "436.00000", "2008-12-31": "-226.00000", "2007-12-31": "877.00000", "2006-12-31": "720.00000", "2005-12-31": "732.00000"}, "Income After Taxes": {"2020-12-31": "4865.00000", "2019-12-31": "6230.00000", "2018-12-31": "6828.00000", "2017-12-31": "1588.00000", "2016-12-31": "4849.00000", "2015-12-31": "4847.00000", "2014-12-31": "4329.00000", "2013-12-31": "3962.00000", "2012-12-31": "2931.00000", "2011-12-31": "1865.00000", "2010-12-31": "1957.00000", "2009-12-31": "1528.00000", "2008-12-31": "826.00000", "2007-12-31": "2460.00000", "2006-12-31": "2078.00000", "2005-12-31": "1564.00000"}, "Other Income": {"2020-12-31": "", "2019-12-31": "", "2018-12-31": "", "2017-12-31": "", "2016-12-31": "", "2015-12-31": "", "2014-12-31": "", "2013-12-31": "", "2012-12-31": "", "2011-12-31": "", "2010-12-31": "", "2009-12-31": "", "2008-12-31": "", "2007-12-31": "", "2006-12-31": "", "2005-12-31": ""}, "Income From Continuous Operations": {"2020-12-31": "4865.00000", "2019-12-31": "6230.00000", "2018-12-31": "6828.00000", "2017-12-31": "1588.00000", "2016-12-31": "4849.00000", "2015-12-31": "4847.00000", "2014-12-31": "4329.00000", "2013-12-31": "3962.00000", "2012-12-31": "2931.00000", "2011-12-31": "1865.00000", "2010-12-31": "1957.00000", "2009-12-31": "1528.00000", "2008-12-31": "826.00000", "2007-12-31": "2460.00000", "2006-12-31": "2078.00000", "2005-12-31": "1564.00000"}, "Income From Discontinued Operations": {"2020-12-31": "", "2019-12-31": "", "2018-12-31": "", "2017-12-31": "", "2016-12-31": "", "2015-12-31": "", "2014-12-31": "", "2013-12-31": "", "2012-12-31": "", "2011-12-31": "209.00000", "2010-12-31": "78.00000", "2009-12-31": "56.00000", "2008-12-31": "", "2007-12-31": "", "2006-12-31": "5.00000", "2005-12-31": "95.00000"}, "Net Income": {"2020-12-31": "4779.00000", "2019-12-31": "6143.00000", "2018-12-31": "6765.00000", "2017-12-31": "1545.00000", "2016-12-31": "4812.00000", "2015-12-31": "4768.00000", "2014-12-31": "4239.00000", "2013-12-31": "3924.00000", "2012-12-31": "2926.00000", "2011-12-31": "2067.00000", "2010-12-31": "2022.00000", "2009-12-31": "1548.00000", "2008-12-31": "806.00000", "2007-12-31": "2444.00000", "2006-12-31": "2083.00000", "2005-12-31": "1638.00000"}, "EBITDA": {"2020-12-31": "6698.00000", "2019-12-31": "7939.00000", "2018-12-31": "7821.00000", "2017-12-31": "7418.00000", "2016-12-31": "7081.00000", "2015-12-31": "7711.00000", "2014-12-31": "6755.00000", "2013-12-31": "6490.00000", "2012-12-31": "5082.00000", "2011-12-31": "3531.00000", "2010-12-31": "3998.00000", "2009-12-31": "3325.00000", "2008-12-31": "1211.00000", "2007-12-31": "4561.00000", "2006-12-31": "3855.00000", "2005-12-31": "3074.00000"}, "EBIT": {"2020-12-31": "5696.00000", "2019-12-31": "6851.00000", "2018-12-31": "6705.00000", "2017-12-31": "6303.00000", "2016-12-31": "6051.00000", "2015-12-31": "6828.00000", "2014-12-31": "5831.00000", "2013-12-31": "5501.00000", "2012-12-31": "4156.00000", "2011-12-31": "2574.00000", "2010-12-31": "3011.00000", "2009-12-31": "2368.00000", "2008-12-31": "308.00000", "2007-12-31": "3724.00000", "2006-12-31": "3061.00000", "2005-12-31": "2421.00000"}, "Basic Shares Outstanding": {"2020-12-31": "704.10000", "2019-12-31": "721.00000", "2018-12-31": "743.00000", "2017-12-31": "762.10000", "2016-12-31": "764.30000", "2015-12-31": "779.80000", "2014-12-31": "784.40000", "2013-12-31": "786.40000", "2012-12-31": "782.40000", "2011-12-31": "780.80000", "2010-12-31": "773.50000", "2009-12-31": "752.60000", "2008-12-31": "736.80000", "2007-12-31": "764.54400", "2006-12-31": "820.84600", "2005-12-31": "848.74000"}, "Shares Outstanding": {"2020-12-31": "711.20000", "2019-12-31": "730.30000", "2018-12-31": "753.00000", "2017-12-31": "772.10000", "2016-12-31": "775.30000", "2015-12-31": "789.30000", "2014-12-31": "795.20000", "2013-12-31": "797.30000", "2012-12-31": "791.90000", "2011-12-31": "791.60000", "2010-12-31": "780.90000", "2009-12-31": "755.70000", "2008-12-31": "743.60000", "2007-12-31": "774.22700", "2006-12-31": "826.27800", "2005-12-31": "852.33500"}, "Basic EPS": {"2020-12-31": "6.79000", "2019-12-31": "8.52000", "2018-12-31": "9.10000", "2017-12-31": "2.03000", "2016-12-31": "6.30000", "2015-12-31": "6.11000", "2014-12-31": "5.40000", "2013-12-31": "4.99000", "2012-12-31": "3.74000", "2011-12-31": "2.65000", "2010-12-31": "2.61000", "2009-12-31": "2.06000", "2008-12-31": "1.09000", "2007-12-31": "3.20000", "2006-12-31": "2.54000", "2005-12-31": "1.93000"}, "EPS - Earnings Per Share": {"2020-12-31": "6.72000", "2019-12-31": "8.41000", "2018-12-31": "8.98000", "2017-12-31": "2.00000", "2016-12-31": "6.21000", "2015-12-31": "6.04000", "2014-12-31": "5.33000", "2013-12-31": "4.92000", "2012-12-31": "3.69000", "2011-12-31": "2.61000", "2010-12-31": "2.59000", "2009-12-31": "2.05000", "2008-12-31": "1.08000", "2007-12-31": "3.16000", "2006-12-31": "2.52000", "2005-12-31": "1.92000"}}, "income statement, quarterly": {"Revenue": {"2020-12-31": "8900.00000", "2020-09-30": "7797.00000", "2020-06-30": "7477.00000", "2020-03-31": "8463.00000", "2019-12-31": "9496.00000", "2019-09-30": "9086.00000", "2019-06-30": "9243.00000", "2019-03-31": "8884.00000", "2018-12-31": "9729.00000", "2018-09-30": "10762.00000", "2018-06-30": "10919.00000", "2018-03-31": "10392.00000", "2017-12-31": "10843.00000", "2017-09-30": "10121.00000", "2017-06-30": "10078.00000", "2017-03-31": "9492.00000", "2016-12-31": "9985.00000", "2016-09-30": "9804.00000", "2016-06-30": "9991.00000", "2016-03-31": "9522.00000", "2015-12-31": "9982.00000", "2015-09-30": "9611.00000", "2015-06-30": "9775.00000", "2015-03-31": "9213.00000", "2014-12-31": "10266.00000", "2014-09-30": "10108.00000", "2014-06-30": "10253.00000", "2014-03-31": "9679.00000", "2013-12-31": "10387.00000", "2013-09-30": "9647.00000", "2013-06-30": "9693.00000", "2013-03-31": "9328.00000", "2012-12-31": "9581.00000", "2012-09-30": "9342.00000", "2012-06-30": "9435.00000", "2012-03-31": "9307.00000", "2011-12-31": "9473.00000", "2011-09-30": "9298.00000", "2011-06-30": "9086.00000", "2011-03-31": "8672.00000", "2010-12-31": "8509.00000", "2010-09-30": "8139.00000", "2010-06-30": "7926.00000", "2010-03-31": "7776.00000", "2009-12-31": "7115.00000", "2009-09-30": "7700.00000", "2009-06-30": "7566.00000", "2009-03-31": "7570.00000", "2008-12-31": "8712.00000", "2008-09-30": "9275.00000", "2008-06-30": "9674.00000", "2008-03-31": "8895.00000", "2007-12-31": "9275.00000", "2007-09-30": "8735.00000", "2007-06-30": "8538.00000", "2007-03-31": "8041.00000", "2006-12-31": "8276.00000", "2006-09-30": "7952.00000", "2006-06-30": "7898.00000", "2006-03-31": "7241.00000", "2005-12-31": "7275.00000", "2005-09-30": "6900.00000", "2005-06-30": "7028.00000", "2005-03-31": "6449.00000"}, "Cost Of Goods Sold": {"2020-12-31": "5976.00000", "2020-09-30": "5383.00000", "2020-06-30": "5276.00000", "2020-03-31": "5534.00000", "2019-12-31": "6328.00000", "2019-09-30": "6038.00000", "2019-06-30": "6094.00000", "2019-03-31": "5879.00000", "2018-12-31": "6685.00000", "2018-09-30": "7556.00000", "2018-06-30": "7614.00000", "2018-03-31": "7191.00000", "2017-12-31": "7537.00000", "2017-09-30": "7054.00000", "2017-06-30": "7024.00000", "2017-03-31": "6529.00000", "2016-12-31": "7406.00000", "2016-09-30": "6903.00000", "2016-06-30": "6821.00000", "2016-03-31": "6547.00000", "2015-12-31": "6917.00000", "2015-09-30": "6654.00000", "2015-06-30": "6814.00000", "2015-03-31": "6362.00000", "2014-12-31": "7566.00000", "2014-09-30": "7128.00000", "2014-06-30": "7296.00000", "2014-03-31": "6967.00000", "2013-12-31": "7612.00000", "2013-09-30": "6942.00000", "2013-06-30": "7027.00000", "2013-03-31": "6783.00000", "2012-12-31": "7681.00000", "2012-09-30": "6808.00000", "2012-06-30": "6922.00000", "2012-03-31": "6880.00000", "2011-12-31": "8435.00000", "2011-09-30": "7033.00000", "2011-06-30": "6664.00000", "2011-03-31": "6424.00000", "2010-12-31": "6726.00000", "2010-09-30": "6170.00000", "2010-06-30": "5967.00000", "2010-03-31": "5858.00000", "2009-12-31": "6025.00000", "2009-09-30": "5797.00000", "2009-06-30": "5682.00000", "2009-03-31": "5756.00000", "2008-12-31": "9647.00000", "2008-09-30": "7476.00000", "2008-06-30": "7323.00000", "2008-03-31": "6672.00000", "2007-12-31": "7013.00000", "2007-09-30": "6646.00000", "2007-06-30": "6491.00000", "2007-03-31": "6150.00000", "2006-12-31": "6358.00000", "2006-09-30": "6111.00000", "2006-06-30": "6027.00000", "2006-03-31": "5600.00000", "2005-12-31": "5637.00000", "2005-09-30": "5302.00000", "2005-06-30": "5503.00000", "2005-03-31": "5082.00000"}, "Gross Profit": {"2020-12-31": "2924.00000", "2020-09-30": "2414.00000", "2020-06-30": "2201.00000", "2020-03-31": "2929.00000", "2019-12-31": "3168.00000", "2019-09-30": "3048.00000", "2019-06-30": "3149.00000", "2019-03-31": "3005.00000", "2018-12-31": "3044.00000", "2018-09-30": "3206.00000", "2018-06-30": "3305.00000", "2018-03-31": "3201.00000", "2017-12-31": "3306.00000", "2017-09-30": "3067.00000", "2017-06-30": "3054.00000", "2017-03-31": "2963.00000", "2016-12-31": "2579.00000", "2016-09-30": "2901.00000", "2016-06-30": "3170.00000", "2016-03-31": "2975.00000", "2015-12-31": "3065.00000", "2015-09-30": "2957.00000", "2015-06-30": "2961.00000", "2015-03-31": "2851.00000", "2014-12-31": "2700.00000", "2014-09-30": "2980.00000", "2014-06-30": "2957.00000", "2014-03-31": "2712.00000", "2013-12-31": "2775.00000", "2013-09-30": "2705.00000", "2013-06-30": "2666.00000", "2013-03-31": "2545.00000", "2012-12-31": "1900.00000", "2012-09-30": "2534.00000", "2012-06-30": "2513.00000", "2012-03-31": "2427.00000", "2011-12-31": "1038.00000", "2011-09-30": "2265.00000", "2011-06-30": "2422.00000", "2011-03-31": "2248.00000", "2010-12-31": "1783.00000", "2010-09-30": "1969.00000", "2010-06-30": "1959.00000", "2010-03-31": "1918.00000", "2009-12-31": "1090.00000", "2009-09-30": "1903.00000", "2009-06-30": "1884.00000", "2009-03-31": "1814.00000", "2008-12-31": "-935.00000", "2008-09-30": "1799.00000", "2008-06-30": "2351.00000", "2008-03-31": "2223.00000", "2007-12-31": "2262.00000", "2007-09-30": "2089.00000", "2007-06-30": "2047.00000", "2007-03-31": "1891.00000", "2006-12-31": "1918.00000", "2006-09-30": "1841.00000", "2006-06-30": "1871.00000", "2006-03-31": "1641.00000", "2005-12-31": "1638.00000", "2005-09-30": "1598.00000", "2005-06-30": "1525.00000", "2005-03-31": "1367.00000"}, "Research And Development Expenses": {"2020-12-31": "", "2020-09-30": "", "2020-06-30": "", "2020-03-31": "", "2019-12-31": "", "2019-09-30": "", "2019-06-30": "", "2019-03-31": "", "2018-12-31": "", "2018-09-30": "", "2018-06-30": "", "2018-03-31": "", "2017-12-31": "", "2017-09-30": "", "2017-06-30": "", "2017-03-31": "", "2016-12-31": "", "2016-09-30": "", "2016-06-30": "", "2016-03-31": "", "2015-12-31": "", "2015-09-30": "", "2015-06-30": "", "2015-03-31": "", "2014-12-31": "", "2014-09-30": "", "2014-06-30": "", "2014-03-31": "", "2013-12-31": "", "2013-09-30": "", "2013-06-30": "", "2013-03-31": "", "2012-12-31": "", "2012-09-30": "", "2012-06-30": "", "2012-03-31": "", "2011-12-31": "", "2011-09-30": "", "2011-06-30": "", "2011-03-31": "", "2010-12-31": "", "2010-09-30": "", "2010-06-30": "", "2010-03-31": "", "2009-12-31": "", "2009-09-30": "", "2009-06-30": "", "2009-03-31": "", "2008-12-31": "", "2008-09-30": "", "2008-06-30": "", "2008-03-31": "", "2007-12-31": "", "2007-09-30": "", "2007-06-30": "", "2007-03-31": "", "2006-12-31": "", "2006-09-30": "", "2006-06-30": "", "2006-03-31": "", "2005-12-31": "", "2005-09-30": "", "2005-06-30": "", "2005-03-31": ""}, "SG&A Expenses": {"2020-12-31": "1248.00000", "2020-09-30": "1103.00000", "2020-06-30": "1183.00000", "2020-03-31": "1238.00000", "2019-12-31": "1473.00000", "2019-09-30": "1296.00000", "2019-06-30": "1387.00000", "2019-03-31": "1363.00000", "2018-12-31": "1524.00000", "2018-09-30": "1524.00000", "2018-06-30": "1528.00000", "2018-03-31": "1475.00000", "2017-12-31": "1685.00000", "2017-09-30": "1524.00000", "2017-06-30": "1456.00000", "2017-03-31": "1422.00000", "2016-12-31": "1598.00000", "2016-09-30": "1367.00000", "2016-06-30": "1329.00000", "2016-03-31": "1280.00000", "2015-12-31": "1332.00000", "2015-09-30": "1202.00000", "2015-06-30": "1242.00000", "2015-03-31": "1230.00000", "2014-12-31": "1460.00000", "2014-09-30": "1344.00000", "2014-06-30": "1375.00000", "2014-03-31": "1339.00000", "2013-12-31": "1438.00000", "2013-09-30": "1242.00000", "2013-06-30": "1281.00000", "2013-03-31": "1229.00000", "2012-12-31": "1523.00000", "2012-09-30": "1238.00000", "2012-06-30": "1226.00000", "2012-03-31": "1231.00000", "2011-12-31": "1616.00000", "2011-09-30": "1303.00000", "2011-06-30": "1248.00000", "2011-03-31": "1232.00000", "2010-12-31": "1268.00000", "2010-09-30": "1129.00000", "2010-06-30": "1110.00000", "2010-03-31": "1111.00000", "2009-12-31": "1053.00000", "2009-09-30": "1034.00000", "2009-06-30": "1084.00000", "2009-03-31": "1152.00000", "2008-12-31": "1276.00000", "2008-09-30": "1309.00000", "2008-06-30": "1290.00000", "2008-03-31": "1255.00000", "2007-12-31": "1205.00000", "2007-09-30": "1144.00000", "2007-06-30": "1127.00000", "2007-03-31": "1089.00000", "2006-12-31": "1085.00000", "2006-09-30": "1037.00000", "2006-06-30": "1086.00000", "2006-03-31": "1002.00000", "2005-12-31": "936.00000", "2005-09-30": "982.00000", "2005-06-30": "935.00000", "2005-03-31": "854.00000"}, "Other Operating Income Or Expenses": {"2020-12-31": "", "2020-09-30": "", "2020-06-30": "", "2020-03-31": "", "2019-12-31": "", "2019-09-30": "", "2019-06-30": "", "2019-03-31": "", "2018-12-31": "", "2018-09-30": "", "2018-06-30": "", "2018-03-31": "", "2017-12-31": "", "2017-09-30": "", "2017-06-30": "", "2017-03-31": "", "2016-12-31": "", "2016-09-30": "", "2016-06-30": "", "2016-03-31": "", "2015-12-31": "", "2015-09-30": "", "2015-06-30": "", "2015-03-31": "", "2014-12-31": "", "2014-09-30": "", "2014-06-30": "", "2014-03-31": "", "2013-12-31": "", "2013-09-30": "", "2013-06-30": "", "2013-03-31": "", "2012-12-31": "", "2012-09-30": "", "2012-06-30": "", "2012-03-31": "", "2011-12-31": "", "2011-09-30": "", "2011-06-30": "", "2011-03-31": "", "2010-12-31": "", "2010-09-30": "", "2010-06-30": "", "2010-03-31": "", "2009-12-31": "", "2009-09-30": "", "2009-06-30": "", "2009-03-31": "", "2008-12-31": "", "2008-09-30": "", "2008-06-30": "", "2008-03-31": "", "2007-12-31": "", "2007-09-30": "", "2007-06-30": "", "2007-03-31": "", "2006-12-31": "", "2006-09-30": "", "2006-06-30": "", "2006-03-31": "", "2005-12-31": "", "2005-09-30": "", "2005-06-30": "", "2005-03-31": ""}, "Operating Expenses": {"2020-12-31": "7224.00000", "2020-09-30": "6486.00000", "2020-06-30": "6459.00000", "2020-03-31": "6772.00000", "2019-12-31": "7801.00000", "2019-09-30": "7334.00000", "2019-06-30": "7481.00000", "2019-03-31": "7242.00000", "2018-12-31": "8209.00000", "2018-09-30": "9080.00000", "2018-06-30": "9142.00000", "2018-03-31": "8666.00000", "2017-12-31": "9222.00000", "2017-09-30": "8578.00000", "2017-06-30": "8480.00000", "2017-03-31": "7951.00000", "2016-12-31": "9004.00000", "2016-09-30": "8270.00000", "2016-06-30": "8150.00000", "2016-03-31": "7827.00000", "2015-12-31": "8249.00000", "2015-09-30": "7856.00000", "2015-06-30": "8056.00000", "2015-03-31": "7592.00000", "2014-12-31": "9026.00000", "2014-09-30": "8472.00000", "2014-06-30": "8671.00000", "2014-03-31": "8306.00000", "2013-12-31": "9050.00000", "2013-09-30": "8184.00000", "2013-06-30": "8308.00000", "2013-03-31": "8012.00000", "2012-12-31": "9204.00000", "2012-09-30": "8046.00000", "2012-06-30": "8148.00000", "2012-03-31": "8111.00000", "2011-12-31": "10051.00000", "2011-09-30": "8336.00000", "2011-06-30": "7912.00000", "2011-03-31": "7656.00000", "2010-12-31": "7994.00000", "2010-09-30": "7299.00000", "2010-06-30": "7077.00000", "2010-03-31": "6969.00000", "2009-12-31": "7078.00000", "2009-09-30": "6831.00000", "2009-06-30": "6766.00000", "2009-03-31": "6908.00000", "2008-12-31": "10923.00000", "2008-09-30": "8785.00000", "2008-06-30": "8613.00000", "2008-03-31": "7927.00000", "2007-12-31": "8218.00000", "2007-09-30": "7790.00000", "2007-06-30": "7618.00000", "2007-03-31": "7239.00000", "2006-12-31": "7443.00000", "2006-09-30": "7148.00000", "2006-06-30": "7113.00000", "2006-03-31": "6602.00000", "2005-12-31": "6573.00000", "2005-09-30": "6284.00000", "2005-06-30": "6438.00000", "2005-03-31": "5936.00000"}, "Operating Income": {"2020-12-31": "1676.00000", "2020-09-30": "1311.00000", "2020-06-30": "1018.00000", "2020-03-31": "1691.00000", "2019-12-31": "1695.00000", "2019-09-30": "1752.00000", "2019-06-30": "1762.00000", "2019-03-31": "1642.00000", "2018-12-31": "1520.00000", "2018-09-30": "1682.00000", "2018-06-30": "1777.00000", "2018-03-31": "1726.00000", "2017-12-31": "1621.00000", "2017-09-30": "1543.00000", "2017-06-30": "1598.00000", "2017-03-31": "1541.00000", "2016-12-31": "981.00000", "2016-09-30": "1534.00000", "2016-06-30": "1841.00000", "2016-03-31": "1695.00000", "2015-12-31": "1733.00000", "2015-09-30": "1755.00000", "2015-06-30": "1719.00000", "2015-03-31": "1621.00000", "2014-12-31": "1240.00000", "2014-09-30": "1636.00000", "2014-06-30": "1582.00000", "2014-03-31": "1373.00000", "2013-12-31": "1337.00000", "2013-09-30": "1463.00000", "2013-06-30": "1385.00000", "2013-03-31": "1316.00000", "2012-12-31": "377.00000", "2012-09-30": "1296.00000", "2012-06-30": "1287.00000", "2012-03-31": "1196.00000", "2011-12-31": "-578.00000", "2011-09-30": "962.00000", "2011-06-30": "1174.00000", "2011-03-31": "1016.00000", "2010-12-31": "515.00000", "2010-09-30": "840.00000", "2010-06-30": "849.00000", "2010-03-31": "807.00000", "2009-12-31": "37.00000", "2009-09-30": "869.00000", "2009-06-30": "800.00000", "2009-03-31": "662.00000", "2008-12-31": "-2211.00000", "2008-09-30": "490.00000", "2008-06-30": "1061.00000", "2008-03-31": "968.00000", "2007-12-31": "1057.00000", "2007-09-30": "945.00000", "2007-06-30": "920.00000", "2007-03-31": "802.00000", "2006-12-31": "833.00000", "2006-09-30": "804.00000", "2006-06-30": "785.00000", "2006-03-31": "639.00000", "2005-12-31": "702.00000", "2005-09-30": "616.00000", "2005-06-30": "590.00000", "2005-03-31": "513.00000"}, "Total Non-Operating Income/Expense": {"2020-12-31": "34.00000", "2020-09-30": "-163.00000", "2020-06-30": "201.00000", "2020-03-31": "244.00000", "2019-12-31": "73.00000", "2019-09-30": "215.00000", "2019-06-30": "220.00000", "2019-03-31": "200.00000", "2018-12-31": "200.00000", "2018-09-30": "176.00000", "2018-06-30": "221.00000", "2018-03-31": "185.00000", "2017-12-31": "49.00000", "2017-09-30": "235.00000", "2017-06-30": "180.00000", "2017-03-31": "183.00000", "2016-12-31": "456.00000", "2016-09-30": "98.00000", "2016-06-30": "-86.00000", "2016-03-31": "-67.00000", "2015-12-31": "-80.00000", "2015-09-30": "-48.00000", "2015-06-30": "-57.00000", "2015-03-31": "-57.00000", "2014-12-31": "64.00000", "2014-09-30": "-56.00000", "2014-06-30": "-59.00000", "2014-03-31": "38.00000", "2013-12-31": "102.00000", "2013-09-30": "-79.00000", "2013-06-30": "-56.00000", "2013-03-31": "-56.00000", "2012-12-31": "-71.00000", "2012-09-30": "-72.00000", "2012-06-30": "-64.00000", "2012-03-31": "-74.00000", "2011-12-31": "-79.00000", "2011-09-30": "-69.00000", "2011-06-30": "-74.00000", "2011-03-31": "-70.00000", "2010-12-31": "-84.00000", "2010-09-30": "-18.00000", "2010-06-30": "-82.00000", "2010-03-31": "-105.00000", "2009-12-31": "-40.00000", "2009-09-30": "-71.00000", "2009-06-30": "-174.00000", "2009-03-31": "-119.00000", "2008-12-31": "-95.00000", "2008-09-30": "548.00000", "2008-06-30": "-72.00000", "2008-03-31": "-89.00000", "2007-12-31": "-103.00000", "2007-09-30": "-108.00000", "2007-06-30": "-90.00000", "2007-03-31": "-86.00000", "2006-12-31": "-52.00000", "2006-09-30": "-70.00000", "2006-06-30": "-77.00000", "2006-03-31": "-64.00000", "2005-12-31": "15.00000", "2005-09-30": "-40.00000", "2005-06-30": "-72.00000", "2005-03-31": "-28.00000"}, "Pre-Tax Income": {"2020-12-31": "1710.00000", "2020-09-30": "1148.00000", "2020-06-30": "1219.00000", "2020-03-31": "1935.00000", "2019-12-31": "1768.00000", "2019-09-30": "1967.00000", "2019-06-30": "1982.00000", "2019-03-31": "1842.00000", "2018-12-31": "1720.00000", "2018-09-30": "1858.00000", "2018-06-30": "1998.00000", "2018-03-31": "1911.00000", "2017-12-31": "1670.00000", "2017-09-30": "1778.00000", "2017-06-30": "1778.00000", "2017-03-31": "1724.00000", "2016-12-31": "1437.00000", "2016-09-30": "1632.00000", "2016-06-30": "1755.00000", "2016-03-31": "1628.00000", "2015-12-31": "1653.00000", "2015-09-30": "1707.00000", "2015-06-30": "1662.00000", "2015-03-31": "1564.00000", "2014-12-31": "1304.00000", "2014-09-30": "1580.00000", "2014-06-30": "1523.00000", "2014-03-31": "1411.00000", "2013-12-31": "1439.00000", "2013-09-30": "1384.00000", "2013-06-30": "1329.00000", "2013-03-31": "1260.00000", "2012-12-31": "306.00000", "2012-09-30": "1224.00000", "2012-06-30": "1223.00000", "2012-03-31": "1122.00000", "2011-12-31": "-657.00000", "2011-09-30": "893.00000", "2011-06-30": "1100.00000", "2011-03-31": "946.00000", "2010-12-31": "431.00000", "2010-09-30": "822.00000", "2010-06-30": "767.00000", "2010-03-31": "702.00000", "2009-12-31": "-3.00000", "2009-09-30": "798.00000", "2009-06-30": "626.00000", "2009-03-31": "543.00000", "2008-12-31": "-2306.00000", "2008-09-30": "1038.00000", "2008-06-30": "989.00000", "2008-03-31": "879.00000", "2007-12-31": "954.00000", "2007-09-30": "837.00000", "2007-06-30": "830.00000", "2007-03-31": "716.00000", "2006-12-31": "781.00000", "2006-09-30": "734.00000", "2006-06-30": "708.00000", "2006-03-31": "575.00000", "2005-12-31": "717.00000", "2005-09-30": "576.00000", "2005-06-30": "518.00000", "2005-03-31": "485.00000"}, "Income Taxes": {"2020-12-31": "331.00000", "2020-09-30": "367.00000", "2020-06-30": "120.00000", "2020-03-31": "329.00000", "2019-12-31": "178.00000", "2019-09-30": "319.00000", "2019-06-30": "426.00000", "2019-03-31": "406.00000", "2018-12-31": "-20.00000", "2018-09-30": "-498.00000", "2018-06-30": "718.00000", "2018-03-31": "459.00000", "2017-12-31": "4176.00000", "2017-09-30": "416.00000", "2017-06-30": "378.00000", "2017-03-31": "392.00000", "2016-12-31": "389.00000", "2016-09-30": "384.00000", "2016-06-30": "428.00000", "2016-03-31": "402.00000", "2015-12-31": "450.00000", "2015-09-30": "431.00000", "2015-06-30": "440.00000", "2015-03-31": "418.00000", "2014-12-31": "329.00000", "2014-09-30": "388.00000", "2014-06-30": "397.00000", "2014-03-31": "375.00000", "2013-12-31": "475.00000", "2013-09-30": "377.00000", "2013-06-30": "307.00000", "2013-03-31": "291.00000", "2012-12-31": "51.00000", "2012-09-30": "278.00000", "2012-06-30": "318.00000", "2012-03-31": "297.00000", "2011-12-31": "-350.00000", "2011-09-30": "207.00000", "2011-06-30": "304.00000", "2011-03-31": "256.00000", "2010-12-31": "105.00000", "2010-09-30": "245.00000", "2010-06-30": "209.00000", "2010-03-31": "206.00000", "2009-12-31": "-53.00000", "2009-09-30": "179.00000", "2009-06-30": "166.00000", "2009-03-31": "144.00000", "2008-12-31": "-1034.00000", "2008-09-30": "315.00000", "2008-06-30": "261.00000", "2008-03-31": "232.00000", "2007-12-31": "249.00000", "2007-09-30": "219.00000", "2007-06-30": "219.00000", "2007-03-31": "190.00000", "2006-12-31": "196.00000", "2006-09-30": "193.00000", "2006-06-30": "187.00000", "2006-03-31": "144.00000", "2005-12-31": "212.00000", "2005-09-30": "149.00000", "2005-06-30": "244.00000", "2005-03-31": "127.00000"}, "Income After Taxes": {"2020-12-31": "1379.00000", "2020-09-30": "781.00000", "2020-06-30": "1099.00000", "2020-03-31": "1606.00000", "2019-12-31": "1590.00000", "2019-09-30": "1648.00000", "2019-06-30": "1556.00000", "2019-03-31": "1436.00000", "2018-12-31": "1740.00000", "2018-09-30": "2356.00000", "2018-06-30": "1280.00000", "2018-03-31": "1452.00000", "2017-12-31": "-2506.00000", "2017-09-30": "1362.00000", "2017-06-30": "1400.00000", "2017-03-31": "1332.00000", "2016-12-31": "1048.00000", "2016-09-30": "1248.00000", "2016-06-30": "1327.00000", "2016-03-31": "1226.00000", "2015-12-31": "1203.00000", "2015-09-30": "1276.00000", "2015-06-30": "1222.00000", "2015-03-31": "1146.00000", "2014-12-31": "975.00000", "2014-09-30": "1192.00000", "2014-06-30": "1126.00000", "2014-03-31": "1036.00000", "2013-12-31": "964.00000", "2013-09-30": "1007.00000", "2013-06-30": "1022.00000", "2013-03-31": "969.00000", "2012-12-31": "255.00000", "2012-09-30": "946.00000", "2012-06-30": "905.00000", "2012-03-31": "825.00000", "2011-12-31": "-307.00000", "2011-09-30": "686.00000", "2011-06-30": "796.00000", "2011-03-31": "690.00000", "2010-12-31": "326.00000", "2010-09-30": "577.00000", "2010-06-30": "558.00000", "2010-03-31": "496.00000", "2009-12-31": "50.00000", "2009-09-30": "619.00000", "2009-06-30": "460.00000", "2009-03-31": "399.00000", "2008-12-31": "-1272.00000", "2008-09-30": "723.00000", "2008-06-30": "728.00000", "2008-03-31": "647.00000", "2007-12-31": "705.00000", "2007-09-30": "618.00000", "2007-06-30": "611.00000", "2007-03-31": "526.00000", "2006-12-31": "585.00000", "2006-09-30": "541.00000", "2006-06-30": "521.00000", "2006-03-31": "431.00000", "2005-12-31": "505.00000", "2005-09-30": "427.00000", "2005-06-30": "274.00000", "2005-03-31": "358.00000"}, "Other Income": {"2020-12-31": "", "2020-09-30": "", "2020-06-30": "", "2020-03-31": "", "2019-12-31": "", "2019-09-30": "", "2019-06-30": "", "2019-03-31": "", "2018-12-31": "", "2018-09-30": "", "2018-06-30": "", "2018-03-31": "", "2017-12-31": "", "2017-09-30": "", "2017-06-30": "", "2017-03-31": "", "2016-12-31": "", "2016-09-30": "", "2016-06-30": "", "2016-03-31": "", "2015-12-31": "", "2015-09-30": "", "2015-06-30": "", "2015-03-31": "", "2014-12-31": "", "2014-09-30": "", "2014-06-30": "", "2014-03-31": "", "2013-12-31": "", "2013-09-30": "", "2013-06-30": "", "2013-03-31": "", "2012-12-31": "", "2012-09-30": "", "2012-06-30": "", "2012-03-31": "", "2011-12-31": "", "2011-09-30": "", "2011-06-30": "", "2011-03-31": "", "2010-12-31": "", "2010-09-30": "", "2010-06-30": "", "2010-03-31": "", "2009-12-31": "", "2009-09-30": "", "2009-06-30": "", "2009-03-31": "", "2008-12-31": "", "2008-09-30": "", "2008-06-30": "", "2008-03-31": "", "2007-12-31": "", "2007-09-30": "", "2007-06-30": "", "2007-03-31": "", "2006-12-31": "", "2006-09-30": "", "2006-06-30": "", "2006-03-31": "", "2005-12-31": "", "2005-09-30": "", "2005-06-30": "", "2005-03-31": ""}, "Income From Continuous Operations": {"2020-12-31": "1379.00000", "2020-09-30": "781.00000", "2020-06-30": "1099.00000", "2020-03-31": "1606.00000", "2019-12-31": "1590.00000", "2019-09-30": "1648.00000", "2019-06-30": "1556.00000", "2019-03-31": "1436.00000", "2018-12-31": "1740.00000", "2018-09-30": "2356.00000", "2018-06-30": "1280.00000", "2018-03-31": "1452.00000", "2017-12-31": "-2506.00000", "2017-09-30": "1362.00000", "2017-06-30": "1400.00000", "2017-03-31": "1332.00000", "2016-12-31": "1048.00000", "2016-09-30": "1248.00000", "2016-06-30": "1327.00000", "2016-03-31": "1226.00000", "2015-12-31": "1203.00000", "2015-09-30": "1276.00000", "2015-06-30": "1222.00000", "2015-03-31": "1146.00000", "2014-12-31": "975.00000", "2014-09-30": "1192.00000", "2014-06-30": "1126.00000", "2014-03-31": "1036.00000", "2013-12-31": "964.00000", "2013-09-30": "1007.00000", "2013-06-30": "1022.00000", "2013-03-31": "969.00000", "2012-12-31": "255.00000", "2012-09-30": "946.00000", "2012-06-30": "905.00000", "2012-03-31": "825.00000", "2011-12-31": "-307.00000", "2011-09-30": "686.00000", "2011-06-30": "796.00000", "2011-03-31": "690.00000", "2010-12-31": "326.00000", "2010-09-30": "577.00000", "2010-06-30": "558.00000", "2010-03-31": "496.00000", "2009-12-31": "50.00000", "2009-09-30": "619.00000", "2009-06-30": "460.00000", "2009-03-31": "399.00000", "2008-12-31": "-1272.00000", "2008-09-30": "723.00000", "2008-06-30": "728.00000", "2008-03-31": "647.00000", "2007-12-31": "705.00000", "2007-09-30": "618.00000", "2007-06-30": "611.00000", "2007-03-31": "526.00000", "2006-12-31": "585.00000", "2006-09-30": "541.00000", "2006-06-30": "521.00000", "2006-03-31": "431.00000", "2005-12-31": "505.00000", "2005-09-30": "427.00000", "2005-06-30": "274.00000", "2005-03-31": "358.00000"}, "Income From Discontinued Operations": {"2020-12-31": "", "2020-09-30": "", "2020-06-30": "", "2020-03-31": "", "2019-12-31": "", "2019-09-30": "", "2019-06-30": "", "2019-03-31": "", "2018-12-31": "", "2018-09-30": "", "2018-06-30": "", "2018-03-31": "", "2017-12-31": "", "2017-09-30": "", "2017-06-30": "", "2017-03-31": "", "2016-12-31": "", "2016-09-30": "", "2016-06-30": "", "2016-03-31": "", "2015-12-31": "", "2015-09-30": "", "2015-06-30": "", "2015-03-31": "", "2014-12-31": "", "2014-09-30": "", "2014-06-30": "", "2014-03-31": "", "2013-12-31": "", "2013-09-30": "", "2013-06-30": "", "2013-03-31": "", "2012-12-31": "", "2012-09-30": "", "2012-06-30": "", "2012-03-31": "", "2011-12-31": "", "2011-09-30": "177.00000", "2011-06-30": "14.00000", "2011-03-31": "18.00000", "2010-12-31": "43.00000", "2010-09-30": "19.00000", "2010-06-30": "16.00000", "2010-03-31": "", "2009-12-31": "", "2009-09-30": "", "2009-06-30": "", "2009-03-31": "", "2008-12-31": "", "2008-09-30": "", "2008-06-30": "", "2008-03-31": "", "2007-12-31": "", "2007-09-30": "", "2007-06-30": "", "2007-03-31": "", "2006-12-31": "", "2006-09-30": "", "2006-06-30": "", "2006-03-31": "5.00000", "2005-12-31": "30.00000", "2005-09-30": "37.00000", "2005-06-30": "28.00000", "2005-03-31": ""}, "Net Income": {"2020-12-31": "1359.00000", "2020-09-30": "758.00000", "2020-06-30": "1081.00000", "2020-03-31": "1581.00000", "2019-12-31": "1562.00000", "2019-09-30": "1624.00000", "2019-06-30": "1541.00000", "2019-03-31": "1416.00000", "2018-12-31": "1721.00000", "2018-09-30": "2338.00000", "2018-06-30": "1267.00000", "2018-03-31": "1439.00000", "2017-12-31": "-2518.00000", "2017-09-30": "1345.00000", "2017-06-30": "1392.00000", "2017-03-31": "1326.00000", "2016-12-31": "1037.00000", "2016-09-30": "1240.00000", "2016-06-30": "1319.00000", "2016-03-31": "1216.00000", "2015-12-31": "1194.00000", "2015-09-30": "1264.00000", "2015-06-30": "1194.00000", "2015-03-31": "1116.00000", "2014-12-31": "956.00000", "2014-09-30": "1167.00000", "2014-06-30": "1099.00000", "2014-03-31": "1017.00000", "2013-12-31": "947.00000", "2013-09-30": "990.00000", "2013-06-30": "1021.00000", "2013-03-31": "966.00000", "2012-12-31": "251.00000", "2012-09-30": "950.00000", "2012-06-30": "902.00000", "2012-03-31": "823.00000", "2011-12-31": "-310.00000", "2011-09-30": "862.00000", "2011-06-30": "810.00000", "2011-03-31": "705.00000", "2010-12-31": "369.00000", "2010-09-30": "598.00000", "2010-06-30": "566.00000", "2010-03-31": "489.00000", "2009-12-31": "93.00000", "2009-09-30": "608.00000", "2009-06-30": "450.00000", "2009-03-31": "397.00000", "2008-12-31": "-1279.00000", "2008-09-30": "719.00000", "2008-06-30": "723.00000", "2008-03-31": "643.00000", "2007-12-31": "689.00000", "2007-09-30": "618.00000", "2007-06-30": "611.00000", "2007-03-31": "526.00000", "2006-12-31": "585.00000", "2006-09-30": "541.00000", "2006-06-30": "521.00000", "2006-03-31": "436.00000", "2005-12-31": "514.00000", "2005-09-30": "464.00000", "2005-06-30": "302.00000", "2005-03-31": "358.00000"}, "EBITDA": {"2020-12-31": "", "2020-09-30": "1566.00000", "2020-06-30": "1268.00000", "2020-03-31": "1934.00000", "2019-12-31": "1964.00000", "2019-09-30": "2015.00000", "2019-06-30": "2057.00000", "2019-03-31": "1903.00000", "2018-12-31": "1774.00000", "2018-09-30": "1968.00000", "2018-06-30": "2065.00000", "2018-03-31": "2014.00000", "2017-12-31": "1904.00000", "2017-09-30": "1828.00000", "2017-06-30": "1874.00000", "2017-03-31": "1812.00000", "2016-12-31": "1238.00000", "2016-09-30": "1794.00000", "2016-06-30": "2101.00000", "2016-03-31": "1948.00000", "2015-12-31": "1955.00000", "2015-09-30": "1974.00000", "2015-06-30": "1945.00000", "2015-03-31": "1837.00000", "2014-12-31": "1466.00000", "2014-09-30": "1863.00000", "2014-06-30": "1815.00000", "2014-03-31": "1611.00000", "2013-12-31": "1586.00000", "2013-09-30": "1708.00000", "2013-06-30": "1632.00000", "2013-03-31": "1564.00000", "2012-12-31": "622.00000", "2012-09-30": "1522.00000", "2012-06-30": "1512.00000", "2012-03-31": "1426.00000", "2011-12-31": "-325.00000", "2011-09-30": "1188.00000", "2011-06-30": "1410.00000", "2011-03-31": "1258.00000", "2010-12-31": "786.00000", "2010-09-30": "1082.00000", "2010-06-30": "1090.00000", "2010-03-31": "1040.00000", "2009-12-31": "283.00000", "2009-09-30": "1111.00000", "2009-06-30": "1035.00000", "2009-03-31": "896.00000", "2008-12-31": "-2001.00000", "2008-09-30": "737.00000", "2008-06-30": "1290.00000", "2008-03-31": "1185.00000", "2007-12-31": "1274.00000", "2007-09-30": "1152.00000", "2007-06-30": "1133.00000", "2007-03-31": "1002.00000", "2006-12-31": "1031.00000", "2006-09-30": "994.00000", "2006-06-30": "1003.00000", "2006-03-31": "827.00000", "2005-12-31": "865.00000", "2005-09-30": "780.00000", "2005-06-30": "758.00000", "2005-03-31": "671.00000"}, "EBIT": {"2020-12-31": "1676.00000", "2020-09-30": "1311.00000", "2020-06-30": "1018.00000", "2020-03-31": "1691.00000", "2019-12-31": "1695.00000", "2019-09-30": "1752.00000", "2019-06-30": "1762.00000", "2019-03-31": "1642.00000", "2018-12-31": "1520.00000", "2018-09-30": "1682.00000", "2018-06-30": "1777.00000", "2018-03-31": "1726.00000", "2017-12-31": "1621.00000", "2017-09-30": "1543.00000", "2017-06-30": "1598.00000", "2017-03-31": "1541.00000", "2016-12-31": "981.00000", "2016-09-30": "1534.00000", "2016-06-30": "1841.00000", "2016-03-31": "1695.00000", "2015-12-31": "1733.00000", "2015-09-30": "1755.00000", "2015-06-30": "1719.00000", "2015-03-31": "1621.00000", "2014-12-31": "1240.00000", "2014-09-30": "1636.00000", "2014-06-30": "1582.00000", "2014-03-31": "1373.00000", "2013-12-31": "1337.00000", "2013-09-30": "1463.00000", "2013-06-30": "1385.00000", "2013-03-31": "1316.00000", "2012-12-31": "377.00000", "2012-09-30": "1296.00000", "2012-06-30": "1287.00000", "2012-03-31": "1196.00000", "2011-12-31": "-578.00000", "2011-09-30": "962.00000", "2011-06-30": "1174.00000", "2011-03-31": "1016.00000", "2010-12-31": "515.00000", "2010-09-30": "840.00000", "2010-06-30": "849.00000", "2010-03-31": "807.00000", "2009-12-31": "37.00000", "2009-09-30": "869.00000", "2009-06-30": "800.00000", "2009-03-31": "662.00000", "2008-12-31": "-2211.00000", "2008-09-30": "490.00000", "2008-06-30": "1061.00000", "2008-03-31": "968.00000", "2007-12-31": "1057.00000", "2007-09-30": "945.00000", "2007-06-30": "920.00000", "2007-03-31": "802.00000", "2006-12-31": "833.00000", "2006-09-30": "804.00000", "2006-06-30": "785.00000", "2006-03-31": "639.00000", "2005-12-31": "702.00000", "2005-09-30": "616.00000", "2005-06-30": "590.00000", "2005-03-31": "513.00000"}, "Basic Shares Outstanding": {"2020-12-31": "701.80000", "2020-09-30": "702.60000", "2020-06-30": "702.30000", "2020-03-31": "709.60000", "2019-12-31": "721.00000", "2019-09-30": "717.60000", "2019-06-30": "723.20000", "2019-03-31": "729.70000", "2018-12-31": "743.00000", "2018-09-30": "741.80000", "2018-06-30": "745.50000", "2018-03-31": "750.60000", "2017-12-31": "762.10000", "2017-09-30": "762.20000", "2017-06-30": "764.20000", "2017-03-31": "763.10000", "2016-12-31": "764.30000", "2016-09-30": "763.70000", "2016-06-30": "763.30000", "2016-03-31": "767.90000", "2015-12-31": "779.80000", "2015-09-30": "780.40000", "2015-06-30": "783.30000", "2015-03-31": "783.80000", "2014-12-31": "784.40000", "2014-09-30": "784.50000", "2014-06-30": "784.50000", "2014-03-31": "784.90000", "2013-12-31": "786.40000", "2013-09-30": "786.30000", "2013-06-30": "787.60000", "2013-03-31": "785.80000", "2012-12-31": "782.40000", "2012-09-30": "783.60000", "2012-06-30": "781.40000", "2012-03-31": "777.30000", "2011-12-31": "780.80000", "2011-09-30": "778.20000", "2011-06-30": "785.00000", "2011-03-31": "785.50000", "2010-12-31": "773.50000", "2010-09-30": "776.50000", "2010-06-30": "769.60000", "2010-03-31": "765.70000", "2009-12-31": "752.60000", "2009-09-30": "760.80000", "2009-06-30": "747.70000", "2009-03-31": "737.70000", "2008-12-31": "736.80000", "2008-09-30": "730.90000", "2008-06-30": "743.90000", "2008-03-31": "743.40000", "2007-12-31": "764.54400", "2007-09-30": "748.00000", "2007-06-30": "768.30000", "2007-03-31": "794.50000", "2006-12-31": "820.84600", "2006-09-30": "817.50000", "2006-06-30": "825.00000", "2006-03-31": "830.00000", "2005-12-31": "848.74000", "2005-09-30": "851.30000", "2005-06-30": "854.90000", "2005-03-31": "852.50000"}, "Shares Outstanding": {"2020-12-31": "710.00000", "2020-09-30": "709.60000", "2020-06-30": "708.10000", "2020-03-31": "717.00000", "2019-12-31": "730.30000", "2019-09-30": "726.70000", "2019-06-30": "733.00000", "2019-03-31": "738.80000", "2018-12-31": "753.00000", "2018-09-30": "752.00000", "2018-06-30": "755.00000", "2018-03-31": "761.00000", "2017-12-31": "772.10000", "2017-09-30": "771.40000", "2017-06-30": "774.00000", "2017-03-31": "773.90000", "2016-12-31": "775.30000", "2016-09-30": "774.40000", "2016-06-30": "774.90000", "2016-03-31": "779.60000", "2015-12-31": "789.30000", "2015-09-30": "789.50000", "2015-06-30": "792.90000", "2015-03-31": "794.00000", "2014-12-31": "795.20000", "2014-09-30": "795.00000", "2014-06-30": "795.40000", "2014-03-31": "796.40000", "2013-12-31": "797.30000", "2013-09-30": "797.10000", "2013-06-30": "798.10000", "2013-03-31": "797.10000", "2012-12-31": "791.90000", "2012-09-30": "792.50000", "2012-06-30": "790.50000", "2012-03-31": "788.10000", "2011-12-31": "791.60000", "2011-09-30": "786.90000", "2011-06-30": "797.30000", "2011-03-31": "797.70000", "2010-12-31": "780.90000", "2010-09-30": "782.80000", "2010-06-30": "777.30000", "2010-03-31": "771.70000", "2009-12-31": "755.70000", "2009-09-30": "764.00000", "2009-06-30": "750.10000", "2009-03-31": "739.30000", "2008-12-31": "743.60000", "2008-09-30": "737.60000", "2008-06-30": "753.40000", "2008-03-31": "752.90000", "2007-12-31": "774.22700", "2007-09-30": "758.40000", "2007-06-30": "778.70000", "2007-03-31": "802.20000", "2006-12-31": "826.27800", "2006-09-30": "821.50000", "2006-06-30": "830.30000", "2006-03-31": "835.80000", "2005-12-31": "852.33500", "2005-09-30": "855.60000", "2005-06-30": "858.30000", "2005-03-31": "856.40000"}, "Basic EPS": {"2020-12-31": "1.94000", "2020-09-30": "1.08000", "2020-06-30": "1.54000", "2020-03-31": "2.23000", "2019-12-31": "2.19000", "2019-09-30": "2.26000", "2019-06-30": "2.13000", "2019-03-31": "1.94000", "2018-12-31": "2.33000", "2018-09-30": "3.15000", "2018-06-30": "1.70000", "2018-03-31": "1.92000", "2017-12-31": "-3.29000", "2017-09-30": "1.76000", "2017-06-30": "1.82000", "2017-03-31": "1.74000", "2016-12-31": "1.37000", "2016-09-30": "1.62000", "2016-06-30": "1.73000", "2016-03-31": "1.58000", "2015-12-31": "1.55000", "2015-09-30": "1.62000", "2015-06-30": "1.52000", "2015-03-31": "1.42000", "2014-12-31": "1.21000", "2014-09-30": "1.49000", "2014-06-30": "1.40000", "2014-03-31": "1.30000", "2013-12-31": "1.20000", "2013-09-30": "1.26000", "2013-06-30": "1.30000", "2013-03-31": "1.23000", "2012-12-31": "0.32000", "2012-09-30": "1.21000", "2012-06-30": "1.15000", "2012-03-31": "1.06000", "2011-12-31": "-0.39000", "2011-09-30": "1.11000", "2011-06-30": "1.03000", "2011-03-31": "0.90000", "2010-12-31": "0.47000", "2010-09-30": "0.77000", "2010-06-30": "0.74000", "2010-03-31": "0.63000", "2009-12-31": "0.12000", "2009-09-30": "0.80000", "2009-06-30": "0.60000", "2009-03-31": "0.54000", "2008-12-31": "-1.73000", "2008-09-30": "0.98000", "2008-06-30": "0.97000", "2008-03-31": "0.87000", "2007-12-31": "0.92000", "2007-09-30": "0.83000", "2007-06-30": "0.79000", "2007-03-31": "0.66000", "2006-12-31": "0.73000", "2006-09-30": "0.66000", "2006-06-30": "0.63000", "2006-03-31": "0.52000", "2005-12-31": "0.61000", "2005-09-30": "0.54000", "2005-06-30": "0.36000", "2005-03-31": "0.42000"}, "EPS - Earnings Per Share": {"2020-12-31": "1.91000", "2020-09-30": "1.07000", "2020-06-30": "1.53000", "2020-03-31": "2.21000", "2019-12-31": "2.16000", "2019-09-30": "2.23000", "2019-06-30": "2.10000", "2019-03-31": "1.92000", "2018-12-31": "2.30000", "2018-09-30": "3.11000", "2018-06-30": "1.68000", "2018-03-31": "1.89000", "2017-12-31": "-3.25000", "2017-09-30": "1.74000", "2017-06-30": "1.80000", "2017-03-31": "1.71000", "2016-12-31": "1.35000", "2016-09-30": "1.60000", "2016-06-30": "1.70000", "2016-03-31": "1.56000", "2015-12-31": "1.52000", "2015-09-30": "1.60000", "2015-06-30": "1.51000", "2015-03-31": "1.41000", "2014-12-31": "1.20000", "2014-09-30": "1.47000", "2014-06-30": "1.38000", "2014-03-31": "1.28000", "2013-12-31": "1.19000", "2013-09-30": "1.24000", "2013-06-30": "1.28000", "2013-03-31": "1.21000", "2012-12-31": "0.31000", "2012-09-30": "1.20000", "2012-06-30": "1.14000", "2012-03-31": "1.04000", "2011-12-31": "-0.39000", "2011-09-30": "1.10000", "2011-06-30": "1.02000", "2011-03-31": "0.88000", "2010-12-31": "0.47000", "2010-09-30": "0.76000", "2010-06-30": "0.73000", "2010-03-31": "0.63000", "2009-12-31": "0.11000", "2009-09-30": "0.80000", "2009-06-30": "0.60000", "2009-03-31": "0.54000", "2008-12-31": "-1.70000", "2008-09-30": "0.97000", "2008-06-30": "0.96000", "2008-03-31": "0.85000", "2007-12-31": "0.91000", "2007-09-30": "0.81000", "2007-06-30": "0.78000", "2007-03-31": "0.66000", "2006-12-31": "0.71000", "2006-09-30": "0.66000", "2006-06-30": "0.63000", "2006-03-31": "0.52000", "2005-12-31": "0.60000", "2005-09-30": "0.54000", "2005-06-30": "0.36000", "2005-03-31": "0.42000"}}, "balance sheet": {"Cash On Hand": {"2020-12-31": "15220.00000", "2019-12-31": "10416.00000", "2018-12-31": "10910.00000", "2017-12-31": "10817.00000", "2016-12-31": "9363.00000", "2015-12-31": "5455.00000", "2014-12-31": "6959.00000", "2013-12-31": "6422.00000", "2012-12-31": "4634.00000", "2011-12-31": "3698.00000", "2010-12-31": "2650.00000", "2009-12-31": "2801.00000", "2008-12-31": "2065.00000", "2007-12-31": "1829.00000", "2006-12-31": "1224.00000", "2005-12-31": "1234.00000"}, "Receivables": {"2020-12-31": "6827.00000", "2019-12-31": "7493.00000", "2018-12-31": "7508.00000", "2017-12-31": "8866.00000", "2016-12-31": "8177.00000", "2015-12-31": "8075.00000", "2014-12-31": "7960.00000", "2013-12-31": "7929.00000", "2012-12-31": "7429.00000", "2011-12-31": "7228.00000", "2010-12-31": "6841.00000", "2009-12-31": "6274.00000", "2008-12-31": "6129.00000", "2007-12-31": "6387.00000", "2006-12-31": "5740.00000", "2005-12-31": "5017.00000"}, "Inventory": {"2020-12-31": "4489.00000", "2019-12-31": "4421.00000", "2018-12-31": "4326.00000", "2017-12-31": "4613.00000", "2016-12-31": "4366.00000", "2015-12-31": "4420.00000", "2014-12-31": "4405.00000", "2013-12-31": "4293.00000", "2012-12-31": "4235.00000", "2011-12-31": "4264.00000", "2010-12-31": "3822.00000", "2009-12-31": "3446.00000", "2008-12-31": "3848.00000", "2007-12-31": "3861.00000", "2006-12-31": "3588.00000", "2005-12-31": "3401.00000"}, "Pre-Paid Expenses": {"2020-12-31": "", "2019-12-31": "", "2018-12-31": "", "2017-12-31": "", "2016-12-31": "", "2015-12-31": "", "2014-12-31": "", "2013-12-31": "", "2012-12-31": "", "2011-12-31": "", "2010-12-31": "", "2009-12-31": "", "2008-12-31": "", "2007-12-31": "", "2006-12-31": "", "2005-12-31": ""}, "Other Current Assets": {"2020-12-31": "1639.00000", "2019-12-31": "1973.00000", "2018-12-31": "1618.00000", "2017-12-31": "1706.00000", "2016-12-31": "1152.00000", "2015-12-31": "2103.00000", "2014-12-31": "2145.00000", "2013-12-31": "1671.00000", "2012-12-31": "631.00000", "2011-12-31": "484.00000", "2010-12-31": "1296.00000", "2009-12-31": "381.00000", "2008-12-31": "299.00000", "2007-12-31": "367.00000", "2006-12-31": "537.00000", "2005-12-31": "1067.00000"}, "Total Current Assets": {"2020-12-31": "28175.00000", "2019-12-31": "24303.00000", "2018-12-31": "24362.00000", "2017-12-31": "26002.00000", "2016-12-31": "23058.00000", "2015-12-31": "20053.00000", "2014-12-31": "22191.00000", "2013-12-31": "21164.00000", "2012-12-31": "17598.00000", "2011-12-31": "16134.00000", "2010-12-31": "15486.00000", "2009-12-31": "13936.00000", "2008-12-31": "13263.00000", "2007-12-31": "13685.00000", "2006-12-31": "12304.00000", "2005-12-31": "11962.00000"}, "Property, Plant, And Equipment": {"2020-12-31": "5570.00000", "2019-12-31": "5325.00000", "2018-12-31": "5296.00000", "2017-12-31": "5926.00000", "2016-12-31": "5793.00000", "2015-12-31": "5789.00000", "2014-12-31": "5383.00000", "2013-12-31": "5278.00000", "2012-12-31": "5001.00000", "2011-12-31": "4804.00000", "2010-12-31": "4724.00000", "2009-12-31": "4847.00000", "2008-12-31": "4934.00000", "2007-12-31": "4985.00000", "2006-12-31": "4797.00000", "2005-12-31": "4658.00000"}, "Long-Term Investments": {"2020-12-31": "685.00000", "2019-12-31": "588.00000", "2018-12-31": "742.00000", "2017-12-31": "667.00000", "2016-12-31": "587.00000", "2015-12-31": "517.00000", "2014-12-31": "465.00000", "2013-12-31": "393.00000", "2012-12-31": "623.00000", "2011-12-31": "494.00000", "2010-12-31": "616.00000", "2009-12-31": "579.00000", "2008-12-31": "670.00000", "2007-12-31": "500.00000", "2006-12-31": "382.00000", "2005-12-31": "370.00000"}, "Goodwill And Intangible Assets": {"2020-12-31": "19618.00000", "2019-12-31": "19297.00000", "2018-12-31": "19685.00000", "2017-12-31": "22773.00000", "2016-12-31": "22341.00000", "2015-12-31": "20472.00000", "2014-12-31": "14996.00000", "2013-12-31": "15560.00000", "2012-12-31": "14874.00000", "2011-12-31": "14335.00000", "2010-12-31": "13812.00000", "2009-12-31": "12668.00000", "2008-12-31": "12452.00000", "2007-12-31": "10673.00000", "2006-12-31": "9650.00000", "2005-12-31": "8833.00000"}, "Other Long-Term Assets": {"2020-12-31": "9778.00000", "2019-12-31": "9080.00000", "2018-12-31": "7306.00000", "2017-12-31": "3851.00000", "2016-12-31": "2020.00000", "2015-12-31": "2202.00000", "2014-12-31": "2012.00000", "2013-12-31": "2672.00000", "2012-12-31": "1868.00000", "2011-12-31": "1909.00000", "2010-12-31": "1975.00000", "2009-12-31": "1957.00000", "2008-12-31": "2036.00000", "2007-12-31": "2069.00000", "2006-12-31": "2038.00000", "2005-12-31": "2364.00000"}, "Total Long-Term Assets": {"2020-12-31": "36411.00000", "2019-12-31": "34376.00000", "2018-12-31": "33411.00000", "2017-12-31": "33468.00000", "2016-12-31": "31088.00000", "2015-12-31": "29263.00000", "2014-12-31": "23260.00000", "2013-12-31": "24271.00000", "2012-12-31": "24255.00000", "2011-12-31": "23674.00000", "2010-12-31": "22348.00000", "2009-12-31": "22057.00000", "2008-12-31": "22227.00000", "2007-12-31": "20120.00000", "2006-12-31": "18637.00000", "2005-12-31": "19671.00000"}, "Total Assets": {"2020-12-31": "64586.00000", "2019-12-31": "58679.00000", "2018-12-31": "57773.00000", "2017-12-31": "59470.00000", "2016-12-31": "54146.00000", "2015-12-31": "49316.00000", "2014-12-31": "45451.00000", "2013-12-31": "45435.00000", "2012-12-31": "41853.00000", "2011-12-31": "39808.00000", "2010-12-31": "37834.00000", "2009-12-31": "35993.00000", "2008-12-31": "35490.00000", "2007-12-31": "33805.00000", "2006-12-31": "30941.00000", "2005-12-31": "31633.00000"}, "Total Current Liabilities": {"2020-12-31": "19197.00000", "2019-12-31": "18098.00000", "2018-12-31": "18924.00000", "2017-12-31": "18861.00000", "2016-12-31": "16331.00000", "2015-12-31": "18371.00000", "2014-12-31": "14773.00000", "2013-12-31": "14181.00000", "2012-12-31": "13045.00000", "2011-12-31": "12275.00000", "2010-12-31": "11724.00000", "2009-12-31": "11147.00000", "2008-12-31": "12289.00000", "2007-12-31": "11941.00000", "2006-12-31": "10135.00000", "2005-12-31": "10430.00000"}, "Long Term Debt": {"2020-12-31": "16342.00000", "2019-12-31": "11110.00000", "2018-12-31": "9756.00000", "2017-12-31": "12573.00000", "2016-12-31": "12182.00000", "2015-12-31": "5554.00000", "2014-12-31": "6046.00000", "2013-12-31": "6801.00000", "2012-12-31": "6395.00000", "2011-12-31": "6881.00000", "2010-12-31": "5755.00000", "2009-12-31": "6246.00000", "2008-12-31": "5865.00000", "2007-12-31": "5419.00000", "2006-12-31": "3909.00000", "2005-12-31": "3082.00000"}, "Other Non-Current Liabilities": {"2020-12-31": "8895.00000", "2019-12-31": "8762.00000", "2018-12-31": "8671.00000", "2017-12-31": "8190.00000", "2016-12-31": "5124.00000", "2015-12-31": "5599.00000", "2014-12-31": "5482.00000", "2013-12-31": "4884.00000", "2012-12-31": "7205.00000", "2011-12-31": "7657.00000", "2010-12-31": "7455.00000", "2009-12-31": "7493.00000", "2008-12-31": "7570.00000", "2007-12-31": "4464.00000", "2006-12-31": "4735.00000", "2005-12-31": "5239.00000"}, "Total Long Term Liabilities": {"2020-12-31": "27599.00000", "2019-12-31": "21875.00000", "2018-12-31": "20491.00000", "2017-12-31": "23944.00000", "2016-12-31": "18268.00000", "2015-12-31": "12527.00000", "2014-12-31": "12894.00000", "2013-12-31": "13675.00000", "2012-12-31": "15743.00000", "2011-12-31": "16631.00000", "2010-12-31": "15323.00000", "2009-12-31": "15875.00000", "2008-12-31": "15932.00000", "2007-12-31": "12642.00000", "2006-12-31": "11086.00000", "2005-12-31": "10441.00000"}, "Total Liabilities": {"2020-12-31": "46796.00000", "2019-12-31": "39973.00000", "2018-12-31": "39415.00000", "2017-12-31": "42805.00000", "2016-12-31": "34599.00000", "2015-12-31": "30898.00000", "2014-12-31": "27667.00000", "2013-12-31": "27856.00000", "2012-12-31": "28788.00000", "2011-12-31": "28906.00000", "2010-12-31": "27047.00000", "2009-12-31": "27022.00000", "2008-12-31": "28221.00000", "2007-12-31": "24583.00000", "2006-12-31": "21221.00000", "2005-12-31": "20871.00000"}, "Common Stock Net": {"2020-12-31": "", "2019-12-31": "958.00000", "2018-12-31": "958.00000", "2017-12-31": "958.00000", "2016-12-31": "958.00000", "2015-12-31": "958.00000", "2014-12-31": "958.00000", "2013-12-31": "958.00000", "2012-12-31": "958.00000", "2011-12-31": "958.00000", "2010-12-31": "958.00000", "2009-12-31": "958.00000", "2008-12-31": "958.00000", "2007-12-31": "958.00000", "2006-12-31": "958.00000", "2005-12-31": "958.00000"}, "Retained Earnings (Accumulated Deficit)": {"2020-12-31": "", "2019-12-31": "37693.00000", "2018-12-31": "33978.00000", "2017-12-31": "27481.00000", "2016-12-31": "28710.00000", "2015-12-31": "26147.00000", "2014-12-31": "23115.00000", "2013-12-31": "20383.00000", "2012-12-31": "17799.00000", "2011-12-31": "16083.00000", "2010-12-31": "15097.00000", "2009-12-31": "14023.00000", "2008-12-31": "16250.00000", "2007-12-31": "14273.00000", "2006-12-31": "12563.00000", "2005-12-31": "11230.00000"}, "Comprehensive Income": {"2020-12-31": "", "2019-12-31": "-3197.00000", "2018-12-31": "-3437.00000", "2017-12-31": "-2235.00000", "2016-12-31": "-2714.00000", "2015-12-31": "-2535.00000", "2014-12-31": "-1459.00000", "2013-12-31": "818.00000", "2012-12-31": "-1339.00000", "2011-12-31": "-1444.00000", "2010-12-31": "-1067.00000", "2009-12-31": "-948.00000", "2008-12-31": "", "2007-12-31": "", "2006-12-31": "", "2005-12-31": ""}, "Other Share Holders Equity": {"2020-12-31": "", "2019-12-31": "", "2018-12-31": "", "2017-12-31": "", "2016-12-31": "", "2015-12-31": "", "2014-12-31": "", "2013-12-31": "", "2012-12-31": "", "2011-12-31": "", "2010-12-31": "", "2009-12-31": "", "2008-12-31": "-3809.00000", "2007-12-31": "-544.00000", "2006-12-31": "-1307.00000", "2005-12-31": "-25.00000"}, "Share Holder Equity": {"2020-12-31": "17790.00000", "2019-12-31": "18706.00000", "2018-12-31": "18358.00000", "2017-12-31": "16665.00000", "2016-12-31": "19547.00000", "2015-12-31": "18418.00000", "2014-12-31": "17784.00000", "2013-12-31": "17579.00000", "2012-12-31": "13065.00000", "2011-12-31": "10902.00000", "2010-12-31": "10787.00000", "2009-12-31": "8971.00000", "2008-12-31": "7269.00000", "2007-12-31": "9222.00000", "2006-12-31": "9720.00000", "2005-12-31": "10762.00000"}, "Total Liabilities And Share Holders Equity": {"2020-12-31": "64586.00000", "2019-12-31": "58679.00000", "2018-12-31": "57773.00000", "2017-12-31": "59470.00000", "2016-12-31": "54146.00000", "2015-12-31": "49316.00000", "2014-12-31": "45451.00000", "2013-12-31": "45435.00000", "2012-12-31": "41853.00000", "2011-12-31": "39808.00000", "2010-12-31": "37834.00000", "2009-12-31": "35993.00000", "2008-12-31": "35490.00000", "2007-12-31": "33805.00000", "2006-12-31": "30941.00000", "2005-12-31": "31633.00000"}}, "balance sheet, quarterly": {"Cash On Hand": {"2020-12-31": "15220.00000", "2020-09-30": "15008.00000", "2020-06-30": "15127.00000", "2020-03-31": "8791.00000", "2019-12-31": "10416.00000", "2019-09-30": "12364.00000", "2019-06-30": "9943.00000", "2019-03-31": "10684.00000", "2018-12-31": "10910.00000", "2018-09-30": "11653.00000", "2018-06-30": "9850.00000", "2018-03-31": "10280.00000", "2017-12-31": "10817.00000", "2017-09-30": "10170.00000", "2017-06-30": "9821.00000", "2017-03-31": "9595.00000", "2016-12-31": "9363.00000", "2016-09-30": "6431.00000", "2016-06-30": "5045.00000", "2016-03-31": "4473.00000", "2015-12-31": "5455.00000", "2015-09-30": "6563.00000", "2015-06-30": "5954.00000", "2015-03-31": "6575.00000", "2014-12-31": "6959.00000", "2014-09-30": "6428.00000", "2014-06-30": "6582.00000", "2014-03-31": "6672.00000", "2013-12-31": "6422.00000", "2013-09-30": "5499.00000", "2013-06-30": "4549.00000", "2013-03-31": "4539.00000", "2012-12-31": "4634.00000", "2012-09-30": "4760.00000", "2012-06-30": "4221.00000", "2012-03-31": "3988.00000", "2011-12-31": "3698.00000", "2011-09-30": "3885.00000", "2011-06-30": "3548.00000", "2011-03-31": "3076.00000", "2010-12-31": "2650.00000", "2010-09-30": "2640.00000", "2010-06-30": "2451.00000", "2010-03-31": "2851.00000", "2009-12-31": "2801.00000", "2009-09-30": "2604.00000", "2009-06-30": "2606.00000", "2009-03-31": "2052.00000", "2008-12-31": "2065.00000", "2008-09-30": "2292.00000", "2008-06-30": "2204.00000", "2008-03-31": "2234.00000", "2007-12-31": "1829.00000", "2007-09-30": "1787.00000", "2007-06-30": "1633.00000", "2007-03-31": "1378.00000", "2006-12-31": "1224.00000", "2006-09-30": "1415.00000", "2006-06-30": "1424.00000", "2006-03-31": "1442.00000", "2005-12-31": "1234.00000", "2005-09-30": "1452.00000", "2005-06-30": "1929.00000", "2005-03-31": "4096.00000"}, "Receivables": {"2020-12-31": "6827.00000", "2020-09-30": "6878.00000", "2020-06-30": "6717.00000", "2020-03-31": "7452.00000", "2019-12-31": "7493.00000", "2019-09-30": "7583.00000", "2019-06-30": "7407.00000", "2019-03-31": "7307.00000", "2018-12-31": "7508.00000", "2018-09-30": "8568.00000", "2018-06-30": "8600.00000", "2018-03-31": "8778.00000", "2017-12-31": "8866.00000", "2017-09-30": "8587.00000", "2017-06-30": "8442.00000", "2017-03-31": "8155.00000", "2016-12-31": "8177.00000", "2016-09-30": "8627.00000", "2016-06-30": "8730.00000", "2016-03-31": "8397.00000", "2015-12-31": "8075.00000", "2015-09-30": "7936.00000", "2015-06-30": "8237.00000", "2015-03-31": "8158.00000", "2014-12-31": "7960.00000", "2014-09-30": "8315.00000", "2014-06-30": "8350.00000", "2014-03-31": "8081.00000", "2013-12-31": "7929.00000", "2013-09-30": "7950.00000", "2013-06-30": "7655.00000", "2013-03-31": "7585.00000", "2012-12-31": "7429.00000", "2012-09-30": "7388.00000", "2012-06-30": "7250.00000", "2012-03-31": "7268.00000", "2011-12-31": "7228.00000", "2011-09-30": "7316.00000", "2011-06-30": "7344.00000", "2011-03-31": "7201.00000", "2010-12-31": "6841.00000", "2010-09-30": "6916.00000", "2010-06-30": "6495.00000", "2010-03-31": "6184.00000", "2009-12-31": "6274.00000", "2009-09-30": "6464.00000", "2009-06-30": "6285.00000", "2009-03-31": "5667.00000", "2008-12-31": "6129.00000", "2008-09-30": "6950.00000", "2008-06-30": "7047.00000", "2008-03-31": "6604.00000", "2007-12-31": "6387.00000", "2007-09-30": "6461.00000", "2007-06-30": "6118.00000", "2007-03-31": "5873.00000", "2006-12-31": "5740.00000", "2006-09-30": "5723.00000", "2006-06-30": "5426.00000", "2006-03-31": "5175.00000", "2005-12-31": "5017.00000", "2005-09-30": "4772.00000", "2005-06-30": "4559.00000", "2005-03-31": "4424.00000"}, "Inventory": {"2020-12-31": "4489.00000", "2020-09-30": "4705.00000", "2020-06-30": "4753.00000", "2020-03-31": "4584.00000", "2019-12-31": "4421.00000", "2019-09-30": "4601.00000", "2019-06-30": "4600.00000", "2019-03-31": "4548.00000", "2018-12-31": "4326.00000", "2018-09-30": "5061.00000", "2018-06-30": "4792.00000", "2018-03-31": "4766.00000", "2017-12-31": "4613.00000", "2017-09-30": "4751.00000", "2017-06-30": "4651.00000", "2017-03-31": "4652.00000", "2016-12-31": "4366.00000", "2016-09-30": "4587.00000", "2016-06-30": "4678.00000", "2016-03-31": "4743.00000", "2015-12-31": "4420.00000", "2015-09-30": "4441.00000", "2015-06-30": "4447.00000", "2015-03-31": "4507.00000", "2014-12-31": "4405.00000", "2014-09-30": "4485.00000", "2014-06-30": "4511.00000", "2014-03-31": "4407.00000", "2013-12-31": "4293.00000", "2013-09-30": "4455.00000", "2013-06-30": "4295.00000", "2013-03-31": "4297.00000", "2012-12-31": "4235.00000", "2012-09-30": "4314.00000", "2012-06-30": "4342.00000", "2012-03-31": "4368.00000", "2011-12-31": "4264.00000", "2011-09-30": "4369.00000", "2011-06-30": "4197.00000", "2011-03-31": "4290.00000", "2010-12-31": "3822.00000", "2010-09-30": "4027.00000", "2010-06-30": "3596.00000", "2010-03-31": "3568.00000", "2009-12-31": "3446.00000", "2009-09-30": "3576.00000", "2009-06-30": "3593.00000", "2009-03-31": "3797.00000", "2008-12-31": "3848.00000", "2008-09-30": "4082.00000", "2008-06-30": "3995.00000", "2008-03-31": "4149.00000", "2007-12-31": "3861.00000", "2007-09-30": "3919.00000", "2007-06-30": "3807.00000", "2007-03-31": "3749.00000", "2006-12-31": "3588.00000", "2006-09-30": "3734.00000", "2006-06-30": "3680.00000", "2006-03-31": "3630.00000", "2005-12-31": "3401.00000", "2005-09-30": "3398.00000", "2005-06-30": "3376.00000", "2005-03-31": "3391.00000"}, "Pre-Paid Expenses": {"2020-12-31": "", "2020-09-30": "", "2020-06-30": "", "2020-03-31": "", "2019-12-31": "", "2019-09-30": "", "2019-06-30": "", "2019-03-31": "", "2018-12-31": "", "2018-09-30": "", "2018-06-30": "", "2018-03-31": "", "2017-12-31": "", "2017-09-30": "", "2017-06-30": "", "2017-03-31": "", "2016-12-31": "", "2016-09-30": "", "2016-06-30": "", "2016-03-31": "", "2015-12-31": "", "2015-09-30": "", "2015-06-30": "", "2015-03-31": "", "2014-12-31": "", "2014-09-30": "", "2014-06-30": "", "2014-03-31": "", "2013-12-31": "", "2013-09-30": "", "2013-06-30": "", "2013-03-31": "", "2012-12-31": "", "2012-09-30": "", "2012-06-30": "", "2012-03-31": "", "2011-12-31": "", "2011-09-30": "", "2011-06-30": "", "2011-03-31": "", "2010-12-31": "", "2010-09-30": "", "2010-06-30": "", "2010-03-31": "", "2009-12-31": "", "2009-09-30": "", "2009-06-30": "", "2009-03-31": "", "2008-12-31": "", "2008-09-30": "", "2008-06-30": "", "2008-03-31": "", "2007-12-31": "", "2007-09-30": "", "2007-06-30": "", "2007-03-31": "", "2006-12-31": "", "2006-09-30": "", "2006-06-30": "", "2006-03-31": "", "2005-12-31": "", "2005-09-30": "", "2005-06-30": "", "2005-03-31": ""}, "Other Current Assets": {"2020-12-31": "1639.00000", "2020-09-30": "1609.00000", "2020-06-30": "1724.00000", "2020-03-31": "1786.00000", "2019-12-31": "1973.00000", "2019-09-30": "1640.00000", "2019-06-30": "1818.00000", "2019-03-31": "1795.00000", "2018-12-31": "1618.00000", "2018-09-30": "1346.00000", "2018-06-30": "1537.00000", "2018-03-31": "1763.00000", "2017-12-31": "1706.00000", "2017-09-30": "1136.00000", "2017-06-30": "1150.00000", "2017-03-31": "1178.00000", "2016-12-31": "1152.00000", "2016-09-30": "2189.00000", "2016-06-30": "1927.00000", "2016-03-31": "1919.00000", "2015-12-31": "2103.00000", "2015-09-30": "3800.00000", "2015-06-30": "3883.00000", "2015-03-31": "2376.00000", "2014-12-31": "2145.00000", "2014-09-30": "2336.00000", "2014-06-30": "2207.00000", "2014-03-31": "1531.00000", "2013-12-31": "1671.00000", "2013-09-30": "693.00000", "2013-06-30": "680.00000", "2013-03-31": "588.00000", "2012-12-31": "631.00000", "2012-09-30": "711.00000", "2012-06-30": "562.00000", "2012-03-31": "501.00000", "2011-12-31": "484.00000", "2011-09-30": "607.00000", "2011-06-30": "1371.00000", "2011-03-31": "582.00000", "2010-12-31": "1296.00000", "2010-09-30": "593.00000", "2010-06-30": "1460.00000", "2010-03-31": "706.00000", "2009-12-31": "381.00000", "2009-09-30": "342.00000", "2009-06-30": "289.00000", "2009-03-31": "331.00000", "2008-12-31": "299.00000", "2008-09-30": "378.00000", "2008-06-30": "885.00000", "2008-03-31": "418.00000", "2007-12-31": "367.00000", "2007-09-30": "362.00000", "2007-06-30": "354.00000", "2007-03-31": "499.00000", "2006-12-31": "537.00000", "2006-09-30": "562.00000", "2006-06-30": "532.00000", "2006-03-31": "731.00000", "2005-12-31": "1067.00000", "2005-09-30": "1786.00000", "2005-06-30": "1770.00000", "2005-03-31": "1733.00000"}, "Total Current Assets": {"2020-12-31": "28175.00000", "2020-09-30": "28200.00000", "2020-06-30": "28321.00000", "2020-03-31": "22613.00000", "2019-12-31": "24303.00000", "2019-09-30": "26188.00000", "2019-06-30": "23768.00000", "2019-03-31": "24334.00000", "2018-12-31": "24362.00000", "2018-09-30": "26628.00000", "2018-06-30": "24779.00000", "2018-03-31": "25587.00000", "2017-12-31": "26002.00000", "2017-09-30": "24644.00000", "2017-06-30": "24064.00000", "2017-03-31": "23580.00000", "2016-12-31": "23058.00000", "2016-09-30": "21834.00000", "2016-06-30": "20380.00000", "2016-03-31": "19532.00000", "2015-12-31": "20053.00000", "2015-09-30": "23479.00000", "2015-06-30": "23180.00000", "2015-03-31": "22272.00000", "2014-12-31": "22191.00000", "2014-09-30": "22358.00000", "2014-06-30": "22453.00000", "2014-03-31": "21531.00000", "2013-12-31": "21164.00000", "2013-09-30": "19304.00000", "2013-06-30": "17849.00000", "2013-03-31": "17681.00000", "2012-12-31": "17598.00000", "2012-09-30": "17746.00000", "2012-06-30": "16644.00000", "2012-03-31": "16553.00000", "2011-12-31": "16134.00000", "2011-09-30": "17044.00000", "2011-06-30": "17386.00000", "2011-03-31": "16031.00000", "2010-12-31": "15486.00000", "2010-09-30": "15163.00000", "2010-06-30": "14924.00000", "2010-03-31": "14333.00000", "2009-12-31": "13936.00000", "2009-09-30": "13886.00000", "2009-06-30": "13718.00000", "2009-03-31": "12781.00000", "2008-12-31": "13263.00000", "2008-09-30": "14996.00000", "2008-06-30": "15459.00000", "2008-03-31": "14743.00000", "2007-12-31": "13685.00000", "2007-09-30": "13656.00000", "2007-06-30": "13109.00000", "2007-03-31": "12696.00000", "2006-12-31": "12304.00000", "2006-09-30": "12535.00000", "2006-06-30": "12213.00000", "2006-03-31": "12178.00000", "2005-12-31": "11962.00000", "2005-09-30": "12569.00000", "2005-06-30": "12870.00000", "2005-03-31": "14913.00000"}, "Property, Plant, And Equipment": {"2020-12-31": "5570.00000", "2020-09-30": "5419.00000", "2020-06-30": "5327.00000", "2020-03-31": "5214.00000", "2019-12-31": "5325.00000", "2019-09-30": "5240.00000", "2019-06-30": "5260.00000", "2019-03-31": "5276.00000", "2018-12-31": "5296.00000", "2018-09-30": "5966.00000", "2018-06-30": "5968.00000", "2018-03-31": "6083.00000", "2017-12-31": "5926.00000", "2017-09-30": "5757.00000", "2017-06-30": "5718.00000", "2017-03-31": "5816.00000", "2016-12-31": "5793.00000", "2016-09-30": "5725.00000", "2016-06-30": "6086.00000", "2016-03-31": "6027.00000", "2015-12-31": "5789.00000", "2015-09-30": "5451.00000", "2015-06-30": "5381.00000", "2015-03-31": "5300.00000", "2014-12-31": "5383.00000", "2014-09-30": "5189.00000", "2014-06-30": "5316.00000", "2014-03-31": "5284.00000", "2013-12-31": "5278.00000", "2013-09-30": "5107.00000", "2013-06-30": "4997.00000", "2013-03-31": "4948.00000", "2012-12-31": "5001.00000", "2012-09-30": "4830.00000", "2012-06-30": "4735.00000", "2012-03-31": "4814.00000", "2011-12-31": "4804.00000", "2011-09-30": "4725.00000", "2011-06-30": "4718.00000", "2011-03-31": "4832.00000", "2010-12-31": "4724.00000", "2010-09-30": "4738.00000", "2010-06-30": "4535.00000", "2010-03-31": "4697.00000", "2009-12-31": "4847.00000", "2009-09-30": "4828.00000", "2009-06-30": "4795.00000", "2009-03-31": "4777.00000", "2008-12-31": "4934.00000", "2008-09-30": "4986.00000", "2008-06-30": "5051.00000", "2008-03-31": "5012.00000", "2007-12-31": "4985.00000", "2007-09-30": "4770.00000", "2007-06-30": "4692.00000", "2007-03-31": "4710.00000", "2006-12-31": "4797.00000", "2006-09-30": "4713.00000", "2006-06-30": "4679.00000", "2006-03-31": "4633.00000", "2005-12-31": "4658.00000", "2005-09-30": "4335.00000", "2005-06-30": "4353.00000", "2005-03-31": "4386.00000"}, "Long-Term Investments": {"2020-12-31": "685.00000", "2020-09-30": "673.00000", "2020-06-30": "626.00000", "2020-03-31": "613.00000", "2019-12-31": "588.00000", "2019-09-30": "631.00000", "2019-06-30": "747.00000", "2019-03-31": "747.00000", "2018-12-31": "742.00000", "2018-09-30": "754.00000", "2018-06-30": "897.00000", "2018-03-31": "737.00000", "2017-12-31": "667.00000", "2017-09-30": "643.00000", "2017-06-30": "570.00000", "2017-03-31": "533.00000", "2016-12-31": "587.00000", "2016-09-30": "639.00000", "2016-06-30": "561.00000", "2016-03-31": "592.00000", "2015-12-31": "517.00000", "2015-09-30": "471.00000", "2015-06-30": "491.00000", "2015-03-31": "464.00000", "2014-12-31": "465.00000", "2014-09-30": "447.00000", "2014-06-30": "488.00000", "2014-03-31": "465.00000", "2013-12-31": "393.00000", "2013-09-30": "830.00000", "2013-06-30": "756.00000", "2013-03-31": "738.00000", "2012-12-31": "623.00000", "2012-09-30": "600.00000", "2012-06-30": "566.00000", "2012-03-31": "533.00000", "2011-12-31": "494.00000", "2011-09-30": "465.00000", "2011-06-30": "516.00000", "2011-03-31": "476.00000", "2010-12-31": "616.00000", "2010-09-30": "601.00000", "2010-06-30": "544.00000", "2010-03-31": "586.00000", "2009-12-31": "579.00000", "2009-09-30": "471.00000", "2009-06-30": "463.00000", "2009-03-31": "622.00000", "2008-12-31": "670.00000", "2008-09-30": "703.00000", "2008-06-30": "546.00000", "2008-03-31": "522.00000", "2007-12-31": "500.00000", "2007-09-30": "526.00000", "2007-06-30": "505.00000", "2007-03-31": "405.00000", "2006-12-31": "382.00000", "2006-09-30": "351.00000", "2006-06-30": "311.00000", "2006-03-31": "348.00000", "2005-12-31": "370.00000", "2005-09-30": "406.00000", "2005-06-30": "468.00000", "2005-03-31": "482.00000"}, "Goodwill And Intangible Assets": {"2020-12-31": "19618.00000", "2020-09-30": "19160.00000", "2020-06-30": "19069.00000", "2020-03-31": "18862.00000", "2019-12-31": "19297.00000", "2019-09-30": "19213.00000", "2019-06-30": "19506.00000", "2019-03-31": "19594.00000", "2018-12-31": "19685.00000", "2018-09-30": "22388.00000", "2018-06-30": "22398.00000", "2018-03-31": "22982.00000", "2017-12-31": "22773.00000", "2017-09-30": "22855.00000", "2017-06-30": "22604.00000", "2017-03-31": "22419.00000", "2016-12-31": "22341.00000", "2016-09-30": "22693.00000", "2016-06-30": "21245.00000", "2016-03-31": "21414.00000", "2015-12-31": "20472.00000", "2015-09-30": "14755.00000", "2015-06-30": "14904.00000", "2015-03-31": "14875.00000", "2014-12-31": "14996.00000", "2014-09-30": "15211.00000", "2014-06-30": "15427.00000", "2014-03-31": "15473.00000", "2013-12-31": "15560.00000", "2013-09-30": "15820.00000", "2013-06-30": "15033.00000", "2013-03-31": "14770.00000", "2012-12-31": "14874.00000", "2012-09-30": "14197.00000", "2012-06-30": "14162.00000", "2012-03-31": "14330.00000", "2011-12-31": "14335.00000", "2011-09-30": "14021.00000", "2011-06-30": "13839.00000", "2011-03-31": "14261.00000", "2010-12-31": "13812.00000", "2010-09-30": "14240.00000", "2010-06-30": "12372.00000", "2010-03-31": "12476.00000", "2009-12-31": "12668.00000", "2009-09-30": "12785.00000", "2009-06-30": "12377.00000", "2009-03-31": "12324.00000", "2008-12-31": "12452.00000", "2008-09-30": "12512.00000", "2008-06-30": "11796.00000", "2008-03-31": "10743.00000", "2007-12-31": "10673.00000", "2007-09-30": "10120.00000", "2007-06-30": "9670.00000", "2007-03-31": "9623.00000", "2006-12-31": "9650.00000", "2006-09-30": "9648.00000", "2006-06-30": "9608.00000", "2006-03-31": "9424.00000", "2005-12-31": "8833.00000", "2005-09-30": "9008.00000", "2005-06-30": "8913.00000", "2005-03-31": "8817.00000"}, "Other Long-Term Assets": {"2020-12-31": "9778.00000", "2020-09-30": "9853.00000", "2020-06-30": "10155.00000", "2020-03-31": "10049.00000", "2019-12-31": "9080.00000", "2019-09-30": "8591.00000", "2019-06-30": "8210.00000", "2019-03-31": "8247.00000", "2018-12-31": "7306.00000", "2018-09-30": "5815.00000", "2018-06-30": "5463.00000", "2018-03-31": "5157.00000", "2017-12-31": "3851.00000", "2017-09-30": "2605.00000", "2017-06-30": "2355.00000", "2017-03-31": "2094.00000", "2016-12-31": "2020.00000", "2016-09-30": "2330.00000", "2016-06-30": "2581.00000", "2016-03-31": "2482.00000", "2015-12-31": "2202.00000", "2015-09-30": "2140.00000", "2015-06-30": "2091.00000", "2015-03-31": "2117.00000", "2014-12-31": "2012.00000", "2014-09-30": "2781.00000", "2014-06-30": "2736.00000", "2014-03-31": "2807.00000", "2013-12-31": "2672.00000", "2013-09-30": "1888.00000", "2013-06-30": "1830.00000", "2013-03-31": "1821.00000", "2012-12-31": "1868.00000", "2012-09-30": "1935.00000", "2012-06-30": "1903.00000", "2012-03-31": "2079.00000", "2011-12-31": "1909.00000", "2011-09-30": "2134.00000", "2011-06-30": "2076.00000", "2011-03-31": "2070.00000", "2010-12-31": "1975.00000", "2010-09-30": "1966.00000", "2010-06-30": "1940.00000", "2010-03-31": "1961.00000", "2009-12-31": "1957.00000", "2009-09-30": "2105.00000", "2009-06-30": "1960.00000", "2009-03-31": "1971.00000", "2008-12-31": "2036.00000", "2008-09-30": "1907.00000", "2008-06-30": "1960.00000", "2008-03-31": "1980.00000", "2007-12-31": "2069.00000", "2007-09-30": "2061.00000", "2007-06-30": "2050.00000", "2007-03-31": "2044.00000", "2006-12-31": "2038.00000", "2006-09-30": "2170.00000", "2006-06-30": "2170.00000", "2006-03-31": "2198.00000", "2005-12-31": "2364.00000", "2005-09-30": "2347.00000", "2005-06-30": "2378.00000", "2005-03-31": "2549.00000"}, "Total Long-Term Assets": {"2020-12-31": "36411.00000", "2020-09-30": "35259.00000", "2020-06-30": "35283.00000", "2020-03-31": "34809.00000", "2019-12-31": "34376.00000", "2019-09-30": "33916.00000", "2019-06-30": "33982.00000", "2019-03-31": "34226.00000", "2018-12-31": "33411.00000", "2018-09-30": "35299.00000", "2018-06-30": "35081.00000", "2018-03-31": "35361.00000", "2017-12-31": "33468.00000", "2017-09-30": "32124.00000", "2017-06-30": "31604.00000", "2017-03-31": "31199.00000", "2016-12-31": "31088.00000", "2016-09-30": "31722.00000", "2016-06-30": "30801.00000", "2016-03-31": "30833.00000", "2015-12-31": "29263.00000", "2015-09-30": "23146.00000", "2015-06-30": "23232.00000", "2015-03-31": "23085.00000", "2014-12-31": "23260.00000", "2014-09-30": "23823.00000", "2014-06-30": "24143.00000", "2014-03-31": "24246.00000", "2013-12-31": "24271.00000", "2013-09-30": "25102.00000", "2013-06-30": "24317.00000", "2013-03-31": "24119.00000", "2012-12-31": "24255.00000", "2012-09-30": "23328.00000", "2012-06-30": "23530.00000", "2012-03-31": "23817.00000", "2011-12-31": "23674.00000", "2011-09-30": "22401.00000", "2011-06-30": "22264.00000", "2011-03-31": "22871.00000", "2010-12-31": "22348.00000", "2010-09-30": "22956.00000", "2010-06-30": "21167.00000", "2010-03-31": "21693.00000", "2009-12-31": "22057.00000", "2009-09-30": "21887.00000", "2009-06-30": "21419.00000", "2009-03-31": "21576.00000", "2008-12-31": "22227.00000", "2008-09-30": "22086.00000", "2008-06-30": "21320.00000", "2008-03-31": "20201.00000", "2007-12-31": "20120.00000", "2007-09-30": "19246.00000", "2007-06-30": "18662.00000", "2007-03-31": "18517.00000", "2006-12-31": "18637.00000", "2006-09-30": "20169.00000", "2006-06-30": "20291.00000", "2006-03-31": "20028.00000", "2005-12-31": "19671.00000", "2005-09-30": "19637.00000", "2005-06-30": "19698.00000", "2005-03-31": "19747.00000"}, "Total Assets": {"2020-12-31": "64586.00000", "2020-09-30": "63459.00000", "2020-06-30": "63604.00000", "2020-03-31": "57422.00000", "2019-12-31": "58679.00000", "2019-09-30": "60104.00000", "2019-06-30": "57750.00000", "2019-03-31": "58560.00000", "2018-12-31": "57773.00000", "2018-09-30": "61927.00000", "2018-06-30": "59860.00000", "2018-03-31": "60948.00000", "2017-12-31": "59470.00000", "2017-09-30": "56768.00000", "2017-06-30": "55668.00000", "2017-03-31": "54779.00000", "2016-12-31": "54146.00000", "2016-09-30": "53556.00000", "2016-06-30": "51181.00000", "2016-03-31": "50365.00000", "2015-12-31": "49316.00000", "2015-09-30": "46625.00000", "2015-06-30": "46412.00000", "2015-03-31": "45357.00000", "2014-12-31": "45451.00000", "2014-09-30": "46181.00000", "2014-06-30": "46596.00000", "2014-03-31": "45777.00000", "2013-12-31": "45435.00000", "2013-09-30": "44406.00000", "2013-06-30": "42166.00000", "2013-03-31": "41800.00000", "2012-12-31": "41853.00000", "2012-09-30": "41074.00000", "2012-06-30": "40174.00000", "2012-03-31": "40370.00000", "2011-12-31": "39808.00000", "2011-09-30": "39445.00000", "2011-06-30": "39650.00000", "2011-03-31": "38902.00000", "2010-12-31": "37834.00000", "2010-09-30": "38119.00000", "2010-06-30": "36091.00000", "2010-03-31": "36026.00000", "2009-12-31": "35993.00000", "2009-09-30": "35773.00000", "2009-06-30": "35137.00000", "2009-03-31": "34357.00000", "2008-12-31": "35490.00000", "2008-09-30": "37082.00000", "2008-06-30": "36779.00000", "2008-03-31": "34944.00000", "2007-12-31": "33805.00000", "2007-09-30": "32902.00000", "2007-06-30": "31771.00000", "2007-03-31": "31213.00000", "2006-12-31": "30941.00000", "2006-09-30": "32704.00000", "2006-06-30": "32504.00000", "2006-03-31": "32206.00000", "2005-12-31": "31633.00000", "2005-09-30": "32206.00000", "2005-06-30": "32568.00000", "2005-03-31": "34660.00000"}, "Total Current Liabilities": {"2020-12-31": "19197.00000", "2020-09-30": "17184.00000", "2020-06-30": "17341.00000", "2020-03-31": "17377.00000", "2019-12-31": "18098.00000", "2019-09-30": "19915.00000", "2019-06-30": "19894.00000", "2019-03-31": "19593.00000", "2018-12-31": "18924.00000", "2018-09-30": "17900.00000", "2018-06-30": "18018.00000", "2018-03-31": "18755.00000", "2017-12-31": "18861.00000", "2017-09-30": "18225.00000", "2017-06-30": "17981.00000", "2017-03-31": "17281.00000", "2016-12-31": "16331.00000", "2016-09-30": "18213.00000", "2016-06-30": "15911.00000", "2016-03-31": "15659.00000", "2015-12-31": "18371.00000", "2015-09-30": "16367.00000", "2015-06-30": "15574.00000", "2015-03-31": "15432.00000", "2014-12-31": "14773.00000", "2014-09-30": "13947.00000", "2014-06-30": "14324.00000", "2014-03-31": "14353.00000", "2013-12-31": "14181.00000", "2013-09-30": "14663.00000", "2013-06-30": "13480.00000", "2013-03-31": "13111.00000", "2012-12-31": "13045.00000", "2012-09-30": "12713.00000", "2012-06-30": "12812.00000", "2012-03-31": "12666.00000", "2011-12-31": "12275.00000", "2011-09-30": "12859.00000", "2011-06-30": "12111.00000", "2011-03-31": "11770.00000", "2010-12-31": "11724.00000", "2010-09-30": "11546.00000", "2010-06-30": "10687.00000", "2010-03-31": "11101.00000", "2009-12-31": "11147.00000", "2009-09-30": "11034.00000", "2009-06-30": "10995.00000", "2009-03-31": "10938.00000", "2008-12-31": "12289.00000", "2008-09-30": "13610.00000", "2008-06-30": "12227.00000", "2008-03-31": "11332.00000", "2007-12-31": "11941.00000", "2007-09-30": "12092.00000", "2007-06-30": "12369.00000", "2007-03-31": "10374.00000", "2006-12-31": "10135.00000", "2006-09-30": "10086.00000", "2006-06-30": "10209.00000", "2006-03-31": "9905.00000", "2005-12-31": "10430.00000", "2005-09-30": "9706.00000", "2005-06-30": "9672.00000", "2005-03-31": "11551.00000"}, "Long Term Debt": {"2020-12-31": "16342.00000", "2020-09-30": "17687.00000", "2020-06-30": "17591.00000", "2020-03-31": "11542.00000", "2019-12-31": "11110.00000", "2019-09-30": "11101.00000", "2019-06-30": "8608.00000", "2019-03-31": "8598.00000", "2018-12-31": "9756.00000", "2018-09-30": "14059.00000", "2018-06-30": "12504.00000", "2018-03-31": "12738.00000", "2017-12-31": "12573.00000", "2017-09-30": "11453.00000", "2017-06-30": "11329.00000", "2017-03-31": "11181.00000", "2016-12-31": "12182.00000", "2016-09-30": "9608.00000", "2016-06-30": "9607.00000", "2016-03-31": "9700.00000", "2015-12-31": "5554.00000", "2015-09-30": "5599.00000", "2015-06-30": "5562.00000", "2015-03-31": "5661.00000", "2014-12-31": "6046.00000", "2014-09-30": "6760.00000", "2014-06-30": "6839.00000", "2014-03-31": "6804.00000", "2013-12-31": "6801.00000", "2013-09-30": "5789.00000", "2013-06-30": "5779.00000", "2013-03-31": "5787.00000", "2012-12-31": "6395.00000", "2012-09-30": "6391.00000", "2012-06-30": "6342.00000", "2012-03-31": "6269.00000", "2011-12-31": "6881.00000", "2011-09-30": "6880.00000", "2011-06-30": "6790.00000", "2011-03-31": "6763.00000", "2010-12-31": "5755.00000", "2010-09-30": "6265.00000", "2010-06-30": "6254.00000", "2010-03-31": "6246.00000", "2009-12-31": "6246.00000", "2009-09-30": "6256.00000", "2009-06-30": "6251.00000", "2009-03-31": "6266.00000", "2008-12-31": "5865.00000", "2008-09-30": "5963.00000", "2008-06-30": "6575.00000", "2008-03-31": "6576.00000", "2007-12-31": "5419.00000", "2007-09-30": "5391.00000", "2007-06-30": "4485.00000", "2007-03-31": "4704.00000", "2006-12-31": "3909.00000", "2006-09-30": "3909.00000", "2006-06-30": "3911.00000", "2006-03-31": "3964.00000", "2005-12-31": "3082.00000", "2005-09-30": "3972.00000", "2005-06-30": "4091.00000", "2005-03-31": "4042.00000"}, "Other Non-Current Liabilities": {"2020-12-31": "8895.00000", "2020-09-30": "8485.00000", "2020-06-30": "8521.00000", "2020-03-31": "8647.00000", "2019-12-31": "8762.00000", "2019-09-30": "9080.00000", "2019-06-30": "9133.00000", "2019-03-31": "9223.00000", "2018-12-31": "8671.00000", "2018-09-30": "9200.00000", "2018-06-30": "8312.00000", "2018-03-31": "8399.00000", "2017-12-31": "8190.00000", "2017-09-30": "5029.00000", "2017-06-30": "4939.00000", "2017-03-31": "4879.00000", "2016-12-31": "5124.00000", "2016-09-30": "5183.00000", "2016-06-30": "5462.00000", "2016-03-31": "5499.00000", "2015-12-31": "5599.00000", "2015-09-30": "5101.00000", "2015-06-30": "5199.00000", "2015-03-31": "5224.00000", "2014-12-31": "5482.00000", "2014-09-30": "4361.00000", "2014-06-30": "4654.00000", "2014-03-31": "4646.00000", "2013-12-31": "4884.00000", "2013-09-30": "7006.00000", "2013-06-30": "6935.00000", "2013-03-31": "7196.00000", "2012-12-31": "7205.00000", "2012-09-30": "6726.00000", "2012-06-30": "6891.00000", "2012-03-31": "7486.00000", "2011-12-31": "7657.00000", "2011-09-30": "6048.00000", "2011-06-30": "6493.00000", "2011-03-31": "6427.00000", "2010-12-31": "7455.00000", "2010-09-30": "7603.00000", "2010-06-30": "7895.00000", "2010-03-31": "7458.00000", "2009-12-31": "7493.00000", "2009-09-30": "6604.00000", "2009-06-30": "7068.00000", "2009-03-31": "7155.00000", "2008-12-31": "7570.00000", "2008-09-30": "4732.00000", "2008-06-30": "4470.00000", "2008-03-31": "4436.00000", "2007-12-31": "4464.00000", "2007-09-30": "4588.00000", "2007-06-30": "4587.00000", "2007-03-31": "4520.00000", "2006-12-31": "4735.00000", "2006-09-30": "5092.00000", "2006-06-30": "5177.00000", "2006-03-31": "5271.00000", "2005-12-31": "5239.00000", "2005-09-30": "4938.00000", "2005-06-30": "5068.00000", "2005-03-31": "5476.00000"}, "Total Long Term Liabilities": {"2020-12-31": "27599.00000", "2020-09-30": "27962.00000", "2020-06-30": "27897.00000", "2020-03-31": "22180.00000", "2019-12-31": "21875.00000", "2019-09-30": "21883.00000", "2019-06-30": "19796.00000", "2019-03-31": "20011.00000", "2018-12-31": "20491.00000", "2018-09-30": "25611.00000", "2018-06-30": "24069.00000", "2018-03-31": "24419.00000", "2017-12-31": "23944.00000", "2017-09-30": "17315.00000", "2017-06-30": "17137.00000", "2017-03-31": "17023.00000", "2016-12-31": "18268.00000", "2016-09-30": "15972.00000", "2016-06-30": "16328.00000", "2016-03-31": "16334.00000", "2015-12-31": "12527.00000", "2015-09-30": "12362.00000", "2015-06-30": "12241.00000", "2015-03-31": "12248.00000", "2014-12-31": "12894.00000", "2014-09-30": "13171.00000", "2014-06-30": "13455.00000", "2014-03-31": "13381.00000", "2013-12-31": "13675.00000", "2013-09-30": "14670.00000", "2013-06-30": "14828.00000", "2013-03-31": "15156.00000", "2012-12-31": "15743.00000", "2012-09-30": "15142.00000", "2012-06-30": "15279.00000", "2012-03-31": "15862.00000", "2011-12-31": "16631.00000", "2011-09-30": "14819.00000", "2011-06-30": "15355.00000", "2011-03-31": "15322.00000", "2010-12-31": "15323.00000", "2010-09-30": "16107.00000", "2010-06-30": "16276.00000", "2010-03-31": "15821.00000", "2009-12-31": "15875.00000", "2009-09-30": "15144.00000", "2009-06-30": "15581.00000", "2009-03-31": "15918.00000", "2008-12-31": "15932.00000", "2008-09-30": "13934.00000", "2008-06-30": "14291.00000", "2008-03-31": "13976.00000", "2007-12-31": "12642.00000", "2007-09-30": "12555.00000", "2007-06-30": "11602.00000", "2007-03-31": "11676.00000", "2006-12-31": "11086.00000", "2006-09-30": "11297.00000", "2006-06-30": "11317.00000", "2006-03-31": "11388.00000", "2005-12-31": "10441.00000", "2005-09-30": "11125.00000", "2005-06-30": "11378.00000", "2005-03-31": "11678.00000"}, "Total Liabilities": {"2020-12-31": "46796.00000", "2020-09-30": "45146.00000", "2020-06-30": "45238.00000", "2020-03-31": "39557.00000", "2019-12-31": "39973.00000", "2019-09-30": "41798.00000", "2019-06-30": "39690.00000", "2019-03-31": "39604.00000", "2018-12-31": "39415.00000", "2018-09-30": "43511.00000", "2018-06-30": "42087.00000", "2018-03-31": "43174.00000", "2017-12-31": "42805.00000", "2017-09-30": "35540.00000", "2017-06-30": "35118.00000", "2017-03-31": "34304.00000", "2016-12-31": "34599.00000", "2016-09-30": "34185.00000", "2016-06-30": "32239.00000", "2016-03-31": "31993.00000", "2015-12-31": "30898.00000", "2015-09-30": "28729.00000", "2015-06-30": "27815.00000", "2015-03-31": "27680.00000", "2014-12-31": "27667.00000", "2014-09-30": "27118.00000", "2014-06-30": "27779.00000", "2014-03-31": "27734.00000", "2013-12-31": "27856.00000", "2013-09-30": "29333.00000", "2013-06-30": "28308.00000", "2013-03-31": "28267.00000", "2012-12-31": "28788.00000", "2012-09-30": "27855.00000", "2012-06-30": "28091.00000", "2012-03-31": "28528.00000", "2011-12-31": "28906.00000", "2011-09-30": "27678.00000", "2011-06-30": "27466.00000", "2011-03-31": "27092.00000", "2010-12-31": "27047.00000", "2010-09-30": "27653.00000", "2010-06-30": "26963.00000", "2010-03-31": "26922.00000", "2009-12-31": "27022.00000", "2009-09-30": "26178.00000", "2009-06-30": "26576.00000", "2009-03-31": "26856.00000", "2008-12-31": "28221.00000", "2008-09-30": "27544.00000", "2008-06-30": "26518.00000", "2008-03-31": "25308.00000", "2007-12-31": "24583.00000", "2007-09-30": "24647.00000", "2007-06-30": "23971.00000", "2007-03-31": "22050.00000", "2006-12-31": "21221.00000", "2006-09-30": "21383.00000", "2006-06-30": "21526.00000", "2006-03-31": "21293.00000", "2005-12-31": "20871.00000", "2005-09-30": "20831.00000", "2005-06-30": "21050.00000", "2005-03-31": "23229.00000"}, "Common Stock Net": {"2020-12-31": "", "2020-09-30": "958.00000", "2020-06-30": "958.00000", "2020-03-31": "958.00000", "2019-12-31": "958.00000", "2019-09-30": "958.00000", "2019-06-30": "958.00000", "2019-03-31": "958.00000", "2018-12-31": "958.00000", "2018-09-30": "958.00000", "2018-06-30": "958.00000", "2018-03-31": "958.00000", "2017-12-31": "958.00000", "2017-09-30": "958.00000", "2017-06-30": "958.00000", "2017-03-31": "958.00000", "2016-12-31": "958.00000", "2016-09-30": "958.00000", "2016-06-30": "958.00000", "2016-03-31": "958.00000", "2015-12-31": "958.00000", "2015-09-30": "958.00000", "2015-06-30": "958.00000", "2015-03-31": "958.00000", "2014-12-31": "958.00000", "2014-09-30": "958.00000", "2014-06-30": "958.00000", "2014-03-31": "958.00000", "2013-12-31": "958.00000", "2013-09-30": "958.00000", "2013-06-30": "958.00000", "2013-03-31": "958.00000", "2012-12-31": "958.00000", "2012-09-30": "958.00000", "2012-06-30": "958.00000", "2012-03-31": "958.00000", "2011-12-31": "958.00000", "2011-09-30": "958.00000", "2011-06-30": "958.00000", "2011-03-31": "958.00000", "2010-12-31": "958.00000", "2010-09-30": "958.00000", "2010-06-30": "958.00000", "2010-03-31": "958.00000", "2009-12-31": "958.00000", "2009-09-30": "958.00000", "2009-06-30": "958.00000", "2009-03-31": "958.00000", "2008-12-31": "958.00000", "2008-09-30": "958.00000", "2008-06-30": "958.00000", "2008-03-31": "958.00000", "2007-12-31": "958.00000", "2007-09-30": "958.00000", "2007-06-30": "958.00000", "2007-03-31": "958.00000", "2006-12-31": "958.00000", "2006-09-30": "958.00000", "2006-06-30": "958.00000", "2006-03-31": "958.00000", "2005-12-31": "958.00000", "2005-09-30": "958.00000", "2005-06-30": "958.00000", "2005-03-31": "958.00000"}, "Retained Earnings (Accumulated Deficit)": {"2020-12-31": "", "2020-09-30": "39203.00000", "2020-06-30": "39080.00000", "2020-03-31": "38635.00000", "2019-12-31": "37693.00000", "2019-09-30": "36775.00000", "2019-06-30": "35741.00000", "2019-03-31": "34794.00000", "2018-12-31": "33978.00000", "2018-09-30": "31110.00000", "2018-06-30": "30104.00000", "2018-03-31": "29395.00000", "2017-12-31": "27481.00000", "2017-09-30": "31247.00000", "2017-06-30": "30406.00000", "2017-03-31": "29526.00000", "2016-12-31": "28710.00000", "2016-09-30": "28190.00000", "2016-06-30": "27702.00000", "2016-03-31": "26874.00000", "2015-12-31": "26147.00000", "2015-09-30": "25433.00000", "2015-06-30": "24585.00000", "2015-03-31": "23811.00000", "2014-12-31": "23115.00000", "2014-09-30": "22576.00000", "2014-06-30": "21773.00000", "2014-03-31": "21039.00000", "2013-12-31": "20383.00000", "2013-09-30": "19796.00000", "2013-06-30": "19135.00000", "2013-03-31": "18442.00000", "2012-12-31": "17799.00000", "2012-09-30": "17877.00000", "2012-06-30": "17222.00000", "2012-03-31": "16613.00000", "2011-12-31": "16083.00000", "2011-09-30": "16686.00000", "2011-06-30": "16085.00000", "2011-03-31": "15538.00000", "2010-12-31": "15097.00000", "2010-09-30": "18130.00000", "2010-06-30": "17867.00000", "2010-03-31": "17635.00000", "2009-12-31": "14023.00000", "2009-09-30": "17021.00000", "2009-06-30": "16646.00000", "2009-03-31": "16424.00000", "2008-12-31": "16250.00000", "2008-09-30": "15745.00000", "2008-06-30": "15227.00000", "2008-03-31": "14711.00000", "2007-12-31": "14273.00000", "2007-09-30": "13771.00000", "2007-06-30": "13341.00000", "2007-03-31": "12924.00000", "2006-12-31": "12563.00000", "2006-09-30": "12168.00000", "2006-06-30": "11811.00000", "2006-03-31": "11477.00000", "2005-12-31": "11230.00000", "2005-09-30": "11374.00000", "2005-06-30": "11080.00000", "2005-03-31": "10950.00000"}, "Comprehensive Income": {"2020-12-31": "", "2020-09-30": "-3436.00000", "2020-06-30": "-3310.00000", "2020-03-31": "-3353.00000", "2019-12-31": "-3197.00000", "2019-09-30": "-3295.00000", "2019-06-30": "-3453.00000", "2019-03-31": "-3245.00000", "2018-12-31": "-3437.00000", "2018-09-30": "-2125.00000", "2018-06-30": "-2222.00000", "2018-03-31": "-2174.00000", "2017-12-31": "-2235.00000", "2017-09-30": "-2840.00000", "2017-06-30": "-2837.00000", "2017-03-31": "-2562.00000", "2016-12-31": "-2714.00000", "2016-09-30": "-2482.00000", "2016-06-30": "-2499.00000", "2016-03-31": "-2455.00000", "2015-12-31": "-2535.00000", "2015-09-30": "-2373.00000", "2015-06-30": "-1969.00000", "2015-03-31": "-2099.00000", "2014-12-31": "-1459.00000", "2014-09-30": "281.00000", "2014-06-30": "837.00000", "2014-03-31": "748.00000", "2013-12-31": "818.00000", "2013-09-30": "-1211.00000", "2013-06-30": "-1767.00000", "2013-03-31": "-1656.00000", "2012-12-31": "-1339.00000", "2012-09-30": "-1294.00000", "2012-06-30": "-1637.00000", "2012-03-31": "-1182.00000", "2011-12-31": "-1444.00000", "2011-09-30": "-1122.00000", "2011-06-30": "-536.00000", "2011-03-31": "-687.00000", "2010-12-31": "-1067.00000", "2010-09-30": "-4282.00000", "2010-06-30": "-5031.00000", "2010-03-31": "-4543.00000", "2009-12-31": "-948.00000", "2009-09-30": "-3251.00000", "2009-06-30": "-3512.00000", "2009-03-31": "-4049.00000", "2008-12-31": "", "2008-09-30": "", "2008-06-30": "", "2008-03-31": "", "2007-12-31": "", "2007-09-30": "", "2007-06-30": "", "2007-03-31": "", "2006-12-31": "", "2006-09-30": "", "2006-06-30": "", "2006-03-31": "", "2005-12-31": "", "2005-09-30": "", "2005-06-30": "", "2005-03-31": ""}, "Other Share Holders Equity": {"2020-12-31": "", "2020-09-30": "", "2020-06-30": "", "2020-03-31": "", "2019-12-31": "", "2019-09-30": "", "2019-06-30": "", "2019-03-31": "", "2018-12-31": "", "2018-09-30": "", "2018-06-30": "", "2018-03-31": "", "2017-12-31": "", "2017-09-30": "", "2017-06-30": "", "2017-03-31": "", "2016-12-31": "", "2016-09-30": "", "2016-06-30": "", "2016-03-31": "", "2015-12-31": "", "2015-09-30": "", "2015-06-30": "", "2015-03-31": "", "2014-12-31": "", "2014-09-30": "", "2014-06-30": "", "2014-03-31": "", "2013-12-31": "", "2013-09-30": "", "2013-06-30": "", "2013-03-31": "", "2012-12-31": "", "2012-09-30": "", "2012-06-30": "", "2012-03-31": "", "2011-12-31": "", "2011-09-30": "", "2011-06-30": "", "2011-03-31": "", "2010-12-31": "", "2010-09-30": "", "2010-06-30": "", "2010-03-31": "", "2009-12-31": "", "2009-09-30": "", "2009-06-30": "", "2009-03-31": "", "2008-12-31": "-3809.00000", "2008-09-30": "-664.00000", "2008-06-30": "-344.00000", "2008-03-31": "-285.00000", "2007-12-31": "-544.00000", "2007-09-30": "-1034.00000", "2007-06-30": "-1167.00000", "2007-03-31": "-1249.00000", "2006-12-31": "-1307.00000", "2006-09-30": "105.00000", "2006-06-30": "41.00000", "2006-03-31": "-59.00000", "2005-12-31": "-25.00000", "2005-09-30": "-33.00000", "2005-06-30": "-80.00000", "2005-03-31": "36.00000"}, "Share Holder Equity": {"2020-12-31": "17790.00000", "2020-09-30": "18313.00000", "2020-06-30": "18366.00000", "2020-03-31": "17865.00000", "2019-12-31": "18706.00000", "2019-09-30": "18306.00000", "2019-06-30": "18060.00000", "2019-03-31": "18956.00000", "2018-12-31": "18358.00000", "2018-09-30": "18416.00000", "2018-06-30": "17773.00000", "2018-03-31": "17774.00000", "2017-12-31": "16665.00000", "2017-09-30": "21228.00000", "2017-06-30": "20550.00000", "2017-03-31": "20475.00000", "2016-12-31": "19547.00000", "2016-09-30": "19371.00000", "2016-06-30": "18942.00000", "2016-03-31": "18372.00000", "2015-12-31": "18418.00000", "2015-09-30": "17896.00000", "2015-06-30": "18597.00000", "2015-03-31": "17677.00000", "2014-12-31": "17784.00000", "2014-09-30": "19063.00000", "2014-06-30": "18817.00000", "2014-03-31": "18043.00000", "2013-12-31": "17579.00000", "2013-09-30": "15073.00000", "2013-06-30": "13858.00000", "2013-03-31": "13533.00000", "2012-12-31": "13065.00000", "2012-09-30": "13219.00000", "2012-06-30": "12083.00000", "2012-03-31": "11842.00000", "2011-12-31": "10902.00000", "2011-09-30": "11767.00000", "2011-06-30": "12184.00000", "2011-03-31": "11810.00000", "2010-12-31": "10787.00000", "2010-09-30": "10466.00000", "2010-06-30": "9128.00000", "2010-03-31": "9104.00000", "2009-12-31": "8971.00000", "2009-09-30": "9595.00000", "2009-06-30": "8561.00000", "2009-03-31": "7501.00000", "2008-12-31": "7269.00000", "2008-09-30": "9538.00000", "2008-06-30": "10261.00000", "2008-03-31": "9636.00000", "2007-12-31": "9222.00000", "2007-09-30": "8255.00000", "2007-06-30": "7800.00000", "2007-03-31": "9163.00000", "2006-12-31": "9720.00000", "2006-09-30": "11321.00000", "2006-06-30": "10978.00000", "2006-03-31": "10913.00000", "2005-12-31": "10762.00000", "2005-09-30": "11375.00000", "2005-06-30": "11518.00000", "2005-03-31": "11431.00000"}, "Total Liabilities And Share Holders Equity": {"2020-12-31": "64586.00000", "2020-09-30": "63459.00000", "2020-06-30": "63604.00000", "2020-03-31": "57422.00000", "2019-12-31": "58679.00000", "2019-09-30": "60104.00000", "2019-06-30": "57750.00000", "2019-03-31": "58560.00000", "2018-12-31": "57773.00000", "2018-09-30": "61927.00000", "2018-06-30": "59860.00000", "2018-03-31": "60948.00000", "2017-12-31": "59470.00000", "2017-09-30": "56768.00000", "2017-06-30": "55668.00000", "2017-03-31": "54779.00000", "2016-12-31": "54146.00000", "2016-09-30": "53556.00000", "2016-06-30": "51181.00000", "2016-03-31": "50365.00000", "2015-12-31": "49316.00000", "2015-09-30": "46625.00000", "2015-06-30": "46412.00000", "2015-03-31": "45357.00000", "2014-12-31": "45451.00000", "2014-09-30": "46181.00000", "2014-06-30": "46596.00000", "2014-03-31": "45777.00000", "2013-12-31": "45435.00000", "2013-09-30": "44406.00000", "2013-06-30": "42166.00000", "2013-03-31": "41800.00000", "2012-12-31": "41853.00000", "2012-09-30": "41074.00000", "2012-06-30": "40174.00000", "2012-03-31": "40370.00000", "2011-12-31": "39808.00000", "2011-09-30": "39445.00000", "2011-06-30": "39650.00000", "2011-03-31": "38902.00000", "2010-12-31": "37834.00000", "2010-09-30": "38119.00000", "2010-06-30": "36091.00000", "2010-03-31": "36026.00000", "2009-12-31": "35993.00000", "2009-09-30": "35773.00000", "2009-06-30": "35137.00000", "2009-03-31": "34357.00000", "2008-12-31": "35490.00000", "2008-09-30": "37082.00000", "2008-06-30": "36779.00000", "2008-03-31": "34944.00000", "2007-12-31": "33805.00000", "2007-09-30": "32902.00000", "2007-06-30": "31771.00000", "2007-03-31": "31213.00000", "2006-12-31": "30941.00000", "2006-09-30": "32704.00000", "2006-06-30": "32504.00000", "2006-03-31": "32206.00000", "2005-12-31": "31633.00000", "2005-09-30": "32206.00000", "2005-06-30": "32568.00000", "2005-03-31": "34660.00000"}}, "cash flow statement": {"Net Income/Loss": {"2020-12-31": "4779.00000", "2019-12-31": "6143.00000", "2018-12-31": "6765.00000", "2017-12-31": "1545.00000", "2016-12-31": "4812.00000", "2015-12-31": "4768.00000", "2014-12-31": "4239.00000", "2013-12-31": "3924.00000", "2012-12-31": "2926.00000", "2011-12-31": "2067.00000", "2010-12-31": "2022.00000", "2009-12-31": "1548.00000", "2008-12-31": "806.00000", "2007-12-31": "2444.00000", "2006-12-31": "2083.00000", "2005-12-31": "1638.00000"}, "Total Depreciation And Amortization - Cash Flow": {"2020-12-31": "1002.00000", "2019-12-31": "1088.00000", "2018-12-31": "1116.00000", "2017-12-31": "1115.00000", "2016-12-31": "1030.00000", "2015-12-31": "883.00000", "2014-12-31": "924.00000", "2013-12-31": "989.00000", "2012-12-31": "926.00000", "2011-12-31": "957.00000", "2010-12-31": "987.00000", "2009-12-31": "957.00000", "2008-12-31": "903.00000", "2007-12-31": "837.00000", "2006-12-31": "794.00000", "2005-12-31": "653.00000"}, "Other Non-Cash Items": {"2020-12-31": "-936.00000", "2019-12-31": "-378.00000", "2018-12-31": "-1733.00000", "2017-12-31": "3869.00000", "2016-12-31": "-160.00000", "2015-12-31": "31.00000", "2014-12-31": "-319.00000", "2013-12-31": "16.00000", "2012-12-31": "123.00000", "2011-12-31": "-63.00000", "2010-12-31": "1068.00000", "2009-12-31": "991.00000", "2008-12-31": "2119.00000", "2007-12-31": "533.00000", "2006-12-31": "546.00000", "2005-12-31": "-227.00000"}, "Total Non-Cash Items": {"2020-12-31": "66.00000", "2019-12-31": "710.00000", "2018-12-31": "-617.00000", "2017-12-31": "4984.00000", "2016-12-31": "870.00000", "2015-12-31": "914.00000", "2014-12-31": "605.00000", "2013-12-31": "1005.00000", "2012-12-31": "1049.00000", "2011-12-31": "894.00000", "2010-12-31": "2055.00000", "2009-12-31": "1948.00000", "2008-12-31": "3022.00000", "2007-12-31": "1370.00000", "2006-12-31": "1340.00000", "2005-12-31": "426.00000"}, "Change In Accounts Receivable": {"2020-12-31": "669.00000", "2019-12-31": "11.00000", "2018-12-31": "-236.00000", "2017-12-31": "-682.00000", "2016-12-31": "-547.00000", "2015-12-31": "201.00000", "2014-12-31": "-172.00000", "2013-12-31": "-365.00000", "2012-12-31": "-119.00000", "2011-12-31": "-316.00000", "2010-12-31": "-688.00000", "2009-12-31": "360.00000", "2008-12-31": "392.00000", "2007-12-31": "-467.00000", "2006-12-31": "-573.00000", "2005-12-31": "-94.00000"}, "Change In Inventories": {"2020-12-31": "-67.00000", "2019-12-31": "-100.00000", "2018-12-31": "-503.00000", "2017-12-31": "-259.00000", "2016-12-31": "-18.00000", "2015-12-31": "230.00000", "2014-12-31": "-200.00000", "2013-12-31": "41.00000", "2012-12-31": "25.00000", "2011-12-31": "-310.00000", "2010-12-31": "-300.00000", "2009-12-31": "475.00000", "2008-12-31": "-161.00000", "2007-12-31": "-183.00000", "2006-12-31": "-128.00000", "2005-12-31": "37.00000"}, "Change In Accounts Payable": {"2020-12-31": "15.00000", "2019-12-31": "118.00000", "2018-12-31": "733.00000", "2017-12-31": "924.00000", "2016-12-31": "254.00000", "2015-12-31": "-17.00000", "2014-12-31": "307.00000", "2013-12-31": "352.00000", "2012-12-31": "-13.00000", "2011-12-31": "527.00000", "2010-12-31": "592.00000", "2009-12-31": "-169.00000", "2008-12-31": "-152.00000", "2007-12-31": "397.00000", "2006-12-31": "516.00000", "2005-12-31": "181.00000"}, "Change In Assets/Liabilities": {"2020-12-31": "191.00000", "2019-12-31": "-430.00000", "2018-12-31": "218.00000", "2017-12-31": "-568.00000", "2016-12-31": "-106.00000", "2015-12-31": "90.00000", "2014-12-31": "120.00000", "2013-12-31": "-421.00000", "2012-12-31": "-78.00000", "2011-12-31": "25.00000", "2010-12-31": "-26.00000", "2009-12-31": "-43.00000", "2008-12-31": "25.00000", "2007-12-31": "17.00000", "2006-12-31": "-11.00000", "2005-12-31": "61.00000"}, "Total Change In Assets/Liabilities": {"2020-12-31": "1363.00000", "2019-12-31": "44.00000", "2018-12-31": "286.00000", "2017-12-31": "-563.00000", "2016-12-31": "-184.00000", "2015-12-31": "-163.00000", "2014-12-31": "236.00000", "2013-12-31": "-594.00000", "2012-12-31": "-458.00000", "2011-12-31": "-128.00000", "2010-12-31": "126.00000", "2009-12-31": "450.00000", "2008-12-31": "-37.00000", "2007-12-31": "97.00000", "2006-12-31": "-212.00000", "2005-12-31": "378.00000"}, "Cash Flow From Operating Activities": {"2020-12-31": "6208.00000", "2019-12-31": "6897.00000", "2018-12-31": "6434.00000", "2017-12-31": "5966.00000", "2016-12-31": "5498.00000", "2015-12-31": "5519.00000", "2014-12-31": "5080.00000", "2013-12-31": "4335.00000", "2012-12-31": "3517.00000", "2011-12-31": "2833.00000", "2010-12-31": "4203.00000", "2009-12-31": "3946.00000", "2008-12-31": "3791.00000", "2007-12-31": "3911.00000", "2006-12-31": "3211.00000", "2005-12-31": "2442.00000"}, "Net Change In Property, Plant, And Equipment": {"2020-12-31": "-849.00000", "2019-12-31": "-796.00000", "2018-12-31": "-813.00000", "2017-12-31": "-945.00000", "2016-12-31": "-1074.00000", "2015-12-31": "-1058.00000", "2014-12-31": "-1076.00000", "2013-12-31": "-932.00000", "2012-12-31": "-879.00000", "2011-12-31": "-792.00000", "2010-12-31": "-637.00000", "2009-12-31": "-578.00000", "2008-12-31": "-831.00000", "2007-12-31": "-669.00000", "2006-12-31": "-646.00000", "2005-12-31": "-613.00000"}, "Net Change In Intangible Assets": {"2020-12-31": "", "2019-12-31": "", "2018-12-31": "", "2017-12-31": "", "2016-12-31": "", "2015-12-31": "", "2014-12-31": "", "2013-12-31": "", "2012-12-31": "", "2011-12-31": "", "2010-12-31": "", "2009-12-31": "", "2008-12-31": "", "2007-12-31": "", "2006-12-31": "", "2005-12-31": ""}, "Net Acquisitions/Divestitures": {"2020-12-31": "-261.00000", "2019-12-31": "-50.00000", "2018-12-31": "-535.00000", "2017-12-31": "-82.00000", "2016-12-31": "-2277.00000", "2015-12-31": "-5227.00000", "2014-12-31": "156.00000", "2013-12-31": "-1130.00000", "2012-12-31": "-417.00000", "2011-12-31": "183.00000", "2010-12-31": "-1296.00000", "2009-12-31": "-467.00000", "2008-12-31": "-1272.00000", "2007-12-31": "-1099.00000", "2006-12-31": "32.00000", "2005-12-31": "-1682.00000"}, "Net Change In Short-term Investments": {"2020-12-31": "", "2019-12-31": "", "2018-12-31": "", "2017-12-31": "", "2016-12-31": "", "2015-12-31": "", "2014-12-31": "", "2013-12-31": "", "2012-12-31": "", "2011-12-31": "", "2010-12-31": "", "2009-12-31": "", "2008-12-31": "", "2007-12-31": "", "2006-12-31": "", "2005-12-31": ""}, "Net Change In Long-Term Investments": {"2020-12-31": "272.00000", "2019-12-31": "211.00000", "2018-12-31": "1973.00000", "2017-12-31": "-2329.00000", "2016-12-31": "-273.00000", "2015-12-31": "-127.00000", "2014-12-31": "-786.00000", "2013-12-31": "-98.00000", "2012-12-31": "-143.00000", "2011-12-31": "-26.00000", "2010-12-31": "-341.00000", "2009-12-31": "-23.00000", "2008-12-31": "12.00000", "2007-12-31": "-14.00000", "2006-12-31": "", "2005-12-31": "285.00000"}, "Net Change In Investments - Total": {"2020-12-31": "272.00000", "2019-12-31": "211.00000", "2018-12-31": "1973.00000", "2017-12-31": "-2329.00000", "2016-12-31": "-273.00000", "2015-12-31": "-127.00000", "2014-12-31": "-786.00000", "2013-12-31": "-98.00000", "2012-12-31": "-143.00000", "2011-12-31": "-26.00000", "2010-12-31": "-341.00000", "2009-12-31": "-23.00000", "2008-12-31": "12.00000", "2007-12-31": "-14.00000", "2006-12-31": "", "2005-12-31": "285.00000"}, "Investing Activities - Other": {"2020-12-31": "-149.00000", "2019-12-31": "102.00000", "2018-12-31": "402.00000", "2017-12-31": "-218.00000", "2016-12-31": "282.00000", "2015-12-31": "-102.00000", "2014-12-31": "-170.00000", "2013-12-31": "201.00000", "2012-12-31": "11.00000", "2011-12-31": "24.00000", "2010-12-31": "5.00000", "2009-12-31": "-65.00000", "2008-12-31": "68.00000", "2007-12-31": "", "2006-12-31": "", "2005-12-31": ""}, "Cash Flow From Investing Activities": {"2020-12-31": "-987.00000", "2019-12-31": "-533.00000", "2018-12-31": "1027.00000", "2017-12-31": "-3574.00000", "2016-12-31": "-3342.00000", "2015-12-31": "-6514.00000", "2014-12-31": "-1876.00000", "2013-12-31": "-1959.00000", "2012-12-31": "-1428.00000", "2011-12-31": "-611.00000", "2010-12-31": "-2269.00000", "2009-12-31": "-1133.00000", "2008-12-31": "-2023.00000", "2007-12-31": "-1782.00000", "2006-12-31": "-614.00000", "2005-12-31": "-2010.00000"}, "Net Long-Term Debt": {"2020-12-31": "5817.00000", "2019-12-31": "-177.00000", "2018-12-31": "-1303.00000", "2017-12-31": "946.00000", "2016-12-31": "6406.00000", "2015-12-31": "-820.00000", "2014-12-31": "-512.00000", "2013-12-31": "456.00000", "2012-12-31": "101.00000", "2011-12-31": "418.00000", "2010-12-31": "-1332.00000", "2009-12-31": "382.00000", "2008-12-31": "1059.00000", "2007-12-31": "1415.00000", "2006-12-31": "-126.00000", "2005-12-31": "-1684.00000"}, "Net Current Debt": {"2020-12-31": "74.00000", "2019-12-31": "", "2018-12-31": "-204.00000", "2017-12-31": "169.00000", "2016-12-31": "-2464.00000", "2015-12-31": "4265.00000", "2014-12-31": "309.00000", "2013-12-31": "930.00000", "2012-12-31": "-177.00000", "2011-12-31": "298.00000", "2010-12-31": "21.00000", "2009-12-31": "-1654.00000", "2008-12-31": "-326.00000", "2007-12-31": "1075.00000", "2006-12-31": "-310.00000", "2005-12-31": "634.00000"}, "Debt Issuance/Retirement Net - Total": {"2020-12-31": "5891.00000", "2019-12-31": "-177.00000", "2018-12-31": "-1507.00000", "2017-12-31": "1115.00000", "2016-12-31": "3942.00000", "2015-12-31": "3445.00000", "2014-12-31": "-203.00000", "2013-12-31": "1386.00000", "2012-12-31": "-76.00000", "2011-12-31": "716.00000", "2010-12-31": "-1311.00000", "2009-12-31": "-1272.00000", "2008-12-31": "733.00000", "2007-12-31": "2490.00000", "2006-12-31": "-436.00000", "2005-12-31": "-1050.00000"}, "Net Common Equity Issued/Repurchased": {"2020-12-31": "-3321.00000", "2019-12-31": "-3902.00000", "2018-12-31": "-3733.00000", "2017-12-31": "-2369.00000", "2016-12-31": "-1670.00000", "2015-12-31": "-1698.00000", "2014-12-31": "-659.00000", "2013-12-31": "-626.00000", "2012-12-31": "25.00000", "2011-12-31": "-781.00000", "2010-12-31": "195.00000", "2009-12-31": "37.00000", "2008-12-31": "-1313.00000", "2007-12-31": "-3383.00000", "2006-12-31": "-1500.00000", "2005-12-31": "-966.00000"}, "Net Total Equity Issued/Repurchased": {"2020-12-31": "-3321.00000", "2019-12-31": "-3902.00000", "2018-12-31": "-3733.00000", "2017-12-31": "-2369.00000", "2016-12-31": "-1670.00000", "2015-12-31": "-1698.00000", "2014-12-31": "-659.00000", "2013-12-31": "-626.00000", "2012-12-31": "25.00000", "2011-12-31": "-781.00000", "2010-12-31": "195.00000", "2009-12-31": "37.00000", "2008-12-31": "-1313.00000", "2007-12-31": "-3383.00000", "2006-12-31": "-1500.00000", "2005-12-31": "-966.00000"}, "Total Common And Preferred Stock Dividends Paid": {"2020-12-31": "-2592.00000", "2019-12-31": "-2442.00000", "2018-12-31": "-2272.00000", "2017-12-31": "-2119.00000", "2016-12-31": "-1915.00000", "2015-12-31": "-1726.00000", "2014-12-31": "-1510.00000", "2013-12-31": "-1353.00000", "2012-12-31": "-1211.00000", "2011-12-31": "-1091.00000", "2010-12-31": "-944.00000", "2009-12-31": "-918.00000", "2008-12-31": "-811.00000", "2007-12-31": "-767.00000", "2006-12-31": "-744.00000", "2005-12-31": "-700.00000"}, "Financial Activities - Other": {"2020-12-31": "-59.00000", "2019-12-31": "-79.00000", "2018-12-31": "2480.00000", "2017-12-31": "-143.00000", "2016-12-31": "-11.00000", "2015-12-31": "16.00000", "2014-12-31": "44.00000", "2013-12-31": "160.00000", "2012-12-31": "56.00000", "2011-12-31": "42.00000", "2010-12-31": "13.00000", "2009-12-31": "1.00000", "2008-12-31": "21.00000", "2007-12-31": "86.00000", "2006-12-31": "31.00000", "2005-12-31": ""}, "Cash Flow From Financial Activities": {"2020-12-31": "-81.00000", "2019-12-31": "-6600.00000", "2018-12-31": "-5032.00000", "2017-12-31": "-3516.00000", "2016-12-31": "346.00000", "2015-12-31": "37.00000", "2014-12-31": "-2328.00000", "2013-12-31": "-433.00000", "2012-12-31": "-1206.00000", "2011-12-31": "-1114.00000", "2010-12-31": "-2047.00000", "2009-12-31": "-2152.00000", "2008-12-31": "-1370.00000", "2007-12-31": "-1574.00000", "2006-12-31": "-2649.00000", "2005-12-31": "-2716.00000"}, "Net Cash Flow": {"2020-12-31": "5208.00000", "2019-12-31": "-220.00000", "2018-12-31": "2228.00000", "2017-12-31": "-784.00000", "2016-12-31": "2388.00000", "2015-12-31": "-1504.00000", "2014-12-31": "537.00000", "2013-12-31": "1788.00000", "2012-12-31": "936.00000", "2011-12-31": "1048.00000", "2010-12-31": "-151.00000", "2009-12-31": "736.00000", "2008-12-31": "236.00000", "2007-12-31": "605.00000", "2006-12-31": "-10.00000", "2005-12-31": "-2352.00000"}, "Stock-Based Compensation": {"2020-12-31": "168.00000", "2019-12-31": "153.00000", "2018-12-31": "175.00000", "2017-12-31": "176.00000", "2016-12-31": "184.00000", "2015-12-31": "175.00000", "2014-12-31": "187.00000", "2013-12-31": "170.00000", "2012-12-31": "170.00000", "2011-12-31": "168.00000", "2010-12-31": "164.00000", "2009-12-31": "118.00000", "2008-12-31": "128.00000", "2007-12-31": "112.00000", "2006-12-31": "", "2005-12-31": ""}, "Common Stock Dividends Paid": {"2020-12-31": "-2592.00000", "2019-12-31": "-2442.00000", "2018-12-31": "-2272.00000", "2017-12-31": "-2119.00000", "2016-12-31": "-1915.00000", "2015-12-31": "-1726.00000", "2014-12-31": "-1510.00000", "2013-12-31": "-1353.00000", "2012-12-31": "-1211.00000", "2011-12-31": "-1091.00000", "2010-12-31": "-944.00000", "2009-12-31": "-918.00000", "2008-12-31": "-811.00000", "2007-12-31": "-767.00000", "2006-12-31": "-744.00000", "2005-12-31": "-700.00000"}}, "cash flow statement, quarterly": {"Net Income/Loss": {"2020-12-31": 1359, "2020-09-30": 758, "2020-06-30": 1081, "2020-03-31": "1581.00000", "2019-12-31": 1562, "2019-09-30": 1624, "2019-06-30": 1541, "2019-03-31": "1416.00000", "2018-12-31": 1721, "2018-09-30": 2338, "2018-06-30": 1267, "2018-03-31": "1439.00000", "2017-12-31": -2519, "2017-09-30": 1346, "2017-06-30": 1392, "2017-03-31": "1326.00000", "2016-12-31": 1037, "2016-09-30": 1240, "2016-06-30": 1319, "2016-03-31": "1216.00000", "2015-12-31": 1194, "2015-09-30": 1264, "2015-06-30": 1194, "2015-03-31": "1116.00000", "2014-12-31": 956, "2014-09-30": 1167, "2014-06-30": 1099, "2014-03-31": "1017.00000", "2013-12-31": 947, "2013-09-30": 990, "2013-06-30": 1021, "2013-03-31": "966.00000", "2012-12-31": 251, "2012-09-30": 950, "2012-06-30": 902, "2012-03-31": "823.00000", "2011-12-31": -310, "2011-09-30": 862, "2011-06-30": 810, "2011-03-31": "705.00000", "2010-12-31": 369, "2010-09-30": 598, "2010-06-30": 566, "2010-03-31": "489.00000", "2009-12-31": 93, "2009-09-30": 608, "2009-06-30": 450, "2009-03-31": "397.00000", "2008-12-31": -1279, "2008-09-30": 719, "2008-06-30": 723, "2008-03-31": "643.00000", "2007-12-31": 689, "2007-09-30": 618, "2007-06-30": 611, "2007-03-31": "526.00000", "2006-12-31": 585, "2006-09-30": 541, "2006-06-30": 521, "2006-03-31": "436.00000", "2005-12-31": 514, "2005-09-30": 464, "2005-06-30": 302, "2005-03-31": "358.00000"}, "Total Depreciation And Amortization - Cash Flow": {"2020-12-31": 254, "2020-09-30": 255, "2020-06-30": 250, "2020-03-31": "243.00000", "2019-12-31": 269, "2019-09-30": 263, "2019-06-30": 295, "2019-03-31": "261.00000", "2018-12-31": 254, "2018-09-30": 286, "2018-06-30": 288, "2018-03-31": "288.00000", "2017-12-31": 283, "2017-09-30": 285, "2017-06-30": 276, "2017-03-31": "271.00000", "2016-12-31": 257, "2016-09-30": 260, "2016-06-30": 260, "2016-03-31": "253.00000", "2015-12-31": 222, "2015-09-30": 219, "2015-06-30": 226, "2015-03-31": "216.00000", "2014-12-31": 226, "2014-09-30": 227, "2014-06-30": 233, "2014-03-31": "238.00000", "2013-12-31": 249, "2013-09-30": 245, "2013-06-30": 247, "2013-03-31": "248.00000", "2012-12-31": 245, "2012-09-30": 226, "2012-06-30": 225, "2012-03-31": "230.00000", "2011-12-31": 253, "2011-09-30": 226, "2011-06-30": 236, "2011-03-31": "242.00000", "2010-12-31": 271, "2010-09-30": 242, "2010-06-30": 241, "2010-03-31": "233.00000", "2009-12-31": 246, "2009-09-30": 242, "2009-06-30": 235, "2009-03-31": "234.00000", "2008-12-31": 210, "2008-09-30": 247, "2008-06-30": 229, "2008-03-31": "217.00000", "2007-12-31": 217, "2007-09-30": 207, "2007-06-30": 213, "2007-03-31": "200.00000", "2006-12-31": 198, "2006-09-30": 190, "2006-06-30": 218, "2006-03-31": "188.00000", "2005-12-31": 163, "2005-09-30": 164, "2005-06-30": 168, "2005-03-31": "158.00000"}, "Other Non-Cash Items": {"2020-12-31": 90, "2020-09-30": -129, "2020-06-30": -429, "2020-03-31": "-468.00000", "2019-12-31": 95, "2019-09-30": -355, "2019-06-30": -92, "2019-03-31": "-26.00000", "2018-12-31": -620, "2018-09-30": -970, "2018-06-30": -4, "2018-03-31": "-139.00000", "2017-12-31": 4292, "2017-09-30": -86, "2017-06-30": -144, "2017-03-31": "-193.00000", "2016-12-31": 192, "2016-09-30": -205, "2016-06-30": -130, "2016-03-31": "-17.00000", "2015-12-31": -177, "2015-09-30": 130, "2015-06-30": 151, "2015-03-31": "-73.00000", "2014-12-31": -224, "2014-09-30": -200, "2014-06-30": 206, "2014-03-31": "-101.00000", "2013-12-31": 108, "2013-09-30": 102, "2013-06-30": -78, "2013-03-31": "-116.00000", "2012-12-31": 468, "2012-09-30": 7, "2012-06-30": -281, "2012-03-31": "-71.00000", "2011-12-31": 1229, "2011-09-30": -575, "2011-06-30": 87, "2011-03-31": "-804.00000", "2010-12-31": 81, "2010-09-30": 560, "2010-06-30": 383, "2010-03-31": "44.00000", "2009-12-31": 379, "2009-09-30": 42, "2009-06-30": 427, "2009-03-31": "143.00000", "2008-12-31": 1772, "2008-09-30": -187, "2008-06-30": 205, "2008-03-31": "329.00000", "2007-12-31": 86, "2007-09-30": 65, "2007-06-30": 267, "2007-03-31": "115.00000", "2006-12-31": -41, "2006-09-30": 268, "2006-06-30": 147, "2006-03-31": "172.00000", "2005-12-31": -382, "2005-09-30": 108, "2005-06-30": 35, "2005-03-31": "12.00000"}, "Total Non-Cash Items": {"2020-12-31": 344, "2020-09-30": 126, "2020-06-30": -179, "2020-03-31": "-225.00000", "2019-12-31": 364, "2019-09-30": -92, "2019-06-30": 203, "2019-03-31": "235.00000", "2018-12-31": -366, "2018-09-30": -684, "2018-06-30": 284, "2018-03-31": "149.00000", "2017-12-31": 4575, "2017-09-30": 199, "2017-06-30": 132, "2017-03-31": "78.00000", "2016-12-31": 449, "2016-09-30": 55, "2016-06-30": 130, "2016-03-31": "236.00000", "2015-12-31": 45, "2015-09-30": 349, "2015-06-30": 377, "2015-03-31": "143.00000", "2014-12-31": 2, "2014-09-30": 27, "2014-06-30": 439, "2014-03-31": "137.00000", "2013-12-31": 357, "2013-09-30": 347, "2013-06-30": 169, "2013-03-31": "132.00000", "2012-12-31": 713, "2012-09-30": 233, "2012-06-30": -56, "2012-03-31": "159.00000", "2011-12-31": 1482, "2011-09-30": -349, "2011-06-30": 323, "2011-03-31": "-562.00000", "2010-12-31": 352, "2010-09-30": 802, "2010-06-30": 624, "2010-03-31": "277.00000", "2009-12-31": 625, "2009-09-30": 284, "2009-06-30": 662, "2009-03-31": "377.00000", "2008-12-31": 1982, "2008-09-30": 60, "2008-06-30": 434, "2008-03-31": "546.00000", "2007-12-31": 303, "2007-09-30": 272, "2007-06-30": 480, "2007-03-31": "315.00000", "2006-12-31": 157, "2006-09-30": 458, "2006-06-30": 365, "2006-03-31": "360.00000", "2005-12-31": -219, "2005-09-30": 272, "2005-06-30": 203, "2005-03-31": "170.00000"}, "Change In Accounts Receivable": {"2020-12-31": 54, "2020-09-30": -161, "2020-06-30": 735, "2020-03-31": "41.00000", "2019-12-31": 89, "2019-09-30": -176, "2019-06-30": -100, "2019-03-31": "198.00000", "2018-12-31": -367, "2018-09-30": 34, "2018-06-30": 158, "2018-03-31": "-61.00000", "2017-12-31": -274, "2017-09-30": -132, "2017-06-30": -299, "2017-03-31": "23.00000", "2016-12-31": -55, "2016-09-30": -135, "2016-06-30": -149, "2016-03-31": "-208.00000", "2015-12-31": 149, "2015-09-30": 302, "2015-06-30": -80, "2015-03-31": "-170.00000", "2014-12-31": 357, "2014-09-30": -104, "2014-06-30": -271, "2014-03-31": "-154.00000", "2013-12-31": 17, "2013-09-30": -187, "2013-06-30": -53, "2013-03-31": "-142.00000", "2012-12-31": 41, "2012-09-30": -140, "2012-06-30": 20, "2012-03-31": "-40.00000", "2011-12-31": 117, "2011-09-30": 104, "2011-06-30": -365, "2011-03-31": "-172.00000", "2010-12-31": -119, "2010-09-30": -381, "2010-06-30": -278, "2010-03-31": "90.00000", "2009-12-31": 158, "2009-09-30": -140, "2009-06-30": -119, "2009-03-31": "461.00000", "2008-12-31": 857, "2008-09-30": 155, "2008-06-30": -396, "2008-03-31": "-224.00000", "2007-12-31": 136, "2007-09-30": -251, "2007-06-30": -216, "2007-03-31": "-136.00000", "2006-12-31": -28, "2006-09-30": -302, "2006-06-30": -96, "2006-03-31": "-147.00000", "2005-12-31": 179, "2005-09-30": -147, "2005-06-30": -117, "2005-03-31": "-9.00000"}, "Change In Inventories": {"2020-12-31": 217, "2020-09-30": 47, "2020-06-30": -168, "2020-03-31": "-163.00000", "2019-12-31": 176, "2019-09-30": -3, "2019-06-30": -52, "2019-03-31": "-221.00000", "2018-12-31": -44, "2018-09-30": -270, "2018-06-30": -26, "2018-03-31": "-163.00000", "2017-12-31": 141, "2017-09-30": -102, "2017-06-30": -12, "2017-03-31": "-286.00000", "2016-12-31": 215, "2016-09-30": -21, "2016-06-30": 29, "2016-03-31": "-241.00000", "2015-12-31": 250, "2015-09-30": 5, "2015-06-30": 61, "2015-03-31": "-86.00000", "2014-12-31": 79, "2014-09-30": -57, "2014-06-30": -107, "2014-03-31": "-115.00000", "2013-12-31": 135, "2013-09-30": -58, "2013-06-30": 15, "2013-03-31": "-51.00000", "2012-12-31": 78, "2012-09-30": 25, "2012-06-30": 30, "2012-03-31": "-108.00000", "2011-12-31": 130, "2011-09-30": -51, "2011-06-30": -59, "2011-03-31": "-330.00000", "2010-12-31": 56, "2010-09-30": -225, "2010-06-30": -9, "2010-03-31": "-122.00000", "2009-12-31": 125, "2009-09-30": 96, "2009-06-30": 205, "2009-03-31": "49.00000", "2008-12-31": 232, "2008-09-30": -49, "2008-06-30": -55, "2008-03-31": "-289.00000", "2007-12-31": 107, "2007-09-30": -88, "2007-06-30": -41, "2007-03-31": "-161.00000", "2006-12-31": 137, "2006-09-30": -57, "2006-06-30": -25, "2006-03-31": "-183.00000", "2005-12-31": 123, "2005-09-30": -22, "2005-06-30": 21, "2005-03-31": "-85.00000"}, "Change In Accounts Payable": {"2020-12-31": 475, "2020-09-30": -96, "2020-06-30": -310, "2020-03-31": "-54.00000", "2019-12-31": 207, "2019-09-30": -81, "2019-06-30": 21, "2019-03-31": "-29.00000", "2018-12-31": 267, "2018-09-30": 242, "2018-06-30": 167, "2018-03-31": "57.00000", "2017-12-31": 520, "2017-09-30": 90, "2017-06-30": 199, "2017-03-31": "115.00000", "2016-12-31": 272, "2016-09-30": -18, "2016-06-30": 113, "2016-03-31": "-113.00000", "2015-12-31": -4, "2015-09-30": 11, "2015-06-30": 88, "2015-03-31": "-112.00000", "2014-12-31": 153, "2014-09-30": 54, "2014-06-30": 141, "2014-03-31": "-41.00000", "2013-12-31": 384, "2013-09-30": -2, "2013-06-30": 265, "2013-03-31": "-295.00000", "2012-12-31": 207, "2012-09-30": -29, "2012-06-30": 12, "2012-03-31": "-203.00000", "2011-12-31": 162, "2011-09-30": 105, "2011-06-30": 264, "2011-03-31": "-4.00000", "2010-12-31": 263, "2010-09-30": 232, "2010-06-30": 177, "2010-03-31": "-80.00000", "2009-12-31": 436, "2009-09-30": 36, "2009-06-30": -12, "2009-03-31": "-629.00000", "2008-12-31": -362, "2008-09-30": -76, "2008-06-30": 151, "2008-03-31": "135.00000", "2007-12-31": 124, "2007-09-30": 130, "2007-06-30": 78, "2007-03-31": "65.00000", "2006-12-31": 301, "2006-09-30": 137, "2006-06-30": 68, "2006-03-31": "10.00000", "2005-12-31": 212, "2005-09-30": -26, "2005-06-30": 8, "2005-03-31": "-13.00000"}, "Change In Assets/Liabilities": {"2020-12-31": -55, "2020-09-30": 140, "2020-06-30": -60, "2020-03-31": "166.00000", "2019-12-31": -362, "2019-09-30": 171, "2019-06-30": -22, "2019-03-31": "-217.00000", "2018-12-31": -138, "2018-09-30": 182, "2018-06-30": 217, "2018-03-31": "-43.00000", "2017-12-31": -581, "2017-09-30": 16, "2017-06-30": 22, "2017-03-31": "-25.00000", "2016-12-31": -106, "2016-09-30": 138, "2016-06-30": -84, "2016-03-31": "-54.00000", "2015-12-31": 201, "2015-09-30": -73, "2015-06-30": -96, "2015-03-31": "58.00000", "2014-12-31": -61, "2014-09-30": 49, "2014-06-30": -104, "2014-03-31": "236.00000", "2013-12-31": -393, "2013-09-30": -32, "2013-06-30": -14, "2013-03-31": "18.00000", "2012-12-31": -1, "2012-09-30": -62, "2012-06-30": 13, "2012-03-31": "-28.00000", "2011-12-31": 78, "2011-09-30": -30, "2011-06-30": -9, "2011-03-31": "-14.00000", "2010-12-31": 20, "2010-09-30": -43, "2010-06-30": 25, "2010-03-31": "-28.00000", "2009-12-31": 6, "2009-09-30": -57, "2009-06-30": 39, "2009-03-31": "-31.00000", "2008-12-31": 29, "2008-09-30": 16, "2008-06-30": 15, "2008-03-31": "-35.00000", "2007-12-31": -19, "2007-09-30": 0, "2007-06-30": 0, "2007-03-31": "36.00000", "2006-12-31": -5, "2006-09-30": -48, "2006-06-30": 53, "2006-03-31": "-11.00000", "2005-12-31": 41, "2005-09-30": 1, "2005-06-30": -25, "2005-03-31": "44.00000"}, "Total Change In Assets/Liabilities": {"2020-12-31": 1079, "2020-09-30": 123, "2020-06-30": 578, "2020-03-31": "-417.00000", "2019-12-31": 688, "2019-09-30": -61, "2019-06-30": -66, "2019-03-31": "-517.00000", "2018-12-31": 204, "2018-09-30": 224, "2018-06-30": 310, "2018-03-31": "-452.00000", "2017-12-31": 116, "2017-09-30": -138, "2017-06-30": -77, "2017-03-31": "-464.00000", "2016-12-31": 556, "2016-09-30": 259, "2016-06-30": 134, "2016-03-31": "-1133.00000", "2015-12-31": 724, "2015-09-30": 114, "2015-06-30": -163, "2015-03-31": "-838.00000", "2014-12-31": 860, "2014-09-30": 39, "2014-06-30": -197, "2014-03-31": "-466.00000", "2013-12-31": 364, "2013-09-30": -267, "2013-06-30": 66, "2013-03-31": "-757.00000", "2012-12-31": 385, "2012-09-30": -184, "2012-06-30": 127, "2012-03-31": "-786.00000", "2011-12-31": 305, "2011-09-30": 148, "2011-06-30": 5, "2011-03-31": "-586.00000", "2010-12-31": 324, "2010-09-30": -75, "2010-06-30": -100, "2010-03-31": "-23.00000", "2009-12-31": 613, "2009-09-30": 256, "2009-06-30": 14, "2009-03-31": "-433.00000", "2008-12-31": 556, "2008-09-30": -10, "2008-06-30": -115, "2008-03-31": "-468.00000", "2007-12-31": 448, "2007-09-30": 20, "2007-06-30": -108, "2007-03-31": "-263.00000", "2006-12-31": 499, "2006-09-30": -203, "2006-06-30": 49, "2006-03-31": "-557.00000", "2005-12-31": 544, "2005-09-30": -31, "2005-06-30": 64, "2005-03-31": "-199.00000"}, "Cash Flow From Operating Activities": {"2020-12-31": 2782, "2020-09-30": 1007, "2020-06-30": 1480, "2020-03-31": "939.00000", "2019-12-31": 2614, "2019-09-30": 1471, "2019-06-30": 1678, "2019-03-31": "1134.00000", "2018-12-31": 1559, "2018-09-30": 1878, "2018-06-30": 1861, "2018-03-31": "1136.00000", "2017-12-31": 2172, "2017-09-30": 1407, "2017-06-30": 1447, "2017-03-31": "940.00000", "2016-12-31": 2042, "2016-09-30": 1554, "2016-06-30": 1583, "2016-03-31": "319.00000", "2015-12-31": 1963, "2015-09-30": 1727, "2015-06-30": 1408, "2015-03-31": "421.00000", "2014-12-31": 1818, "2014-09-30": 1233, "2014-06-30": 1341, "2014-03-31": "688.00000", "2013-12-31": 1668, "2013-09-30": 1070, "2013-06-30": 1256, "2013-03-31": "341.00000", "2012-12-31": 1349, "2012-09-30": 999, "2012-06-30": 973, "2012-03-31": "196.00000", "2011-12-31": 1477, "2011-09-30": 661, "2011-06-30": 1138, "2011-03-31": "-443.00000", "2010-12-31": 1045, "2010-09-30": 1325, "2010-06-30": 1090, "2010-03-31": "743.00000", "2009-12-31": 1331, "2009-09-30": 1148, "2009-06-30": 1126, "2009-03-31": "341.00000", "2008-12-31": 1259, "2008-09-30": 769, "2008-06-30": 1042, "2008-03-31": "721.00000", "2007-12-31": 1440, "2007-09-30": 910, "2007-06-30": 983, "2007-03-31": "578.00000", "2006-12-31": 1241, "2006-09-30": 796, "2006-06-30": 935, "2006-03-31": "239.00000", "2005-12-31": 839, "2005-09-30": 705, "2005-06-30": 569, "2005-03-31": "329.00000"}, "Net Change In Property, Plant, And Equipment": {"2020-12-31": -251, "2020-09-30": -239, "2020-06-30": -227, "2020-03-31": "-132.00000", "2019-12-31": -333, "2019-09-30": -161, "2019-06-30": -163, "2019-03-31": "-139.00000", "2018-12-31": -295, "2018-09-30": -182, "2018-06-30": -198, "2018-03-31": "-138.00000", "2017-12-31": -378, "2017-09-30": -191, "2017-06-30": -232, "2017-03-31": "-144.00000", "2016-12-31": -329, "2016-09-30": -271, "2016-06-30": -281, "2016-03-31": "-193.00000", "2015-12-31": -376, "2015-09-30": -277, "2015-06-30": -241, "2015-03-31": "-164.00000", "2014-12-31": -408, "2014-09-30": -258, "2014-06-30": -225, "2014-03-31": "-185.00000", "2013-12-31": -392, "2013-09-30": -202, "2013-06-30": -190, "2013-03-31": "-148.00000", "2012-12-31": -295, "2012-09-30": -233, "2012-06-30": -200, "2012-03-31": "-151.00000", "2011-12-31": -329, "2011-09-30": -177, "2011-06-30": -163, "2011-03-31": "-123.00000", "2010-12-31": -294, "2010-09-30": -160, "2010-06-30": -114, "2010-03-31": "-69.00000", "2009-12-31": -247, "2009-09-30": -122, "2009-06-30": -108, "2009-03-31": "-101.00000", "2008-12-31": -331, "2008-09-30": -211, "2008-06-30": -151, "2008-03-31": "-138.00000", "2007-12-31": -299, "2007-09-30": -169, "2007-06-30": -114, "2007-03-31": "-87.00000", "2006-12-31": -258, "2006-09-30": -161, "2006-06-30": -142, "2006-03-31": "-85.00000", "2005-12-31": -196, "2005-09-30": -148, "2005-06-30": -135, "2005-03-31": "-134.00000"}, "Net Change In Intangible Assets": {"2020-12-31": 0, "2020-09-30": 0, "2020-06-30": 0, "2020-03-31": "", "2019-12-31": 0, "2019-09-30": 0, "2019-06-30": 0, "2019-03-31": "", "2018-12-31": 0, "2018-09-30": 0, "2018-06-30": 0, "2018-03-31": "", "2017-12-31": 0, "2017-09-30": 0, "2017-06-30": 0, "2017-03-31": "", "2016-12-31": 0, "2016-09-30": 0, "2016-06-30": 0, "2016-03-31": "", "2015-12-31": 0, "2015-09-30": 0, "2015-06-30": 0, "2015-03-31": "", "2014-12-31": 0, "2014-09-30": 0, "2014-06-30": 0, "2014-03-31": "", "2013-12-31": 0, "2013-09-30": 0, "2013-06-30": 0, "2013-03-31": "", "2012-12-31": 0, "2012-09-30": 0, "2012-06-30": 0, "2012-03-31": "", "2011-12-31": 0, "2011-09-30": 0, "2011-06-30": 0, "2011-03-31": "", "2010-12-31": 0, "2010-09-30": 0, "2010-06-30": 0, "2010-03-31": "", "2009-12-31": 0, "2009-09-30": 0, "2009-06-30": 0, "2009-03-31": "", "2008-12-31": 0, "2008-09-30": 0, "2008-06-30": 0, "2008-03-31": "", "2007-12-31": 0, "2007-09-30": 0, "2007-06-30": 0, "2007-03-31": "", "2006-12-31": 0, "2006-09-30": 0, "2006-06-30": 0, "2006-03-31": "", "2005-12-31": 0, "2005-09-30": 0, "2005-06-30": 0, "2005-03-31": ""}, "Net Acquisitions/Divestitures": {"2020-12-31": -261, "2020-09-30": 0, "2020-06-30": 0, "2020-03-31": "", "2019-12-31": -50, "2019-09-30": 0, "2019-06-30": 0, "2019-03-31": "", "2018-12-31": -484, "2018-09-30": -51, "2018-06-30": 0, "2018-03-31": "", "2017-12-31": -10, "2017-09-30": -57, "2017-06-30": -15, "2017-03-31": "", "2016-12-31": -13, "2016-09-30": -1180, "2016-06-30": -28, "2016-03-31": "-1056.00000", "2015-12-31": -5045, "2015-09-30": 1, "2015-06-30": 0, "2015-03-31": "-183.00000", "2014-12-31": 3, "2014-09-30": 154, "2014-06-30": -1, "2014-03-31": "", "2013-12-31": -67, "2013-09-30": -603, "2013-06-30": -338, "2013-03-31": "-122.00000", "2012-12-31": -373, "2012-09-30": 2, "2012-06-30": -45, "2012-03-31": "-1.00000", "2011-12-31": -360, "2011-09-30": 336, "2011-06-30": -3, "2011-03-31": "210.00000", "2010-12-31": 22, "2010-09-30": -322, "2010-06-30": -996, "2010-03-31": "", "2009-12-31": 0, "2009-09-30": -439, "2009-06-30": -8, "2009-03-31": "-20.00000", "2008-12-31": -85, "2008-09-30": 121, "2008-06-30": -1253, "2008-03-31": "-55.00000", "2007-12-31": -584, "2007-09-30": -459, "2007-06-30": -52, "2007-03-31": "-4.00000", "2006-12-31": 76, "2006-09-30": -12, "2006-06-30": -451, "2006-03-31": "419.00000", "2005-12-31": 244, "2005-09-30": -20, "2005-06-30": -1984, "2005-03-31": "78.00000"}, "Net Change In Short-term Investments": {"2020-12-31": 0, "2020-09-30": 0, "2020-06-30": 0, "2020-03-31": "", "2019-12-31": 0, "2019-09-30": 0, "2019-06-30": 0, "2019-03-31": "", "2018-12-31": 0, "2018-09-30": 0, "2018-06-30": 0, "2018-03-31": "", "2017-12-31": 0, "2017-09-30": 0, "2017-06-30": 0, "2017-03-31": "", "2016-12-31": 0, "2016-09-30": 0, "2016-06-30": 0, "2016-03-31": "", "2015-12-31": 0, "2015-09-30": 0, "2015-06-30": 0, "2015-03-31": "", "2014-12-31": 0, "2014-09-30": 0, "2014-06-30": 0, "2014-03-31": "", "2013-12-31": 0, "2013-09-30": 0, "2013-06-30": 0, "2013-03-31": "", "2012-12-31": 0, "2012-09-30": 0, "2012-06-30": 0, "2012-03-31": "", "2011-12-31": 0, "2011-09-30": 0, "2011-06-30": 0, "2011-03-31": "", "2010-12-31": 0, "2010-09-30": 0, "2010-06-30": 0, "2010-03-31": "", "2009-12-31": 0, "2009-09-30": 0, "2009-06-30": 0, "2009-03-31": "", "2008-12-31": 0, "2008-09-30": 0, "2008-06-30": 0, "2008-03-31": "", "2007-12-31": 0, "2007-09-30": 0, "2007-06-30": 0, "2007-03-31": "", "2006-12-31": 0, "2006-09-30": 0, "2006-06-30": 0, "2006-03-31": "", "2005-12-31": 0, "2005-09-30": 0, "2005-06-30": 0, "2005-03-31": ""}, "Net Change In Long-Term Investments": {"2020-12-31": 9, "2020-09-30": 345, "2020-06-30": -277, "2020-03-31": "195.00000", "2019-12-31": 111, "2019-09-30": 211, "2019-06-30": 319, "2019-03-31": "-430.00000", "2018-12-31": 221, "2018-09-30": 31, "2018-06-30": 466, "2018-03-31": "1255.00000", "2017-12-31": -973, "2017-09-30": -868, "2017-06-30": -57, "2017-03-31": "-431.00000", "2016-12-31": 152, "2016-09-30": -389, "2016-06-30": -80, "2016-03-31": "44.00000", "2015-12-31": 1524, "2015-09-30": 156, "2015-06-30": -1412, "2015-03-31": "-395.00000", "2014-12-31": 229, "2014-09-30": -234, "2014-06-30": -560, "2014-03-31": "-221.00000", "2013-12-31": -43, "2013-09-30": 29, "2013-06-30": -76, "2013-03-31": "-8.00000", "2012-12-31": 52, "2012-09-30": -108, "2012-06-30": -95, "2012-03-31": "8.00000", "2011-12-31": 8, "2011-09-30": 19, "2011-06-30": 49, "2011-03-31": "-102.00000", "2010-12-31": 0, "2010-09-30": -40, "2010-06-30": -5, "2010-03-31": "-296.00000", "2009-12-31": -24, "2009-09-30": 0, "2009-06-30": 0, "2009-03-31": "1.00000", "2008-12-31": 2, "2008-09-30": -4, "2008-06-30": 8, "2008-03-31": "6.00000", "2007-12-31": 6, "2007-09-30": -20, "2007-06-30": 0, "2007-03-31": "", "2006-12-31": 0, "2006-09-30": 0, "2006-06-30": 0, "2006-03-31": "", "2005-12-31": 0, "2005-09-30": 0, "2005-06-30": 0, "2005-03-31": "285.00000"}, "Net Change In Investments - Total": {"2020-12-31": 9, "2020-09-30": 345, "2020-06-30": -277, "2020-03-31": "195.00000", "2019-12-31": 111, "2019-09-30": 211, "2019-06-30": 319, "2019-03-31": "-430.00000", "2018-12-31": 221, "2018-09-30": 31, "2018-06-30": 466, "2018-03-31": "1255.00000", "2017-12-31": -973, "2017-09-30": -868, "2017-06-30": -57, "2017-03-31": "-431.00000", "2016-12-31": 152, "2016-09-30": -389, "2016-06-30": -80, "2016-03-31": "44.00000", "2015-12-31": 1524, "2015-09-30": 156, "2015-06-30": -1412, "2015-03-31": "-395.00000", "2014-12-31": 229, "2014-09-30": -234, "2014-06-30": -560, "2014-03-31": "-221.00000", "2013-12-31": -43, "2013-09-30": 29, "2013-06-30": -76, "2013-03-31": "-8.00000", "2012-12-31": 52, "2012-09-30": -108, "2012-06-30": -95, "2012-03-31": "8.00000", "2011-12-31": 8, "2011-09-30": 19, "2011-06-30": 49, "2011-03-31": "-102.00000", "2010-12-31": 0, "2010-09-30": -40, "2010-06-30": -5, "2010-03-31": "-296.00000", "2009-12-31": -24, "2009-09-30": 0, "2009-06-30": 0, "2009-03-31": "1.00000", "2008-12-31": 2, "2008-09-30": -4, "2008-06-30": 8, "2008-03-31": "6.00000", "2007-12-31": 6, "2007-09-30": -20, "2007-06-30": 0, "2007-03-31": "", "2006-12-31": 0, "2006-09-30": 0, "2006-06-30": 0, "2006-03-31": "", "2005-12-31": 0, "2005-09-30": 0, "2005-06-30": 0, "2005-03-31": "285.00000"}, "Investing Activities - Other": {"2020-12-31": -74, "2020-09-30": -158, "2020-06-30": -204, "2020-03-31": "287.00000", "2019-12-31": -139, "2019-09-30": 171, "2019-06-30": 110, "2019-03-31": "-40.00000", "2018-12-31": 152, "2018-09-30": 30, "2018-06-30": 343, "2018-03-31": "-123.00000", "2017-12-31": -22, "2017-09-30": -83, "2017-06-30": -84, "2017-03-31": "-29.00000", "2016-12-31": 124, "2016-09-30": 106, "2016-06-30": 43, "2016-03-31": "9.00000", "2015-12-31": -33, "2015-09-30": 81, "2015-06-30": 28, "2015-03-31": "-178.00000", "2014-12-31": -61, "2014-09-30": -96, "2014-06-30": -74, "2014-03-31": "61.00000", "2013-12-31": 97, "2013-09-30": 85, "2013-06-30": 52, "2013-03-31": "-33.00000", "2012-12-31": 53, "2012-09-30": 17, "2012-06-30": -81, "2012-03-31": "22.00000", "2011-12-31": -43, "2011-09-30": 9, "2011-06-30": 27, "2011-03-31": "31.00000", "2010-12-31": -17, "2010-09-30": 34, "2010-06-30": 4, "2010-03-31": "-16.00000", "2009-12-31": -12, "2009-09-30": -5, "2009-06-30": -42, "2009-03-31": "-6.00000", "2008-12-31": 61, "2008-09-30": 0, "2008-06-30": 9, "2008-03-31": "-2.00000", "2007-12-31": 0, "2007-09-30": 0, "2007-06-30": 0, "2007-03-31": "", "2006-12-31": 0, "2006-09-30": 0, "2006-06-30": 0, "2006-03-31": "", "2005-12-31": 0, "2005-09-30": 0, "2005-06-30": 0, "2005-03-31": ""}, "Cash Flow From Investing Activities": {"2020-12-31": -577, "2020-09-30": -52, "2020-06-30": -708, "2020-03-31": "350.00000", "2019-12-31": -411, "2019-09-30": 221, "2019-06-30": 266, "2019-03-31": "-609.00000", "2018-12-31": -406, "2018-09-30": -172, "2018-06-30": 611, "2018-03-31": "994.00000", "2017-12-31": -1383, "2017-09-30": -1199, "2017-06-30": -388, "2017-03-31": "-604.00000", "2016-12-31": -66, "2016-09-30": -1734, "2016-06-30": -346, "2016-03-31": "-1196.00000", "2015-12-31": -3930, "2015-09-30": -39, "2015-06-30": -1625, "2015-03-31": "-920.00000", "2014-12-31": -237, "2014-09-30": -434, "2014-06-30": -860, "2014-03-31": "-345.00000", "2013-12-31": -405, "2013-09-30": -691, "2013-06-30": -552, "2013-03-31": "-311.00000", "2012-12-31": -563, "2012-09-30": -322, "2012-06-30": -421, "2012-03-31": "-122.00000", "2011-12-31": -724, "2011-09-30": 187, "2011-06-30": -90, "2011-03-31": "16.00000", "2010-12-31": -289, "2010-09-30": -488, "2010-06-30": -1111, "2010-03-31": "-381.00000", "2009-12-31": -283, "2009-09-30": -566, "2009-06-30": -158, "2009-03-31": "-126.00000", "2008-12-31": -353, "2008-09-30": -94, "2008-06-30": -1387, "2008-03-31": "-189.00000", "2007-12-31": -877, "2007-09-30": -648, "2007-06-30": -166, "2007-03-31": "-91.00000", "2006-12-31": -182, "2006-09-30": -173, "2006-06-30": -593, "2006-03-31": "334.00000", "2005-12-31": 48, "2005-09-30": -168, "2005-06-30": -2119, "2005-03-31": "229.00000"}, "Net Long-Term Debt": {"2020-12-31": -51, "2020-09-30": -15, "2020-06-30": 5881, "2020-03-31": "2.00000", "2019-12-31": -2782, "2019-09-30": 2660, "2019-06-30": -62, "2019-03-31": "7.00000", "2018-12-31": -26, "2018-09-30": -5, "2018-06-30": -29, "2018-03-31": "-1243.00000", "2017-12-31": 976, "2017-09-30": -16, "2017-06-30": -20, "2017-03-31": "6.00000", "2016-12-31": 2374, "2016-09-30": 29, "2016-06-30": -26, "2016-03-31": "4029.00000", "2015-12-31": -720, "2015-09-30": -57, "2015-06-30": -11, "2015-03-31": "-32.00000", "2014-12-31": 16, "2014-09-30": 33, "2014-06-30": 16, "2014-03-31": "-577.00000", "2013-12-31": 1033, "2013-09-30": 11, "2013-06-30": 5, "2013-03-31": "-593.00000", "2012-12-31": 15, "2012-09-30": 44, "2012-06-30": 40, "2012-03-31": "2.00000", "2011-12-31": -532, "2011-09-30": 5, "2011-06-30": 1, "2011-03-31": "944.00000", "2010-12-31": -2, "2010-09-30": -329, "2010-06-30": 0, "2010-03-31": "-1001.00000", "2009-12-31": -2, "2009-09-30": -611, "2009-06-30": 0, "2009-03-31": "995.00000", "2008-12-31": -3, "2008-09-30": 0, "2008-06-30": -200, "2008-03-31": "1262.00000", "2007-12-31": -15, "2007-09-30": 849, "2007-06-30": -9, "2007-03-31": "590.00000", "2006-12-31": -648, "2006-09-30": -18, "2006-06-30": -253, "2006-03-31": "793.00000", "2005-12-31": -834, "2005-09-30": -5, "2005-06-30": -835, "2005-03-31": "-10.00000"}, "Net Current Debt": {"2020-12-31": 9, "2020-09-30": -6, "2020-06-30": -11, "2020-03-31": "82.00000", "2019-12-31": 1, "2019-09-30": 0, "2019-06-30": 0, "2019-03-31": "-1.00000", "2018-12-31": -351, "2018-09-30": -450, "2018-06-30": -750, "2018-03-31": "1347.00000", "2017-12-31": -31, "2017-09-30": -1, "2017-06-30": 200, "2017-03-31": "1.00000", "2016-12-31": -2039, "2016-09-30": 1799, "2016-06-30": 226, "2016-03-31": "-2450.00000", "2015-12-31": 2254, "2015-09-30": 882, "2015-06-30": 77, "2015-03-31": "1052.00000", "2014-12-31": -236, "2014-09-30": -399, "2014-06-30": -146, "2014-03-31": "1090.00000", "2013-12-31": -787, "2013-09-30": 896, "2013-06-30": 13, "2013-03-31": "808.00000", "2012-12-31": -496, "2012-09-30": -41, "2012-06-30": 4, "2012-03-31": "356.00000", "2011-12-31": -99, "2011-09-30": 348, "2011-06-30": 57, "2011-03-31": "-8.00000", "2010-12-31": -596, "2010-09-30": -245, "2010-06-30": -87, "2010-03-31": "949.00000", "2009-12-31": -606, "2009-09-30": 178, "2009-06-30": -301, "2009-03-31": "-925.00000", "2008-12-31": -807, "2008-09-30": 690, "2008-06-30": 654, "2008-03-31": "-863.00000", "2007-12-31": -228, "2007-09-30": -610, "2007-06-30": 1582, "2007-03-31": "331.00000", "2006-12-31": 290, "2006-09-30": -284, "2006-06-30": 501, "2006-03-31": "-817.00000", "2005-12-31": 420, "2005-09-30": -299, "2005-06-30": 395, "2005-03-31": "118.00000"}, "Debt Issuance/Retirement Net - Total": {"2020-12-31": -42, "2020-09-30": -21, "2020-06-30": 5870, "2020-03-31": "84.00000", "2019-12-31": -2781, "2019-09-30": 2660, "2019-06-30": -62, "2019-03-31": "6.00000", "2018-12-31": -377, "2018-09-30": -455, "2018-06-30": -779, "2018-03-31": "104.00000", "2017-12-31": 945, "2017-09-30": -17, "2017-06-30": 180, "2017-03-31": "7.00000", "2016-12-31": 335, "2016-09-30": 1828, "2016-06-30": 200, "2016-03-31": "1579.00000", "2015-12-31": 1534, "2015-09-30": 825, "2015-06-30": 66, "2015-03-31": "1020.00000", "2014-12-31": -220, "2014-09-30": -366, "2014-06-30": -130, "2014-03-31": "513.00000", "2013-12-31": 246, "2013-09-30": 907, "2013-06-30": 18, "2013-03-31": "215.00000", "2012-12-31": -481, "2012-09-30": 3, "2012-06-30": 44, "2012-03-31": "358.00000", "2011-12-31": -631, "2011-09-30": 353, "2011-06-30": 58, "2011-03-31": "936.00000", "2010-12-31": -598, "2010-09-30": -574, "2010-06-30": -87, "2010-03-31": "-52.00000", "2009-12-31": -608, "2009-09-30": -433, "2009-06-30": -301, "2009-03-31": "70.00000", "2008-12-31": -810, "2008-09-30": 690, "2008-06-30": 454, "2008-03-31": "399.00000", "2007-12-31": -243, "2007-09-30": 239, "2007-06-30": 1573, "2007-03-31": "921.00000", "2006-12-31": -358, "2006-09-30": -302, "2006-06-30": 248, "2006-03-31": "-24.00000", "2005-12-31": -414, "2005-09-30": -304, "2005-06-30": -440, "2005-03-31": "108.00000"}, "Net Common Equity Issued/Repurchased": {"2020-12-31": -1335, "2020-09-30": -98, "2020-06-30": -31, "2020-03-31": "-1857.00000", "2019-12-31": -677, "2019-09-30": -953, "2019-06-30": -1667, "2019-03-31": "-605.00000", "2018-12-31": -1667, "2018-09-30": -489, "2018-06-30": -697, "2018-03-31": "-880.00000", "2017-12-31": -1497, "2017-09-30": -256, "2017-06-30": -527, "2017-03-31": "-89.00000", "2016-12-31": -190, "2016-09-30": -90, "2016-06-30": -339, "2016-03-31": "-1051.00000", "2015-12-31": -127, "2015-09-30": -1210, "2015-06-30": -76, "2015-03-31": "-285.00000", "2014-12-31": -176, "2014-09-30": -93, "2014-06-30": -162, "2014-03-31": "-228.00000", "2013-12-31": -219, "2013-09-30": -108, "2013-06-30": -324, "2013-03-31": "25.00000", "2012-12-31": -154, "2012-09-30": 63, "2012-06-30": 26, "2012-03-31": "90.00000", "2011-12-31": -4, "2011-09-30": -473, "2011-06-30": -405, "2011-03-31": "101.00000", "2010-12-31": 84, "2010-09-30": 56, "2010-06-30": 23, "2010-03-31": "32.00000", "2009-12-31": 17, "2009-09-30": 11, "2009-06-30": 5, "2009-03-31": "4.00000", "2008-12-31": 4, "2008-09-30": -1002, "2008-06-30": 75, "2008-03-31": "-390.00000", "2007-12-31": -117, "2007-09-30": -203, "2007-06-30": -1996, "2007-03-31": "-1067.00000", "2006-12-31": -758, "2006-09-30": -153, "2006-06-30": -438, "2006-03-31": "-151.00000", "2005-12-31": -521, "2005-09-30": -534, "2005-06-30": 22, "2005-03-31": "67.00000"}, "Net Total Equity Issued/Repurchased": {"2020-12-31": -1335, "2020-09-30": -98, "2020-06-30": -31, "2020-03-31": "-1857.00000", "2019-12-31": -677, "2019-09-30": -953, "2019-06-30": -1667, "2019-03-31": "-605.00000", "2018-12-31": -1667, "2018-09-30": -489, "2018-06-30": -697, "2018-03-31": "-880.00000", "2017-12-31": -1497, "2017-09-30": -256, "2017-06-30": -527, "2017-03-31": "-89.00000", "2016-12-31": -190, "2016-09-30": -90, "2016-06-30": -339, "2016-03-31": "-1051.00000", "2015-12-31": -127, "2015-09-30": -1210, "2015-06-30": -76, "2015-03-31": "-285.00000", "2014-12-31": -176, "2014-09-30": -93, "2014-06-30": -162, "2014-03-31": "-228.00000", "2013-12-31": -219, "2013-09-30": -108, "2013-06-30": -324, "2013-03-31": "25.00000", "2012-12-31": -154, "2012-09-30": 63, "2012-06-30": 26, "2012-03-31": "90.00000", "2011-12-31": -4, "2011-09-30": -473, "2011-06-30": -405, "2011-03-31": "101.00000", "2010-12-31": 84, "2010-09-30": 56, "2010-06-30": 23, "2010-03-31": "32.00000", "2009-12-31": 17, "2009-09-30": 11, "2009-06-30": 5, "2009-03-31": "4.00000", "2008-12-31": 4, "2008-09-30": -1002, "2008-06-30": 75, "2008-03-31": "-390.00000", "2007-12-31": -117, "2007-09-30": -203, "2007-06-30": -1996, "2007-03-31": "-1067.00000", "2006-12-31": -758, "2006-09-30": -153, "2006-06-30": -438, "2006-03-31": "-151.00000", "2005-12-31": -521, "2005-09-30": -534, "2005-06-30": 22, "2005-03-31": "67.00000"}, "Total Common And Preferred Stock Dividends Paid": {"2020-12-31": -671, "2020-09-30": -636, "2020-06-30": -650, "2020-03-31": "-635.00000", "2019-12-31": -644, "2019-09-30": -595, "2019-06-30": -597, "2019-03-31": "-606.00000", "2018-12-31": -603, "2018-09-30": -553, "2018-06-30": -560, "2018-03-31": "-556.00000", "2017-12-31": -565, "2017-09-30": -505, "2017-06-30": -546, "2017-03-31": "-503.00000", "2016-12-31": -505, "2016-09-30": -453, "2016-06-30": -458, "2016-03-31": "-499.00000", "2015-12-31": -465, "2015-09-30": -410, "2015-06-30": -436, "2015-03-31": "-415.00000", "2014-12-31": -409, "2014-09-30": -365, "2014-06-30": -373, "2014-03-31": "-363.00000", "2013-12-31": -358, "2013-09-30": -330, "2013-06-30": -343, "2013-03-31": "-322.00000", "2012-12-31": -331, "2012-09-30": -298, "2012-06-30": -291, "2012-03-31": "-291.00000", "2011-12-31": -295, "2011-09-30": -266, "2011-06-30": -266, "2011-03-31": "-264.00000", "2010-12-31": -240, "2010-09-30": -240, "2010-06-30": -233, "2010-03-31": "-231.00000", "2009-12-31": -234, "2009-09-30": -232, "2009-06-30": -228, "2009-03-31": "-224.00000", "2008-12-31": -201, "2008-09-30": -201, "2008-06-30": -205, "2008-03-31": "-204.00000", "2007-12-31": -187, "2007-09-30": -188, "2007-06-30": -193, "2007-03-31": "-199.00000", "2006-12-31": -184, "2006-09-30": -184, "2006-06-30": -187, "2006-03-31": "-189.00000", "2005-12-31": -172, "2005-09-30": -176, "2005-06-30": -176, "2005-03-31": "-176.00000"}, "Financial Activities - Other": {"2020-12-31": -5, "2020-09-30": -14, "2020-06-30": -2, "2020-03-31": "-38.00000", "2019-12-31": -7, "2019-09-30": -40, "2019-06-30": -2, "2019-03-31": "-30.00000", "2018-12-31": 1017, "2018-09-30": 1581, "2018-06-30": -2, "2018-03-31": "-116.00000", "2017-12-31": -12, "2017-09-30": -26, "2017-06-30": -72, "2017-03-31": "-33.00000", "2016-12-31": -2, "2016-09-30": 244, "2016-06-30": -1, "2016-03-31": "-252.00000", "2015-12-31": 8, "2015-09-30": -48, "2015-06-30": 9, "2015-03-31": "47.00000", "2014-12-31": -20, "2014-09-30": 15, "2014-06-30": 19, "2014-03-31": "30.00000", "2013-12-31": 31, "2013-09-30": 48, "2013-06-30": 57, "2013-03-31": "24.00000", "2012-12-31": 28, "2012-09-30": 12, "2012-06-30": 4, "2012-03-31": "12.00000", "2011-12-31": 11, "2011-09-30": 1, "2011-06-30": 17, "2011-03-31": "13.00000", "2010-12-31": 8, "2010-09-30": 1, "2010-06-30": 2, "2010-03-31": "2.00000", "2009-12-31": 1, "2009-09-30": 0, "2009-06-30": 0, "2009-03-31": "", "2008-12-31": 0, "2008-09-30": 2, "2008-06-30": 12, "2008-03-31": "7.00000", "2007-12-31": 18, "2007-09-30": 17, "2007-06-30": 43, "2007-03-31": "8.00000", "2006-12-31": 31, "2006-09-30": 0, "2006-06-30": 0, "2006-03-31": "", "2005-12-31": 0, "2005-09-30": 0, "2005-06-30": 0, "2005-03-31": ""}, "Cash Flow From Financial Activities": {"2020-12-31": -2053, "2020-09-30": -769, "2020-06-30": 5187, "2020-03-31": "-2446.00000", "2019-12-31": -4109, "2019-09-30": 1072, "2019-06-30": -2328, "2019-03-31": "-1235.00000", "2018-12-31": -1630, "2018-09-30": 84, "2018-06-30": -2038, "2018-03-31": "-1448.00000", "2017-12-31": -1129, "2017-09-30": -804, "2017-06-30": -965, "2017-03-31": "-618.00000", "2016-12-31": -362, "2016-09-30": 1529, "2016-06-30": -598, "2016-03-31": "-223.00000", "2015-12-31": 950, "2015-09-30": -843, "2015-06-30": -437, "2015-03-31": "367.00000", "2014-12-31": -825, "2014-09-30": -809, "2014-06-30": -646, "2014-03-31": "-48.00000", "2013-12-31": -300, "2013-09-30": 517, "2013-06-30": -592, "2013-03-31": "-58.00000", "2012-12-31": -938, "2012-09-30": -220, "2012-06-30": -217, "2012-03-31": "169.00000", "2011-12-31": -919, "2011-09-30": -385, "2011-06-30": -596, "2011-03-31": "786.00000", "2010-12-31": -746, "2010-09-30": -757, "2010-06-30": -295, "2010-03-31": "-249.00000", "2009-12-31": -824, "2009-09-30": -654, "2009-06-30": -524, "2009-03-31": "-150.00000", "2008-12-31": -1007, "2008-09-30": -511, "2008-06-30": 336, "2008-03-31": "-188.00000", "2007-12-31": -529, "2007-09-30": -135, "2007-06-30": -573, "2007-03-31": "-337.00000", "2006-12-31": -1269, "2006-09-30": -639, "2006-06-30": -377, "2006-03-31": "-364.00000", "2005-12-31": -1107, "2005-09-30": -1014, "2005-06-30": -594, "2005-03-31": "-1.00000"}, "Net Cash Flow": {"2020-12-31": 239, "2020-09-30": 258, "2020-06-30": 6057, "2020-03-31": "-1346.00000", "2019-12-31": -1841, "2019-09-30": 2683, "2019-06-30": -400, "2019-03-31": "-662.00000", "2018-12-31": -516, "2018-09-30": 1721, "2018-06-30": 185, "2018-03-31": "838.00000", "2017-12-31": -330, "2017-09-30": -488, "2017-06-30": 167, "2017-03-31": "-133.00000", "2016-12-31": 1412, "2016-09-30": 1386, "2016-06-30": 572, "2016-03-31": "-982.00000", "2015-12-31": -1108, "2015-09-30": 609, "2015-06-30": -621, "2015-03-31": "-384.00000", "2014-12-31": 531, "2014-09-30": -154, "2014-06-30": -90, "2014-03-31": "250.00000", "2013-12-31": 923, "2013-09-30": 950, "2013-06-30": 10, "2013-03-31": "-95.00000", "2012-12-31": -126, "2012-09-30": 539, "2012-06-30": 233, "2012-03-31": "290.00000", "2011-12-31": -187, "2011-09-30": 337, "2011-06-30": 472, "2011-03-31": "426.00000", "2010-12-31": 10, "2010-09-30": 189, "2010-06-30": -400, "2010-03-31": "50.00000", "2009-12-31": 197, "2009-09-30": -2, "2009-06-30": 554, "2009-03-31": "-13.00000", "2008-12-31": -227, "2008-09-30": 88, "2008-06-30": -30, "2008-03-31": "405.00000", "2007-12-31": 42, "2007-09-30": 154, "2007-06-30": 255, "2007-03-31": "154.00000", "2006-12-31": -191, "2006-09-30": -9, "2006-06-30": -18, "2006-03-31": "208.00000", "2005-12-31": -218, "2005-09-30": -477, "2005-06-30": -2167, "2005-03-31": "510.00000"}, "Stock-Based Compensation": {"2020-12-31": 50, "2020-09-30": 40, "2020-06-30": 34, "2020-03-31": "44.00000", "2019-12-31": 41, "2019-09-30": 37, "2019-06-30": 34, "2019-03-31": "41.00000", "2018-12-31": 44, "2018-09-30": 41, "2018-06-30": 38, "2018-03-31": "52.00000", "2017-12-31": 43, "2017-09-30": 39, "2017-06-30": 44, "2017-03-31": "50.00000", "2016-12-31": 39, "2016-09-30": 49, "2016-06-30": 43, "2016-03-31": "53.00000", "2015-12-31": 43, "2015-09-30": 41, "2015-06-30": 39, "2015-03-31": "52.00000", "2014-12-31": 44, "2014-09-30": 41, "2014-06-30": 50, "2014-03-31": "52.00000", "2013-12-31": 41, "2013-09-30": 38, "2013-06-30": 37, "2013-03-31": "54.00000", "2012-12-31": 39, "2012-09-30": 40, "2012-06-30": 40, "2012-03-31": "51.00000", "2011-12-31": 39, "2011-09-30": 38, "2011-06-30": 42, "2011-03-31": "49.00000", "2010-12-31": 41, "2010-09-30": 37, "2010-06-30": 36, "2010-03-31": "50.00000", "2009-12-31": 23, "2009-09-30": 18, "2009-06-30": 35, "2009-03-31": "42.00000", "2008-12-31": 21, "2008-09-30": 31, "2008-06-30": 35, "2008-03-31": "41.00000", "2007-12-31": 58, "2007-09-30": 13, "2007-06-30": 17, "2007-03-31": "24.00000", "2006-12-31": 0, "2006-09-30": 0, "2006-06-30": 0, "2006-03-31": "", "2005-12-31": 0, "2005-09-30": 0, "2005-06-30": 0, "2005-03-31": ""}, "Common Stock Dividends Paid": {"2020-12-31": -671, "2020-09-30": -636, "2020-06-30": -650, "2020-03-31": "-635.00000", "2019-12-31": -644, "2019-09-30": -595, "2019-06-30": -597, "2019-03-31": "-606.00000", "2018-12-31": -603, "2018-09-30": -553, "2018-06-30": -560, "2018-03-31": "-556.00000", "2017-12-31": -565, "2017-09-30": -505, "2017-06-30": -546, "2017-03-31": "-503.00000", "2016-12-31": -505, "2016-09-30": -453, "2016-06-30": -458, "2016-03-31": "-499.00000", "2015-12-31": -465, "2015-09-30": -410, "2015-06-30": -436, "2015-03-31": "-415.00000", "2014-12-31": -409, "2014-09-30": -365, "2014-06-30": -373, "2014-03-31": "-363.00000", "2013-12-31": -358, "2013-09-30": -330, "2013-06-30": -343, "2013-03-31": "-322.00000", "2012-12-31": -331, "2012-09-30": -298, "2012-06-30": -291, "2012-03-31": "-291.00000", "2011-12-31": -295, "2011-09-30": -266, "2011-06-30": -266, "2011-03-31": "-264.00000", "2010-12-31": -240, "2010-09-30": -240, "2010-06-30": -233, "2010-03-31": "-231.00000", "2009-12-31": -234, "2009-09-30": -232, "2009-06-30": -228, "2009-03-31": "-224.00000", "2008-12-31": -201, "2008-09-30": -201, "2008-06-30": -205, "2008-03-31": "-204.00000", "2007-12-31": -187, "2007-09-30": -188, "2007-06-30": -193, "2007-03-31": "-199.00000", "2006-12-31": -184, "2006-09-30": -184, "2006-06-30": -187, "2006-03-31": "-189.00000", "2005-12-31": -172, "2005-09-30": -176, "2005-06-30": -176, "2005-03-31": "-176.00000"}}, "financial ratios": {"Current Ratio": {"2019-12-31": "1.34290", "2018-12-31": "1.28740", "2017-12-31": "1.37860", "2016-12-31": "1.41190", "2015-12-31": "1.09160", "2014-12-31": "1.50210", "2013-12-31": "1.49240", "2012-12-31": "1.34900", "2011-12-31": "1.31440", "2010-12-31": "1.32090", "2009-12-31": "1.25020", "2008-12-31": "1.07930", "2007-12-31": "1.14610", "2006-12-31": "1.21400", "2005-12-31": "1.14690"}, "Long-term Debt / Capital": {"2019-12-31": "0.37260", "2018-12-31": "0.34700", "2017-12-31": "0.43000", "2016-12-31": "0.38390", "2015-12-31": "0.23170", "2014-12-31": "0.25370", "2013-12-31": "0.27900", "2012-12-31": "0.32860", "2011-12-31": "0.38690", "2010-12-31": "0.34790", "2009-12-31": "0.41050", "2008-12-31": "0.44660", "2007-12-31": "0.37010", "2006-12-31": "0.28680", "2005-12-31": "0.22260"}, "Debt/Equity Ratio": {"2019-12-31": "0.85540", "2018-12-31": "0.88320", "2017-12-31": "1.07300", "2016-12-31": "0.80700", "2015-12-31": "0.65520", "2014-12-31": "0.48820", "2013-12-31": "0.50220", "2012-12-31": "0.57370", "2011-12-31": "0.69300", "2010-12-31": "0.61590", "2009-12-31": "0.84800", "2008-12-31": "1.15220", "2007-12-31": "0.83030", "2006-12-31": "0.52090", "2005-12-31": "0.47440"}, "Gross Margin": {"2019-12-31": "33.69750", "2018-12-31": "30.51530", "2017-12-31": "30.56690", "2016-12-31": "29.57870", "2015-12-31": "30.67310", "2014-12-31": "28.15710", "2013-12-31": "27.37420", "2012-12-31": "24.88780", "2011-12-31": "21.82650", "2010-12-31": "23.58270", "2009-12-31": "22.33980", "2008-12-31": "14.87580", "2007-12-31": "23.96430", "2006-12-31": "23.18040", "2005-12-31": "22.16120"}, "Operating Margin": {"2019-12-31": "18.66300", "2018-12-31": "16.03990", "2017-12-31": "15.54990", "2016-12-31": "15.39620", "2015-12-31": "17.69780", "2014-12-31": "14.46680", "2013-12-31": "14.08530", "2012-12-31": "11.03410", "2011-12-31": "7.04650", "2010-12-31": "9.30760", "2009-12-31": "7.90620", "2008-12-31": "0.84250", "2007-12-31": "10.76640", "2006-12-31": "9.75870", "2005-12-31": "8.75520"}, "EBIT Margin": {"2019-12-31": "18.66300", "2018-12-31": "16.03990", "2017-12-31": "15.54990", "2016-12-31": "15.39620", "2015-12-31": "17.69780", "2014-12-31": "14.46680", "2013-12-31": "14.08530", "2012-12-31": "11.03410", "2011-12-31": "7.04650", "2010-12-31": "9.30760", "2009-12-31": "7.90620", "2008-12-31": "0.84250", "2007-12-31": "10.76640", "2006-12-31": "9.75870", "2005-12-31": "8.75520"}, "EBITDA Margin": {"2019-12-31": "21.62690", "2018-12-31": "18.70960", "2017-12-31": "18.30070", "2016-12-31": "18.01690", "2015-12-31": "19.98650", "2014-12-31": "16.75930", "2013-12-31": "16.61760", "2012-12-31": "13.49260", "2011-12-31": "9.66630", "2010-12-31": "12.35860", "2009-12-31": "11.10150", "2008-12-31": "3.31270", "2007-12-31": "13.18630", "2006-12-31": "12.29000", "2005-12-31": "11.11670"}, "Pre-Tax Profit Margin": {"2019-12-31": "20.59170", "2018-12-31": "17.91060", "2017-12-31": "17.14610", "2016-12-31": "16.41650", "2015-12-31": "17.07060", "2014-12-31": "14.43460", "2013-12-31": "13.85740", "2012-12-31": "10.28810", "2011-12-31": "6.24710", "2010-12-31": "8.41420", "2009-12-31": "6.55740", "2008-12-31": "1.64130", "2007-12-31": "9.64760", "2006-12-31": "8.92020", "2005-12-31": "8.30320"}, "Net Profit Margin": {"2019-12-31": "16.73430", "2018-12-31": "16.18340", "2017-12-31": "3.81160", "2016-12-31": "12.24370", "2015-12-31": "12.35840", "2014-12-31": "10.51700", "2013-12-31": "10.04740", "2012-12-31": "7.76850", "2011-12-31": "5.65850", "2010-12-31": "6.25040", "2009-12-31": "5.16840", "2008-12-31": "2.20480", "2007-12-31": "7.06580", "2006-12-31": "6.64070", "2005-12-31": "5.92360"}, "Asset Turnover": {"2019-12-31": "0.62560", "2018-12-31": "0.72360", "2017-12-31": "0.68160", "2016-12-31": "0.72590", "2015-12-31": "0.78230", "2014-12-31": "0.88680", "2013-12-31": "0.85960", "2012-12-31": "0.89990", "2011-12-31": "0.91760", "2010-12-31": "0.85510", "2009-12-31": "0.83210", "2008-12-31": "1.03000", "2007-12-31": "1.02320", "2006-12-31": "1.01380", "2005-12-31": "0.87420"}, "Inventory Turnover Ratio": {"2019-12-31": "5.50530", "2018-12-31": "6.71430", "2017-12-31": "6.10100", "2016-12-31": "6.33920", "2015-12-31": "6.05140", "2014-12-31": "6.57370", "2013-12-31": "6.60700", "2012-12-31": "6.68030", "2011-12-31": "6.69700", "2010-12-31": "6.46810", "2009-12-31": "6.74990", "2008-12-31": "8.08680", "2007-12-31": "6.81170", "2006-12-31": "6.71570", "2005-12-31": "6.32870"}, "Receiveable Turnover": {"2019-12-31": "4.89910", "2018-12-31": "5.56770", "2017-12-31": "4.57180", "2016-12-31": "4.80640", "2015-12-31": "4.77780", "2014-12-31": "5.06360", "2013-12-31": "4.92560", "2012-12-31": "5.07000", "2011-12-31": "5.05380", "2010-12-31": "4.72880", "2009-12-31": "4.77380", "2008-12-31": "5.96440", "2007-12-31": "5.41550", "2006-12-31": "5.46460", "2005-12-31": "5.51170"}, "Days Sales In Receivables": {"2019-12-31": "74.50340", "2018-12-31": "65.55720", "2017-12-31": "79.83640", "2016-12-31": "75.94030", "2015-12-31": "76.39450", "2014-12-31": "72.08360", "2013-12-31": "74.10280", "2012-12-31": "71.99220", "2011-12-31": "72.22260", "2010-12-31": "77.18590", "2009-12-31": "76.45860", "2008-12-31": "61.19610", "2007-12-31": "67.39870", "2006-12-31": "66.79310", "2005-12-31": "66.22320"}, "ROE - Return On Equity": {"2019-12-31": "33.30480", "2018-12-31": "37.19360", "2017-12-31": "9.52900", "2016-12-31": "24.80690", "2015-12-31": "26.31670", "2014-12-31": "24.34210", "2013-12-31": "22.53830", "2012-12-31": "22.43400", "2011-12-31": "17.10700", "2010-12-31": "18.14220", "2009-12-31": "17.03270", "2008-12-31": "11.36330", "2007-12-31": "26.67530", "2006-12-31": "21.37860", "2005-12-31": "14.53260"}, "Return On Tangible Equity": {"2019-12-31": "-1054.14600", "2018-12-31": "-514.54410", "2017-12-31": "-25.99870", "2016-12-31": "-173.55050", "2015-12-31": "-235.97860", "2014-12-31": "155.27260", "2013-12-31": "196.23580", "2012-12-31": "-162.02320", "2011-12-31": "-54.32570", "2010-12-31": "-64.69420", "2009-12-31": "-41.33080", "2008-12-31": "-15.93670", "2007-12-31": "-169.53830", "2006-12-31": "2968.57200", "2005-12-31": "81.07830"}, "ROA - Return On Assets": {"2019-12-31": "10.61710", "2018-12-31": "11.81870", "2017-12-31": "2.67030", "2016-12-31": "8.95540", "2015-12-31": "9.82850", "2014-12-31": "9.52450", "2013-12-31": "8.72020", "2012-12-31": "7.00310", "2011-12-31": "4.68500", "2010-12-31": "5.17260", "2009-12-31": "4.24530", "2008-12-31": "2.32740", "2007-12-31": "7.27700", "2006-12-31": "6.71600", "2005-12-31": "4.94420"}, "ROI - Return On Investment": {"2019-12-31": "20.89480", "2018-12-31": "24.28680", "2017-12-31": "5.43130", "2016-12-31": "15.28260", "2015-12-31": "20.21940", "2014-12-31": "18.16620", "2013-12-31": "16.25100", "2012-12-31": "15.06170", "2011-12-31": "10.48760", "2010-12-31": "11.83050", "2009-12-31": "10.04140", "2008-12-31": "6.28900", "2007-12-31": "16.80210", "2006-12-31": "15.24690", "2005-12-31": "11.29730"}, "Book Value Per Share": {"2019-12-31": "26.30570", "2018-12-31": "25.16170", "2017-12-31": "22.19340", "2016-12-31": "25.69270", "2015-12-31": "23.90710", "2014-12-31": "22.73590", "2013-12-31": "22.42790", "2012-12-31": "16.69010", "2011-12-31": "14.07250", "2010-12-31": "13.77650", "2009-12-31": "11.73910", "2008-12-31": "9.89540", "2007-12-31": "12.35280", "2006-12-31": "12.14100", "2005-12-31": "12.97440"}, "Operating Cash Flow Per Share": {"2019-12-31": 0.8996, "2018-12-31": 0.8175, "2017-12-31": 0.6356, "2016-12-31": 0.0991, "2015-12-31": 0.604, "2014-12-31": 0.9512, "2013-12-31": 0.9959, "2012-12-31": 0.8624, "2011-12-31": -1.8035, "2010-12-31": 0.1607, "2009-12-31": 0.1234, "2008-12-31": 0.0467, "2007-12-31": 1.1654, "2006-12-31": 1.021, "2005-12-31": 2.8651}, "Free Cash Flow Per Share": {"2019-12-31": 0.8893, "2018-12-31": 0.9618, "2017-12-31": 0.7968, "2016-12-31": 0.0544, "2015-12-31": 0.6166, "2014-12-31": 0.767, "2013-12-31": 0.937, "2012-12-31": 0.7529, "2011-12-31": -1.9882, "2010-12-31": 0.1097, "2009-12-31": 0.4762, "2008-12-31": -0.2068, "2007-12-31": 1.0831, "2006-12-31": 0.9584, "2005-12-31": 2.1459}}, "financial ratios, quarterly": {"Current Ratio": {"2020-09-30": "1.64110", "2020-06-30": "1.63320", "2020-03-31": "1.30130", "2019-12-31": "1.34290", "2019-09-30": "1.31500", "2019-06-30": "1.19470", "2019-03-31": "1.24200", "2018-12-31": "1.28740", "2018-09-30": "1.48760", "2018-06-30": "1.37520", "2018-03-31": "1.36430", "2017-12-31": "1.37860", "2017-09-30": "1.35220", "2017-06-30": "1.33830", "2017-03-31": "1.36450", "2016-12-31": "1.41190", "2016-09-30": "1.19880", "2016-06-30": "1.28090", "2016-03-31": "1.24730", "2015-12-31": "1.09160", "2015-09-30": "1.43450", "2015-06-30": "1.48840", "2015-03-31": "1.44320", "2014-12-31": "1.50210", "2014-09-30": "1.60310", "2014-06-30": "1.56750", "2014-03-31": "1.50010", "2013-12-31": "1.49240", "2013-09-30": "1.31650", "2013-06-30": "1.32410", "2013-03-31": "1.34860", "2012-12-31": "1.34900", "2012-09-30": "1.39590", "2012-06-30": "1.29910", "2012-03-31": "1.30690", "2011-12-31": "1.31440", "2011-09-30": "1.32550", "2011-06-30": "1.43560", "2011-03-31": "1.36200", "2010-12-31": "1.32090", "2010-09-30": "1.31330", "2010-06-30": "1.39650", "2010-03-31": "1.29110", "2009-12-31": "1.25020", "2009-09-30": "1.25850", "2009-06-30": "1.24770", "2009-03-31": "1.16850", "2008-12-31": "1.07930", "2008-09-30": "1.10180", "2008-06-30": "1.26430", "2008-03-31": "1.30100", "2007-12-31": "1.14610", "2007-09-30": "1.12930", "2007-06-30": "1.05980", "2007-03-31": "1.22380", "2006-12-31": "1.21400", "2006-09-30": "1.24280", "2006-06-30": "1.19630", "2006-03-31": "1.22950", "2005-12-31": "1.14690", "2005-09-30": "1.29500", "2005-06-30": "1.33060", "2005-03-31": "1.29110"}, "Long-term Debt / Capital": {"2020-09-30": "0.49130", "2020-06-30": "0.48920", "2020-03-31": "0.39250", "2019-12-31": "0.37260", "2019-09-30": "0.37750", "2019-06-30": "0.32280", "2019-03-31": "0.31200", "2018-12-31": "0.34700", "2018-09-30": "0.43290", "2018-06-30": "0.41300", "2018-03-31": "0.41750", "2017-12-31": "0.43000", "2017-09-30": "0.35040", "2017-06-30": "0.35540", "2017-03-31": "0.35320", "2016-12-31": "0.38390", "2016-09-30": "0.33160", "2016-06-30": "0.33650", "2016-03-31": "0.34550", "2015-12-31": "0.23170", "2015-09-30": "0.23830", "2015-06-30": "0.23020", "2015-03-31": "0.24260", "2014-12-31": "0.25370", "2014-09-30": "0.26180", "2014-06-30": "0.26660", "2014-03-31": "0.27380", "2013-12-31": "0.27900", "2013-09-30": "0.27750", "2013-06-30": "0.29430", "2013-03-31": "0.29950", "2012-12-31": "0.32860", "2012-09-30": "0.32590", "2012-06-30": "0.34420", "2012-03-31": "0.34610", "2011-12-31": "0.38690", "2011-09-30": "0.36900", "2011-06-30": "0.35790", "2011-03-31": "0.36410", "2010-12-31": "0.34790", "2010-09-30": "0.37450", "2010-06-30": "0.40660", "2010-03-31": "0.40690", "2009-12-31": "0.41050", "2009-09-30": "0.39470", "2009-06-30": "0.42200", "2009-03-31": "0.45510", "2008-12-31": "0.44660", "2008-09-30": "0.38470", "2008-06-30": "0.39050", "2008-03-31": "0.40560", "2007-12-31": "0.37010", "2007-09-30": "0.39510", "2007-06-30": "0.36510", "2007-03-31": "0.33920", "2006-12-31": "0.28680", "2006-09-30": "0.25670", "2006-06-30": "0.26270", "2006-03-31": "0.26650", "2005-12-31": "0.22260", "2005-09-30": "0.25880", "2005-06-30": "0.26210", "2005-03-31": "0.26120"}, "Debt/Equity Ratio": {"2020-09-30": "1.21350", "2020-06-30": "1.20270", "2020-03-31": "0.90190", "2019-12-31": "0.85540", "2019-09-30": "1.01670", "2019-06-30": "0.89610", "2019-03-31": "0.85000", "2018-12-31": "0.88320", "2018-09-30": "0.99100", "2018-06-30": "0.96120", "2018-03-31": "1.02890", "2017-12-31": "1.07300", "2017-09-30": "0.79060", "2017-06-30": "0.80340", "2017-03-31": "0.77490", "2016-12-31": "0.80700", "2016-09-30": "0.81860", "2016-06-30": "0.73980", "2016-03-31": "0.75970", "2015-12-31": "0.65520", "2015-09-30": "0.59050", "2015-06-30": "0.52260", "2015-03-31": "0.54910", "2014-12-31": "0.48820", "2014-09-30": "0.46630", "2014-06-30": "0.49130", "2014-03-31": "0.51850", "2013-12-31": "0.50220", "2013-09-30": "0.57110", "2013-06-30": "0.55580", "2013-03-31": "0.56890", "2012-12-31": "0.57370", "2012-09-30": "0.60440", "2012-06-30": "0.66000", "2012-03-31": "0.66720", "2011-12-31": "0.69300", "2011-09-30": "0.69300", "2011-06-30": "0.63380", "2011-03-31": "0.64670", "2010-12-31": "0.61590", "2010-09-30": "0.69270", "2010-06-30": "0.81970", "2010-03-31": "0.83050", "2009-12-31": "0.84800", "2009-09-30": "0.85710", "2009-06-30": "1.00990", "2009-03-31": "1.12760", "2008-12-31": "1.15220", "2008-09-30": "0.96380", "2008-06-30": "0.82930", "2008-03-31": "0.83560", "2007-12-31": "0.83030", "2007-09-30": "0.95130", "2007-06-30": "0.96810", "2007-03-31": "0.65400", "2006-12-31": "0.52090", "2006-09-30": "0.47790", "2006-06-30": "0.52110", "2006-03-31": "0.48600", "2005-12-31": "0.47440", "2005-09-30": "0.47560", "2005-06-30": "0.49620", "2005-03-31": "0.53090"}, "Gross Margin": {"2020-09-30": "30.96060", "2020-06-30": "29.43690", "2020-03-31": "34.60950", "2019-12-31": "33.36140", "2019-09-30": "33.54610", "2019-06-30": "34.06900", "2019-03-31": "33.82490", "2018-12-31": "31.28790", "2018-09-30": "29.79000", "2018-06-30": "30.26830", "2018-03-31": "30.80250", "2017-12-31": "30.48970", "2017-09-30": "30.30330", "2017-06-30": "30.30360", "2017-03-31": "31.21580", "2016-12-31": "25.82870", "2016-09-30": "29.59000", "2016-06-30": "31.72860", "2016-03-31": "31.24340", "2015-12-31": "30.70530", "2015-09-30": "30.76680", "2015-06-30": "30.29160", "2015-03-31": "30.94540", "2014-12-31": "26.30040", "2014-09-30": "29.48160", "2014-06-30": "28.84030", "2014-03-31": "28.01940", "2013-12-31": "26.71610", "2013-09-30": "28.03980", "2013-06-30": "27.50440", "2013-03-31": "27.28350", "2012-12-31": "19.83090", "2012-09-30": "27.12480", "2012-06-30": "26.63490", "2012-03-31": "26.07710", "2011-12-31": "10.95750", "2011-09-30": "24.36010", "2011-06-30": "26.65640", "2011-03-31": "25.92250", "2010-12-31": "20.95430", "2010-09-30": "24.19220", "2010-06-30": "24.71610", "2010-03-31": "24.66560", "2009-12-31": "15.31980", "2009-09-30": "24.71430", "2009-06-30": "24.90090", "2009-03-31": "23.96300", "2008-12-31": "-10.73230", "2008-09-30": "19.39620", "2008-06-30": "24.30230", "2008-03-31": "24.99160", "2007-12-31": "24.38810", "2007-09-30": "23.91530", "2007-06-30": "23.97520", "2007-03-31": "23.51700", "2006-12-31": "23.17550", "2006-09-30": "23.15140", "2006-06-30": "23.68950", "2006-03-31": "22.66260", "2005-12-31": "22.51550", "2005-09-30": "23.15940", "2005-06-30": "21.69890", "2005-03-31": "21.19710"}, "Operating Margin": {"2020-09-30": "16.81420", "2020-06-30": "13.61510", "2020-03-31": "19.98110", "2019-12-31": "17.84960", "2019-09-30": "19.28240", "2019-06-30": "19.06310", "2019-03-31": "18.48270", "2018-12-31": "15.62340", "2018-09-30": "15.62910", "2018-06-30": "16.27440", "2018-03-31": "16.60890", "2017-12-31": "14.94970", "2017-09-30": "15.24550", "2017-06-30": "15.85630", "2017-03-31": "16.23470", "2016-12-31": "9.82470", "2016-09-30": "15.64670", "2016-06-30": "18.42660", "2016-03-31": "17.80090", "2015-12-31": "17.36130", "2015-09-30": "18.26030", "2015-06-30": "17.58570", "2015-03-31": "17.59470", "2014-12-31": "12.07870", "2014-09-30": "16.18520", "2014-06-30": "15.42960", "2014-03-31": "14.18540", "2013-12-31": "12.87190", "2013-09-30": "15.16530", "2013-06-30": "14.28870", "2013-03-31": "14.10810", "2012-12-31": "3.93490", "2012-09-30": "13.87280", "2012-06-30": "13.64070", "2012-03-31": "12.85050", "2011-12-31": "-6.10160", "2011-09-30": "10.34630", "2011-06-30": "12.92100", "2011-03-31": "11.71590", "2010-12-31": "6.05240", "2010-09-30": "10.32070", "2010-06-30": "10.71160", "2010-03-31": "10.37810", "2009-12-31": "0.52000", "2009-09-30": "11.28570", "2009-06-30": "10.57360", "2009-03-31": "8.74500", "2008-12-31": "-25.37880", "2008-09-30": "5.28300", "2008-06-30": "10.96750", "2008-03-31": "10.88250", "2007-12-31": "11.39620", "2007-09-30": "10.81860", "2007-06-30": "10.77540", "2007-03-31": "9.97390", "2006-12-31": "10.06530", "2006-09-30": "10.11070", "2006-06-30": "9.93920", "2006-03-31": "8.82470", "2005-12-31": "9.64950", "2005-09-30": "8.92750", "2005-06-30": "8.39500", "2005-03-31": "7.95470"}, "EBIT Margin": {"2020-09-30": "16.81420", "2020-06-30": "13.61510", "2020-03-31": "19.98110", "2019-12-31": "17.84960", "2019-09-30": "19.28240", "2019-06-30": "19.06310", "2019-03-31": "18.48270", "2018-12-31": "15.62340", "2018-09-30": "15.62910", "2018-06-30": "16.27440", "2018-03-31": "16.60890", "2017-12-31": "14.94970", "2017-09-30": "15.24550", "2017-06-30": "15.85630", "2017-03-31": "16.23470", "2016-12-31": "9.82470", "2016-09-30": "15.64670", "2016-06-30": "18.42660", "2016-03-31": "17.80090", "2015-12-31": "17.36130", "2015-09-30": "18.26030", "2015-06-30": "17.58570", "2015-03-31": "17.59470", "2014-12-31": "12.07870", "2014-09-30": "16.18520", "2014-06-30": "15.42960", "2014-03-31": "14.18540", "2013-12-31": "12.87190", "2013-09-30": "15.16530", "2013-06-30": "14.28870", "2013-03-31": "14.10810", "2012-12-31": "3.93490", "2012-09-30": "13.87280", "2012-06-30": "13.64070", "2012-03-31": "12.85050", "2011-12-31": "-6.10160", "2011-09-30": "10.34630", "2011-06-30": "12.92100", "2011-03-31": "11.71590", "2010-12-31": "6.05240", "2010-09-30": "10.32070", "2010-06-30": "10.71160", "2010-03-31": "10.37810", "2009-12-31": "0.52000", "2009-09-30": "11.28570", "2009-06-30": "10.57360", "2009-03-31": "8.74500", "2008-12-31": "-25.37880", "2008-09-30": "5.28300", "2008-06-30": "10.96750", "2008-03-31": "10.88250", "2007-12-31": "11.39620", "2007-09-30": "10.81860", "2007-06-30": "10.77540", "2007-03-31": "9.97390", "2006-12-31": "10.06530", "2006-09-30": "10.11070", "2006-06-30": "9.93920", "2006-03-31": "8.82470", "2005-12-31": "9.64950", "2005-09-30": "8.92750", "2005-06-30": "8.39500", "2005-03-31": "7.95470"}, "EBITDA Margin": {"2020-09-30": "", "2020-06-30": "", "2020-03-31": "", "2019-12-31": "", "2019-09-30": "", "2019-06-30": "", "2019-03-31": "", "2018-12-31": "", "2018-09-30": "", "2018-06-30": "", "2018-03-31": "", "2017-12-31": "", "2017-09-30": "", "2017-06-30": "", "2017-03-31": "", "2016-12-31": "", "2016-09-30": "", "2016-06-30": "", "2016-03-31": "", "2015-12-31": "", "2015-09-30": "", "2015-06-30": "", "2015-03-31": "", "2014-12-31": "", "2014-09-30": "", "2014-06-30": "", "2014-03-31": "", "2013-12-31": "", "2013-09-30": "", "2013-06-30": "", "2013-03-31": "", "2012-12-31": "", "2012-09-30": "", "2012-06-30": "", "2012-03-31": "", "2011-12-31": "", "2011-09-30": "", "2011-06-30": "", "2011-03-31": "", "2010-12-31": "", "2010-09-30": "", "2010-06-30": "", "2010-03-31": "", "2009-12-31": "", "2009-09-30": "", "2009-06-30": "", "2009-03-31": "", "2008-12-31": "", "2008-09-30": "", "2008-06-30": "", "2008-03-31": "", "2007-12-31": "", "2007-09-30": "", "2007-06-30": "", "2007-03-31": "", "2006-12-31": "", "2006-09-30": "", "2006-06-30": "", "2006-03-31": "", "2005-12-31": "", "2005-09-30": "", "2005-06-30": "", "2005-03-31": ""}, "Pre-Tax Profit Margin": {"2020-09-30": "14.72360", "2020-06-30": "16.30330", "2020-03-31": "22.86420", "2019-12-31": "18.61840", "2019-09-30": "21.64870", "2019-06-30": "21.44330", "2019-03-31": "20.73390", "2018-12-31": "17.67910", "2018-09-30": "17.26450", "2018-06-30": "18.29840", "2018-03-31": "18.38920", "2017-12-31": "15.40160", "2017-09-30": "17.56740", "2017-06-30": "17.64240", "2017-03-31": "18.16270", "2016-12-31": "14.39160", "2016-09-30": "16.64630", "2016-06-30": "17.56580", "2016-03-31": "17.09730", "2015-12-31": "16.55980", "2015-09-30": "17.76090", "2015-06-30": "17.00260", "2015-03-31": "16.97600", "2014-12-31": "12.70210", "2014-09-30": "15.63120", "2014-06-30": "14.85420", "2014-03-31": "14.57800", "2013-12-31": "13.85390", "2013-09-30": "14.34640", "2013-06-30": "13.71090", "2013-03-31": "13.50770", "2012-12-31": "3.19380", "2012-09-30": "13.10210", "2012-06-30": "12.96240", "2012-03-31": "12.05540", "2011-12-31": "-6.93550", "2011-09-30": "9.60420", "2011-06-30": "12.10650", "2011-03-31": "10.90870", "2010-12-31": "5.06520", "2010-09-30": "10.09950", "2010-06-30": "9.67700", "2010-03-31": "9.02780", "2009-12-31": "-0.04220", "2009-09-30": "10.36360", "2009-06-30": "8.27390", "2009-03-31": "7.17310", "2008-12-31": "-26.46920", "2008-09-30": "11.19140", "2008-06-30": "10.22330", "2008-03-31": "9.88200", "2007-12-31": "10.28570", "2007-09-30": "9.58210", "2007-06-30": "9.72120", "2007-03-31": "8.90440", "2006-12-31": "9.43690", "2006-09-30": "9.23040", "2006-06-30": "8.96430", "2006-03-31": "7.94090", "2005-12-31": "9.85570", "2005-09-30": "8.34780", "2005-06-30": "7.37050", "2005-03-31": "7.52050"}, "Net Profit Margin": {"2020-09-30": "9.72170", "2020-06-30": "14.45770", "2020-03-31": "18.68130", "2019-12-31": "16.44900", "2019-09-30": "17.87370", "2019-06-30": "16.67210", "2019-03-31": "15.93880", "2018-12-31": "17.68940", "2018-09-30": "21.72460", "2018-06-30": "11.60360", "2018-03-31": "13.84720", "2017-12-31": "-23.22240", "2017-09-30": "13.28920", "2017-06-30": "13.81230", "2017-03-31": "13.96970", "2016-12-31": "10.38560", "2016-09-30": "12.64790", "2016-06-30": "13.20190", "2016-03-31": "12.77040", "2015-12-31": "11.96150", "2015-09-30": "13.15160", "2015-06-30": "12.21480", "2015-03-31": "12.11330", "2014-12-31": "9.31230", "2014-09-30": "11.54530", "2014-06-30": "10.71880", "2014-03-31": "10.50730", "2013-12-31": "9.11720", "2013-09-30": "10.26230", "2013-06-30": "10.53340", "2013-03-31": "10.35590", "2012-12-31": "2.61980", "2012-09-30": "10.16910", "2012-06-30": "9.56010", "2012-03-31": "8.84280", "2011-12-31": "-3.27250", "2011-09-30": "9.27080", "2011-06-30": "8.91480", "2011-03-31": "8.12960", "2010-12-31": "4.33660", "2010-09-30": "7.34730", "2010-06-30": "7.14110", "2010-03-31": "6.28860", "2009-12-31": "1.30710", "2009-09-30": "7.89610", "2009-06-30": "5.94770", "2009-03-31": "5.24440", "2008-12-31": "-14.68090", "2008-09-30": "7.75200", "2008-06-30": "7.47360", "2008-03-31": "7.22880", "2007-12-31": "7.42860", "2007-09-30": "7.07500", "2007-06-30": "7.15620", "2007-03-31": "6.54150", "2006-12-31": "7.06860", "2006-09-30": "6.80330", "2006-06-30": "6.59660", "2006-03-31": "6.02130", "2005-12-31": "7.06530", "2005-09-30": "6.72460", "2005-06-30": "4.29710", "2005-03-31": "5.55120"}, "Asset Turnover": {"2020-09-30": "0.12290", "2020-06-30": "0.11760", "2020-03-31": "0.14740", "2019-12-31": "0.16180", "2019-09-30": "0.15120", "2019-06-30": "0.16010", "2019-03-31": "0.15170", "2018-12-31": "0.16840", "2018-09-30": "0.17380", "2018-06-30": "0.18240", "2018-03-31": "0.17050", "2017-12-31": "0.18230", "2017-09-30": "0.17830", "2017-06-30": "0.18100", "2017-03-31": "0.17330", "2016-12-31": "0.18440", "2016-09-30": "0.18310", "2016-06-30": "0.19520", "2016-03-31": "0.18910", "2015-12-31": "0.20240", "2015-09-30": "0.20610", "2015-06-30": "0.21060", "2015-03-31": "0.20310", "2014-12-31": "0.22590", "2014-09-30": "0.21890", "2014-06-30": "0.22000", "2014-03-31": "0.21140", "2013-12-31": "0.22860", "2013-09-30": "0.21720", "2013-06-30": "0.22990", "2013-03-31": "0.22320", "2012-12-31": "0.22890", "2012-09-30": "0.22740", "2012-06-30": "0.23490", "2012-03-31": "0.23050", "2011-12-31": "0.23800", "2011-09-30": "0.23570", "2011-06-30": "0.22920", "2011-03-31": "0.22290", "2010-12-31": "0.22490", "2010-09-30": "0.21350", "2010-06-30": "0.21960", "2010-03-31": "0.21580", "2009-12-31": "0.19770", "2009-09-30": "0.21520", "2009-06-30": "0.21530", "2009-03-31": "0.22030", "2008-12-31": "0.24550", "2008-09-30": "0.25010", "2008-06-30": "0.26300", "2008-03-31": "0.25460", "2007-12-31": "0.27440", "2007-09-30": "0.26550", "2007-06-30": "0.26870", "2007-03-31": "0.25760", "2006-12-31": "0.26750", "2006-09-30": "0.24320", "2006-06-30": "0.24300", "2006-03-31": "0.22480", "2005-12-31": "0.23000", "2005-09-30": "0.21420", "2005-06-30": "0.21580", "2005-03-31": "0.18610"}, "Inventory Turnover Ratio": {"2020-09-30": "1.14410", "2020-06-30": "1.11000", "2020-03-31": "1.20720", "2019-12-31": "1.43140", "2019-09-30": "1.31230", "2019-06-30": "1.32480", "2019-03-31": "1.29270", "2018-12-31": "1.54530", "2018-09-30": "1.49300", "2018-06-30": "1.58890", "2018-03-31": "1.50880", "2017-12-31": "1.63390", "2017-09-30": "1.48470", "2017-06-30": "1.51020", "2017-03-31": "1.40350", "2016-12-31": "1.69630", "2016-09-30": "1.50490", "2016-06-30": "1.45810", "2016-03-31": "1.38040", "2015-12-31": "1.56490", "2015-09-30": "1.49830", "2015-06-30": "1.53230", "2015-03-31": "1.41160", "2014-12-31": "1.71760", "2014-09-30": "1.58930", "2014-06-30": "1.61740", "2014-03-31": "1.58090", "2013-12-31": "1.77310", "2013-09-30": "1.55820", "2013-06-30": "1.63610", "2013-03-31": "1.57850", "2012-12-31": "1.81370", "2012-09-30": "1.57810", "2012-06-30": "1.59420", "2012-03-31": "1.57510", "2011-12-31": "1.97820", "2011-09-30": "1.60980", "2011-06-30": "1.58780", "2011-03-31": "1.49740", "2010-12-31": "1.75980", "2010-09-30": "1.53220", "2010-06-30": "1.65930", "2010-03-31": "1.64180", "2009-12-31": "1.74840", "2009-09-30": "1.62110", "2009-06-30": "1.58140", "2009-03-31": "1.51590", "2008-12-31": "2.50700", "2008-09-30": "1.83150", "2008-06-30": "1.83300", "2008-03-31": "1.60810", "2007-12-31": "1.81640", "2007-09-30": "1.69580", "2007-06-30": "1.70500", "2007-03-31": "1.64040", "2006-12-31": "1.77200", "2006-09-30": "1.63660", "2006-06-30": "1.63780", "2006-03-31": "1.54270", "2005-12-31": "1.65750", "2005-09-30": "1.56030", "2005-06-30": "1.63000", "2005-03-31": "1.49870"}, "Receiveable Turnover": {"2020-09-30": "1.13360", "2020-06-30": "1.11310", "2020-03-31": "1.13570", "2019-12-31": "1.26730", "2019-09-30": "1.19820", "2019-06-30": "1.24790", "2019-03-31": "1.21580", "2018-12-31": "1.29580", "2018-09-30": "1.25610", "2018-06-30": "1.26970", "2018-03-31": "1.18390", "2017-12-31": "1.22300", "2017-09-30": "1.17860", "2017-06-30": "1.19380", "2017-03-31": "1.16390", "2016-12-31": "1.22110", "2016-09-30": "1.13640", "2016-06-30": "1.14440", "2016-03-31": "1.13400", "2015-12-31": "1.23620", "2015-09-30": "1.21110", "2015-06-30": "1.18670", "2015-03-31": "1.12930", "2014-12-31": "1.28970", "2014-09-30": "1.21560", "2014-06-30": "1.22790", "2014-03-31": "1.19770", "2013-12-31": "1.31000", "2013-09-30": "1.21350", "2013-06-30": "1.26620", "2013-03-31": "1.22980", "2012-12-31": "1.28970", "2012-09-30": "1.26450", "2012-06-30": "1.30140", "2012-03-31": "1.28050", "2011-12-31": "1.31060", "2011-09-30": "1.27090", "2011-06-30": "1.23720", "2011-03-31": "1.20430", "2010-12-31": "1.24380", "2010-09-30": "1.17680", "2010-06-30": "1.22030", "2010-03-31": "1.25740", "2009-12-31": "1.13400", "2009-09-30": "1.19120", "2009-06-30": "1.20380", "2009-03-31": "1.33580", "2008-12-31": "1.42140", "2008-09-30": "1.33450", "2008-06-30": "1.37280", "2008-03-31": "1.34690", "2007-12-31": "1.45220", "2007-09-30": "1.35200", "2007-06-30": "1.39560", "2007-03-31": "1.36910", "2006-12-31": "1.44180", "2006-09-30": "1.38950", "2006-06-30": "1.45560", "2006-03-31": "1.39920", "2005-12-31": "1.45010", "2005-09-30": "1.44590", "2005-06-30": "1.54160", "2005-03-31": "1.45770"}, "Days Sales In Receivables": {"2020-09-30": "79.39210", "2020-06-30": "80.85200", "2020-03-31": "79.24850", "2019-12-31": "71.01620", "2019-09-30": "75.11230", "2019-06-30": "72.12270", "2019-03-31": "74.02410", "2018-12-31": "69.45420", "2018-09-30": "71.65210", "2018-06-30": "70.88560", "2018-03-31": "76.02190", "2017-12-31": "73.59030", "2017-09-30": "76.35910", "2017-06-30": "75.39000", "2017-03-31": "77.32300", "2016-12-31": "73.70360", "2016-09-30": "79.19520", "2016-06-30": "78.64080", "2016-03-31": "79.36670", "2015-12-31": "72.80610", "2015-09-30": "74.31490", "2015-06-30": "75.83940", "2015-03-31": "79.69390", "2014-12-31": "69.78380", "2014-09-30": "74.03540", "2014-06-30": "73.29560", "2014-03-31": "75.14100", "2013-12-31": "68.70220", "2013-09-30": "74.16810", "2013-06-30": "71.07710", "2013-03-31": "73.18290", "2012-12-31": "69.78500", "2012-09-30": "71.17530", "2012-06-30": "69.15740", "2012-03-31": "70.28260", "2011-12-31": "68.67100", "2011-09-30": "70.81520", "2011-06-30": "72.74490", "2011-03-31": "74.73360", "2010-12-31": "72.35750", "2010-09-30": "76.47620", "2010-06-30": "73.75100", "2010-03-31": "71.57410", "2009-12-31": "79.36190", "2009-09-30": "75.55330", "2009-06-30": "74.76210", "2009-03-31": "67.37520", "2008-12-31": "63.31610", "2008-09-30": "67.43940", "2008-06-30": "65.56030", "2008-03-31": "66.81960", "2007-12-31": "61.97630", "2007-09-30": "66.57010", "2007-06-30": "64.49050", "2007-03-31": "65.73440", "2006-12-31": "62.42150", "2006-09-30": "64.77240", "2006-06-30": "61.83080", "2006-03-31": "64.32120", "2005-12-31": "62.06600", "2005-09-30": "62.24350", "2005-06-30": "58.38220", "2005-03-31": "61.73980"}, "ROE - Return On Equity": {"2020-09-30": "4.26470", "2020-06-30": "5.98390", "2020-03-31": "8.98960", "2019-12-31": "8.49990", "2019-09-30": "9.00250", "2019-06-30": "8.61570", "2019-03-31": "7.57540", "2018-12-31": "9.47820", "2018-09-30": "12.79320", "2018-06-30": "7.20190", "2018-03-31": "8.16920", "2017-12-31": "-15.03750", "2017-09-30": "6.41610", "2017-06-30": "6.81270", "2017-03-31": "6.50550", "2016-12-31": "5.36140", "2016-09-30": "6.44260", "2016-06-30": "7.00560", "2016-03-31": "6.67320", "2015-12-31": "6.53170", "2015-09-30": "7.13010", "2015-06-30": "6.57100", "2015-03-31": "6.48300", "2014-12-31": "5.48250", "2014-09-30": "6.25300", "2014-06-30": "5.98400", "2014-03-31": "5.74180", "2013-12-31": "5.48380", "2013-09-30": "6.68080", "2013-06-30": "7.37480", "2013-03-31": "7.16030", "2012-12-31": "1.95180", "2012-09-30": "7.15640", "2012-06-30": "7.48990", "2012-03-31": "6.96670", "2011-12-31": "-2.81600", "2011-09-30": "5.82990", "2011-06-30": "6.53320", "2011-03-31": "5.84250", "2010-12-31": "3.02220", "2010-09-30": "5.51310", "2010-06-30": "6.11310", "2010-03-31": "5.44820", "2009-12-31": "0.55740", "2009-09-30": "6.45130", "2009-06-30": "5.37320", "2009-03-31": "5.31930", "2008-12-31": "-17.49900", "2008-09-30": "7.58020", "2008-06-30": "7.09480", "2008-03-31": "6.71440", "2007-12-31": "7.64480", "2007-09-30": "7.48640", "2007-06-30": "7.83330", "2007-03-31": "5.74050", "2006-12-31": "6.01850", "2006-09-30": "4.77870", "2006-06-30": "4.74590", "2006-03-31": "3.94940", "2005-12-31": "4.69240", "2005-09-30": "3.75380", "2005-06-30": "2.37890", "2005-03-31": "3.13180"}, "Return On Tangible Equity": {"2020-09-30": "-92.20780", "2020-06-30": "-156.33000", "2020-03-31": "-161.08330", "2019-12-31": "-269.03550", "2019-09-30": "-181.69790", "2019-06-30": "-107.60720", "2019-03-31": "-225.07840", "2018-12-31": "-131.12280", "2018-09-30": "-59.31520", "2018-06-30": "-27.67570", "2018-03-31": "-27.88020", "2017-12-31": "41.02820", "2017-09-30": "-83.71240", "2017-06-30": "-68.15970", "2017-03-31": "-68.51850", "2016-12-31": "-37.50900", "2016-09-30": "-37.56770", "2016-06-30": "-57.62050", "2016-03-31": "-40.30240", "2015-12-31": "-58.56870", "2015-09-30": "40.62400", "2015-06-30": "33.08960", "2015-03-31": "40.89940", "2014-12-31": "34.97130", "2014-09-30": "30.94500", "2014-06-30": "33.21530", "2014-03-31": "40.31130", "2013-12-31": "47.74640", "2013-09-30": "-134.80590", "2013-06-30": "-86.97870", "2013-03-31": "-78.33470", "2012-12-31": "-14.09620", "2012-09-30": "-96.72800", "2012-06-30": "-43.53050", "2012-03-31": "-33.15920", "2011-12-31": "8.94260", "2011-09-30": "-30.43480", "2011-06-30": "-48.09670", "2011-03-31": "-28.15180", "2010-12-31": "-10.77690", "2010-09-30": "-15.28880", "2010-06-30": "-17.20100", "2010-03-31": "-14.70940", "2009-12-31": "-1.35240", "2009-09-30": "-19.40440", "2009-06-30": "-12.05450", "2009-03-31": "-8.27290", "2008-12-31": "24.54180", "2008-09-30": "-24.31070", "2008-06-30": "-47.42670", "2008-03-31": "-58.44630", "2007-12-31": "-48.58720", "2007-09-30": "-33.13670", "2007-06-30": "-32.67380", "2007-03-31": "-114.34780", "2006-12-31": "835.71420", "2006-09-30": "32.33710", "2006-06-30": "38.02920", "2006-03-31": "28.94560", "2005-12-31": "26.17940", "2005-09-30": "18.03970", "2005-06-30": "10.51820", "2005-03-31": "13.69550"}, "ROA - Return On Assets": {"2020-09-30": "1.23070", "2020-06-30": "1.72790", "2020-03-31": "2.79680", "2019-12-31": "2.70970", "2019-09-30": "2.74190", "2019-06-30": "2.69440", "2019-03-31": "2.45220", "2018-12-31": "3.01180", "2018-09-30": "3.80450", "2018-06-30": "2.13830", "2018-03-31": "2.38240", "2017-12-31": "-4.21390", "2017-09-30": "2.39920", "2017-06-30": "2.51490", "2017-03-31": "2.43160", "2016-12-31": "1.93550", "2016-09-30": "2.33030", "2016-06-30": "2.59280", "2016-03-31": "2.43420", "2015-12-31": "2.43940", "2015-09-30": "2.73670", "2015-06-30": "2.63290", "2015-03-31": "2.52660", "2014-12-31": "2.14520", "2014-09-30": "2.58110", "2014-06-30": "2.41650", "2014-03-31": "2.26310", "2013-12-31": "2.12170", "2013-09-30": "2.26770", "2013-06-30": "2.42380", "2013-03-31": "2.31820", "2012-12-31": "0.60930", "2012-09-30": "2.30320", "2012-06-30": "2.25270", "2012-03-31": "2.04360", "2011-12-31": "-0.77120", "2011-09-30": "1.73910", "2011-06-30": "2.00760", "2011-03-31": "1.77370", "2010-12-31": "0.86170", "2010-09-30": "1.51370", "2010-06-30": "1.54610", "2010-03-31": "1.37680", "2009-12-31": "0.13890", "2009-09-30": "1.73040", "2009-06-30": "1.30920", "2009-03-31": "1.16130", "2008-12-31": "-3.58410", "2008-09-30": "1.94970", "2008-06-30": "1.97940", "2008-03-31": "1.85150", "2007-12-31": "2.08550", "2007-09-30": "1.87830", "2007-06-30": "1.92310", "2007-03-31": "1.68520", "2006-12-31": "1.89070", "2006-09-30": "1.65420", "2006-06-30": "1.60290", "2006-03-31": "1.33830", "2005-12-31": "1.59640", "2005-09-30": "1.32580", "2005-06-30": "0.84130", "2005-03-31": "1.03290"}, "ROI - Return On Investment": {"2020-09-30": "2.16940", "2020-06-30": "3.05640", "2020-03-31": "5.46130", "2019-12-31": "5.33270", "2019-09-30": "5.60410", "2019-06-30": "5.83470", "2019-03-31": "5.21160", "2018-12-31": "6.18910", "2018-09-30": "7.25480", "2018-06-30": "4.22760", "2018-03-31": "4.75880", "2017-12-31": "-8.57100", "2017-09-30": "4.16760", "2017-06-30": "4.39160", "2017-03-31": "4.20770", "2016-12-31": "3.30300", "2016-09-30": "4.30660", "2016-06-30": "4.64810", "2016-03-31": "4.36730", "2015-12-31": "5.01840", "2015-09-30": "5.43090", "2015-06-30": "5.05820", "2015-03-31": "4.91040", "2014-12-31": "4.09150", "2014-09-30": "4.61600", "2014-06-30": "4.38880", "2014-03-31": "4.16950", "2013-12-31": "3.95410", "2013-09-30": "4.82700", "2013-06-30": "5.20450", "2013-03-31": "5.01550", "2012-12-31": "1.31040", "2012-09-30": "4.82410", "2012-06-30": "4.91180", "2012-03-31": "4.55520", "2011-12-31": "-1.72640", "2011-09-30": "3.67890", "2011-06-30": "4.19520", "2011-03-31": "3.71510", "2010-12-31": "1.97070", "2010-09-30": "3.44870", "2010-06-30": "3.62760", "2010-03-31": "3.23130", "2009-12-31": "0.32860", "2009-09-30": "3.90510", "2009-06-30": "3.10560", "2009-03-31": "2.89820", "2008-12-31": "-9.68480", "2008-09-30": "4.66420", "2008-06-30": "4.32410", "2008-03-31": "3.99090", "2007-12-31": "4.81520", "2007-09-30": "4.52880", "2007-06-30": "4.97350", "2007-03-31": "3.79320", "2006-12-31": "4.29230", "2006-09-30": "3.55220", "2006-06-30": "3.49920", "2006-03-31": "2.89710", "2005-12-31": "3.64780", "2005-09-30": "2.78230", "2005-06-30": "1.75540", "2005-03-31": "2.31370"}, "Book Value Per Share": {"2020-09-30": "26.09810", "2020-06-30": "26.17050", "2020-03-31": "25.45420", "2019-12-31": "26.30570", "2019-09-30": "25.61950", "2019-06-30": "25.10050", "2019-03-31": "26.04770", "2018-12-31": "25.16170", "2018-09-30": "24.87680", "2018-06-30": "23.93310", "2018-03-31": "23.79610", "2017-12-31": "22.19340", "2017-09-30": "27.86470", "2017-06-30": "27.01930", "2017-03-31": "26.85820", "2016-12-31": "25.69270", "2016-09-30": "25.41710", "2016-06-30": "24.89500", "2016-03-31": "24.10660", "2015-12-31": "23.90710", "2015-09-30": "23.22070", "2015-06-30": "23.78860", "2015-03-31": "22.61330", "2014-12-31": "22.73590", "2014-09-30": "24.35200", "2014-06-30": "24.04590", "2014-03-31": "23.03990", "2013-12-31": "22.42790", "2013-09-30": "19.20930", "2013-06-30": "17.65700", "2013-03-31": "17.20040", "2012-12-31": "16.69010", "2012-09-30": "16.87450", "2012-06-30": "15.47970", "2012-03-31": "15.19800", "2011-12-31": "14.07250", "2011-09-30": "15.21270", "2011-06-30": "15.57210", "2011-03-31": "15.00620", "2010-12-31": "13.77650", "2010-09-30": "13.41500", "2010-06-30": "11.82060", "2010-03-31": "11.88230", "2009-12-31": "11.73910", "2009-09-30": "12.57460", "2009-06-30": "11.38350", "2009-03-31": "10.08400", "2008-12-31": "9.89540", "2008-09-30": "13.13260", "2008-06-30": "13.78360", "2008-03-31": "12.99490", "2007-12-31": "12.35280", "2007-09-30": "11.05430", "2007-06-30": "10.42230", "2007-03-31": "11.75170", "2006-12-31": "12.14100", "2006-09-30": "13.86510", "2006-06-30": "13.40510", "2006-03-31": "13.18090", "2005-12-31": "12.97440", "2005-09-30": "13.49730", "2005-06-30": "13.46900", "2005-03-31": "13.40050"}, "Operating Cash Flow Per Share": {"2020-09-30": 1.4119, "2020-06-30": 2.1066, "2020-03-31": "1.30960", "2019-12-31": 3.5503, "2019-09-30": 2.0575, "2019-06-30": 2.3014, "2019-03-31": "1.53490", "2018-12-31": 2.0618, "2018-09-30": 2.5132, "2018-06-30": 2.4767, "2018-03-31": "1.49280", "2017-12-31": 2.8087, "2017-09-30": 1.8343, "2017-06-30": 1.8694, "2017-03-31": "1.21460", "2016-12-31": 2.6286, "2016-09-30": 2.0083, "2016-06-30": 2.0453, "2016-03-31": "0.40920", "2015-12-31": 2.4882, "2015-09-30": 2.1974, "2015-06-30": 1.7765, "2015-03-31": "0.53020", "2014-12-31": 2.2852, "2014-09-30": 1.5522, "2014-06-30": 1.687, "2014-03-31": "0.86390", "2013-12-31": 2.0912, "2013-09-30": 1.3449, "2013-06-30": 1.5732, "2013-03-31": "0.42780", "2012-12-31": 1.7056, "2012-09-30": 1.2568, "2012-06-30": 1.2301, "2012-03-31": "0.24870", "2011-12-31": 1.8556, "2011-09-30": 0.8515, "2011-06-30": 1.427, "2011-03-31": "-0.55530", "2010-12-31": 1.3481, "2010-09-30": 1.676, "2010-06-30": 1.3954, "2010-03-31": "0.96280", "2009-12-31": 1.7988, "2009-09-30": 1.4671, "2009-06-30": 1.4945, "2009-03-31": "0.46120", "2008-12-31": 1.6654, "2008-09-30": 1.0927, "2008-06-30": 1.3825, "2008-03-31": "0.95760", "2007-12-31": 1.7933, "2007-09-30": 1.2536, "2007-06-30": 1.2841, "2007-03-31": "0.72050", "2006-12-31": 1.488, "2006-09-30": 0.9842, "2006-06-30": 1.1279, "2006-03-31": "0.28600", "2005-12-31": 0.9916, "2005-09-30": 0.8272, "2005-06-30": 0.6621, "2005-03-31": "0.38420"}, "Free Cash Flow Per Share": {"2020-09-30": 1.0761, "2020-06-30": 1.7837, "2020-03-31": "1.12550", "2019-12-31": 3.0975, "2019-09-30": 1.8323, "2019-06-30": 2.0775, "2019-03-31": "1.34680", "2018-12-31": 1.6709, "2018-09-30": 2.2694, "2018-06-30": 2.2131, "2018-03-31": "1.31140", "2017-12-31": 2.3197, "2017-09-30": 1.5851, "2017-06-30": 1.5696, "2017-03-31": "1.02860", "2016-12-31": 2.2054, "2016-09-30": 1.658, "2016-06-30": 1.6812, "2016-03-31": "0.16160", "2015-12-31": 2.0115, "2015-09-30": 1.8444, "2015-06-30": 1.4722, "2015-03-31": "0.32370", "2014-12-31": 1.7723, "2014-09-30": 1.2274, "2014-06-30": 1.4039, "2014-03-31": "0.63160", "2013-12-31": 1.5998, "2013-09-30": 1.0909, "2013-06-30": 1.3354, "2013-03-31": "0.24210", "2012-12-31": 1.3325, "2012-09-30": 0.9639, "2012-06-30": 0.9777, "2012-03-31": "0.05710", "2011-12-31": 1.4435, "2011-09-30": 0.6218, "2011-06-30": 1.2225, "2011-03-31": "-0.70950", "2010-12-31": 0.9704, "2010-09-30": 1.4734, "2010-06-30": 1.2493, "2010-03-31": "0.87340", "2009-12-31": 1.4673, "2009-09-30": 1.3124, "2009-06-30": 1.3525, "2009-03-31": "0.32460", "2008-12-31": 1.2257, "2008-09-30": 0.7984, "2008-06-30": 1.1822, "2008-03-31": "0.77430", "2007-12-31": 1.4171, "2007-09-30": 1.0238, "2007-06-30": 1.1344, "2007-03-31": "0.61210", "2006-12-31": 1.1786, "2006-09-30": 0.7851, "2006-06-30": 0.9563, "2006-03-31": "0.18430", "2005-12-31": 0.7597, "2005-09-30": 0.6534, "2005-06-30": 0.5051, "2005-03-31": "0.22770"}}, "revenue": {"Honeywell Annual Revenue (Millions of US $)": {"2020": "$32,637", "2019": "$36,709", "2018": "$41,802", "2017": "$40,534", "2016": "$39,302", "2015": "$38,581", "2014": "$40,306", "2013": "$39,055", "2012": "$37,665", "2011": "$36,529", "2010": "$32,350", "2009": "$29,951", "2008": "$36,556", "2007": "$34,589", "2006": "$31,367", "2005": "$27,652"}, "Honeywell Quarterly Revenue (Millions of US $)": {"2020-12-31": "$8,900", "2020-09-30": "$7,797", "2020-06-30": "$7,477", "2020-03-31": "$8,463", "2019-12-31": "$9,496", "2019-09-30": "$9,086", "2019-06-30": "$9,243", "2019-03-31": "$8,884", "2018-12-31": "$9,729", "2018-09-30": "$10,762", "2018-06-30": "$10,919", "2018-03-31": "$10,392", "2017-12-31": "$10,843", "2017-09-30": "$10,121", "2017-06-30": "$10,078", "2017-03-31": "$9,492", "2016-12-31": "$9,985", "2016-09-30": "$9,804", "2016-06-30": "$9,991", "2016-03-31": "$9,522", "2015-12-31": "$9,982", "2015-09-30": "$9,611", "2015-06-30": "$9,775", "2015-03-31": "$9,213", "2014-12-31": "$10,266", "2014-09-30": "$10,108", "2014-06-30": "$10,253", "2014-03-31": "$9,679", "2013-12-31": "$10,387", "2013-09-30": "$9,647", "2013-06-30": "$9,693", "2013-03-31": "$9,328", "2012-12-31": "$9,581", "2012-09-30": "$9,342", "2012-06-30": "$9,435", "2012-03-31": "$9,307", "2011-12-31": "$9,473", "2011-09-30": "$9,298", "2011-06-30": "$9,086", "2011-03-31": "$8,672", "2010-12-31": "$8,509", "2010-09-30": "$8,139", "2010-06-30": "$7,926", "2010-03-31": "$7,776", "2009-12-31": "$7,115", "2009-09-30": "$7,700", "2009-06-30": "$7,566", "2009-03-31": "$7,570", "2008-12-31": "$8,712", "2008-09-30": "$9,275", "2008-06-30": "$9,674", "2008-03-31": "$8,895", "2007-12-31": "$9,275", "2007-09-30": "$8,735", "2007-06-30": "$8,538", "2007-03-31": "$8,041", "2006-12-31": "$8,276", "2006-09-30": "$7,952", "2006-06-30": "$7,898", "2006-03-31": "$7,241", "2005-12-31": "$7,275", "2005-09-30": "$6,900", "2005-06-30": "$7,028", "2005-03-31": "$6,449"}}, "gross-profit": {"Honeywell Annual Gross Profit (Millions of US $)": {"2020": "$10,468", "2019": "$12,370", "2018": "$12,756", "2017": "$12,390", "2016": "$11,625", "2015": "$11,834", "2014": "$11,349", "2013": "$10,691", "2012": "$9,374", "2011": "$7,973", "2010": "$7,629", "2009": "$6,691", "2008": "$5,438", "2007": "$8,289", "2006": "$7,271", "2005": "$6,128"}, "Honeywell Quarterly Gross Profit (Millions of US $)": {"2020-12-31": "$2,924", "2020-09-30": "$2,414", "2020-06-30": "$2,201", "2020-03-31": "$2,929", "2019-12-31": "$3,168", "2019-09-30": "$3,048", "2019-06-30": "$3,149", "2019-03-31": "$3,005", "2018-12-31": "$3,044", "2018-09-30": "$3,206", "2018-06-30": "$3,305", "2018-03-31": "$3,201", "2017-12-31": "$3,306", "2017-09-30": "$3,067", "2017-06-30": "$3,054", "2017-03-31": "$2,963", "2016-12-31": "$2,579", "2016-09-30": "$2,901", "2016-06-30": "$3,170", "2016-03-31": "$2,975", "2015-12-31": "$3,065", "2015-09-30": "$2,957", "2015-06-30": "$2,961", "2015-03-31": "$2,851", "2014-12-31": "$2,700", "2014-09-30": "$2,980", "2014-06-30": "$2,957", "2014-03-31": "$2,712", "2013-12-31": "$2,775", "2013-09-30": "$2,705", "2013-06-30": "$2,666", "2013-03-31": "$2,545", "2012-12-31": "$1,900", "2012-09-30": "$2,534", "2012-06-30": "$2,513", "2012-03-31": "$2,427", "2011-12-31": "$1,038", "2011-09-30": "$2,265", "2011-06-30": "$2,422", "2011-03-31": "$2,248", "2010-12-31": "$1,783", "2010-09-30": "$1,969", "2010-06-30": "$1,959", "2010-03-31": "$1,918", "2009-12-31": "$1,090", "2009-09-30": "$1,903", "2009-06-30": "$1,884", "2009-03-31": "$1,814", "2008-12-31": "$-935", "2008-09-30": "$1,799", "2008-06-30": "$2,351", "2008-03-31": "$2,223", "2007-12-31": "$2,262", "2007-09-30": "$2,089", "2007-06-30": "$2,047", "2007-03-31": "$1,891", "2006-12-31": "$1,918", "2006-09-30": "$1,841", "2006-06-30": "$1,871", "2006-03-31": "$1,641", "2005-12-31": "$1,638", "2005-09-30": "$1,598", "2005-06-30": "$1,525", "2005-03-31": "$1,367"}}, "operating-income": {"Honeywell Annual Operating Income (Millions of US $)": {"2020": "$5,696", "2019": "$6,851", "2018": "$6,705", "2017": "$6,303", "2016": "$6,051", "2015": "$6,828", "2014": "$5,831", "2013": "$5,501", "2012": "$4,156", "2011": "$2,574", "2010": "$3,011", "2009": "$2,368", "2008": "$308", "2007": "$3,724", "2006": "$3,061", "2005": "$2,421"}, "Honeywell Quarterly Operating Income (Millions of US $)": {"2020-12-31": "$1,676", "2020-09-30": "$1,311", "2020-06-30": "$1,018", "2020-03-31": "$1,691", "2019-12-31": "$1,695", "2019-09-30": "$1,752", "2019-06-30": "$1,762", "2019-03-31": "$1,642", "2018-12-31": "$1,520", "2018-09-30": "$1,682", "2018-06-30": "$1,777", "2018-03-31": "$1,726", "2017-12-31": "$1,621", "2017-09-30": "$1,543", "2017-06-30": "$1,598", "2017-03-31": "$1,541", "2016-12-31": "$981", "2016-09-30": "$1,534", "2016-06-30": "$1,841", "2016-03-31": "$1,695", "2015-12-31": "$1,733", "2015-09-30": "$1,755", "2015-06-30": "$1,719", "2015-03-31": "$1,621", "2014-12-31": "$1,240", "2014-09-30": "$1,636", "2014-06-30": "$1,582", "2014-03-31": "$1,373", "2013-12-31": "$1,337", "2013-09-30": "$1,463", "2013-06-30": "$1,385", "2013-03-31": "$1,316", "2012-12-31": "$377", "2012-09-30": "$1,296", "2012-06-30": "$1,287", "2012-03-31": "$1,196", "2011-12-31": "$-578", "2011-09-30": "$962", "2011-06-30": "$1,174", "2011-03-31": "$1,016", "2010-12-31": "$515", "2010-09-30": "$840", "2010-06-30": "$849", "2010-03-31": "$807", "2009-12-31": "$37", "2009-09-30": "$869", "2009-06-30": "$800", "2009-03-31": "$662", "2008-12-31": "$-2,211", "2008-09-30": "$490", "2008-06-30": "$1,061", "2008-03-31": "$968", "2007-12-31": "$1,057", "2007-09-30": "$945", "2007-06-30": "$920", "2007-03-31": "$802", "2006-12-31": "$833", "2006-09-30": "$804", "2006-06-30": "$785", "2006-03-31": "$639", "2005-12-31": "$702", "2005-09-30": "$616", "2005-06-30": "$590", "2005-03-31": "$513"}}, "ebitda": {"Honeywell Annual EBITDA (Millions of US $)": {"2019": "$7,939", "2018": "$7,821", "2017": "$7,418", "2016": "$7,081", "2015": "$7,711", "2014": "$6,755", "2013": "$6,490", "2012": "$5,082", "2011": "$3,531", "2010": "$3,998", "2009": "$3,325", "2008": "$1,211", "2007": "$4,561", "2006": "$3,855", "2005": "$3,074"}, "Honeywell Quarterly EBITDA (Millions of US $)": {"2020-09-30": "$1,566", "2020-06-30": "$1,268", "2020-03-31": "$1,934", "2019-12-31": "$1,964", "2019-09-30": "$2,015", "2019-06-30": "$2,057", "2019-03-31": "$1,903", "2018-12-31": "$1,774", "2018-09-30": "$1,968", "2018-06-30": "$2,065", "2018-03-31": "$2,014", "2017-12-31": "$1,904", "2017-09-30": "$1,828", "2017-06-30": "$1,874", "2017-03-31": "$1,812", "2016-12-31": "$1,238", "2016-09-30": "$1,794", "2016-06-30": "$2,101", "2016-03-31": "$1,948", "2015-12-31": "$1,955", "2015-09-30": "$1,974", "2015-06-30": "$1,945", "2015-03-31": "$1,837", "2014-12-31": "$1,466", "2014-09-30": "$1,863", "2014-06-30": "$1,815", "2014-03-31": "$1,611", "2013-12-31": "$1,586", "2013-09-30": "$1,708", "2013-06-30": "$1,632", "2013-03-31": "$1,564", "2012-12-31": "$622", "2012-09-30": "$1,522", "2012-06-30": "$1,512", "2012-03-31": "$1,426", "2011-12-31": "$-325", "2011-09-30": "$1,188", "2011-06-30": "$1,410", "2011-03-31": "$1,258", "2010-12-31": "$786", "2010-09-30": "$1,082", "2010-06-30": "$1,090", "2010-03-31": "$1,040", "2009-12-31": "$283", "2009-09-30": "$1,111", "2009-06-30": "$1,035", "2009-03-31": "$896", "2008-12-31": "$-2,001", "2008-09-30": "$737", "2008-06-30": "$1,290", "2008-03-31": "$1,185", "2007-12-31": "$1,274", "2007-09-30": "$1,152", "2007-06-30": "$1,133", "2007-03-31": "$1,002", "2006-12-31": "$1,031", "2006-09-30": "$994", "2006-06-30": "$1,003", "2006-03-31": "$827", "2005-12-31": "$865", "2005-09-30": "$780", "2005-06-30": "$758", "2005-03-31": "$671"}}, "net-income": {"Honeywell Annual Net Income (Millions of US $)": {"2020": "$4,779", "2019": "$6,143", "2018": "$6,765", "2017": "$1,545", "2016": "$4,812", "2015": "$4,768", "2014": "$4,239", "2013": "$3,924", "2012": "$2,926", "2011": "$2,067", "2010": "$2,022", "2009": "$1,548", "2008": "$806", "2007": "$2,444", "2006": "$2,083", "2005": "$1,638"}, "Honeywell Quarterly Net Income (Millions of US $)": {"2020-12-31": "$1,359", "2020-09-30": "$758", "2020-06-30": "$1,081", "2020-03-31": "$1,581", "2019-12-31": "$1,562", "2019-09-30": "$1,624", "2019-06-30": "$1,541", "2019-03-31": "$1,416", "2018-12-31": "$1,721", "2018-09-30": "$2,338", "2018-06-30": "$1,267", "2018-03-31": "$1,439", "2017-12-31": "$-2,518", "2017-09-30": "$1,345", "2017-06-30": "$1,392", "2017-03-31": "$1,326", "2016-12-31": "$1,037", "2016-09-30": "$1,240", "2016-06-30": "$1,319", "2016-03-31": "$1,216", "2015-12-31": "$1,194", "2015-09-30": "$1,264", "2015-06-30": "$1,194", "2015-03-31": "$1,116", "2014-12-31": "$956", "2014-09-30": "$1,167", "2014-06-30": "$1,099", "2014-03-31": "$1,017", "2013-12-31": "$947", "2013-09-30": "$990", "2013-06-30": "$1,021", "2013-03-31": "$966", "2012-12-31": "$251", "2012-09-30": "$950", "2012-06-30": "$902", "2012-03-31": "$823", "2011-12-31": "$-310", "2011-09-30": "$862", "2011-06-30": "$810", "2011-03-31": "$705", "2010-12-31": "$369", "2010-09-30": "$598", "2010-06-30": "$566", "2010-03-31": "$489", "2009-12-31": "$93", "2009-09-30": "$608", "2009-06-30": "$450", "2009-03-31": "$397", "2008-12-31": "$-1,279", "2008-09-30": "$719", "2008-06-30": "$723", "2008-03-31": "$643", "2007-12-31": "$689", "2007-09-30": "$618", "2007-06-30": "$611", "2007-03-31": "$526", "2006-12-31": "$585", "2006-09-30": "$541", "2006-06-30": "$521", "2006-03-31": "$436", "2005-12-31": "$514", "2005-09-30": "$464", "2005-06-30": "$302", "2005-03-31": "$358"}}, "eps-earnings-per-share-diluted": {"Honeywell Annual EPS": {"2020": "$6.72", "2019": "$8.41", "2018": "$8.98", "2017": "$2.00", "2016": "$6.21", "2015": "$6.04", "2014": "$5.33", "2013": "$4.92", "2012": "$3.69", "2011": "$2.61", "2010": "$2.59", "2009": "$2.05", "2008": "$1.08", "2007": "$3.16", "2006": "$2.52", "2005": "$1.92"}, "Honeywell Quarterly EPS": {"2020-12-31": "$1.91", "2020-09-30": "$1.07", "2020-06-30": "$1.53", "2020-03-31": "$2.21", "2019-12-31": "$2.16", "2019-09-30": "$2.23", "2019-06-30": "$2.10", "2019-03-31": "$1.92", "2018-12-31": "$2.30", "2018-09-30": "$3.11", "2018-06-30": "$1.68", "2018-03-31": "$1.89", "2017-12-31": "$-3.25", "2017-09-30": "$1.74", "2017-06-30": "$1.80", "2017-03-31": "$1.71", "2016-12-31": "$1.35", "2016-09-30": "$1.60", "2016-06-30": "$1.70", "2016-03-31": "$1.56", "2015-12-31": "$1.52", "2015-09-30": "$1.60", "2015-06-30": "$1.51", "2015-03-31": "$1.41", "2014-12-31": "$1.20", "2014-09-30": "$1.47", "2014-06-30": "$1.38", "2014-03-31": "$1.28", "2013-12-31": "$1.19", "2013-09-30": "$1.24", "2013-06-30": "$1.28", "2013-03-31": "$1.21", "2012-12-31": "$0.31", "2012-09-30": "$1.20", "2012-06-30": "$1.14", "2012-03-31": "$1.04", "2011-12-31": "$-0.39", "2011-09-30": "$1.10", "2011-06-30": "$1.02", "2011-03-31": "$0.88", "2010-12-31": "$0.47", "2010-09-30": "$0.76", "2010-06-30": "$0.73", "2010-03-31": "$0.63", "2009-12-31": "$0.11", "2009-09-30": "$0.80", "2009-06-30": "$0.60", "2009-03-31": "$0.54", "2008-12-31": "$-1.70", "2008-09-30": "$0.97", "2008-06-30": "$0.96", "2008-03-31": "$0.85", "2007-12-31": "$0.91", "2007-09-30": "$0.81", "2007-06-30": "$0.78", "2007-03-31": "$0.66", "2006-12-31": "$0.71", "2006-09-30": "$0.66", "2006-06-30": "$0.63", "2006-03-31": "$0.52", "2005-12-31": "$0.60", "2005-09-30": "$0.54", "2005-06-30": "$0.36", "2005-03-31": "$0.42"}}, "shares-outstanding": {"Honeywell Annual Shares Outstanding (Millions of Shares)": {"2020": "711", "2019": "730", "2018": "753", "2017": "772", "2016": "775", "2015": "789", "2014": "795", "2013": "797", "2012": "792", "2011": "792", "2010": "781", "2009": "756", "2008": "744", "2007": "774", "2006": "826", "2005": "852"}, "Honeywell Quarterly Shares Outstanding (Millions of Shares)": {"2020-12-31": "710", "2020-09-30": "710", "2020-06-30": "708", "2020-03-31": "717", "2019-12-31": "730", "2019-09-30": "727", "2019-06-30": "733", "2019-03-31": "739", "2018-12-31": "753", "2018-09-30": "752", "2018-06-30": "755", "2018-03-31": "761", "2017-12-31": "772", "2017-09-30": "771", "2017-06-30": "774", "2017-03-31": "774", "2016-12-31": "775", "2016-09-30": "774", "2016-06-30": "775", "2016-03-31": "780", "2015-12-31": "789", "2015-09-30": "790", "2015-06-30": "793", "2015-03-31": "794", "2014-12-31": "795", "2014-09-30": "795", "2014-06-30": "795", "2014-03-31": "796", "2013-12-31": "797", "2013-09-30": "797", "2013-06-30": "798", "2013-03-31": "797", "2012-12-31": "792", "2012-09-30": "793", "2012-06-30": "791", "2012-03-31": "788", "2011-12-31": "792", "2011-09-30": "787", "2011-06-30": "797", "2011-03-31": "798", "2010-12-31": "781", "2010-09-30": "783", "2010-06-30": "777", "2010-03-31": "772", "2009-12-31": "756", "2009-09-30": "764", "2009-06-30": "750", "2009-03-31": "739", "2008-12-31": "744", "2008-09-30": "738", "2008-06-30": "753", "2008-03-31": "753", "2007-12-31": "774", "2007-09-30": "758", "2007-06-30": "779", "2007-03-31": "802", "2006-12-31": "826", "2006-09-30": "822", "2006-06-30": "830", "2006-03-31": "836", "2005-12-31": "852", "2005-09-30": "856", "2005-06-30": "858", "2005-03-31": "856"}}, "total-assets": {"Honeywell Annual Total Assets (Millions of US $)": {"2019": "$58,679", "2018": "$57,773", "2017": "$59,470", "2016": "$54,146", "2015": "$49,316", "2014": "$45,451", "2013": "$45,435", "2012": "$41,853", "2011": "$39,808", "2010": "$37,834", "2009": "$35,993", "2008": "$35,490", "2007": "$33,805", "2006": "$30,941", "2005": "$31,633"}, "Honeywell Quarterly Total Assets (Millions of US $)": {"2020-09-30": "$63,459", "2020-06-30": "$63,604", "2020-03-31": "$57,422", "2019-12-31": "$58,679", "2019-09-30": "$60,104", "2019-06-30": "$57,750", "2019-03-31": "$58,560", "2018-12-31": "$57,773", "2018-09-30": "$61,927", "2018-06-30": "$59,860", "2018-03-31": "$60,948", "2017-12-31": "$59,470", "2017-09-30": "$56,768", "2017-06-30": "$55,668", "2017-03-31": "$54,779", "2016-12-31": "$54,146", "2016-09-30": "$53,556", "2016-06-30": "$51,181", "2016-03-31": "$50,365", "2015-12-31": "$49,316", "2015-09-30": "$46,625", "2015-06-30": "$46,412", "2015-03-31": "$45,357", "2014-12-31": "$45,451", "2014-09-30": "$46,181", "2014-06-30": "$46,596", "2014-03-31": "$45,777", "2013-12-31": "$45,435", "2013-09-30": "$44,406", "2013-06-30": "$42,166", "2013-03-31": "$41,800", "2012-12-31": "$41,853", "2012-09-30": "$41,074", "2012-06-30": "$40,174", "2012-03-31": "$40,370", "2011-12-31": "$39,808", "2011-09-30": "$39,445", "2011-06-30": "$39,650", "2011-03-31": "$38,902", "2010-12-31": "$37,834", "2010-09-30": "$38,119", "2010-06-30": "$36,091", "2010-03-31": "$36,026", "2009-12-31": "$35,993", "2009-09-30": "$35,773", "2009-06-30": "$35,137", "2009-03-31": "$34,357", "2008-12-31": "$35,490", "2008-09-30": "$37,082", "2008-06-30": "$36,779", "2008-03-31": "$34,944", "2007-12-31": "$33,805", "2007-09-30": "$32,902", "2007-06-30": "$31,771", "2007-03-31": "$31,213", "2006-12-31": "$30,941", "2006-09-30": "$32,704", "2006-06-30": "$32,504", "2006-03-31": "$32,206", "2005-12-31": "$31,633", "2005-09-30": "$32,206", "2005-06-30": "$32,568", "2005-03-31": "$34,660"}}, "cash-on-hand": {"Honeywell Annual Cash on Hand (Millions of US $)": {"2019": "$10,416", "2018": "$10,910", "2017": "$10,817", "2016": "$9,363", "2015": "$5,455", "2014": "$6,959", "2013": "$6,422", "2012": "$4,634", "2011": "$3,698", "2010": "$2,650", "2009": "$2,801", "2008": "$2,065", "2007": "$1,829", "2006": "$1,224", "2005": "$1,234"}, "Honeywell Quarterly Cash on Hand (Millions of US $)": {"2020-09-30": "$15,008", "2020-06-30": "$15,127", "2020-03-31": "$8,791", "2019-12-31": "$10,416", "2019-09-30": "$12,364", "2019-06-30": "$9,943", "2019-03-31": "$10,684", "2018-12-31": "$10,910", "2018-09-30": "$11,653", "2018-06-30": "$9,850", "2018-03-31": "$10,280", "2017-12-31": "$10,817", "2017-09-30": "$10,170", "2017-06-30": "$9,821", "2017-03-31": "$9,595", "2016-12-31": "$9,363", "2016-09-30": "$6,431", "2016-06-30": "$5,045", "2016-03-31": "$4,473", "2015-12-31": "$5,455", "2015-09-30": "$6,563", "2015-06-30": "$5,954", "2015-03-31": "$6,575", "2014-12-31": "$6,959", "2014-09-30": "$6,428", "2014-06-30": "$6,582", "2014-03-31": "$6,672", "2013-12-31": "$6,422", "2013-09-30": "$5,499", "2013-06-30": "$4,549", "2013-03-31": "$4,539", "2012-12-31": "$4,634", "2012-09-30": "$4,760", "2012-06-30": "$4,221", "2012-03-31": "$3,988", "2011-12-31": "$3,698", "2011-09-30": "$3,885", "2011-06-30": "$3,548", "2011-03-31": "$3,076", "2010-12-31": "$2,650", "2010-09-30": "$2,640", "2010-06-30": "$2,451", "2010-03-31": "$2,851", "2009-12-31": "$2,801", "2009-09-30": "$2,604", "2009-06-30": "$2,606", "2009-03-31": "$2,052", "2008-12-31": "$2,065", "2008-09-30": "$2,292", "2008-06-30": "$2,204", "2008-03-31": "$2,234", "2007-12-31": "$1,829", "2007-09-30": "$1,787", "2007-06-30": "$1,633", "2007-03-31": "$1,378", "2006-12-31": "$1,224", "2006-09-30": "$1,415", "2006-06-30": "$1,424", "2006-03-31": "$1,442", "2005-12-31": "$1,234", "2005-09-30": "$1,452", "2005-06-30": "$1,929", "2005-03-31": "$4,096"}}, "long-term-debt": {"Honeywell Annual Long Term Debt (Millions of US $)": {"2019": "$11,110", "2018": "$9,756", "2017": "$12,573", "2016": "$12,182", "2015": "$5,554", "2014": "$6,046", "2013": "$6,801", "2012": "$6,395", "2011": "$6,881", "2010": "$5,755", "2009": "$6,246", "2008": "$5,865", "2007": "$5,419", "2006": "$3,909", "2005": "$3,082"}, "Honeywell Quarterly Long Term Debt (Millions of US $)": {"2020-09-30": "$17,687", "2020-06-30": "$17,591", "2020-03-31": "$11,542", "2019-12-31": "$11,110", "2019-09-30": "$11,101", "2019-06-30": "$8,608", "2019-03-31": "$8,598", "2018-12-31": "$9,756", "2018-09-30": "$14,059", "2018-06-30": "$12,504", "2018-03-31": "$12,738", "2017-12-31": "$12,573", "2017-09-30": "$11,453", "2017-06-30": "$11,329", "2017-03-31": "$11,181", "2016-12-31": "$12,182", "2016-09-30": "$9,608", "2016-06-30": "$9,607", "2016-03-31": "$9,700", "2015-12-31": "$5,554", "2015-09-30": "$5,599", "2015-06-30": "$5,562", "2015-03-31": "$5,661", "2014-12-31": "$6,046", "2014-09-30": "$6,760", "2014-06-30": "$6,839", "2014-03-31": "$6,804", "2013-12-31": "$6,801", "2013-09-30": "$5,789", "2013-06-30": "$5,779", "2013-03-31": "$5,787", "2012-12-31": "$6,395", "2012-09-30": "$6,391", "2012-06-30": "$6,342", "2012-03-31": "$6,269", "2011-12-31": "$6,881", "2011-09-30": "$6,880", "2011-06-30": "$6,790", "2011-03-31": "$6,763", "2010-12-31": "$5,755", "2010-09-30": "$6,265", "2010-06-30": "$6,254", "2010-03-31": "$6,246", "2009-12-31": "$6,246", "2009-09-30": "$6,256", "2009-06-30": "$6,251", "2009-03-31": "$6,266", "2008-12-31": "$5,865", "2008-09-30": "$5,963", "2008-06-30": "$6,575", "2008-03-31": "$6,576", "2007-12-31": "$5,419", "2007-09-30": "$5,391", "2007-06-30": "$4,485", "2007-03-31": "$4,704", "2006-12-31": "$3,909", "2006-09-30": "$3,909", "2006-06-30": "$3,911", "2006-03-31": "$3,964", "2005-12-31": "$3,082", "2005-09-30": "$3,972", "2005-06-30": "$4,091", "2005-03-31": "$4,042"}}, "total-liabilities": {"Honeywell Annual Total Liabilities (Millions of US $)": {"2019": "$39,973", "2018": "$39,415", "2017": "$42,805", "2016": "$34,599", "2015": "$30,898", "2014": "$27,667", "2013": "$27,856", "2012": "$28,788", "2011": "$28,906", "2010": "$27,047", "2009": "$27,022", "2008": "$28,221", "2007": "$24,583", "2006": "$21,221", "2005": "$20,871"}, "Honeywell Quarterly Total Liabilities (Millions of US $)": {"2020-09-30": "$45,146", "2020-06-30": "$45,238", "2020-03-31": "$39,557", "2019-12-31": "$39,973", "2019-09-30": "$41,798", "2019-06-30": "$39,690", "2019-03-31": "$39,604", "2018-12-31": "$39,415", "2018-09-30": "$43,511", "2018-06-30": "$42,087", "2018-03-31": "$43,174", "2017-12-31": "$42,805", "2017-09-30": "$35,540", "2017-06-30": "$35,118", "2017-03-31": "$34,304", "2016-12-31": "$34,599", "2016-09-30": "$34,185", "2016-06-30": "$32,239", "2016-03-31": "$31,993", "2015-12-31": "$30,898", "2015-09-30": "$28,729", "2015-06-30": "$27,815", "2015-03-31": "$27,680", "2014-12-31": "$27,667", "2014-09-30": "$27,118", "2014-06-30": "$27,779", "2014-03-31": "$27,734", "2013-12-31": "$27,856", "2013-09-30": "$29,333", "2013-06-30": "$28,308", "2013-03-31": "$28,267", "2012-12-31": "$28,788", "2012-09-30": "$27,855", "2012-06-30": "$28,091", "2012-03-31": "$28,528", "2011-12-31": "$28,906", "2011-09-30": "$27,678", "2011-06-30": "$27,466", "2011-03-31": "$27,092", "2010-12-31": "$27,047", "2010-09-30": "$27,653", "2010-06-30": "$26,963", "2010-03-31": "$26,922", "2009-12-31": "$27,022", "2009-09-30": "$26,178", "2009-06-30": "$26,576", "2009-03-31": "$26,856", "2008-12-31": "$28,221", "2008-09-30": "$27,544", "2008-06-30": "$26,518", "2008-03-31": "$25,308", "2007-12-31": "$24,583", "2007-09-30": "$24,647", "2007-06-30": "$23,971", "2007-03-31": "$22,050", "2006-12-31": "$21,221", "2006-09-30": "$21,383", "2006-06-30": "$21,526", "2006-03-31": "$21,293", "2005-12-31": "$20,871", "2005-09-30": "$20,831", "2005-06-30": "$21,050", "2005-03-31": "$23,229"}}, "total-share-holder-equity": {"Honeywell Annual Share Holder Equity (Millions of US $)": {"2019": "$18,706", "2018": "$18,358", "2017": "$16,665", "2016": "$19,547", "2015": "$18,418", "2014": "$17,784", "2013": "$17,579", "2012": "$13,065", "2011": "$10,902", "2010": "$10,787", "2009": "$8,971", "2008": "$7,269", "2007": "$9,222", "2006": "$9,720", "2005": "$10,762"}, "Honeywell Quarterly Share Holder Equity (Millions of US $)": {"2020-09-30": "$18,313", "2020-06-30": "$18,366", "2020-03-31": "$17,865", "2019-12-31": "$18,706", "2019-09-30": "$18,306", "2019-06-30": "$18,060", "2019-03-31": "$18,956", "2018-12-31": "$18,358", "2018-09-30": "$18,416", "2018-06-30": "$17,773", "2018-03-31": "$17,774", "2017-12-31": "$16,665", "2017-09-30": "$21,228", "2017-06-30": "$20,550", "2017-03-31": "$20,475", "2016-12-31": "$19,547", "2016-09-30": "$19,371", "2016-06-30": "$18,942", "2016-03-31": "$18,372", "2015-12-31": "$18,418", "2015-09-30": "$17,896", "2015-06-30": "$18,597", "2015-03-31": "$17,677", "2014-12-31": "$17,784", "2014-09-30": "$19,063", "2014-06-30": "$18,817", "2014-03-31": "$18,043", "2013-12-31": "$17,579", "2013-09-30": "$15,073", "2013-06-30": "$13,858", "2013-03-31": "$13,533", "2012-12-31": "$13,065", "2012-09-30": "$13,219", "2012-06-30": "$12,083", "2012-03-31": "$11,842", "2011-12-31": "$10,902", "2011-09-30": "$11,767", "2011-06-30": "$12,184", "2011-03-31": "$11,810", "2010-12-31": "$10,787", "2010-09-30": "$10,466", "2010-06-30": "$9,128", "2010-03-31": "$9,104", "2009-12-31": "$8,971", "2009-09-30": "$9,595", "2009-06-30": "$8,561", "2009-03-31": "$7,501", "2008-12-31": "$7,269", "2008-09-30": "$9,538", "2008-06-30": "$10,261", "2008-03-31": "$9,636", "2007-12-31": "$9,222", "2007-09-30": "$8,255", "2007-06-30": "$7,800", "2007-03-31": "$9,163", "2006-12-31": "$9,720", "2006-09-30": "$11,321", "2006-06-30": "$10,978", "2006-03-31": "$10,913", "2005-12-31": "$10,762", "2005-09-30": "$11,375", "2005-06-30": "$11,518", "2005-03-31": "$11,431"}}, "profit-margins": {"current": "14.64%"}, "gross margin": {"2020-12-31": "32.07%", "2020-09-30": "32.23%", "2020-06-30": "32.87%", "2020-03-31": "33.88%", "2019-12-31": "33.70%", "2019-09-30": "33.15%", "2019-06-30": "32.12%", "2019-03-31": "31.17%", "2018-12-31": "30.52%", "2018-09-30": "30.33%", "2018-06-30": "30.46%", "2018-03-31": "30.48%", "2017-12-31": "30.57%", "2017-09-30": "29.40%", "2017-06-30": "29.21%", "2017-03-31": "29.57%", "2016-12-31": "29.58%", "2016-09-30": "30.82%", "2016-06-30": "31.11%", "2016-03-31": "30.75%", "2015-12-31": "30.67%", "2015-09-30": "29.51%", "2015-06-30": "29.20%", "2015-03-31": "28.84%", "2014-12-31": "28.16%", "2014-09-30": "28.26%", "2014-06-30": "27.90%", "2014-03-31": "27.55%", "2013-12-31": "27.37%", "2013-09-30": "25.66%", "2013-06-30": "25.42%", "2013-03-31": "25.19%", "2012-12-31": "24.89%", "2012-09-30": "22.66%", "2012-06-30": "21.97%", "2012-03-31": "21.94%", "2011-12-31": "21.83%", "2011-09-30": "24.51%", "2011-06-30": "24.48%", "2011-03-31": "23.94%", "2010-12-31": "23.58%", "2010-09-30": "22.41%", "2010-06-30": "22.51%", "2010-03-31": "22.53%", "2009-12-31": "22.34%", "2009-09-30": "14.79%", "2009-06-30": "13.77%", "2009-03-31": "14.27%", "2008-12-31": "14.88%", "2008-09-30": "23.26%", "2008-06-30": "24.40%", "2008-03-31": "24.32%", "2007-12-31": "23.96%", "2007-09-30": "23.65%", "2007-06-30": "23.46%", "2007-03-31": "23.38%", "2006-12-31": "23.18%", "2006-09-30": "23.02%", "2006-06-30": "23.02%", "2006-03-31": "22.51%", "2005-12-31": "22.16%"}, "operating margin": {"2020-12-31": "17.45%", "2020-09-30": "17.20%", "2020-06-30": "17.83%", "2020-03-31": "19.01%", "2019-12-31": "18.66%", "2019-09-30": "18.07%", "2019-06-30": "17.11%", "2019-03-31": "16.43%", "2018-12-31": "16.04%", "2018-09-30": "15.86%", "2018-06-30": "15.77%", "2018-03-31": "15.66%", "2017-12-31": "15.55%", "2017-09-30": "14.27%", "2017-06-30": "14.37%", "2017-03-31": "15.02%", "2016-12-31": "15.40%", "2016-09-30": "17.31%", "2016-06-30": "17.96%", "2016-03-31": "17.75%", "2015-12-31": "17.70%", "2015-09-30": "16.30%", "2015-06-30": "15.79%", "2015-03-31": "15.26%", "2014-12-31": "14.47%", "2014-09-30": "14.66%", "2014-06-30": "14.40%", "2014-03-31": "14.10%", "2013-12-31": "14.09%", "2013-09-30": "11.87%", "2013-06-30": "11.53%", "2013-03-31": "11.35%", "2012-12-31": "11.03%", "2012-09-30": "8.52%", "2012-06-30": "7.64%", "2012-03-31": "7.41%", "2011-12-31": "7.05%", "2011-09-30": "10.31%", "2011-06-30": "10.30%", "2011-03-31": "9.69%", "2010-12-31": "9.31%", "2010-09-30": "8.18%", "2010-06-30": "8.40%", "2010-03-31": "8.33%", "2009-12-31": "7.91%", "2009-09-30": "0.38%", "2009-06-30": "-0.78%", "2009-03-31": "0.01%", "2008-12-31": "0.84%", "2008-09-30": "9.63%", "2008-06-30": "11.02%", "2008-03-31": "10.98%", "2007-12-31": "10.77%", "2007-09-30": "10.42%", "2007-06-30": "10.24%", "2007-03-31": "10.02%", "2006-12-31": "9.76%", "2006-09-30": "9.65%", "2006-06-30": "9.35%", "2006-03-31": "8.95%", "2005-12-31": "8.76%"}, "ebitda margin": {"2020-09-30": "20.26%", "2020-06-30": "20.80%", "2020-03-31": "21.96%", "2019-12-31": "21.63%", "2019-09-30": "20.98%", "2019-06-30": "19.94%", "2019-03-31": "19.13%", "2018-12-31": "18.71%", "2018-09-30": "18.53%", "2018-06-30": "18.48%", "2018-03-31": "18.39%", "2017-12-31": "18.30%", "2017-09-30": "17.02%", "2017-06-30": "17.07%", "2017-03-31": "17.68%", "2016-12-31": "18.02%", "2016-09-30": "19.84%", "2016-06-30": "20.40%", "2016-03-31": "20.11%", "2015-12-31": "19.99%", "2015-09-30": "18.58%", "2015-06-30": "18.07%", "2015-03-31": "17.52%", "2014-12-31": "16.76%", "2014-09-30": "17.01%", "2014-06-30": "16.81%", "2014-03-31": "16.59%", "2013-12-31": "16.62%", "2013-09-30": "14.45%", "2013-06-30": "14.07%", "2013-03-31": "13.85%", "2012-12-31": "13.49%", "2012-09-30": "11.01%", "2012-06-30": "10.13%", "2012-03-31": "9.95%", "2011-12-31": "9.67%", "2011-09-30": "13.05%", "2011-06-30": "13.18%", "2011-03-31": "12.68%", "2010-12-31": "12.36%", "2010-09-30": "11.29%", "2010-06-30": "11.55%", "2010-03-31": "11.50%", "2009-12-31": "11.10%", "2009-09-30": "3.30%", "2009-06-30": "2.01%", "2009-03-31": "2.62%", "2008-12-31": "3.31%", "2008-09-30": "12.09%", "2008-06-30": "13.40%", "2008-03-31": "13.38%", "2007-12-31": "13.19%", "2007-09-30": "12.86%", "2007-06-30": "12.68%", "2007-03-31": "12.53%", "2006-12-31": "12.29%", "2006-09-30": "12.15%", "2006-06-30": "11.85%", "2006-03-31": "11.36%", "2005-12-31": "11.12%"}, "pre tax profit margin": {"2020-12-31": "18.42%", "2020-09-30": "18.26%", "2020-06-30": "19.96%", "2020-03-31": "21.09%", "2019-12-31": "20.59%", "2019-09-30": "20.33%", "2019-06-30": "19.17%", "2019-03-31": "18.41%", "2018-12-31": "17.91%", "2018-09-30": "17.33%", "2018-06-30": "17.40%", "2018-03-31": "17.22%", "2017-12-31": "17.15%", "2017-09-30": "16.93%", "2017-06-30": "16.70%", "2017-03-31": "16.67%", "2016-12-31": "16.42%", "2016-09-30": "16.97%", "2016-06-30": "17.24%", "2016-03-31": "17.10%", "2015-12-31": "17.07%", "2015-09-30": "16.05%", "2015-06-30": "15.52%", "2015-03-31": "14.99%", "2014-12-31": "14.43%", "2014-09-30": "14.73%", "2014-06-30": "14.40%", "2014-03-31": "14.12%", "2013-12-31": "13.86%", "2013-09-30": "11.19%", "2013-06-30": "10.86%", "2013-03-31": "10.65%", "2012-12-31": "10.29%", "2012-09-30": "7.75%", "2012-06-30": "6.88%", "2012-03-31": "6.61%", "2011-12-31": "6.25%", "2011-09-30": "9.48%", "2011-06-30": "9.59%", "2011-03-31": "8.92%", "2010-12-31": "8.41%", "2010-09-30": "7.39%", "2010-06-30": "7.42%", "2010-03-31": "7.04%", "2009-12-31": "6.56%", "2009-09-30": "-1.07%", "2009-06-30": "-0.30%", "2009-03-31": "0.75%", "2008-12-31": "1.64%", "2008-09-30": "10.40%", "2008-06-30": "10.00%", "2008-03-31": "9.88%", "2007-12-31": "9.65%", "2007-09-30": "9.42%", "2007-06-30": "9.33%", "2007-03-31": "9.14%", "2006-12-31": "8.92%", "2006-09-30": "9.00%", "2006-06-30": "8.79%", "2006-03-31": "8.39%", "2005-12-31": "8.30%"}, "net profit margin": {"2020-12-31": "14.64%", "2020-09-30": "14.99%", "2020-06-30": "16.94%", "2020-03-31": "17.38%", "2019-12-31": "16.73%", "2019-09-30": "17.06%", "2019-06-30": "18.17%", "2019-03-31": "16.73%", "2018-12-31": "16.18%", "2018-09-30": "5.89%", "2018-06-30": "3.63%", "2018-03-31": "4.00%", "2017-12-31": "3.81%", "2017-09-30": "12.85%", "2017-06-30": "12.69%", "2017-03-31": "12.53%", "2016-12-31": "12.24%", "2016-09-30": "12.64%", "2016-06-30": "12.77%", "2016-03-31": "12.52%", "2015-12-31": "12.36%", "2015-09-30": "11.66%", "2015-06-30": "11.26%", "2015-03-31": "10.89%", "2014-12-31": "10.52%", "2014-09-30": "10.46%", "2014-06-30": "10.14%", "2014-03-31": "10.09%", "2013-12-31": "10.05%", "2013-09-30": "8.44%", "2013-06-30": "8.40%", "2013-03-31": "8.14%", "2012-12-31": "7.77%", "2012-09-30": "6.30%", "2012-06-30": "6.07%", "2012-03-31": "5.88%", "2011-12-31": "5.66%", "2011-09-30": "7.72%", "2011-06-30": "7.21%", "2011-03-31": "6.73%", "2010-12-31": "6.25%", "2010-09-30": "5.64%", "2010-06-30": "5.75%", "2010-03-31": "5.44%", "2009-12-31": "5.17%", "2009-09-30": "0.56%", "2009-06-30": "0.87%", "2009-03-31": "1.59%", "2008-12-31": "2.20%", "2008-09-30": "7.47%", "2008-06-30": "7.31%", "2008-03-31": "7.23%", "2007-12-31": "7.07%", "2007-09-30": "6.97%", "2007-06-30": "6.90%", "2007-03-31": "6.76%", "2006-12-31": "6.64%", "2006-09-30": "6.63%", "2006-06-30": "6.60%", "2006-03-31": "6.03%", "2005-12-31": "5.92%"}, "pe ratio": {"current": "28.58", "2021-02-05": "42.19", "2020-12-31": "44.22", "2020-09-30": "23.51", "2020-06-30": "17.60", "2020-03-31": "15.11", "2019-12-31": "20.57", "2019-09-30": "19.22", "2019-06-30": "17.98", "2019-03-31": "17.05", "2018-12-31": "14.14", "2018-09-30": "44.09", "2018-06-30": "62.12", "2018-03-31": "58.71", "2017-12-31": "67.37", "2017-09-30": "19.52", "2017-06-30": "18.70", "2017-03-31": "17.81", "2016-12-31": "16.92", "2016-09-30": "16.33", "2016-06-30": "16.21", "2016-03-31": "15.91", "2015-12-31": "14.91", "2015-09-30": "14.33", "2015-06-30": "15.72", "2015-03-31": "16.38", "2014-12-31": "16.00", "2014-09-30": "14.86", "2014-06-30": "15.43", "2014-03-31": "15.63", "2013-12-31": "15.54", "2013-09-30": "17.07", "2013-06-30": "16.39", "2013-03-31": "16.04", "2012-12-31": "14.05", "2012-09-30": "16.31", "2012-06-30": "15.67", "2012-03-31": "17.76", "2011-12-31": "16.58", "2011-09-30": "9.97", "2011-06-30": "15.48", "2011-03-31": "17.93", "2010-12-31": "18.60", "2010-09-30": "12.74", "2010-06-30": "10.60", "2010-03-31": "12.21", "2009-12-31": "10.34", "2009-09-30": "9.53", "2009-06-30": "7.54", "2009-03-31": "5.94", "2008-12-31": "6.35", "2008-09-30": "8.09", "2008-06-30": "10.18", "2008-03-31": "11.98", "2007-12-31": "13.79", "2007-09-30": "14.11", "2007-06-30": "14.00", "2007-03-31": "12.05", "2006-12-31": "12.42"}, "price sales": {"2021-02-05": "4.42", "2020-12-31": "4.64", "2020-09-30": "3.53", "2020-06-30": "2.99", "2020-03-31": "2.63", "2019-12-31": "3.45", "2019-09-30": "3.29", "2019-06-30": "3.27", "2019-03-31": "2.86", "2018-12-31": "2.30", "2018-09-30": "2.73", "2018-06-30": "2.40", "2018-03-31": "2.46", "2017-12-31": "2.67", "2017-09-30": "2.51", "2017-06-30": "2.37", "2017-03-31": "2.22", "2016-12-31": "2.05", "2016-09-30": "2.05", "2016-06-30": "2.05", "2016-03-31": "1.99", "2015-12-31": "1.85", "2015-09-30": "1.67", "2015-06-30": "1.77", "2015-03-31": "1.78", "2014-12-31": "1.68", "2014-09-30": "1.56", "2014-06-30": "1.56", "2014-03-31": "1.58", "2013-12-31": "1.56", "2013-09-30": "1.44", "2013-06-30": "1.38", "2013-03-31": "1.31", "2012-12-31": "1.09", "2012-09-30": "1.02", "2012-06-30": "0.95", "2012-03-31": "1.04", "2011-12-31": "0.94", "2011-09-30": "0.77", "2011-06-30": "1.07", "2011-03-31": "1.10", "2010-12-31": "0.99", "2010-09-30": "0.84", "2010-06-30": "0.75", "2010-03-31": "0.86", "2009-12-31": "0.74", "2009-09-30": "0.66", "2009-06-30": "0.52", "2009-03-31": "0.43", "2008-12-31": "0.49", "2008-09-30": "0.61", "2008-06-30": "0.75", "2008-03-31": "0.87", "2007-12-31": "0.98", "2007-09-30": "0.99", "2007-06-30": "0.97", "2007-03-31": "0.82", "2006-12-31": "0.83"}, "price book": {"current": "8.00", "2021-02-05": "7.78", "2020-09-30": "6.28", "2020-06-30": "5.47", "2020-03-31": "5.17", "2019-12-31": "6.58", "2019-09-30": "6.42", "2019-06-30": "6.76", "2019-03-31": "5.90", "2018-12-31": "5.05", "2018-09-30": "6.20", "2018-06-30": "5.55", "2018-03-31": "5.58", "2017-12-31": "6.31", "2017-09-30": "4.62", "2017-06-30": "4.46", "2017-03-31": "4.19", "2016-12-31": "4.04", "2016-09-30": "4.06", "2016-06-30": "4.11", "2016-03-31": "4.07", "2015-12-31": "3.77", "2015-09-30": "3.53", "2015-06-30": "3.69", "2015-03-31": "3.96", "2014-12-31": "3.75", "2014-09-30": "3.25", "2014-06-30": "3.27", "2014-03-31": "3.38", "2013-12-31": "3.41", "2013-09-30": "3.60", "2013-06-30": "3.72", "2013-03-31": "3.61", "2012-12-31": "3.11", "2012-09-30": "2.88", "2012-06-30": "2.92", "2012-03-31": "3.23", "2011-12-31": "3.06", "2011-09-30": "2.27", "2011-06-30": "2.99", "2011-03-31": "3.09", "2010-12-31": "2.98", "2010-09-30": "2.52", "2010-06-30": "2.52", "2010-03-31": "2.89", "2009-12-31": "2.51", "2009-09-30": "2.20", "2009-06-30": "2.04", "2009-03-31": "2.03", "2008-12-31": "2.41", "2008-09-30": "2.27", "2008-06-30": "2.61", "2008-03-31": "3.09", "2007-12-31": "3.53", "2007-09-30": "3.79", "2007-06-30": "3.79", "2007-03-31": "2.74", "2006-12-31": "2.59", "2006-09-30": "2.04", "2006-06-30": "2.07", "2006-03-31": "2.22"}, "price fcf": {"2021-02-05": "", "2020-09-30": "$7.08", "2020-06-30": "$7.84", "2020-03-31": "$8.13", "2019-12-31": "$8.35", "2019-09-30": "$6.93", "2019-06-30": "$7.36", "2019-03-31": "$7.50", "2018-12-31": "$7.46", "2018-09-30": "$8.11", "2018-06-30": "$7.43", "2018-03-31": "$6.79", "2017-12-31": "$6.50", "2017-09-30": "$6.39", "2017-06-30": "$6.46", "2017-03-31": "$6.57", "2016-12-31": "$5.71", "2016-09-30": "$5.51", "2016-06-30": "$5.70", "2016-03-31": "$5.49", "2015-12-31": "$5.65", "2015-09-30": "$5.41", "2015-06-30": "$4.80", "2015-03-31": "$4.73", "2014-12-31": "$5.04", "2014-09-30": "$4.86", "2014-06-30": "$4.73", "2014-03-31": "$4.66", "2013-12-31": "$4.27", "2013-09-30": "$4.00", "2013-06-30": "$3.87", "2013-03-31": "$3.52", "2012-12-31": "$3.33", "2012-09-30": "$3.44", "2012-06-30": "$3.10", "2012-03-31": "$3.34", "2011-12-31": "$2.58", "2011-09-30": "$2.11", "2011-06-30": "$2.96", "2011-03-31": "$2.98", "2010-12-31": "$4.57", "2010-09-30": "$5.06", "2010-06-30": "$4.90", "2010-03-31": "$5.01", "2009-12-31": "$4.46", "2009-09-30": "$4.22", "2009-06-30": "$3.70", "2009-03-31": "$3.53", "2008-12-31": "$3.98", "2008-09-30": "$4.17", "2008-06-30": "$4.40", "2008-03-31": "$4.35", "2007-12-31": "$4.19", "2007-09-30": "$3.95", "2007-06-30": "$3.71", "2007-03-31": "$3.53", "2006-12-31": "$3.10"}, "net worth": {"value": "$142.39B"}, "current ratio": {"2020-12-31": "1.47", "2020-09-30": "1.64", "2020-06-30": "1.63", "2020-03-31": "1.30", "2019-12-31": "1.34", "2019-09-30": "1.32", "2019-06-30": "1.20", "2019-03-31": "1.24", "2018-12-31": "1.29", "2018-09-30": "1.49", "2018-06-30": "1.38", "2018-03-31": "1.36", "2017-12-31": "1.38", "2017-09-30": "1.35", "2017-06-30": "1.34", "2017-03-31": "1.37", "2016-12-31": "1.41", "2016-09-30": "1.20", "2016-06-30": "1.28", "2016-03-31": "1.25", "2015-12-31": "1.09", "2015-09-30": "1.44", "2015-06-30": "1.49", "2015-03-31": "1.44", "2014-12-31": "1.50", "2014-09-30": "1.60", "2014-06-30": "1.57", "2014-03-31": "1.50", "2013-12-31": "1.49", "2013-09-30": "1.32", "2013-06-30": "1.32", "2013-03-31": "1.35", "2012-12-31": "1.35", "2012-09-30": "1.40", "2012-06-30": "1.30", "2012-03-31": "1.31", "2011-12-31": "1.31", "2011-09-30": "1.33", "2011-06-30": "1.44", "2011-03-31": "1.36", "2010-12-31": "1.32", "2010-09-30": "1.31", "2010-06-30": "1.40", "2010-03-31": "1.29", "2009-12-31": "1.25", "2009-09-30": "1.26", "2009-06-30": "1.25", "2009-03-31": "1.17", "2008-12-31": "1.08", "2008-09-30": "1.10", "2008-06-30": "1.26", "2008-03-31": "1.30", "2007-12-31": "1.15", "2007-09-30": "1.13", "2007-06-30": "1.06", "2007-03-31": "1.22", "2006-12-31": "1.21", "2006-09-30": "1.24", "2006-06-30": "1.20", "2006-03-31": "1.23", "2005-12-31": "1.15", "2005-09-30": "1.30", "2005-06-30": "1.33", "2005-03-31": "1.29"}, "quick ratio": {"2020-12-31": "1.23", "2020-09-30": "1.37", "2020-06-30": "1.36", "2020-03-31": "1.04", "2019-12-31": "1.10", "2019-09-30": "1.08", "2019-06-30": "0.96", "2019-03-31": "1.01", "2018-12-31": "1.06", "2018-09-30": "1.21", "2018-06-30": "1.11", "2018-03-31": "1.11", "2017-12-31": "1.13", "2017-09-30": "1.09", "2017-06-30": "1.08", "2017-03-31": "1.10", "2016-12-31": "1.15", "2016-09-30": "0.95", "2016-06-30": "0.99", "2016-03-31": "0.94", "2015-12-31": "0.85", "2015-09-30": "1.16", "2015-06-30": "1.20", "2015-03-31": "1.15", "2014-12-31": "1.20", "2014-09-30": "1.28", "2014-06-30": "1.25", "2014-03-31": "1.19", "2013-12-31": "1.19", "2013-09-30": "1.01", "2013-06-30": "1.01", "2013-03-31": "1.02", "2012-12-31": "1.02", "2012-09-30": "1.06", "2012-06-30": "0.96", "2012-03-31": "0.96", "2011-12-31": "0.97", "2011-09-30": "0.99", "2011-06-30": "1.09", "2011-03-31": "1.00", "2010-12-31": "1.00", "2010-09-30": "0.96", "2010-06-30": "1.06", "2010-03-31": "0.97", "2009-12-31": "0.94", "2009-09-30": "0.93", "2009-06-30": "0.92", "2009-03-31": "0.82", "2008-12-31": "0.77", "2008-09-30": "0.80", "2008-06-30": "0.94", "2008-03-31": "0.94", "2007-12-31": "0.82", "2007-09-30": "0.81", "2007-06-30": "0.75", "2007-03-31": "0.86", "2006-12-31": "0.86", "2006-09-30": "0.87", "2006-06-30": "0.84", "2006-03-31": "0.86", "2005-12-31": "0.82", "2005-09-30": "0.95", "2005-06-30": "0.98", "2005-03-31": "1.00"}, "debt equity ratio": {"current": "0.92", "2020-12-31": "2.63", "2020-09-30": "2.47", "2020-06-30": "2.46", "2020-03-31": "2.21", "2019-12-31": "2.14", "2019-09-30": "2.28", "2019-06-30": "2.20", "2019-03-31": "2.09", "2018-12-31": "2.15", "2018-09-30": "2.36", "2018-06-30": "2.37", "2018-03-31": "2.43", "2017-12-31": "2.57", "2017-09-30": "1.67", "2017-06-30": "1.71", "2017-03-31": "1.68", "2016-12-31": "1.77", "2016-09-30": "1.77", "2016-06-30": "1.70", "2016-03-31": "1.74", "2015-12-31": "1.68", "2015-09-30": "1.61", "2015-06-30": "1.50", "2015-03-31": "1.57", "2014-12-31": "1.56", "2014-09-30": "1.42", "2014-06-30": "1.48", "2014-03-31": "1.54", "2013-12-31": "1.59", "2013-09-30": "1.95", "2013-06-30": "2.04", "2013-03-31": "2.09", "2012-12-31": "2.20", "2012-09-30": "2.11", "2012-06-30": "2.33", "2012-03-31": "2.41", "2011-12-31": "2.65", "2011-09-30": "2.35", "2011-06-30": "2.25", "2011-03-31": "2.29", "2010-12-31": "2.51", "2010-09-30": "2.64", "2010-06-30": "2.95", "2010-03-31": "2.96", "2009-12-31": "3.01", "2009-09-30": "2.73", "2009-06-30": "3.10", "2009-03-31": "3.58", "2008-12-31": "3.88", "2008-09-30": "2.89", "2008-06-30": "2.58", "2008-03-31": "2.63", "2007-12-31": "2.67", "2007-09-30": "2.99", "2007-06-30": "3.07", "2007-03-31": "2.41", "2006-12-31": "2.18", "2006-09-30": "1.89", "2006-06-30": "1.96", "2006-03-31": "1.95", "2005-12-31": "1.94", "2005-09-30": "1.83", "2005-06-30": "1.83", "2005-03-31": "2.03"}, "return on equity": {"2020-12-31": "26.43%", "2020-09-30": "27.21%", "2020-06-30": "31.94%", "2020-03-31": "34.59%", "2019-12-31": "33.19%", "2019-09-30": "34.21%", "2019-06-30": "38.03%", "2019-03-31": "36.69%", "2018-12-31": "37.42%", "2018-09-30": "14.31%", "2018-06-30": "8.35%", "2018-03-31": "8.70%", "2017-12-31": "7.83%", "2017-09-30": "24.94%", "2017-06-30": "24.99%", "2017-03-31": "25.13%", "2016-12-31": "25.25%", "2016-09-30": "26.46%", "2016-06-30": "27.13%", "2016-03-31": "26.57%", "2015-12-31": "26.27%", "2015-09-30": "25.18%", "2015-06-30": "24.25%", "2015-03-31": "23.66%", "2014-12-31": "23.00%", "2014-09-30": "23.02%", "2014-06-30": "23.32%", "2014-03-31": "24.63%", "2013-12-31": "26.14%", "2013-09-30": "23.25%", "2013-06-30": "23.76%", "2013-03-31": "23.65%", "2012-12-31": "23.31%", "2012-09-30": "19.69%", "2012-06-30": "19.55%", "2012-03-31": "18.72%", "2011-12-31": "17.72%", "2011-09-30": "23.60%", "2011-06-30": "21.94%", "2011-03-31": "21.22%", "2010-12-31": "20.48%", "2010-09-30": "18.54%", "2010-06-30": "19.09%", "2010-03-31": "18.11%", "2009-12-31": "17.88%", "2009-09-30": "2.14%", "2009-06-30": "3.49%", "2009-03-31": "6.48%", "2008-12-31": "8.78%", "2008-09-30": "28.70%", "2008-06-30": "28.61%", "2008-03-31": "29.34%", "2007-12-31": "28.39%", "2007-09-30": "26.79%", "2007-06-30": "23.82%", "2007-03-31": "21.11%", "2006-12-31": "19.41%", "2006-09-30": "18.30%", "2006-06-30": "17.58%", "2006-03-31": "15.40%", "2005-12-31": "14.53%"}, "return on assets": {"2020-12-31": "7.67%", "2020-09-30": "8.20%", "2020-06-30": "9.75%", "2020-03-31": "10.78%", "2019-12-31": "10.45%", "2019-09-30": "10.76%", "2019-06-30": "11.89%", "2019-03-31": "11.33%", "2018-12-31": "11.25%", "2018-09-30": "4.17%", "2018-06-30": "2.59%", "2018-03-31": "2.85%", "2017-12-31": "2.73%", "2017-09-30": "9.22%", "2017-06-30": "9.16%", "2017-03-31": "9.21%", "2016-12-31": "9.20%", "2016-09-30": "9.72%", "2016-06-30": "10.11%", "2016-03-31": "10.10%", "2015-12-31": "10.16%", "2015-09-30": "9.86%", "2015-06-30": "9.67%", "2015-03-31": "9.45%", "2014-12-31": "9.21%", "2014-09-30": "9.20%", "2014-06-30": "8.90%", "2014-03-31": "8.94%", "2013-12-31": "9.03%", "2013-09-30": "7.59%", "2013-06-30": "7.64%", "2013-03-31": "7.44%", "2012-12-31": "7.16%", "2012-09-30": "5.86%", "2012-06-30": "5.70%", "2012-03-31": "5.49%", "2011-12-31": "5.24%", "2011-09-30": "7.05%", "2011-06-30": "6.43%", "2011-03-31": "5.93%", "2010-12-31": "5.46%", "2010-09-30": "4.78%", "2010-06-30": "4.88%", "2010-03-31": "4.59%", "2009-12-31": "4.38%", "2009-09-30": "0.50%", "2009-06-30": "0.81%", "2009-03-31": "1.56%", "2008-12-31": "2.23%", "2008-09-30": "7.78%", "2008-06-30": "7.72%", "2008-03-31": "7.68%", "2007-12-31": "7.54%", "2007-09-30": "7.38%", "2007-06-30": "7.15%", "2007-03-31": "6.82%", "2006-12-31": "6.49%", "2006-09-30": "6.24%", "2006-06-30": "6.02%", "2006-03-31": "5.34%", "2005-12-31": "5.00%"}, "return on investments": {"2020-12-31": "16.82%", "2020-09-30": "17.43%", "2020-06-30": "19.76%", "2020-03-31": "23.94%", "2019-12-31": "24.16%", "2019-09-30": "23.90%", "2019-06-30": "23.02%", "2019-03-31": "22.36%", "2018-12-31": "22.10%", "2018-09-30": "22.22%", "2018-06-30": "21.73%", "2018-03-31": "20.88%", "2017-12-31": "20.10%", "2017-09-30": "17.70%", "2017-06-30": "18.20%", "2017-03-31": "19.51%", "2016-12-31": "20.63%", "2016-09-30": "24.83%", "2016-06-30": "26.99%", "2016-03-31": "27.69%", "2015-12-31": "28.76%", "2015-09-30": "26.72%", "2015-06-30": "25.59%", "2015-03-31": "24.65%", "2014-12-31": "23.29%", "2014-09-30": "23.55%", "2014-06-30": "24.04%", "2014-03-31": "24.78%", "2013-12-31": "26.13%", "2013-09-30": "22.91%", "2013-06-30": "22.42%", "2013-03-31": "22.27%", "2012-12-31": "21.99%", "2012-09-30": "17.32%", "2012-06-30": "15.72%", "2012-03-31": "14.98%", "2011-12-31": "13.92%", "2011-09-30": "20.17%", "2011-06-30": "20.02%", "2011-03-31": "19.16%", "2010-12-31": "18.82%", "2010-09-30": "16.16%", "2010-06-30": "16.58%", "2010-03-31": "16.42%", "2009-12-31": "15.88%", "2009-09-30": "0.83%", "2009-06-30": "-1.81%", "2009-03-31": "0.01%", "2008-12-31": "2.00%", "2008-09-30": "22.64%", "2008-06-30": "26.29%", "2008-03-31": "27.40%", "2007-12-31": "27.36%", "2007-09-30": "26.20%", "2007-06-30": "24.42%", "2007-03-31": "22.38%", "2006-12-31": "20.89%", "2006-09-30": "19.92%", "2006-06-30": "18.60%", "2006-03-31": "17.07%", "2005-12-31": "16.07%"}, "return on tangible equity": {"2020-09-30": "-635.05%", "2020-06-30": "-731.46%", "2020-03-31": "-640.24%", "2019-12-31": "-685.99%", "2019-09-30": "-583.79%", "2019-06-30": "-380.12%", "2019-03-31": "-255.33%", "2018-12-31": "-178.83%", "2018-09-30": "-50.74%", "2018-06-30": "-34.90%", "2018-03-31": "-44.22%", "2017-12-31": "-52.67%", "2017-09-30": "-242.31%", "2017-06-30": "-197.55%", "2017-03-31": "-189.98%", "2016-12-31": "-167.94%", "2016-09-30": "-185.39%", "2016-06-30": "-469.05%", "2016-03-31": "1120.37%", "2015-12-31": "251.54%", "2015-09-30": "145.85%", "2015-06-30": "135.00%", "2015-03-31": "135.22%", "2014-12-31": "134.57%", "2014-09-30": "143.01%", "2014-06-30": "224.17%", "2014-03-31": "596.18%", "2013-12-31": "-1376.84%", "2013-09-30": "-259.90%", "2013-06-30": "-245.28%", "2013-03-31": "-201.15%", "2012-12-31": "-159.15%", "2012-09-30": "-105.37%", "2012-06-30": "-88.82%", "2012-03-31": "-88.91%", "2011-12-31": "-84.43%", "2011-09-30": "-117.04%", "2011-06-30": "-91.04%", "2011-03-31": "-71.65%", "2010-12-31": "-60.29%", "2010-09-30": "-49.58%", "2010-06-30": "-52.02%", "2010-03-31": "-46.61%", "2009-12-31": "-39.88%", "2009-09-30": "-4.14%", "2009-06-30": "-6.83%", "2009-03-31": "-15.43%", "2008-12-31": "-29.85%", "2008-09-30": "-157.01%", "2008-06-30": "-179.46%", "2008-03-31": "-162.78%", "2007-12-31": "-173.15%", "2007-09-30": "-226.91%", "2007-06-30": "-1542.08%", "2007-03-31": "327.63%", "2006-12-31": "181.05%", "2006-09-30": "124.56%", "2006-06-30": "108.18%", "2006-03-31": "81.81%", "2005-12-31": "68.86%"}, "dividend yield history": {"last payout": "$3.72", "last yield": "1.83%"}}