{"ticker": "HST", "price": {"title": "Host Hotels & Resorts Historical Annual Stock Price Data", "value": 14.2, "historical": {"2021": {"Average Stock Price": "14.3150", "Year Open": "14.1500", "Year High": "15.0100", "Year Low": "13.5000", "Year Close": "14.1950", "Annual % Change": "-2.97%"}, "2020": {"Average Stock Price": "12.6417", "Year Open": "18.2300", "Year High": "18.2300", "Year Low": "9.0600", "Year Close": "14.6300", "Annual % Change": "-21.13%"}, "2019": {"Average Stock Price": "17.9097", "Year Open": "16.3900", "Year High": "20.1400", "Year Low": "15.6000", "Year Close": "18.5500", "Annual % Change": "11.28%"}, "2018": {"Average Stock Price": "19.9647", "Year Open": "19.9400", "Year High": "22.2500", "Year Low": "15.9400", "Year Close": "16.6700", "Annual % Change": "-16.02%"}, "2017": {"Average Stock Price": "18.6038", "Year Open": "19.1300", "Year High": "20.5800", "Year Low": "17.3800", "Year Close": "19.8500", "Annual % Change": "5.36%"}, "2016": {"Average Stock Price": "16.2126", "Year Open": "15.1600", "Year High": "19.1800", "Year Low": "12.8200", "Year Close": "18.8400", "Annual % Change": "22.82%"}, "2015": {"Average Stock Price": "19.4215", "Year Open": "23.8100", "Year High": "24.1400", "Year Low": "15.2000", "Year Close": "15.3400", "Annual % Change": "-35.46%"}, "2014": {"Average Stock Price": "21.5077", "Year Open": "19.2600", "Year High": "24.3300", "Year Low": "18.0000", "Year Close": "23.7700", "Annual % Change": "22.27%"}, "2013": {"Average Stock Price": "17.6930", "Year Open": "16.1400", "Year High": "19.4400", "Year Low": "16.0200", "Year Close": "19.4400", "Annual % Change": "24.06%"}, "2012": {"Average Stock Price": "15.6066", "Year Open": "14.8700", "Year High": "17.2500", "Year Low": "13.7800", "Year Close": "15.6700", "Annual % Change": "6.09%"}, "2011": {"Average Stock Price": "15.4618", "Year Open": "18.3500", "Year High": "19.7700", "Year Low": "10.1700", "Year Close": "14.7700", "Annual % Change": "-17.35%"}, "2010": {"Average Stock Price": "14.4619", "Year Open": "11.8200", "Year High": "17.8700", "Year Low": "10.6000", "Year Close": "17.8700", "Annual % Change": "53.13%"}, "2009": {"Average Stock Price": "8.3727", "Year Open": "7.7300", "Year High": "12.1300", "Year Low": "3.4000", "Year Close": "11.6700", "Annual % Change": "54.16%"}, "2008": {"Average Stock Price": "13.7504", "Year Open": "17.2800", "Year High": "18.7600", "Year Low": "5.0600", "Year Close": "7.5700", "Annual % Change": "-55.58%"}, "2007": {"Average Stock Price": "23.3569", "Year Open": "24.5600", "Year High": "28.7100", "Year Low": "16.7100", "Year Close": "17.0400", "Annual % Change": "-30.59%"}, "2006": {"Average Stock Price": "21.7175", "Year Open": "19.1800", "Year High": "25.6000", "Year Low": "18.9500", "Year Close": "24.5500", "Annual % Change": "29.55%"}, "2005": {"Average Stock Price": "17.1357", "Year Open": "17.0000", "Year High": "19.0500", "Year Low": "15.4900", "Year Close": "18.9500", "Annual % Change": "9.54%"}, "2004": {"Average Stock Price": "13.3248", "Year Open": "12.2500", "Year High": "17.3000", "Year Low": "11.3700", "Year Close": "17.3000", "Annual % Change": "40.42%"}, "2003": {"Average Stock Price": "9.2989", "Year Open": "8.9000", "Year High": "12.3200", "Year Low": "6.1000", "Year Close": "12.3200", "Annual % Change": "39.21%"}, "2002": {"Average Stock Price": "10.2013", "Year Open": "9.2000", "Year High": "12.0500", "Year Low": "7.7500", "Year Close": "8.8500", "Annual % Change": "-1.67%"}, "2001": {"Average Stock Price": "11.2971", "Year Open": "12.8100", "Year High": "13.8900", "Year Low": "6.4500", "Year Close": "9.0000", "Annual % Change": "-30.45%"}, "2000": {"Average Stock Price": "10.1992", "Year Open": "8.4380", "Year High": "12.9400", "Year Low": "8.1250", "Year Close": "12.9400", "Annual % Change": "56.85%"}, "1999": {"Average Stock Price": "10.8234", "Year Open": "14.7500", "Year High": "14.7500", "Year Low": "7.7500", "Year Close": "8.2500", "Annual % Change": "-40.26%"}, "1998": {"Average Stock Price": "16.9672", "Year Open": "19.0600", "Year High": "21.3800", "Year Low": "10.0000", "Year Close": "13.8100", "Annual % Change": "-29.65%"}, "1997": {"Average Stock Price": "18.8388", "Year Open": "15.6300", "Year High": "23.6900", "Year Low": "15.5000", "Year Close": "19.6300", "Annual % Change": "22.69%"}, "1996": {"Average Stock Price": "13.6432", "Year Open": "12.3800", "Year High": "16.1300", "Year Low": "11.5000", "Year Close": "16.0000", "Annual % Change": "21.86%"}, "1995": {"Average Stock Price": "11.3654", "Year Open": "9.8750", "Year High": "13.7500", "Year Low": "9.3750", "Year Close": "13.1300", "Annual % Change": "36.42%"}, "1994": {"Average Stock Price": "10.5814", "Year Open": "9.0000", "Year High": "13.5000", "Year Low": "8.6250", "Year Close": "9.6250", "Annual % Change": "5.48%"}, "1993": {"Average Stock Price": "22.0775", "Year Open": "21.0000", "Year High": "33.2500", "Year Low": "6.3750", "Year Close": "9.1250", "Annual % Change": "-56.02%"}, "1992": {"Average Stock Price": "17.6425", "Year Open": "16.3800", "Year High": "21.6300", "Year Low": "13.7500", "Year Close": "20.7500", "Annual % Change": "24.77%"}, "1991": {"Average Stock Price": "16.6553", "Year Open": "10.6200", "Year High": "22.5000", "Year Low": "9.7500", "Year Close": "16.6300", "Annual % Change": "58.38%"}, "1990": {"Average Stock Price": "20.6233", "Year Open": "33.2500", "Year High": "33.3700", "Year Low": "8.7500", "Year Close": "10.5000", "Annual % Change": "-68.53%"}, "1989": {"Average Stock Price": "35.1727", "Year Open": "31.6200", "Year High": "40.5000", "Year Low": "29.8800", "Year Close": "33.3700", "Annual % Change": "5.53%"}, "1988": {"Average Stock Price": "29.8070", "Year Open": "30.3700", "Year High": "33.3700", "Year Low": "26.3700", "Year Close": "31.6200", "Annual % Change": "5.40%"}, "1987": {"Average Stock Price": "36.3191", "Year Open": "29.7500", "Year High": "43.1300", "Year Low": "26.0000", "Year Close": "30.0000", "Annual % Change": "3.45%"}, "1986": {"Average Stock Price": "84.7207", "Year Open": "108.2500", "Year High": "190.0000", "Year Low": "28.2500", "Year Close": "29.0000", "Annual % Change": "-73.39%"}, "1985": {"Average Stock Price": "91.1217", "Year Open": "74.2500", "Year High": "113.5000", "Year Low": "73.5000", "Year Close": "109.0000", "Annual % Change": "43.89%"}, "1984": {"Average Stock Price": "69.4907", "Year Open": "71.1300", "Year High": "79.6300", "Year Low": "60.0000", "Year Close": "75.7500", "Annual % Change": "6.32%"}}}, "market cap": {"value": "$10.01B"}, "income statement": {"Revenue": {"2019-12-31": "5469.00000", "2018-12-31": "5524.00000", "2017-12-31": "5387.00000", "2016-12-31": "5430.00000", "2015-12-31": "5350.00000", "2014-12-31": "5321.00000", "2013-12-31": "5166.00000", "2012-12-31": "5059.00000", "2011-12-31": "4714.00000", "2010-12-31": "4361.00000", "2009-12-31": "4135.00000", "2008-12-31": "5119.00000", "2007-12-31": "5249.00000", "2006-12-31": "4802.00000", "2005-12-31": "3694.00000"}, "Cost Of Goods Sold": {"2019-12-31": "3892.00000", "2018-12-31": "3953.00000", "2017-12-31": "3876.00000", "2016-12-31": "3931.00000", "2015-12-31": "3919.00000", "2014-12-31": "3901.00000", "2013-12-31": "3836.00000", "2012-12-31": "3879.00000", "2011-12-31": "3687.00000", "2010-12-31": "3451.00000", "2009-12-31": "3257.00000", "2008-12-31": "3771.00000", "2007-12-31": "3807.00000", "2006-12-31": "3513.00000", "2005-12-31": "2795.00000"}, "Gross Profit": {"2019-12-31": "1577.00000", "2018-12-31": "1571.00000", "2017-12-31": "1511.00000", "2016-12-31": "1499.00000", "2015-12-31": "1431.00000", "2014-12-31": "1420.00000", "2013-12-31": "1330.00000", "2012-12-31": "1180.00000", "2011-12-31": "1027.00000", "2010-12-31": "910.00000", "2009-12-31": "878.00000", "2008-12-31": "1348.00000", "2007-12-31": "1442.00000", "2006-12-31": "1289.00000", "2005-12-31": "899.00000"}, "Research And Development Expenses": {"2019-12-31": "", "2018-12-31": "", "2017-12-31": "", "2016-12-31": "", "2015-12-31": "", "2014-12-31": "", "2013-12-31": "", "2012-12-31": "", "2011-12-31": "", "2010-12-31": "", "2009-12-31": "", "2008-12-31": "", "2007-12-31": "", "2006-12-31": "", "2005-12-31": ""}, "SG&A Expenses": {"2019-12-31": "", "2018-12-31": "", "2017-12-31": "", "2016-12-31": "", "2015-12-31": "", "2014-12-31": "", "2013-12-31": "", "2012-12-31": "", "2011-12-31": "", "2010-12-31": "", "2009-12-31": "", "2008-12-31": "", "2007-12-31": "", "2006-12-31": "", "2005-12-31": ""}, "Other Operating Income Or Expenses": {"2019-12-31": "5.00000", "2018-12-31": "7.00000", "2017-12-31": "14.00000", "2016-12-31": "15.00000", "2015-12-31": "2.00000", "2014-12-31": "10.00000", "2013-12-31": "", "2012-12-31": "11.00000", "2011-12-31": "2.00000", "2010-12-31": "3.00000", "2009-12-31": "", "2008-12-31": "7.00000", "2007-12-31": "51.00000", "2006-12-31": "13.00000", "2005-12-31": "9.00000"}, "Operating Expenses": {"2019-12-31": "4670.00000", "2018-12-31": "4994.00000", "2017-12-31": "4711.00000", "2016-12-31": "4746.00000", "2015-12-31": "4719.00000", "2014-12-31": "4627.00000", "2013-12-31": "4654.00000", "2012-12-31": "4697.00000", "2011-12-31": "4405.00000", "2010-12-31": "4138.00000", "2009-12-31": "3986.00000", "2008-12-31": "4377.00000", "2007-12-31": "4324.00000", "2006-12-31": "4043.00000", "2005-12-31": "3200.00000"}, "Operating Income": {"2019-12-31": "799.00000", "2018-12-31": "530.00000", "2017-12-31": "676.00000", "2016-12-31": "684.00000", "2015-12-31": "631.00000", "2014-12-31": "694.00000", "2013-12-31": "512.00000", "2012-12-31": "362.00000", "2011-12-31": "309.00000", "2010-12-31": "223.00000", "2009-12-31": "149.00000", "2008-12-31": "742.00000", "2007-12-31": "925.00000", "2006-12-31": "759.00000", "2005-12-31": "494.00000"}, "Total Non-Operating Income/Expense": {"2019-12-31": "163.00000", "2018-12-31": "771.00000", "2017-12-31": "-25.00000", "2016-12-31": "127.00000", "2015-12-31": "-57.00000", "2014-12-31": "61.00000", "2013-12-31": "-281.00000", "2012-12-31": "-339.00000", "2011-12-31": "-337.00000", "2010-12-31": "-381.00000", "2009-12-31": "-385.00000", "2008-12-31": "-362.00000", "2007-12-31": "-390.00000", "2006-12-31": "-463.00000", "2005-12-31": "-356.00000"}, "Pre-Tax Income": {"2019-12-31": "962.00000", "2018-12-31": "1301.00000", "2017-12-31": "651.00000", "2016-12-31": "811.00000", "2015-12-31": "574.00000", "2014-12-31": "755.00000", "2013-12-31": "231.00000", "2012-12-31": "23.00000", "2011-12-31": "-28.00000", "2010-12-31": "-158.00000", "2009-12-31": "-236.00000", "2008-12-31": "380.00000", "2007-12-31": "535.00000", "2006-12-31": "296.00000", "2005-12-31": "138.00000"}, "Income Taxes": {"2019-12-31": "30.00000", "2018-12-31": "150.00000", "2017-12-31": "80.00000", "2016-12-31": "40.00000", "2015-12-31": "9.00000", "2014-12-31": "14.00000", "2013-12-31": "21.00000", "2012-12-31": "31.00000", "2011-12-31": "-1.00000", "2010-12-31": "-31.00000", "2009-12-31": "-39.00000", "2008-12-31": "-3.00000", "2007-12-31": "3.00000", "2006-12-31": "5.00000", "2005-12-31": "24.00000"}, "Income After Taxes": {"2019-12-31": "932.00000", "2018-12-31": "1151.00000", "2017-12-31": "571.00000", "2016-12-31": "771.00000", "2015-12-31": "565.00000", "2014-12-31": "741.00000", "2013-12-31": "210.00000", "2012-12-31": "-8.00000", "2011-12-31": "-27.00000", "2010-12-31": "-127.00000", "2009-12-31": "-197.00000", "2008-12-31": "383.00000", "2007-12-31": "532.00000", "2006-12-31": "291.00000", "2005-12-31": "114.00000"}, "Other Income": {"2019-12-31": "", "2018-12-31": "", "2017-12-31": "", "2016-12-31": "", "2015-12-31": "", "2014-12-31": "", "2013-12-31": "", "2012-12-31": "", "2011-12-31": "", "2010-12-31": "", "2009-12-31": "", "2008-12-31": "", "2007-12-31": "", "2006-12-31": "", "2005-12-31": ""}, "Income From Continuous Operations": {"2019-12-31": "932.00000", "2018-12-31": "1151.00000", "2017-12-31": "571.00000", "2016-12-31": "771.00000", "2015-12-31": "565.00000", "2014-12-31": "741.00000", "2013-12-31": "210.00000", "2012-12-31": "-8.00000", "2011-12-31": "-27.00000", "2010-12-31": "-127.00000", "2009-12-31": "-197.00000", "2008-12-31": "383.00000", "2007-12-31": "532.00000", "2006-12-31": "291.00000", "2005-12-31": "114.00000"}, "Income From Discontinued Operations": {"2019-12-31": "", "2018-12-31": "", "2017-12-31": "", "2016-12-31": "", "2015-12-31": "", "2014-12-31": "", "2013-12-31": "115.00000", "2012-12-31": "71.00000", "2011-12-31": "11.00000", "2010-12-31": "-5.00000", "2009-12-31": "-61.00000", "2008-12-31": "31.00000", "2007-12-31": "202.00000", "2006-12-31": "447.00000", "2005-12-31": "52.00000"}, "Net Income": {"2019-12-31": "920.00000", "2018-12-31": "1087.00000", "2017-12-31": "564.00000", "2016-12-31": "762.00000", "2015-12-31": "558.00000", "2014-12-31": "732.00000", "2013-12-31": "317.00000", "2012-12-31": "61.00000", "2011-12-31": "-15.00000", "2010-12-31": "-138.00000", "2009-12-31": "-261.00000", "2008-12-31": "386.00000", "2007-12-31": "694.00000", "2006-12-31": "718.00000", "2005-12-31": "135.00000"}, "EBITDA": {"2019-12-31": "1481.00000", "2018-12-31": "1481.00000", "2017-12-31": "1434.00000", "2016-12-31": "1415.00000", "2015-12-31": "1360.00000", "2014-12-31": "1411.00000", "2013-12-31": "1244.00000", "2012-12-31": "1129.00000", "2011-12-31": "994.00000", "2010-12-31": "848.00000", "2009-12-31": "897.00000", "2008-12-31": "1369.00000", "2007-12-31": "1490.00000", "2006-12-31": "1238.00000", "2005-12-31": "884.00000"}, "EBIT": {"2019-12-31": "799.00000", "2018-12-31": "530.00000", "2017-12-31": "676.00000", "2016-12-31": "684.00000", "2015-12-31": "631.00000", "2014-12-31": "694.00000", "2013-12-31": "512.00000", "2012-12-31": "362.00000", "2011-12-31": "309.00000", "2010-12-31": "223.00000", "2009-12-31": "149.00000", "2008-12-31": "742.00000", "2007-12-31": "925.00000", "2006-12-31": "759.00000", "2005-12-31": "494.00000"}, "Basic Shares Outstanding": {"2019-12-31": "730.30000", "2018-12-31": "739.80000", "2017-12-31": "738.60000", "2016-12-31": "743.00000", "2015-12-31": "752.40000", "2014-12-31": "755.40000", "2013-12-31": "744.40000", "2012-12-31": "718.20000", "2011-12-31": "693.00000", "2010-12-31": "656.10000", "2009-12-31": "586.30000", "2008-12-31": "521.60000", "2007-12-31": "522.10000", "2006-12-31": "481.80000", "2005-12-31": "353.00000"}, "Shares Outstanding": {"2019-12-31": "731.10000", "2018-12-31": "740.60000", "2017-12-31": "739.10000", "2016-12-31": "743.70000", "2015-12-31": "752.90000", "2014-12-31": "786.80000", "2013-12-31": "747.90000", "2012-12-31": "719.60000", "2011-12-31": "693.00000", "2010-12-31": "656.10000", "2009-12-31": "587.20000", "2008-12-31": "527.40000", "2007-12-31": "524.20000", "2006-12-31": "483.80000", "2005-12-31": "355.50000"}, "Basic EPS": {"2019-12-31": "1.26000", "2018-12-31": "1.47000", "2017-12-31": "0.76000", "2016-12-31": "1.03000", "2015-12-31": "0.74000", "2014-12-31": "0.97000", "2013-12-31": "0.43000", "2012-12-31": "0.08000", "2011-12-31": "-0.02000", "2010-12-31": "-0.21000", "2009-12-31": "-0.45000", "2008-12-31": "0.74000", "2007-12-31": "1.33000", "2006-12-31": "1.49000", "2005-12-31": "0.38000"}, "EPS - Earnings Per Share": {"2019-12-31": "1.26000", "2018-12-31": "1.47000", "2017-12-31": "0.76000", "2016-12-31": "1.02000", "2015-12-31": "0.74000", "2014-12-31": "0.96000", "2013-12-31": "0.42000", "2012-12-31": "0.08000", "2011-12-31": "-0.02000", "2010-12-31": "-0.21000", "2009-12-31": "-0.45000", "2008-12-31": "0.72000", "2007-12-31": "1.32000", "2006-12-31": "1.48000", "2005-12-31": "0.38000"}}, "income statement, quarterly": {"Revenue": {"2020-09-30": "198.00000", "2020-06-30": "103.00000", "2020-03-31": "1052.00000", "2019-12-31": "1334.00000", "2019-09-30": "1262.00000", "2019-06-30": "1483.00000", "2019-03-31": "1390.00000", "2018-12-31": "1361.00000", "2018-09-30": "1299.00000", "2018-06-30": "1518.00000", "2018-03-31": "1346.00000", "2017-12-31": "1344.00000", "2017-09-30": "1254.00000", "2017-06-30": "1441.00000", "2017-03-31": "1348.00000", "2016-12-31": "1337.00000", "2016-09-30": "1295.00000", "2016-06-30": "1459.00000", "2016-03-31": "1339.00000", "2015-12-31": "1326.00000", "2015-09-30": "1283.00000", "2015-06-30": "1439.00000", "2015-03-31": "1302.00000", "2014-12-31": "1287.00000", "2014-09-30": "1294.00000", "2014-06-30": "1431.00000", "2014-03-31": "1309.00000", "2013-12-31": "1332.00000", "2013-09-30": "1211.00000", "2013-06-30": "1399.00000", "2013-03-31": "1224.00000", "2012-12-31": "1673.00000", "2012-09-30": "1158.00000", "2012-06-30": "1326.00000", "2012-03-31": "952.00000", "2011-12-31": "1406.00000", "2011-09-30": "1131.00000", "2011-06-30": "1284.00000", "2011-03-31": "893.00000", "2010-12-31": "1491.00000", "2010-09-30": "1003.00000", "2010-06-30": "1112.00000", "2010-03-31": "823.00000", "2009-12-31": "1326.00000", "2009-09-30": "903.00000", "2009-06-30": "1051.00000", "2009-03-31": "864.00000", "2008-12-31": "1600.00000", "2008-09-30": "1139.00000", "2008-06-30": "1388.00000", "2008-03-31": "1053.00000", "2007-12-31": "1642.00000", "2007-09-30": "1197.00000", "2007-06-30": "1381.00000", "2007-03-31": "1029.00000", "2006-12-31": "1710.00000", "2006-09-30": "1110.00000", "2006-06-30": "1181.00000", "2006-03-31": "825.00000", "2005-12-31": "1135.00000", "2005-09-30": "811.00000", "2005-06-30": "958.00000", "2005-03-31": "790.00000"}, "Cost Of Goods Sold": {"2020-09-30": "332.00000", "2020-06-30": "263.00000", "2020-03-31": "874.00000", "2019-12-31": "967.00000", "2019-09-30": "938.00000", "2019-06-30": "1012.00000", "2019-03-31": "975.00000", "2018-12-31": "993.00000", "2018-09-30": "955.00000", "2018-06-30": "1036.00000", "2018-03-31": "969.00000", "2017-12-31": "982.00000", "2017-09-30": "928.00000", "2017-06-30": "995.00000", "2017-03-31": "971.00000", "2016-12-31": "980.00000", "2016-09-30": "953.00000", "2016-06-30": "1015.00000", "2016-03-31": "983.00000", "2015-12-31": "975.00000", "2015-09-30": "956.00000", "2015-06-30": "1016.00000", "2015-03-31": "972.00000", "2014-12-31": "967.00000", "2014-09-30": "959.00000", "2014-06-30": "1003.00000", "2014-03-31": "972.00000", "2013-12-31": "985.00000", "2013-09-30": "930.00000", "2013-06-30": "986.00000", "2013-03-31": "935.00000", "2012-12-31": "1270.00000", "2012-09-30": "911.00000", "2012-06-30": "975.00000", "2012-03-31": "765.00000", "2011-12-31": "1076.00000", "2011-09-30": "918.00000", "2011-06-30": "962.00000", "2011-03-31": "731.00000", "2010-12-31": "1181.00000", "2010-09-30": "826.00000", "2010-06-30": "839.00000", "2010-03-31": "664.00000", "2009-12-31": "1044.00000", "2009-09-30": "755.00000", "2009-06-30": "793.00000", "2009-03-31": "673.00000", "2008-12-31": "1189.00000", "2008-09-30": "877.00000", "2008-06-30": "974.00000", "2008-03-31": "787.00000", "2007-12-31": "1175.00000", "2007-09-30": "905.00000", "2007-06-30": "967.00000", "2007-03-31": "760.00000", "2006-12-31": "1241.00000", "2006-09-30": "852.00000", "2006-06-30": "829.00000", "2006-03-31": "608.00000", "2005-12-31": "851.00000", "2005-09-30": "646.00000", "2005-06-30": "698.00000", "2005-03-31": "600.00000"}, "Gross Profit": {"2020-09-30": "-134.00000", "2020-06-30": "-160.00000", "2020-03-31": "178.00000", "2019-12-31": "367.00000", "2019-09-30": "324.00000", "2019-06-30": "471.00000", "2019-03-31": "415.00000", "2018-12-31": "368.00000", "2018-09-30": "344.00000", "2018-06-30": "482.00000", "2018-03-31": "377.00000", "2017-12-31": "362.00000", "2017-09-30": "326.00000", "2017-06-30": "446.00000", "2017-03-31": "377.00000", "2016-12-31": "357.00000", "2016-09-30": "342.00000", "2016-06-30": "444.00000", "2016-03-31": "356.00000", "2015-12-31": "351.00000", "2015-09-30": "327.00000", "2015-06-30": "423.00000", "2015-03-31": "330.00000", "2014-12-31": "320.00000", "2014-09-30": "335.00000", "2014-06-30": "428.00000", "2014-03-31": "337.00000", "2013-12-31": "347.00000", "2013-09-30": "281.00000", "2013-06-30": "413.00000", "2013-03-31": "289.00000", "2012-12-31": "403.00000", "2012-09-30": "247.00000", "2012-06-30": "351.00000", "2012-03-31": "187.00000", "2011-12-31": "330.00000", "2011-09-30": "213.00000", "2011-06-30": "322.00000", "2011-03-31": "162.00000", "2010-12-31": "310.00000", "2010-09-30": "177.00000", "2010-06-30": "273.00000", "2010-03-31": "159.00000", "2009-12-31": "282.00000", "2009-09-30": "148.00000", "2009-06-30": "258.00000", "2009-03-31": "191.00000", "2008-12-31": "411.00000", "2008-09-30": "262.00000", "2008-06-30": "414.00000", "2008-03-31": "266.00000", "2007-12-31": "467.00000", "2007-09-30": "292.00000", "2007-06-30": "414.00000", "2007-03-31": "269.00000", "2006-12-31": "469.00000", "2006-09-30": "258.00000", "2006-06-30": "352.00000", "2006-03-31": "217.00000", "2005-12-31": "284.00000", "2005-09-30": "165.00000", "2005-06-30": "260.00000", "2005-03-31": "190.00000"}, "Research And Development Expenses": {"2020-09-30": "", "2020-06-30": "", "2020-03-31": "", "2019-12-31": "", "2019-09-30": "", "2019-06-30": "", "2019-03-31": "", "2018-12-31": "", "2018-09-30": "", "2018-06-30": "", "2018-03-31": "", "2017-12-31": "", "2017-09-30": "", "2017-06-30": "", "2017-03-31": "", "2016-12-31": "", "2016-09-30": "", "2016-06-30": "", "2016-03-31": "", "2015-12-31": "", "2015-09-30": "", "2015-06-30": "", "2015-03-31": "", "2014-12-31": "", "2014-09-30": "", "2014-06-30": "", "2014-03-31": "", "2013-12-31": "", "2013-09-30": "", "2013-06-30": "", "2013-03-31": "", "2012-12-31": "", "2012-09-30": "", "2012-06-30": "", "2012-03-31": "", "2011-12-31": "", "2011-09-30": "", "2011-06-30": "", "2011-03-31": "", "2010-12-31": "", "2010-09-30": "", "2010-06-30": "", "2010-03-31": "", "2009-12-31": "", "2009-09-30": "", "2009-06-30": "", "2009-03-31": "", "2008-12-31": "", "2008-09-30": "", "2008-06-30": "", "2008-03-31": "", "2007-12-31": "", "2007-09-30": "", "2007-06-30": "", "2007-03-31": "", "2006-12-31": "", "2006-09-30": "", "2006-06-30": "", "2006-03-31": "", "2005-12-31": "", "2005-09-30": "", "2005-06-30": "", "2005-03-31": ""}, "SG&A Expenses": {"2020-09-30": "", "2020-06-30": "", "2020-03-31": "", "2019-12-31": "", "2019-09-30": "", "2019-06-30": "", "2019-03-31": "", "2018-12-31": "", "2018-09-30": "", "2018-06-30": "", "2018-03-31": "", "2017-12-31": "", "2017-09-30": "", "2017-06-30": "", "2017-03-31": "", "2016-12-31": "", "2016-09-30": "", "2016-06-30": "", "2016-03-31": "", "2015-12-31": "", "2015-09-30": "", "2015-06-30": "", "2015-03-31": "", "2014-12-31": "", "2014-09-30": "", "2014-06-30": "", "2014-03-31": "", "2013-12-31": "", "2013-09-30": "", "2013-06-30": "", "2013-03-31": "", "2012-12-31": "", "2012-09-30": "", "2012-06-30": "", "2012-03-31": "", "2011-12-31": "", "2011-09-30": "", "2011-06-30": "", "2011-03-31": "", "2010-12-31": "", "2010-09-30": "", "2010-06-30": "", "2010-03-31": "", "2009-12-31": "", "2009-09-30": "", "2009-06-30": "", "2009-03-31": "", "2008-12-31": "", "2008-09-30": "", "2008-06-30": "", "2008-03-31": "", "2007-12-31": "", "2007-09-30": "", "2007-06-30": "", "2007-03-31": "", "2006-12-31": "", "2006-09-30": "", "2006-06-30": "", "2006-03-31": "", "2005-12-31": "", "2005-09-30": "", "2005-06-30": "", "2005-03-31": ""}, "Other Operating Income Or Expenses": {"2020-09-30": "", "2020-06-30": "", "2020-03-31": "", "2019-12-31": "1.00000", "2019-09-30": "4.00000", "2019-06-30": "", "2019-03-31": "", "2018-12-31": "", "2018-09-30": "", "2018-06-30": "", "2018-03-31": "", "2017-12-31": "8.00000", "2017-09-30": "1.00000", "2017-06-30": "2.00000", "2017-03-31": "3.00000", "2016-12-31": "", "2016-09-30": "12.00000", "2016-06-30": "", "2016-03-31": "3.00000", "2015-12-31": "-2.00000", "2015-09-30": "4.00000", "2015-06-30": "", "2015-03-31": "", "2014-12-31": "", "2014-09-30": "7.00000", "2014-06-30": "", "2014-03-31": "3.00000", "2013-12-31": "", "2013-09-30": "", "2013-06-30": "", "2013-03-31": "", "2012-12-31": "11.00000", "2012-09-30": "", "2012-06-30": "", "2012-03-31": "", "2011-12-31": "", "2011-09-30": "", "2011-06-30": "", "2011-03-31": "", "2010-12-31": "3.00000", "2010-09-30": "", "2010-06-30": "", "2010-03-31": "", "2009-12-31": "", "2009-09-30": "", "2009-06-30": "", "2009-03-31": "", "2008-12-31": "", "2008-09-30": "", "2008-06-30": "", "2008-03-31": "7.00000", "2007-12-31": "46.00000", "2007-09-30": "5.00000", "2007-06-30": "", "2007-03-31": "", "2006-12-31": "13.00000", "2006-09-30": "", "2006-06-30": "", "2006-03-31": "", "2005-12-31": "", "2005-09-30": "", "2005-06-30": "", "2005-03-31": ""}, "Operating Expenses": {"2020-09-30": "516.00000", "2020-06-30": "456.00000", "2020-03-31": "1063.00000", "2019-12-31": "1168.00000", "2019-09-30": "1125.00000", "2019-06-30": "1203.00000", "2019-03-31": "1174.00000", "2018-12-31": "1173.00000", "2018-09-30": "1391.00000", "2018-06-30": "1255.00000", "2018-03-31": "1175.00000", "2017-12-31": "1210.00000", "2017-09-30": "1127.00000", "2017-06-30": "1197.00000", "2017-03-31": "1177.00000", "2016-12-31": "1187.00000", "2016-09-30": "1151.00000", "2016-06-30": "1220.00000", "2016-03-31": "1188.00000", "2015-12-31": "1183.00000", "2015-09-30": "1150.00000", "2015-06-30": "1217.00000", "2015-03-31": "1169.00000", "2014-12-31": "1154.00000", "2014-09-30": "1092.00000", "2014-06-30": "1206.00000", "2014-03-31": "1175.00000", "2013-12-31": "1194.00000", "2013-09-30": "1132.00000", "2013-06-30": "1194.00000", "2013-03-31": "1134.00000", "2012-12-31": "1565.00000", "2012-09-30": "1097.00000", "2012-06-30": "1149.00000", "2012-03-31": "936.00000", "2011-12-31": "1300.00000", "2011-09-30": "1077.00000", "2011-06-30": "1132.00000", "2011-03-31": "896.00000", "2010-12-31": "1400.00000", "2010-09-30": "980.00000", "2010-06-30": "1002.00000", "2010-03-31": "825.00000", "2009-12-31": "1293.00000", "2009-09-30": "911.00000", "2009-06-30": "947.00000", "2009-03-31": "844.00000", "2008-12-31": "1383.00000", "2008-09-30": "1021.00000", "2008-06-30": "1116.00000", "2008-03-31": "920.00000", "2007-12-31": "1293.00000", "2007-09-30": "1033.00000", "2007-06-30": "1100.00000", "2007-03-31": "898.00000", "2006-12-31": "1405.00000", "2006-09-30": "989.00000", "2006-06-30": "954.00000", "2006-03-31": "715.00000", "2005-12-31": "966.00000", "2005-09-30": "744.00000", "2005-06-30": "795.00000", "2005-03-31": "695.00000"}, "Operating Income": {"2020-09-30": "-318.00000", "2020-06-30": "-353.00000", "2020-03-31": "-11.00000", "2019-12-31": "166.00000", "2019-09-30": "137.00000", "2019-06-30": "280.00000", "2019-03-31": "216.00000", "2018-12-31": "188.00000", "2018-09-30": "-92.00000", "2018-06-30": "263.00000", "2018-03-31": "171.00000", "2017-12-31": "134.00000", "2017-09-30": "127.00000", "2017-06-30": "244.00000", "2017-03-31": "171.00000", "2016-12-31": "150.00000", "2016-09-30": "144.00000", "2016-06-30": "239.00000", "2016-03-31": "151.00000", "2015-12-31": "143.00000", "2015-09-30": "133.00000", "2015-06-30": "222.00000", "2015-03-31": "133.00000", "2014-12-31": "133.00000", "2014-09-30": "202.00000", "2014-06-30": "225.00000", "2014-03-31": "134.00000", "2013-12-31": "138.00000", "2013-09-30": "79.00000", "2013-06-30": "205.00000", "2013-03-31": "90.00000", "2012-12-31": "108.00000", "2012-09-30": "61.00000", "2012-06-30": "177.00000", "2012-03-31": "16.00000", "2011-12-31": "106.00000", "2011-09-30": "54.00000", "2011-06-30": "152.00000", "2011-03-31": "-3.00000", "2010-12-31": "91.00000", "2010-09-30": "23.00000", "2010-06-30": "110.00000", "2010-03-31": "-2.00000", "2009-12-31": "33.00000", "2009-09-30": "-8.00000", "2009-06-30": "104.00000", "2009-03-31": "20.00000", "2008-12-31": "217.00000", "2008-09-30": "118.00000", "2008-06-30": "272.00000", "2008-03-31": "133.00000", "2007-12-31": "349.00000", "2007-09-30": "164.00000", "2007-06-30": "281.00000", "2007-03-31": "131.00000", "2006-12-31": "305.00000", "2006-09-30": "121.00000", "2006-06-30": "227.00000", "2006-03-31": "110.00000", "2005-12-31": "169.00000", "2005-09-30": "67.00000", "2005-06-30": "163.00000", "2005-03-31": "95.00000"}, "Total Non-Operating Income/Expense": {"2020-09-30": "-71.00000", "2020-06-30": "-49.00000", "2020-03-31": "-29.00000", "2019-12-31": "-77.00000", "2019-09-30": "239.00000", "2019-06-30": "26.00000", "2019-03-31": "-25.00000", "2018-12-31": "205.00000", "2018-09-30": "512.00000", "2018-06-30": "-35.00000", "2018-03-31": "89.00000", "2017-12-31": "-24.00000", "2017-09-30": "20.00000", "2017-06-30": "-5.00000", "2017-03-31": "-16.00000", "2016-12-31": "-24.00000", "2016-09-30": "-17.00000", "2016-06-30": "144.00000", "2016-03-31": "24.00000", "2015-12-31": "18.00000", "2015-09-30": "-37.00000", "2015-06-30": "5.00000", "2015-03-31": "-43.00000", "2014-12-31": "116.00000", "2014-09-30": "-51.00000", "2014-06-30": "-51.00000", "2014-03-31": "47.00000", "2013-12-31": "-78.00000", "2013-09-30": "-66.00000", "2013-06-30": "-74.00000", "2013-03-31": "-63.00000", "2012-12-31": "-81.00000", "2012-09-30": "-90.00000", "2012-06-30": "-85.00000", "2012-03-31": "-84.00000", "2011-12-31": "-97.00000", "2011-09-30": "-86.00000", "2011-06-30": "-77.00000", "2011-03-31": "-77.00000", "2010-12-31": "-105.00000", "2010-09-30": "-89.00000", "2010-06-30": "-84.00000", "2010-03-31": "-102.00000", "2009-12-31": "-108.00000", "2009-09-30": "-84.00000", "2009-06-30": "-105.00000", "2009-03-31": "-88.00000", "2008-12-31": "-119.00000", "2008-09-30": "-85.00000", "2008-06-30": "-82.00000", "2008-03-31": "-78.00000", "2007-12-31": "-94.00000", "2007-09-30": "-75.00000", "2007-06-30": "-125.00000", "2007-03-31": "-96.00000", "2006-12-31": "-152.00000", "2006-09-30": "-95.00000", "2006-06-30": "-119.00000", "2006-03-31": "-97.00000", "2005-12-31": "-121.00000", "2005-09-30": "-90.00000", "2005-06-30": "-40.00000", "2005-03-31": "-105.00000"}, "Pre-Tax Income": {"2020-09-30": "-389.00000", "2020-06-30": "-402.00000", "2020-03-31": "-40.00000", "2019-12-31": "89.00000", "2019-09-30": "376.00000", "2019-06-30": "306.00000", "2019-03-31": "191.00000", "2018-12-31": "393.00000", "2018-09-30": "420.00000", "2018-06-30": "228.00000", "2018-03-31": "260.00000", "2017-12-31": "110.00000", "2017-09-30": "147.00000", "2017-06-30": "239.00000", "2017-03-31": "155.00000", "2016-12-31": "126.00000", "2016-09-30": "127.00000", "2016-06-30": "383.00000", "2016-03-31": "175.00000", "2015-12-31": "161.00000", "2015-09-30": "96.00000", "2015-06-30": "227.00000", "2015-03-31": "90.00000", "2014-12-31": "249.00000", "2014-09-30": "151.00000", "2014-06-30": "174.00000", "2014-03-31": "181.00000", "2013-12-31": "60.00000", "2013-09-30": "13.00000", "2013-06-30": "131.00000", "2013-03-31": "27.00000", "2012-12-31": "27.00000", "2012-09-30": "-29.00000", "2012-06-30": "92.00000", "2012-03-31": "-68.00000", "2011-12-31": "9.00000", "2011-09-30": "-32.00000", "2011-06-30": "75.00000", "2011-03-31": "-80.00000", "2010-12-31": "-14.00000", "2010-09-30": "-66.00000", "2010-06-30": "26.00000", "2010-03-31": "-104.00000", "2009-12-31": "-75.00000", "2009-09-30": "-92.00000", "2009-06-30": "-1.00000", "2009-03-31": "-68.00000", "2008-12-31": "98.00000", "2008-09-30": "33.00000", "2008-06-30": "190.00000", "2008-03-31": "55.00000", "2007-12-31": "255.00000", "2007-09-30": "89.00000", "2007-06-30": "156.00000", "2007-03-31": "35.00000", "2006-12-31": "153.00000", "2006-09-30": "26.00000", "2006-06-30": "108.00000", "2006-03-31": "13.00000", "2005-12-31": "48.00000", "2005-09-30": "-23.00000", "2005-06-30": "123.00000", "2005-03-31": "-10.00000"}, "Income Taxes": {"2020-09-30": "-73.00000", "2020-06-30": "-46.00000", "2020-03-31": "-37.00000", "2019-12-31": "8.00000", "2019-09-30": "4.00000", "2019-06-30": "16.00000", "2019-03-31": "2.00000", "2018-12-31": "87.00000", "2018-09-30": "42.00000", "2018-06-30": "17.00000", "2018-03-31": "4.00000", "2017-12-31": "17.00000", "2017-09-30": "42.00000", "2017-06-30": "27.00000", "2017-03-31": "-6.00000", "2016-12-31": "-2.00000", "2016-09-30": "19.00000", "2016-06-30": "32.00000", "2016-03-31": "-9.00000", "2015-12-31": "-4.00000", "2015-09-30": "9.00000", "2015-06-30": "13.00000", "2015-03-31": "-9.00000", "2014-12-31": "-3.00000", "2014-09-30": "6.00000", "2014-06-30": "15.00000", "2014-03-31": "-4.00000", "2013-12-31": "2.00000", "2013-09-30": "11.00000", "2013-06-30": "15.00000", "2013-03-31": "-7.00000", "2012-12-31": "22.00000", "2012-09-30": "11.00000", "2012-06-30": "12.00000", "2012-03-31": "-13.00000", "2011-12-31": "8.00000", "2011-09-30": "3.00000", "2011-06-30": "8.00000", "2011-03-31": "-20.00000", "2010-12-31": "-10.00000", "2010-09-30": "-5.00000", "2010-06-30": "6.00000", "2010-03-31": "-22.00000", "2009-12-31": "-10.00000", "2009-09-30": "-25.00000", "2009-06-30": "10.00000", "2009-03-31": "-14.00000", "2008-12-31": "-14.00000", "2008-09-30": "4.00000", "2008-06-30": "13.00000", "2008-03-31": "-7.00000", "2007-12-31": "2.00000", "2007-09-30": "-4.00000", "2007-06-30": "11.00000", "2007-03-31": "-6.00000", "2006-12-31": "-9.00000", "2006-09-30": "-4.00000", "2006-06-30": "17.00000", "2006-03-31": "1.00000", "2005-12-31": "1.00000", "2005-09-30": "-15.00000", "2005-06-30": "38.00000", "2005-03-31": ""}, "Income After Taxes": {"2020-09-30": "-316.00000", "2020-06-30": "-356.00000", "2020-03-31": "-3.00000", "2019-12-31": "81.00000", "2019-09-30": "372.00000", "2019-06-30": "290.00000", "2019-03-31": "189.00000", "2018-12-31": "306.00000", "2018-09-30": "378.00000", "2018-06-30": "211.00000", "2018-03-31": "256.00000", "2017-12-31": "93.00000", "2017-09-30": "105.00000", "2017-06-30": "212.00000", "2017-03-31": "161.00000", "2016-12-31": "128.00000", "2016-09-30": "108.00000", "2016-06-30": "351.00000", "2016-03-31": "184.00000", "2015-12-31": "165.00000", "2015-09-30": "87.00000", "2015-06-30": "214.00000", "2015-03-31": "99.00000", "2014-12-31": "252.00000", "2014-09-30": "145.00000", "2014-06-30": "159.00000", "2014-03-31": "185.00000", "2013-12-31": "58.00000", "2013-09-30": "2.00000", "2013-06-30": "116.00000", "2013-03-31": "34.00000", "2012-12-31": "5.00000", "2012-09-30": "-40.00000", "2012-06-30": "80.00000", "2012-03-31": "-55.00000", "2011-12-31": "1.00000", "2011-09-30": "-35.00000", "2011-06-30": "67.00000", "2011-03-31": "-60.00000", "2010-12-31": "-4.00000", "2010-09-30": "-61.00000", "2010-06-30": "20.00000", "2010-03-31": "-82.00000", "2009-12-31": "-65.00000", "2009-09-30": "-67.00000", "2009-06-30": "-11.00000", "2009-03-31": "-54.00000", "2008-12-31": "112.00000", "2008-09-30": "29.00000", "2008-06-30": "177.00000", "2008-03-31": "62.00000", "2007-12-31": "253.00000", "2007-09-30": "93.00000", "2007-06-30": "145.00000", "2007-03-31": "41.00000", "2006-12-31": "162.00000", "2006-09-30": "30.00000", "2006-06-30": "91.00000", "2006-03-31": "12.00000", "2005-12-31": "47.00000", "2005-09-30": "-8.00000", "2005-06-30": "85.00000", "2005-03-31": "-10.00000"}, "Other Income": {"2020-09-30": "", "2020-06-30": "", "2020-03-31": "", "2019-12-31": "", "2019-09-30": "", "2019-06-30": "", "2019-03-31": "", "2018-12-31": "", "2018-09-30": "", "2018-06-30": "", "2018-03-31": "", "2017-12-31": "", "2017-09-30": "", "2017-06-30": "", "2017-03-31": "", "2016-12-31": "", "2016-09-30": "", "2016-06-30": "", "2016-03-31": "", "2015-12-31": "", "2015-09-30": "", "2015-06-30": "", "2015-03-31": "", "2014-12-31": "", "2014-09-30": "", "2014-06-30": "", "2014-03-31": "", "2013-12-31": "", "2013-09-30": "", "2013-06-30": "", "2013-03-31": "", "2012-12-31": "", "2012-09-30": "", "2012-06-30": "", "2012-03-31": "", "2011-12-31": "", "2011-09-30": "", "2011-06-30": "", "2011-03-31": "", "2010-12-31": "", "2010-09-30": "", "2010-06-30": "", "2010-03-31": "", "2009-12-31": "", "2009-09-30": "", "2009-06-30": "", "2009-03-31": "", "2008-12-31": "", "2008-09-30": "", "2008-06-30": "", "2008-03-31": "", "2007-12-31": "", "2007-09-30": "", "2007-06-30": "", "2007-03-31": "", "2006-12-31": "", "2006-09-30": "", "2006-06-30": "", "2006-03-31": "", "2005-12-31": "", "2005-09-30": "", "2005-06-30": "", "2005-03-31": ""}, "Income From Continuous Operations": {"2020-09-30": "-316.00000", "2020-06-30": "-356.00000", "2020-03-31": "-3.00000", "2019-12-31": "81.00000", "2019-09-30": "372.00000", "2019-06-30": "290.00000", "2019-03-31": "189.00000", "2018-12-31": "306.00000", "2018-09-30": "378.00000", "2018-06-30": "211.00000", "2018-03-31": "256.00000", "2017-12-31": "93.00000", "2017-09-30": "105.00000", "2017-06-30": "212.00000", "2017-03-31": "161.00000", "2016-12-31": "128.00000", "2016-09-30": "108.00000", "2016-06-30": "351.00000", "2016-03-31": "184.00000", "2015-12-31": "165.00000", "2015-09-30": "87.00000", "2015-06-30": "214.00000", "2015-03-31": "99.00000", "2014-12-31": "252.00000", "2014-09-30": "145.00000", "2014-06-30": "159.00000", "2014-03-31": "185.00000", "2013-12-31": "58.00000", "2013-09-30": "2.00000", "2013-06-30": "116.00000", "2013-03-31": "34.00000", "2012-12-31": "5.00000", "2012-09-30": "-40.00000", "2012-06-30": "80.00000", "2012-03-31": "-55.00000", "2011-12-31": "1.00000", "2011-09-30": "-35.00000", "2011-06-30": "67.00000", "2011-03-31": "-60.00000", "2010-12-31": "-4.00000", "2010-09-30": "-61.00000", "2010-06-30": "20.00000", "2010-03-31": "-82.00000", "2009-12-31": "-65.00000", "2009-09-30": "-67.00000", "2009-06-30": "-11.00000", "2009-03-31": "-54.00000", "2008-12-31": "112.00000", "2008-09-30": "29.00000", "2008-06-30": "177.00000", "2008-03-31": "62.00000", "2007-12-31": "253.00000", "2007-09-30": "93.00000", "2007-06-30": "145.00000", "2007-03-31": "41.00000", "2006-12-31": "162.00000", "2006-09-30": "30.00000", "2006-06-30": "91.00000", "2006-03-31": "12.00000", "2005-12-31": "47.00000", "2005-09-30": "-8.00000", "2005-06-30": "85.00000", "2005-03-31": "-10.00000"}, "Income From Discontinued Operations": {"2020-09-30": "", "2020-06-30": "", "2020-03-31": "", "2019-12-31": "", "2019-09-30": "", "2019-06-30": "", "2019-03-31": "", "2018-12-31": "", "2018-09-30": "", "2018-06-30": "", "2018-03-31": "", "2017-12-31": "", "2017-09-30": "", "2017-06-30": "", "2017-03-31": "", "2016-12-31": "", "2016-09-30": "", "2016-06-30": "", "2016-03-31": "", "2015-12-31": "", "2015-09-30": "", "2015-06-30": "", "2015-03-31": "", "2014-12-31": "", "2014-09-30": "", "2014-06-30": "", "2014-03-31": "", "2013-12-31": "68.00000", "2013-09-30": "16.00000", "2013-06-30": "5.00000", "2013-03-31": "26.00000", "2012-12-31": "10.00000", "2012-09-30": "4.00000", "2012-06-30": "3.00000", "2012-03-31": "55.00000", "2011-12-31": "14.00000", "2011-09-30": "", "2011-06-30": "-3.00000", "2011-03-31": "", "2010-12-31": "-2.00000", "2010-09-30": "", "2010-06-30": "", "2010-03-31": "-2.00000", "2009-12-31": "-7.00000", "2009-09-30": "9.00000", "2009-06-30": "-58.00000", "2009-03-31": "-6.00000", "2008-12-31": "-1.00000", "2008-09-30": "18.00000", "2008-06-30": "16.00000", "2008-03-31": "1.00000", "2007-12-31": "48.00000", "2007-09-30": "4.00000", "2007-06-30": "4.00000", "2007-03-31": "146.00000", "2006-12-31": "34.00000", "2006-09-30": "10.00000", "2006-06-30": "239.00000", "2006-03-31": "160.00000", "2005-12-31": "27.00000", "2005-09-30": "3.00000", "2005-06-30": "6.00000", "2005-03-31": "16.00000"}, "Net Income": {"2020-09-30": "-313.00000", "2020-06-30": "-352.00000", "2020-03-31": "-3.00000", "2019-12-31": "80.00000", "2019-09-30": "368.00000", "2019-06-30": "286.00000", "2019-03-31": "186.00000", "2018-12-31": "303.00000", "2018-09-30": "322.00000", "2018-06-30": "209.00000", "2018-03-31": "253.00000", "2017-12-31": "92.00000", "2017-09-30": "104.00000", "2017-06-30": "210.00000", "2017-03-31": "158.00000", "2016-12-31": "126.00000", "2016-09-30": "107.00000", "2016-06-30": "347.00000", "2016-03-31": "182.00000", "2015-12-31": "163.00000", "2015-09-30": "85.00000", "2015-06-30": "212.00000", "2015-03-31": "98.00000", "2014-12-31": "254.00000", "2014-09-30": "144.00000", "2014-06-30": "155.00000", "2014-03-31": "179.00000", "2013-12-31": "123.00000", "2013-09-30": "19.00000", "2013-06-30": "119.00000", "2013-03-31": "56.00000", "2012-12-31": "15.00000", "2012-09-30": "-34.00000", "2012-06-30": "82.00000", "2012-03-31": "-2.00000", "2011-12-31": "16.00000", "2011-09-30": "-33.00000", "2011-06-30": "62.00000", "2011-03-31": "-60.00000", "2010-12-31": "-6.00000", "2010-09-30": "-59.00000", "2010-06-30": "13.00000", "2010-03-31": "-86.00000", "2009-12-31": "-73.00000", "2009-09-30": "-57.00000", "2009-06-30": "-70.00000", "2009-03-31": "-61.00000", "2008-12-31": "107.00000", "2008-09-30": "45.00000", "2008-06-30": "181.00000", "2008-03-31": "52.00000", "2007-12-31": "267.00000", "2007-09-30": "95.00000", "2007-06-30": "147.00000", "2007-03-31": "185.00000", "2006-12-31": "194.00000", "2006-09-30": "38.00000", "2006-06-30": "320.00000", "2006-03-31": "166.00000", "2005-12-31": "68.00000", "2005-09-30": "-11.00000", "2005-06-30": "80.00000", "2005-03-31": "-2.00000"}, "EBITDA": {"2020-09-30": "-149.00000", "2020-06-30": "-184.00000", "2020-03-31": "155.00000", "2019-12-31": "342.00000", "2019-09-30": "304.00000", "2019-06-30": "447.00000", "2019-03-31": "388.00000", "2018-12-31": "355.00000", "2018-09-30": "322.00000", "2018-06-30": "453.00000", "2018-03-31": "351.00000", "2017-12-31": "353.00000", "2017-09-30": "305.00000", "2017-06-30": "424.00000", "2017-03-31": "352.00000", "2016-12-31": "336.00000", "2016-09-30": "327.00000", "2016-06-30": "418.00000", "2016-03-31": "334.00000", "2015-12-31": "325.00000", "2015-09-30": "316.00000", "2015-06-30": "407.00000", "2015-03-31": "312.00000", "2014-12-31": "308.00000", "2014-09-30": "385.00000", "2014-06-30": "406.00000", "2014-03-31": "312.00000", "2013-12-31": "322.00000", "2013-09-30": "262.00000", "2013-06-30": "386.00000", "2013-03-31": "274.00000", "2012-12-31": "388.00000", "2012-09-30": "225.00000", "2012-06-30": "341.00000", "2012-03-31": "175.00000", "2011-12-31": "328.00000", "2011-09-30": "216.00000", "2011-06-30": "304.00000", "2011-03-31": "146.00000", "2010-12-31": "275.00000", "2010-09-30": "167.00000", "2010-06-30": "258.00000", "2010-03-31": "147.00000", "2009-12-31": "319.00000", "2009-09-30": "141.00000", "2009-06-30": "252.00000", "2009-03-31": "185.00000", "2008-12-31": "436.00000", "2008-09-30": "257.00000", "2008-06-30": "415.00000", "2008-03-31": "259.00000", "2007-12-31": "552.00000", "2007-09-30": "287.00000", "2007-06-30": "401.00000", "2007-03-31": "250.00000", "2006-12-31": "467.00000", "2006-09-30": "241.00000", "2006-06-30": "334.00000", "2006-03-31": "200.00000", "2005-12-31": "305.00000", "2005-09-30": "151.00000", "2005-06-30": "248.00000", "2005-03-31": "180.00000"}, "EBIT": {"2020-09-30": "-318.00000", "2020-06-30": "-353.00000", "2020-03-31": "-11.00000", "2019-12-31": "166.00000", "2019-09-30": "137.00000", "2019-06-30": "280.00000", "2019-03-31": "216.00000", "2018-12-31": "188.00000", "2018-09-30": "-92.00000", "2018-06-30": "263.00000", "2018-03-31": "171.00000", "2017-12-31": "134.00000", "2017-09-30": "127.00000", "2017-06-30": "244.00000", "2017-03-31": "171.00000", "2016-12-31": "150.00000", "2016-09-30": "144.00000", "2016-06-30": "239.00000", "2016-03-31": "151.00000", "2015-12-31": "143.00000", "2015-09-30": "133.00000", "2015-06-30": "222.00000", "2015-03-31": "133.00000", "2014-12-31": "133.00000", "2014-09-30": "202.00000", "2014-06-30": "225.00000", "2014-03-31": "134.00000", "2013-12-31": "138.00000", "2013-09-30": "79.00000", "2013-06-30": "205.00000", "2013-03-31": "90.00000", "2012-12-31": "108.00000", "2012-09-30": "61.00000", "2012-06-30": "177.00000", "2012-03-31": "16.00000", "2011-12-31": "106.00000", "2011-09-30": "54.00000", "2011-06-30": "152.00000", "2011-03-31": "-3.00000", "2010-12-31": "91.00000", "2010-09-30": "23.00000", "2010-06-30": "110.00000", "2010-03-31": "-2.00000", "2009-12-31": "33.00000", "2009-09-30": "-8.00000", "2009-06-30": "104.00000", "2009-03-31": "20.00000", "2008-12-31": "217.00000", "2008-09-30": "118.00000", "2008-06-30": "272.00000", "2008-03-31": "133.00000", "2007-12-31": "349.00000", "2007-09-30": "164.00000", "2007-06-30": "281.00000", "2007-03-31": "131.00000", "2006-12-31": "305.00000", "2006-09-30": "121.00000", "2006-06-30": "227.00000", "2006-03-31": "110.00000", "2005-12-31": "169.00000", "2005-09-30": "67.00000", "2005-06-30": "163.00000", "2005-03-31": "95.00000"}, "Basic Shares Outstanding": {"2020-09-30": "705.20000", "2020-06-30": "705.10000", "2020-03-31": "708.10000", "2019-12-31": "730.30000", "2019-09-30": "725.50000", "2019-06-30": "739.10000", "2019-03-31": "740.60000", "2018-12-31": "739.80000", "2018-09-30": "739.90000", "2018-06-30": "739.70000", "2018-03-31": "739.20000", "2017-12-31": "738.60000", "2017-09-30": "738.80000", "2017-06-30": "738.60000", "2017-03-31": "738.00000", "2016-12-31": "743.00000", "2016-09-30": "740.60000", "2016-06-30": "744.00000", "2016-03-31": "749.60000", "2015-12-31": "752.40000", "2015-09-30": "746.40000", "2015-06-30": "753.90000", "2015-03-31": "756.00000", "2014-12-31": "755.40000", "2014-09-30": "755.60000", "2014-06-30": "755.40000", "2014-03-31": "754.90000", "2013-12-31": "744.40000", "2013-09-30": "749.00000", "2013-06-30": "745.20000", "2013-03-31": "728.20000", "2012-12-31": "723.90000", "2012-09-30": "721.30000", "2012-06-30": "718.10000", "2012-03-31": "707.50000", "2011-12-31": "693.00000", "2011-09-30": "702.10000", "2011-06-30": "685.70000", "2011-03-31": "677.30000", "2010-12-31": "666.10000", "2010-09-30": "654.50000", "2010-06-30": "652.50000", "2010-03-31": "648.10000", "2009-12-31": "626.50000", "2009-09-30": "606.10000", "2009-06-30": "575.00000", "2009-03-31": "526.10000", "2008-12-31": "523.30000", "2008-09-30": "519.30000", "2008-06-30": "520.50000", "2008-03-31": "522.60000", "2007-12-31": "522.10000", "2007-09-30": "522.30000", "2007-06-30": "522.10000", "2007-03-31": "521.50000", "2006-12-31": "520.90000", "2006-09-30": "520.50000", "2006-06-30": "492.80000", "2006-03-31": "378.00000", "2005-12-31": "353.00000", "2005-09-30": "353.10000", "2005-06-30": "352.70000", "2005-03-31": "352.00000"}, "Shares Outstanding": {"2020-09-30": "705.20000", "2020-06-30": "705.10000", "2020-03-31": "708.10000", "2019-12-31": "731.10000", "2019-09-30": "725.80000", "2019-06-30": "739.40000", "2019-03-31": "740.60000", "2018-12-31": "740.60000", "2018-09-30": "740.50000", "2018-06-30": "740.20000", "2018-03-31": "739.60000", "2017-12-31": "739.10000", "2017-09-30": "739.00000", "2017-06-30": "738.80000", "2017-03-31": "738.20000", "2016-12-31": "743.70000", "2016-09-30": "741.10000", "2016-06-30": "744.30000", "2016-03-31": "749.70000", "2015-12-31": "752.90000", "2015-09-30": "746.80000", "2015-06-30": "785.50000", "2015-03-31": "756.30000", "2014-12-31": "786.80000", "2014-09-30": "756.40000", "2014-06-30": "755.90000", "2014-03-31": "785.10000", "2013-12-31": "747.90000", "2013-09-30": "749.70000", "2013-06-30": "745.90000", "2013-03-31": "738.60000", "2012-12-31": "725.10000", "2012-09-30": "721.30000", "2012-06-30": "730.60000", "2012-03-31": "707.50000", "2011-12-31": "693.00000", "2011-09-30": "702.10000", "2011-06-30": "687.10000", "2011-03-31": "677.30000", "2010-12-31": "666.10000", "2010-09-30": "654.50000", "2010-06-30": "654.10000", "2010-03-31": "648.10000", "2009-12-31": "626.50000", "2009-09-30": "606.10000", "2009-06-30": "575.00000", "2009-03-31": "530.00000", "2008-12-31": "527.10000", "2008-09-30": "519.60000", "2008-06-30": "551.70000", "2008-03-31": "522.80000", "2007-12-31": "524.20000", "2007-09-30": "553.80000", "2007-06-30": "553.00000", "2007-03-31": "523.50000", "2006-12-31": "551.90000", "2006-09-30": "524.60000", "2006-06-30": "525.40000", "2006-03-31": "378.90000", "2005-12-31": "355.50000", "2005-09-30": "353.10000", "2005-06-30": "384.20000", "2005-03-31": "352.00000"}, "Basic EPS": {"2020-09-30": "-0.44000", "2020-06-30": "-0.50000", "2020-03-31": "-0.00420", "2019-12-31": "0.11000", "2019-09-30": "0.51000", "2019-06-30": "0.39000", "2019-03-31": "0.25000", "2018-12-31": "0.42000", "2018-09-30": "0.43000", "2018-06-30": "0.28000", "2018-03-31": "0.34000", "2017-12-31": "0.13000", "2017-09-30": "0.14000", "2017-06-30": "0.28000", "2017-03-31": "0.21000", "2016-12-31": "0.18000", "2016-09-30": "0.14000", "2016-06-30": "0.47000", "2016-03-31": "0.24000", "2015-12-31": "0.22000", "2015-09-30": "0.11000", "2015-06-30": "0.28000", "2015-03-31": "0.13000", "2014-12-31": "0.33000", "2014-09-30": "0.19000", "2014-06-30": "0.21000", "2014-03-31": "0.24000", "2013-12-31": "0.16000", "2013-09-30": "0.03000", "2013-06-30": "0.16000", "2013-03-31": "0.08000", "2012-12-31": "0.02000", "2012-09-30": "-0.05000", "2012-06-30": "0.11000", "2012-03-31": "-0.00280", "2011-12-31": "0.03000", "2011-09-30": "-0.05000", "2011-06-30": "0.09000", "2011-03-31": "-0.09000", "2010-12-31": "-0.01000", "2010-09-30": "-0.09000", "2010-06-30": "0.02000", "2010-03-31": "-0.13000", "2009-12-31": "-0.12000", "2009-09-30": "-0.09000", "2009-06-30": "-0.12000", "2009-03-31": "-0.12000", "2008-12-31": "0.20000", "2008-09-30": "0.09000", "2008-06-30": "0.35000", "2008-03-31": "0.10000", "2007-12-31": "0.52000", "2007-09-30": "0.18000", "2007-06-30": "0.28000", "2007-03-31": "0.35000", "2006-12-31": "0.37000", "2006-09-30": "0.07000", "2006-06-30": "0.65000", "2006-03-31": "0.44000", "2005-12-31": "0.19000", "2005-09-30": "-0.03000", "2005-06-30": "0.23000", "2005-03-31": "-0.01000"}, "EPS - Earnings Per Share": {"2020-09-30": "-0.44000", "2020-06-30": "-0.50000", "2020-03-31": "-0.00420", "2019-12-31": "0.11000", "2019-09-30": "0.51000", "2019-06-30": "0.39000", "2019-03-31": "0.25000", "2018-12-31": "0.42000", "2018-09-30": "0.43000", "2018-06-30": "0.28000", "2018-03-31": "0.34000", "2017-12-31": "0.13000", "2017-09-30": "0.14000", "2017-06-30": "0.28000", "2017-03-31": "0.21000", "2016-12-31": "0.17000", "2016-09-30": "0.14000", "2016-06-30": "0.47000", "2016-03-31": "0.24000", "2015-12-31": "0.22000", "2015-09-30": "0.11000", "2015-06-30": "0.28000", "2015-03-31": "0.13000", "2014-12-31": "0.32000", "2014-09-30": "0.19000", "2014-06-30": "0.21000", "2014-03-31": "0.24000", "2013-12-31": "0.15000", "2013-09-30": "0.03000", "2013-06-30": "0.16000", "2013-03-31": "0.08000", "2012-12-31": "0.02000", "2012-09-30": "-0.05000", "2012-06-30": "0.11000", "2012-03-31": "-0.00280", "2011-12-31": "0.03000", "2011-09-30": "-0.05000", "2011-06-30": "0.09000", "2011-03-31": "-0.09000", "2010-12-31": "-0.01000", "2010-09-30": "-0.09000", "2010-06-30": "0.02000", "2010-03-31": "-0.13000", "2009-12-31": "-0.12000", "2009-09-30": "-0.09000", "2009-06-30": "-0.12000", "2009-03-31": "-0.12000", "2008-12-31": "0.18000", "2008-09-30": "0.09000", "2008-06-30": "0.34000", "2008-03-31": "0.10000", "2007-12-31": "0.52000", "2007-09-30": "0.18000", "2007-06-30": "0.27000", "2007-03-31": "0.35000", "2006-12-31": "0.36000", "2006-09-30": "0.07000", "2006-06-30": "0.62000", "2006-03-31": "0.44000", "2005-12-31": "0.20000", "2005-09-30": "-0.03000", "2005-06-30": "0.22000", "2005-03-31": "-0.01000"}}, "balance sheet": {"Cash On Hand": {"2019-12-31": "1573.00000", "2018-12-31": "1542.00000", "2017-12-31": "913.00000", "2016-12-31": "374.00000", "2015-12-31": "236.00000", "2014-12-31": "684.00000", "2013-12-31": "893.00000", "2012-12-31": "453.00000", "2011-12-31": "862.00000", "2010-12-31": "1154.00000", "2009-12-31": "1695.00000", "2008-12-31": "552.00000", "2007-12-31": "553.00000", "2006-12-31": "558.00000", "2005-12-31": "346.00000"}, "Receivables": {"2019-12-31": "63.00000", "2018-12-31": "71.00000", "2017-12-31": "79.00000", "2016-12-31": "55.00000", "2015-12-31": "56.00000", "2014-12-31": "70.00000", "2013-12-31": "52.00000", "2012-12-31": "80.00000", "2011-12-31": "37.00000", "2010-12-31": "45.00000", "2009-12-31": "29.00000", "2008-12-31": "65.00000", "2007-12-31": "106.00000", "2006-12-31": "51.00000", "2005-12-31": "41.00000"}, "Inventory": {"2019-12-31": "", "2018-12-31": "", "2017-12-31": "", "2016-12-31": "", "2015-12-31": "", "2014-12-31": "", "2013-12-31": "", "2012-12-31": "", "2011-12-31": "", "2010-12-31": "", "2009-12-31": "", "2008-12-31": "", "2007-12-31": "", "2006-12-31": "", "2005-12-31": ""}, "Pre-Paid Expenses": {"2019-12-31": "", "2018-12-31": "", "2017-12-31": "", "2016-12-31": "", "2015-12-31": "", "2014-12-31": "", "2013-12-31": "", "2012-12-31": "", "2011-12-31": "", "2010-12-31": "", "2009-12-31": "", "2008-12-31": "", "2007-12-31": "", "2006-12-31": "", "2005-12-31": ""}, "Other Current Assets": {"2019-12-31": "", "2018-12-31": "", "2017-12-31": "", "2016-12-31": "", "2015-12-31": "", "2014-12-31": "", "2013-12-31": "", "2012-12-31": "", "2011-12-31": "", "2010-12-31": "", "2009-12-31": "", "2008-12-31": "", "2007-12-31": "", "2006-12-31": "", "2005-12-31": ""}, "Total Current Assets": {"2019-12-31": "1636.00000", "2018-12-31": "1613.00000", "2017-12-31": "992.00000", "2016-12-31": "429.00000", "2015-12-31": "292.00000", "2014-12-31": "754.00000", "2013-12-31": "945.00000", "2012-12-31": "533.00000", "2011-12-31": "899.00000", "2010-12-31": "1199.00000", "2009-12-31": "1724.00000", "2008-12-31": "617.00000", "2007-12-31": "659.00000", "2006-12-31": "609.00000", "2005-12-31": "387.00000"}, "Property, Plant, And Equipment": {"2019-12-31": "9671.00000", "2018-12-31": "9760.00000", "2017-12-31": "9692.00000", "2016-12-31": "10145.00000", "2015-12-31": "10583.00000", "2014-12-31": "10575.00000", "2013-12-31": "10995.00000", "2012-12-31": "11588.00000", "2011-12-31": "11383.00000", "2010-12-31": "10514.00000", "2009-12-31": "10231.00000", "2008-12-31": "10739.00000", "2007-12-31": "10588.00000", "2006-12-31": "10584.00000", "2005-12-31": "7434.00000"}, "Long-Term Investments": {"2019-12-31": "", "2018-12-31": "", "2017-12-31": "", "2016-12-31": "", "2015-12-31": "", "2014-12-31": "", "2013-12-31": "", "2012-12-31": "", "2011-12-31": "", "2010-12-31": "", "2009-12-31": "", "2008-12-31": "", "2007-12-31": "", "2006-12-31": "", "2005-12-31": ""}, "Goodwill And Intangible Assets": {"2019-12-31": "", "2018-12-31": "", "2017-12-31": "", "2016-12-31": "", "2015-12-31": "", "2014-12-31": "", "2013-12-31": "", "2012-12-31": "", "2011-12-31": "", "2010-12-31": "", "2009-12-31": "", "2008-12-31": "", "2007-12-31": "", "2006-12-31": "", "2005-12-31": ""}, "Other Long-Term Assets": {"2019-12-31": "403.00000", "2018-12-31": "717.00000", "2017-12-31": "1009.00000", "2016-12-31": "834.00000", "2015-12-31": "781.00000", "2014-12-31": "843.00000", "2013-12-31": "832.00000", "2012-12-31": "820.00000", "2011-12-31": "753.00000", "2010-12-31": "654.00000", "2009-12-31": "551.00000", "2008-12-31": "548.00000", "2007-12-31": "514.00000", "2006-12-31": "555.00000", "2005-12-31": "361.00000"}, "Total Long-Term Assets": {"2019-12-31": "10074.00000", "2018-12-31": "10477.00000", "2017-12-31": "10701.00000", "2016-12-31": "10979.00000", "2015-12-31": "11364.00000", "2014-12-31": "11418.00000", "2013-12-31": "11869.00000", "2012-12-31": "12461.00000", "2011-12-31": "12191.00000", "2010-12-31": "11212.00000", "2009-12-31": "10831.00000", "2008-12-31": "11333.00000", "2007-12-31": "11153.00000", "2006-12-31": "11199.00000", "2005-12-31": "7858.00000"}, "Total Assets": {"2019-12-31": "12305.00000", "2018-12-31": "12090.00000", "2017-12-31": "11693.00000", "2016-12-31": "11408.00000", "2015-12-31": "11656.00000", "2014-12-31": "12172.00000", "2013-12-31": "12814.00000", "2012-12-31": "12994.00000", "2011-12-31": "13090.00000", "2010-12-31": "12411.00000", "2009-12-31": "12555.00000", "2008-12-31": "11950.00000", "2007-12-31": "11812.00000", "2006-12-31": "11808.00000", "2005-12-31": "8245.00000"}, "Total Current Liabilities": {"2019-12-31": "263.00000", "2018-12-31": "293.00000", "2017-12-31": "283.00000", "2016-12-31": "278.00000", "2015-12-31": "243.00000", "2014-12-31": "298.00000", "2013-12-31": "214.00000", "2012-12-31": "194.00000", "2011-12-31": "175.00000", "2010-12-31": "161.00000", "2009-12-31": "174.00000", "2008-12-31": "119.00000", "2007-12-31": "315.00000", "2006-12-31": "243.00000", "2005-12-31": "165.00000"}, "Long Term Debt": {"2019-12-31": "3794.00000", "2018-12-31": "3837.00000", "2017-12-31": "3954.00000", "2016-12-31": "3649.00000", "2015-12-31": "3867.00000", "2014-12-31": "3957.00000", "2013-12-31": "4759.00000", "2012-12-31": "5411.00000", "2011-12-31": "5753.00000", "2010-12-31": "5477.00000", "2009-12-31": "5837.00000", "2008-12-31": "5876.00000", "2007-12-31": "5625.00000", "2006-12-31": "5878.00000", "2005-12-31": "5370.00000"}, "Other Non-Current Liabilities": {"2019-12-31": "175.00000", "2018-12-31": "266.00000", "2017-12-31": "287.00000", "2016-12-31": "283.00000", "2015-12-31": "299.00000", "2014-12-31": "324.00000", "2013-12-31": "389.00000", "2012-12-31": "372.00000", "2011-12-31": "291.00000", "2010-12-31": "250.00000", "2009-12-31": "194.00000", "2008-12-31": "183.00000", "2007-12-31": "215.00000", "2006-12-31": "252.00000", "2005-12-31": "148.00000"}, "Total Long Term Liabilities": {"2019-12-31": "4111.00000", "2018-12-31": "4231.00000", "2017-12-31": "4408.00000", "2016-12-31": "4097.00000", "2015-12-31": "4309.00000", "2014-12-31": "4506.00000", "2013-12-31": "5338.00000", "2012-12-31": "5941.00000", "2011-12-31": "6202.00000", "2010-12-31": "5918.00000", "2009-12-31": "6170.00000", "2008-12-31": "6241.00000", "2007-12-31": "6056.00000", "2006-12-31": "6343.00000", "2005-12-31": "5663.00000"}, "Total Liabilities": {"2019-12-31": "4980.00000", "2018-12-31": "4524.00000", "2017-12-31": "4691.00000", "2016-12-31": "4375.00000", "2015-12-31": "4552.00000", "2014-12-31": "4804.00000", "2013-12-31": "5552.00000", "2012-12-31": "6135.00000", "2011-12-31": "6377.00000", "2010-12-31": "6079.00000", "2009-12-31": "6344.00000", "2008-12-31": "6360.00000", "2007-12-31": "6371.00000", "2006-12-31": "6586.00000", "2005-12-31": "5828.00000"}, "Common Stock Net": {"2019-12-31": "7.00000", "2018-12-31": "7.00000", "2017-12-31": "7.00000", "2016-12-31": "7.00000", "2015-12-31": "8.00000", "2014-12-31": "8.00000", "2013-12-31": "8.00000", "2012-12-31": "7.00000", "2011-12-31": "7.00000", "2010-12-31": "7.00000", "2009-12-31": "6.00000", "2008-12-31": "5.00000", "2007-12-31": "5.00000", "2006-12-31": "5.00000", "2005-12-31": "4.00000"}, "Retained Earnings (Accumulated Deficit)": {"2019-12-31": "-307.00000", "2018-12-31": "-610.00000", "2017-12-31": "-1071.00000", "2016-12-31": "-1007.00000", "2015-12-31": "-1139.00000", "2014-12-31": "-1098.00000", "2013-12-31": "-1263.00000", "2012-12-31": "-1234.00000", "2011-12-31": "-1079.00000", "2010-12-31": "-965.00000", "2009-12-31": "-801.00000", "2008-12-31": "-385.00000", "2007-12-31": "-379.00000", "2006-12-31": "-585.00000", "2005-12-31": "-923.00000"}, "Comprehensive Income": {"2019-12-31": "-56.00000", "2018-12-31": "-59.00000", "2017-12-31": "-60.00000", "2016-12-31": "-83.00000", "2015-12-31": "-107.00000", "2014-12-31": "-50.00000", "2013-12-31": "-9.00000", "2012-12-31": "12.00000", "2011-12-31": "-1.00000", "2010-12-31": "25.00000", "2009-12-31": "12.00000", "2008-12-31": "5.00000", "2007-12-31": "45.00000", "2006-12-31": "25.00000", "2005-12-31": "15.00000"}, "Other Share Holders Equity": {"2019-12-31": "", "2018-12-31": "", "2017-12-31": "", "2016-12-31": "", "2015-12-31": "0.00000", "2014-12-31": "0.00000", "2013-12-31": "0.00000", "2012-12-31": "0.00000", "2011-12-31": "0.00000", "2010-12-31": "0.00000", "2009-12-31": "0.00000", "2008-12-31": "", "2007-12-31": "", "2006-12-31": "", "2005-12-31": ""}, "Share Holder Equity": {"2019-12-31": "7325.00000", "2018-12-31": "7566.00000", "2017-12-31": "7002.00000", "2016-12-31": "7033.00000", "2015-12-31": "7104.00000", "2014-12-31": "7368.00000", "2013-12-31": "7262.00000", "2012-12-31": "6859.00000", "2011-12-31": "6713.00000", "2010-12-31": "6332.00000", "2009-12-31": "6211.00000", "2008-12-31": "5590.00000", "2007-12-31": "5441.00000", "2006-12-31": "5222.00000", "2005-12-31": "2417.00000"}, "Total Liabilities And Share Holders Equity": {"2019-12-31": "12305.00000", "2018-12-31": "12090.00000", "2017-12-31": "11693.00000", "2016-12-31": "11408.00000", "2015-12-31": "11656.00000", "2014-12-31": "12172.00000", "2013-12-31": "12814.00000", "2012-12-31": "12994.00000", "2011-12-31": "13090.00000", "2010-12-31": "12411.00000", "2009-12-31": "12555.00000", "2008-12-31": "11950.00000", "2007-12-31": "11812.00000", "2006-12-31": "11808.00000", "2005-12-31": "8245.00000"}}, "balance sheet, quarterly": {"Cash On Hand": {"2020-09-30": "2430.00000", "2020-06-30": "1578.00000", "2020-03-31": "2796.00000", "2019-12-31": "1573.00000", "2019-09-30": "2030.00000", "2019-06-30": "1107.00000", "2019-03-31": "1082.00000", "2018-12-31": "1542.00000", "2018-09-30": "1269.00000", "2018-06-30": "646.00000", "2018-03-31": "323.00000", "2017-12-31": "913.00000", "2017-09-30": "789.00000", "2017-06-30": "646.00000", "2017-03-31": "413.00000", "2016-12-31": "374.00000", "2016-09-30": "342.00000", "2016-06-30": "269.00000", "2016-03-31": "249.00000", "2015-12-31": "236.00000", "2015-09-30": "279.00000", "2015-06-30": "265.00000", "2015-03-31": "485.00000", "2014-12-31": "684.00000", "2014-09-30": "418.00000", "2014-06-30": "473.00000", "2014-03-31": "425.00000", "2013-12-31": "893.00000", "2013-09-30": "390.00000", "2013-06-30": "428.00000", "2013-03-31": "1110.00000", "2012-12-31": "453.00000", "2012-09-30": "289.00000", "2012-06-30": "493.00000", "2012-03-31": "1345.00000", "2011-12-31": "862.00000", "2011-09-30": "560.00000", "2011-06-30": "669.00000", "2011-03-31": "195.00000", "2010-12-31": "1154.00000", "2010-09-30": "922.00000", "2010-06-30": "1214.00000", "2010-03-31": "1279.00000", "2009-12-31": "1695.00000", "2009-09-30": "1068.00000", "2009-06-30": "1392.00000", "2009-03-31": "691.00000", "2008-12-31": "552.00000", "2008-09-30": "549.00000", "2008-06-30": "566.00000", "2008-03-31": "385.00000", "2007-12-31": "553.00000", "2007-09-30": "689.00000", "2007-06-30": "605.00000", "2007-03-31": "1346.00000", "2006-12-31": "558.00000", "2006-09-30": "352.00000", "2006-06-30": "626.00000", "2006-03-31": "569.00000", "2005-12-31": "346.00000", "2005-09-30": "567.00000", "2005-06-30": "571.00000", "2005-03-31": "908.00000"}, "Receivables": {"2020-09-30": "19.00000", "2020-06-30": "6.00000", "2020-03-31": "37.00000", "2019-12-31": "63.00000", "2019-09-30": "104.00000", "2019-06-30": "163.00000", "2019-03-31": "145.00000", "2018-12-31": "71.00000", "2018-09-30": "141.00000", "2018-06-30": "161.00000", "2018-03-31": "146.00000", "2017-12-31": "79.00000", "2017-09-30": "116.00000", "2017-06-30": "120.00000", "2017-03-31": "133.00000", "2016-12-31": "55.00000", "2016-09-30": "106.00000", "2016-06-30": "114.00000", "2016-03-31": "135.00000", "2015-12-31": "56.00000", "2015-09-30": "130.00000", "2015-06-30": "135.00000", "2015-03-31": "149.00000", "2014-12-31": "70.00000", "2014-09-30": "156.00000", "2014-06-30": "129.00000", "2014-03-31": "111.00000", "2013-12-31": "52.00000", "2013-09-30": "85.00000", "2013-06-30": "130.00000", "2013-03-31": "96.00000", "2012-12-31": "80.00000", "2012-09-30": "98.00000", "2012-06-30": "77.00000", "2012-03-31": "54.00000", "2011-12-31": "37.00000", "2011-09-30": "34.00000", "2011-06-30": "67.00000", "2011-03-31": "54.00000", "2010-12-31": "45.00000", "2010-09-30": "59.00000", "2010-06-30": "54.00000", "2010-03-31": "41.00000", "2009-12-31": "29.00000", "2009-09-30": "52.00000", "2009-06-30": "81.00000", "2009-03-31": "62.00000", "2008-12-31": "65.00000", "2008-09-30": "99.00000", "2008-06-30": "134.00000", "2008-03-31": "92.00000", "2007-12-31": "106.00000", "2007-09-30": "57.00000", "2007-06-30": "122.00000", "2007-03-31": "89.00000", "2006-12-31": "51.00000", "2006-09-30": "31.00000", "2006-06-30": "117.00000", "2006-03-31": "81.00000", "2005-12-31": "41.00000", "2005-09-30": "66.00000", "2005-06-30": "110.00000", "2005-03-31": "88.00000"}, "Inventory": {"2020-09-30": "", "2020-06-30": "", "2020-03-31": "", "2019-12-31": "", "2019-09-30": "", "2019-06-30": "", "2019-03-31": "", "2018-12-31": "", "2018-09-30": "", "2018-06-30": "", "2018-03-31": "", "2017-12-31": "", "2017-09-30": "", "2017-06-30": "", "2017-03-31": "", "2016-12-31": "", "2016-09-30": "", "2016-06-30": "", "2016-03-31": "", "2015-12-31": "", "2015-09-30": "", "2015-06-30": "", "2015-03-31": "", "2014-12-31": "", "2014-09-30": "", "2014-06-30": "", "2014-03-31": "", "2013-12-31": "", "2013-09-30": "", "2013-06-30": "", "2013-03-31": "", "2012-12-31": "", "2012-09-30": "", "2012-06-30": "", "2012-03-31": "", "2011-12-31": "", "2011-09-30": "", "2011-06-30": "", "2011-03-31": "", "2010-12-31": "", "2010-09-30": "", "2010-06-30": "", "2010-03-31": "", "2009-12-31": "", "2009-09-30": "", "2009-06-30": "", "2009-03-31": "", "2008-12-31": "", "2008-09-30": "", "2008-06-30": "", "2008-03-31": "", "2007-12-31": "", "2007-09-30": "", "2007-06-30": "", "2007-03-31": "", "2006-12-31": "", "2006-09-30": "", "2006-06-30": "", "2006-03-31": "", "2005-12-31": "", "2005-09-30": "", "2005-06-30": "", "2005-03-31": ""}, "Pre-Paid Expenses": {"2020-09-30": "", "2020-06-30": "", "2020-03-31": "", "2019-12-31": "", "2019-09-30": "", "2019-06-30": "", "2019-03-31": "", "2018-12-31": "", "2018-09-30": "", "2018-06-30": "", "2018-03-31": "", "2017-12-31": "", "2017-09-30": "", "2017-06-30": "", "2017-03-31": "", "2016-12-31": "", "2016-09-30": "", "2016-06-30": "", "2016-03-31": "", "2015-12-31": "", "2015-09-30": "", "2015-06-30": "", "2015-03-31": "", "2014-12-31": "", "2014-09-30": "", "2014-06-30": "", "2014-03-31": "", "2013-12-31": "", "2013-09-30": "", "2013-06-30": "", "2013-03-31": "", "2012-12-31": "", "2012-09-30": "", "2012-06-30": "", "2012-03-31": "", "2011-12-31": "", "2011-09-30": "", "2011-06-30": "", "2011-03-31": "", "2010-12-31": "", "2010-09-30": "", "2010-06-30": "", "2010-03-31": "", "2009-12-31": "", "2009-09-30": "", "2009-06-30": "", "2009-03-31": "", "2008-12-31": "", "2008-09-30": "", "2008-06-30": "", "2008-03-31": "", "2007-12-31": "", "2007-09-30": "", "2007-06-30": "", "2007-03-31": "", "2006-12-31": "", "2006-09-30": "", "2006-06-30": "", "2006-03-31": "", "2005-12-31": "", "2005-09-30": "", "2005-06-30": "", "2005-03-31": ""}, "Other Current Assets": {"2020-09-30": "", "2020-06-30": "", "2020-03-31": "", "2019-12-31": "", "2019-09-30": "", "2019-06-30": "", "2019-03-31": "", "2018-12-31": "", "2018-09-30": "", "2018-06-30": "", "2018-03-31": "", "2017-12-31": "", "2017-09-30": "", "2017-06-30": "", "2017-03-31": "", "2016-12-31": "", "2016-09-30": "", "2016-06-30": "", "2016-03-31": "", "2015-12-31": "", "2015-09-30": "", "2015-06-30": "", "2015-03-31": "", "2014-12-31": "", "2014-09-30": "", "2014-06-30": "", "2014-03-31": "", "2013-12-31": "", "2013-09-30": "", "2013-06-30": "", "2013-03-31": "", "2012-12-31": "", "2012-09-30": "", "2012-06-30": "", "2012-03-31": "", "2011-12-31": "", "2011-09-30": "", "2011-06-30": "", "2011-03-31": "", "2010-12-31": "", "2010-09-30": "", "2010-06-30": "", "2010-03-31": "", "2009-12-31": "", "2009-09-30": "", "2009-06-30": "", "2009-03-31": "", "2008-12-31": "", "2008-09-30": "", "2008-06-30": "", "2008-03-31": "", "2007-12-31": "", "2007-09-30": "", "2007-06-30": "", "2007-03-31": "", "2006-12-31": "", "2006-09-30": "", "2006-06-30": "", "2006-03-31": "", "2005-12-31": "", "2005-09-30": "", "2005-06-30": "", "2005-03-31": ""}, "Total Current Assets": {"2020-09-30": "2449.00000", "2020-06-30": "1584.00000", "2020-03-31": "2833.00000", "2019-12-31": "1636.00000", "2019-09-30": "2134.00000", "2019-06-30": "1270.00000", "2019-03-31": "1227.00000", "2018-12-31": "1613.00000", "2018-09-30": "1410.00000", "2018-06-30": "807.00000", "2018-03-31": "469.00000", "2017-12-31": "992.00000", "2017-09-30": "905.00000", "2017-06-30": "766.00000", "2017-03-31": "546.00000", "2016-12-31": "429.00000", "2016-09-30": "448.00000", "2016-06-30": "383.00000", "2016-03-31": "384.00000", "2015-12-31": "292.00000", "2015-09-30": "409.00000", "2015-06-30": "400.00000", "2015-03-31": "634.00000", "2014-12-31": "754.00000", "2014-09-30": "574.00000", "2014-06-30": "602.00000", "2014-03-31": "536.00000", "2013-12-31": "945.00000", "2013-09-30": "475.00000", "2013-06-30": "558.00000", "2013-03-31": "1206.00000", "2012-12-31": "533.00000", "2012-09-30": "387.00000", "2012-06-30": "570.00000", "2012-03-31": "1399.00000", "2011-12-31": "899.00000", "2011-09-30": "594.00000", "2011-06-30": "736.00000", "2011-03-31": "249.00000", "2010-12-31": "1199.00000", "2010-09-30": "981.00000", "2010-06-30": "1268.00000", "2010-03-31": "1320.00000", "2009-12-31": "1724.00000", "2009-09-30": "1120.00000", "2009-06-30": "1473.00000", "2009-03-31": "753.00000", "2008-12-31": "617.00000", "2008-09-30": "648.00000", "2008-06-30": "700.00000", "2008-03-31": "477.00000", "2007-12-31": "659.00000", "2007-09-30": "746.00000", "2007-06-30": "727.00000", "2007-03-31": "1435.00000", "2006-12-31": "609.00000", "2006-09-30": "383.00000", "2006-06-30": "743.00000", "2006-03-31": "650.00000", "2005-12-31": "387.00000", "2005-09-30": "633.00000", "2005-06-30": "681.00000", "2005-03-31": "1003.00000"}, "Property, Plant, And Equipment": {"2020-09-30": "9487.00000", "2020-06-30": "9613.00000", "2020-03-31": "9628.00000", "2019-12-31": "9671.00000", "2019-09-30": "9688.00000", "2019-06-30": "10000.00000", "2019-03-31": "10296.00000", "2018-12-31": "9760.00000", "2018-09-30": "9775.00000", "2018-06-30": "10377.00000", "2018-03-31": "10650.00000", "2017-12-31": "9692.00000", "2017-09-30": "10014.00000", "2017-06-30": "10251.00000", "2017-03-31": "10382.00000", "2016-12-31": "10145.00000", "2016-09-30": "10379.00000", "2016-06-30": "10452.00000", "2016-03-31": "10551.00000", "2015-12-31": "10583.00000", "2015-09-30": "10683.00000", "2015-06-30": "10776.00000", "2015-03-31": "10495.00000", "2014-12-31": "10575.00000", "2014-09-30": "10629.00000", "2014-06-30": "10749.00000", "2014-03-31": "10817.00000", "2013-12-31": "10995.00000", "2013-09-30": "11110.00000", "2013-06-30": "11201.00000", "2013-03-31": "11284.00000", "2012-12-31": "11588.00000", "2012-09-30": "11731.00000", "2012-06-30": "11347.00000", "2012-03-31": "11341.00000", "2011-12-31": "11383.00000", "2011-09-30": "11444.00000", "2011-06-30": "11635.00000", "2011-03-31": "11485.00000", "2010-12-31": "10514.00000", "2010-09-30": "10452.00000", "2010-06-30": "10054.00000", "2010-03-31": "10144.00000", "2009-12-31": "10231.00000", "2009-09-30": "10336.00000", "2009-06-30": "10431.00000", "2009-03-31": "10581.00000", "2008-12-31": "10739.00000", "2008-09-30": "10731.00000", "2008-06-30": "10718.00000", "2008-03-31": "10695.00000", "2007-12-31": "10588.00000", "2007-09-30": "10532.00000", "2007-06-30": "10510.00000", "2007-03-31": "10501.00000", "2006-12-31": "10584.00000", "2006-09-30": "10685.00000", "2006-06-30": "10328.00000", "2006-03-31": "7244.00000", "2005-12-31": "7434.00000", "2005-09-30": "7204.00000", "2005-06-30": "7229.00000", "2005-03-31": "7249.00000"}, "Long-Term Investments": {"2020-09-30": "", "2020-06-30": "", "2020-03-31": "", "2019-12-31": "", "2019-09-30": "", "2019-06-30": "", "2019-03-31": "", "2018-12-31": "", "2018-09-30": "", "2018-06-30": "", "2018-03-31": "", "2017-12-31": "", "2017-09-30": "", "2017-06-30": "", "2017-03-31": "", "2016-12-31": "", "2016-09-30": "", "2016-06-30": "", "2016-03-31": "", "2015-12-31": "", "2015-09-30": "", "2015-06-30": "", "2015-03-31": "", "2014-12-31": "", "2014-09-30": "", "2014-06-30": "", "2014-03-31": "", "2013-12-31": "", "2013-09-30": "", "2013-06-30": "", "2013-03-31": "", "2012-12-31": "", "2012-09-30": "", "2012-06-30": "", "2012-03-31": "", "2011-12-31": "", "2011-09-30": "", "2011-06-30": "", "2011-03-31": "", "2010-12-31": "", "2010-09-30": "", "2010-06-30": "", "2010-03-31": "", "2009-12-31": "", "2009-09-30": "", "2009-06-30": "", "2009-03-31": "", "2008-12-31": "", "2008-09-30": "", "2008-06-30": "", "2008-03-31": "", "2007-12-31": "", "2007-09-30": "", "2007-06-30": "", "2007-03-31": "", "2006-12-31": "", "2006-09-30": "", "2006-06-30": "", "2006-03-31": "", "2005-12-31": "", "2005-09-30": "", "2005-06-30": "", "2005-03-31": ""}, "Goodwill And Intangible Assets": {"2020-09-30": "", "2020-06-30": "", "2020-03-31": "", "2019-12-31": "", "2019-09-30": "", "2019-06-30": "", "2019-03-31": "", "2018-12-31": "", "2018-09-30": "", "2018-06-30": "", "2018-03-31": "", "2017-12-31": "", "2017-09-30": "", "2017-06-30": "", "2017-03-31": "", "2016-12-31": "", "2016-09-30": "", "2016-06-30": "", "2016-03-31": "", "2015-12-31": "", "2015-09-30": "", "2015-06-30": "", "2015-03-31": "", "2014-12-31": "", "2014-09-30": "", "2014-06-30": "", "2014-03-31": "", "2013-12-31": "", "2013-09-30": "", "2013-06-30": "", "2013-03-31": "", "2012-12-31": "", "2012-09-30": "", "2012-06-30": "", "2012-03-31": "", "2011-12-31": "", "2011-09-30": "", "2011-06-30": "", "2011-03-31": "", "2010-12-31": "", "2010-09-30": "", "2010-06-30": "", "2010-03-31": "", "2009-12-31": "", "2009-09-30": "", "2009-06-30": "", "2009-03-31": "", "2008-12-31": "", "2008-09-30": "", "2008-06-30": "", "2008-03-31": "", "2007-12-31": "", "2007-09-30": "", "2007-06-30": "", "2007-03-31": "", "2006-12-31": "", "2006-09-30": "", "2006-06-30": "", "2006-03-31": "", "2005-12-31": "", "2005-09-30": "", "2005-06-30": "", "2005-03-31": ""}, "Other Long-Term Assets": {"2020-09-30": "535.00000", "2020-06-30": "398.00000", "2020-03-31": "387.00000", "2019-12-31": "403.00000", "2019-09-30": "761.00000", "2019-06-30": "665.00000", "2019-03-31": "438.00000", "2018-12-31": "717.00000", "2018-09-30": "970.00000", "2018-06-30": "891.00000", "2018-03-31": "945.00000", "2017-12-31": "1009.00000", "2017-09-30": "852.00000", "2017-06-30": "837.00000", "2017-03-31": "848.00000", "2016-12-31": "834.00000", "2016-09-30": "715.00000", "2016-06-30": "757.00000", "2016-03-31": "755.00000", "2015-12-31": "781.00000", "2015-09-30": "856.00000", "2015-06-30": "834.00000", "2015-03-31": "848.00000", "2014-12-31": "843.00000", "2014-09-30": "895.00000", "2014-06-30": "825.00000", "2014-03-31": "817.00000", "2013-12-31": "832.00000", "2013-09-30": "935.00000", "2013-06-30": "860.00000", "2013-03-31": "794.00000", "2012-12-31": "820.00000", "2012-09-30": "867.00000", "2012-06-30": "765.00000", "2012-03-31": "790.00000", "2011-12-31": "753.00000", "2011-09-30": "723.00000", "2011-06-30": "687.00000", "2011-03-31": "718.00000", "2010-12-31": "654.00000", "2010-09-30": "623.00000", "2010-06-30": "592.00000", "2010-03-31": "550.00000", "2009-12-31": "551.00000", "2009-09-30": "565.00000", "2009-06-30": "517.00000", "2009-03-31": "491.00000", "2008-12-31": "548.00000", "2008-09-30": "559.00000", "2008-06-30": "573.00000", "2008-03-31": "542.00000", "2007-12-31": "514.00000", "2007-09-30": "512.00000", "2007-06-30": "517.00000", "2007-03-31": "443.00000", "2006-12-31": "555.00000", "2006-09-30": "537.00000", "2006-06-30": "443.00000", "2006-03-31": "538.00000", "2005-12-31": "361.00000", "2005-09-30": "342.00000", "2005-06-30": "323.00000", "2005-03-31": "326.00000"}, "Total Long-Term Assets": {"2020-09-30": "10022.00000", "2020-06-30": "10011.00000", "2020-03-31": "10015.00000", "2019-12-31": "10074.00000", "2019-09-30": "10449.00000", "2019-06-30": "10665.00000", "2019-03-31": "10734.00000", "2018-12-31": "10477.00000", "2018-09-30": "10745.00000", "2018-06-30": "11268.00000", "2018-03-31": "11595.00000", "2017-12-31": "10701.00000", "2017-09-30": "10866.00000", "2017-06-30": "11088.00000", "2017-03-31": "11230.00000", "2016-12-31": "10979.00000", "2016-09-30": "11094.00000", "2016-06-30": "11209.00000", "2016-03-31": "11306.00000", "2015-12-31": "11364.00000", "2015-09-30": "11571.00000", "2015-06-30": "11641.00000", "2015-03-31": "11376.00000", "2014-12-31": "11418.00000", "2014-09-30": "11561.00000", "2014-06-30": "11613.00000", "2014-03-31": "11673.00000", "2013-12-31": "11869.00000", "2013-09-30": "12088.00000", "2013-06-30": "12107.00000", "2013-03-31": "12131.00000", "2012-12-31": "12461.00000", "2012-09-30": "12655.00000", "2012-06-30": "12166.00000", "2012-03-31": "12188.00000", "2011-12-31": "12191.00000", "2011-09-30": "12211.00000", "2011-06-30": "12367.00000", "2011-03-31": "12244.00000", "2010-12-31": "11212.00000", "2010-09-30": "11114.00000", "2010-06-30": "10689.00000", "2010-03-31": "10740.00000", "2009-12-31": "10831.00000", "2009-09-30": "10947.00000", "2009-06-30": "10999.00000", "2009-03-31": "11119.00000", "2008-12-31": "11333.00000", "2008-09-30": "11341.00000", "2008-06-30": "11345.00000", "2008-03-31": "11286.00000", "2007-12-31": "11153.00000", "2007-09-30": "11098.00000", "2007-06-30": "11084.00000", "2007-03-31": "11006.00000", "2006-12-31": "11199.00000", "2006-09-30": "11281.00000", "2006-06-30": "10833.00000", "2006-03-31": "7835.00000", "2005-12-31": "7858.00000", "2005-09-30": "7615.00000", "2005-06-30": "7624.00000", "2005-03-31": "7651.00000"}, "Total Assets": {"2020-09-30": "13071.00000", "2020-06-30": "12190.00000", "2020-03-31": "13446.00000", "2019-12-31": "12305.00000", "2019-09-30": "13132.00000", "2019-06-30": "12525.00000", "2019-03-31": "12577.00000", "2018-12-31": "12090.00000", "2018-09-30": "12155.00000", "2018-06-30": "12075.00000", "2018-03-31": "12064.00000", "2017-12-31": "11693.00000", "2017-09-30": "11771.00000", "2017-06-30": "11854.00000", "2017-03-31": "11776.00000", "2016-12-31": "11408.00000", "2016-09-30": "11542.00000", "2016-06-30": "11592.00000", "2016-03-31": "11690.00000", "2015-12-31": "11656.00000", "2015-09-30": "11980.00000", "2015-06-30": "12041.00000", "2015-03-31": "12010.00000", "2014-12-31": "12172.00000", "2014-09-30": "12135.00000", "2014-06-30": "12215.00000", "2014-03-31": "12209.00000", "2013-12-31": "12814.00000", "2013-09-30": "12563.00000", "2013-06-30": "12665.00000", "2013-03-31": "13337.00000", "2012-12-31": "12994.00000", "2012-09-30": "13042.00000", "2012-06-30": "12736.00000", "2012-03-31": "13587.00000", "2011-12-31": "13090.00000", "2011-09-30": "12805.00000", "2011-06-30": "13103.00000", "2011-03-31": "12493.00000", "2010-12-31": "12411.00000", "2010-09-30": "12095.00000", "2010-06-30": "11957.00000", "2010-03-31": "12060.00000", "2009-12-31": "12555.00000", "2009-09-30": "12067.00000", "2009-06-30": "12472.00000", "2009-03-31": "11872.00000", "2008-12-31": "11950.00000", "2008-09-30": "11989.00000", "2008-06-30": "12045.00000", "2008-03-31": "11763.00000", "2007-12-31": "11812.00000", "2007-09-30": "11844.00000", "2007-06-30": "11811.00000", "2007-03-31": "12441.00000", "2006-12-31": "11808.00000", "2006-09-30": "11664.00000", "2006-06-30": "11576.00000", "2006-03-31": "8485.00000", "2005-12-31": "8245.00000", "2005-09-30": "8248.00000", "2005-06-30": "8305.00000", "2005-03-31": "8654.00000"}, "Total Current Liabilities": {"2020-09-30": "78.00000", "2020-06-30": "68.00000", "2020-03-31": "222.00000", "2019-12-31": "263.00000", "2019-09-30": "277.00000", "2019-06-30": "248.00000", "2019-03-31": "240.00000", "2018-12-31": "293.00000", "2018-09-30": "265.00000", "2018-06-30": "242.00000", "2018-03-31": "233.00000", "2017-12-31": "283.00000", "2017-09-30": "250.00000", "2017-06-30": "221.00000", "2017-03-31": "218.00000", "2016-12-31": "278.00000", "2016-09-30": "242.00000", "2016-06-30": "228.00000", "2016-03-31": "215.00000", "2015-12-31": "243.00000", "2015-09-30": "248.00000", "2015-06-30": "230.00000", "2015-03-31": "224.00000", "2014-12-31": "298.00000", "2014-09-30": "244.00000", "2014-06-30": "202.00000", "2014-03-31": "185.00000", "2013-12-31": "214.00000", "2013-09-30": "193.00000", "2013-06-30": "175.00000", "2013-03-31": "165.00000", "2012-12-31": "194.00000", "2012-09-30": "105.00000", "2012-06-30": "95.00000", "2012-03-31": "152.00000", "2011-12-31": "175.00000", "2011-09-30": "173.00000", "2011-06-30": "178.00000", "2011-03-31": "166.00000", "2010-12-31": "161.00000", "2010-09-30": "187.00000", "2010-06-30": "153.00000", "2010-03-31": "164.00000", "2009-12-31": "174.00000", "2009-09-30": "130.00000", "2009-06-30": "86.00000", "2009-03-31": "107.00000", "2008-12-31": "119.00000", "2008-09-30": "132.00000", "2008-06-30": "84.00000", "2008-03-31": "232.00000", "2007-12-31": "315.00000", "2007-09-30": "135.00000", "2007-06-30": "196.00000", "2007-03-31": "217.00000", "2006-12-31": "243.00000", "2006-09-30": "145.00000", "2006-06-30": "215.00000", "2006-03-31": "169.00000", "2005-12-31": "165.00000", "2005-09-30": "129.00000", "2005-06-30": "145.00000", "2005-03-31": "135.00000"}, "Long Term Debt": {"2020-09-30": "5728.00000", "2020-06-30": "4543.00000", "2020-03-31": "5295.00000", "2019-12-31": "3794.00000", "2019-09-30": "4442.00000", "2019-06-30": "3864.00000", "2019-03-31": "3862.00000", "2018-12-31": "3837.00000", "2018-09-30": "4079.00000", "2018-06-30": "4228.00000", "2018-03-31": "4266.00000", "2017-12-31": "3954.00000", "2017-09-30": "3961.00000", "2017-06-30": "3992.00000", "2017-03-31": "3988.00000", "2016-12-31": "3649.00000", "2016-09-30": "3752.00000", "2016-06-30": "3715.00000", "2016-03-31": "3961.00000", "2015-12-31": "3867.00000", "2015-09-30": "4278.00000", "2015-06-30": "4053.00000", "2015-03-31": "3968.00000", "2014-12-31": "3957.00000", "2014-09-30": "4012.00000", "2014-06-30": "4030.00000", "2014-03-31": "4093.00000", "2013-12-31": "4759.00000", "2013-09-30": "4560.00000", "2013-06-30": "4724.00000", "2013-03-31": "5534.00000", "2012-12-31": "5411.00000", "2012-09-30": "5495.00000", "2012-06-30": "5226.00000", "2012-03-31": "6137.00000", "2011-12-31": "5753.00000", "2011-09-30": "5488.00000", "2011-06-30": "5888.00000", "2011-03-31": "5538.00000", "2010-12-31": "5477.00000", "2010-09-30": "5424.00000", "2010-06-30": "5395.00000", "2010-03-31": "5383.00000", "2009-12-31": "5837.00000", "2009-09-30": "5539.00000", "2009-06-30": "6093.00000", "2009-03-31": "5893.00000", "2008-12-31": "5876.00000", "2008-09-30": "5906.00000", "2008-06-30": "5912.00000", "2008-03-31": "5618.00000", "2007-12-31": "5625.00000", "2007-09-30": "5813.00000", "2007-06-30": "5817.00000", "2007-03-31": "6467.00000", "2006-12-31": "5878.00000", "2006-09-30": "5839.00000", "2006-06-30": "5716.00000", "2006-03-31": "5064.00000", "2005-12-31": "5370.00000", "2005-09-30": "5501.00000", "2005-06-30": "5519.00000", "2005-03-31": "5861.00000"}, "Other Non-Current Liabilities": {"2020-09-30": "166.00000", "2020-06-30": "169.00000", "2020-03-31": "166.00000", "2019-12-31": "175.00000", "2019-09-30": "217.00000", "2019-06-30": "199.00000", "2019-03-31": "183.00000", "2018-12-31": "266.00000", "2018-09-30": "246.00000", "2018-06-30": "266.00000", "2018-03-31": "281.00000", "2017-12-31": "287.00000", "2017-09-30": "295.00000", "2017-06-30": "344.00000", "2017-03-31": "343.00000", "2016-12-31": "283.00000", "2016-09-30": "280.00000", "2016-06-30": "288.00000", "2016-03-31": "297.00000", "2015-12-31": "299.00000", "2015-09-30": "318.00000", "2015-06-30": "310.00000", "2015-03-31": "304.00000", "2014-12-31": "324.00000", "2014-09-30": "325.00000", "2014-06-30": "388.00000", "2014-03-31": "386.00000", "2013-12-31": "389.00000", "2013-09-30": "373.00000", "2013-06-30": "384.00000", "2013-03-31": "353.00000", "2012-12-31": "372.00000", "2012-09-30": "341.00000", "2012-06-30": "278.00000", "2012-03-31": "267.00000", "2011-12-31": "291.00000", "2011-09-30": "225.00000", "2011-06-30": "209.00000", "2011-03-31": "213.00000", "2010-12-31": "250.00000", "2010-09-30": "201.00000", "2010-06-30": "190.00000", "2010-03-31": "194.00000", "2009-12-31": "194.00000", "2009-09-30": "201.00000", "2009-06-30": "171.00000", "2009-03-31": "163.00000", "2008-12-31": "183.00000", "2008-09-30": "206.00000", "2008-06-30": "215.00000", "2008-03-31": "222.00000", "2007-12-31": "215.00000", "2007-09-30": "225.00000", "2007-06-30": "235.00000", "2007-03-31": "230.00000", "2006-12-31": "252.00000", "2006-09-30": "223.00000", "2006-06-30": "231.00000", "2006-03-31": "211.00000", "2005-12-31": "148.00000", "2005-09-30": "153.00000", "2005-06-30": "173.00000", "2005-03-31": "146.00000"}, "Total Long Term Liabilities": {"2020-09-30": "5974.00000", "2020-06-30": "4793.00000", "2020-03-31": "5545.00000", "2019-12-31": "4111.00000", "2019-09-30": "4792.00000", "2019-06-30": "4204.00000", "2019-03-31": "4192.00000", "2018-12-31": "4231.00000", "2018-09-30": "4495.00000", "2018-06-30": "4667.00000", "2018-03-31": "4703.00000", "2017-12-31": "4408.00000", "2017-09-30": "4413.00000", "2017-06-30": "4492.00000", "2017-03-31": "4492.00000", "2016-12-31": "4097.00000", "2016-09-30": "4170.00000", "2016-06-30": "4150.00000", "2016-03-31": "4414.00000", "2015-12-31": "4309.00000", "2015-09-30": "4744.00000", "2015-06-30": "4549.00000", "2015-03-31": "4463.00000", "2014-12-31": "4506.00000", "2014-09-30": "4541.00000", "2014-06-30": "4629.00000", "2014-03-31": "4675.00000", "2013-12-31": "5338.00000", "2013-09-30": "5108.00000", "2013-06-30": "5276.00000", "2013-03-31": "6062.00000", "2012-12-31": "5941.00000", "2012-09-30": "6003.00000", "2012-06-30": "5664.00000", "2012-03-31": "6575.00000", "2011-12-31": "6202.00000", "2011-09-30": "5828.00000", "2011-06-30": "6271.00000", "2011-03-31": "5944.00000", "2010-12-31": "5918.00000", "2010-09-30": "5779.00000", "2010-06-30": "5754.00000", "2010-03-31": "5737.00000", "2009-12-31": "6170.00000", "2009-09-30": "5864.00000", "2009-06-30": "6379.00000", "2009-03-31": "6203.00000", "2008-12-31": "6241.00000", "2008-09-30": "6361.00000", "2008-06-30": "6406.00000", "2008-03-31": "6117.00000", "2007-12-31": "6056.00000", "2007-09-30": "6255.00000", "2007-06-30": "6266.00000", "2007-03-31": "6915.00000", "2006-12-31": "6343.00000", "2006-09-30": "6278.00000", "2006-06-30": "6163.00000", "2006-03-31": "5434.00000", "2005-12-31": "5663.00000", "2005-09-30": "5799.00000", "2005-06-30": "5839.00000", "2005-03-31": "6154.00000"}, "Total Liabilities": {"2020-09-30": "6664.00000", "2020-06-30": "5468.00000", "2020-03-31": "6376.00000", "2019-12-31": "4980.00000", "2019-09-30": "5627.00000", "2019-06-30": "5051.00000", "2019-03-31": "5057.00000", "2018-12-31": "4524.00000", "2018-09-30": "4760.00000", "2018-06-30": "4909.00000", "2018-03-31": "4936.00000", "2017-12-31": "4691.00000", "2017-09-30": "4663.00000", "2017-06-30": "4713.00000", "2017-03-31": "4710.00000", "2016-12-31": "4375.00000", "2016-09-30": "4412.00000", "2016-06-30": "4378.00000", "2016-03-31": "4629.00000", "2015-12-31": "4552.00000", "2015-09-30": "4992.00000", "2015-06-30": "4779.00000", "2015-03-31": "4687.00000", "2014-12-31": "4804.00000", "2014-09-30": "4785.00000", "2014-06-30": "4831.00000", "2014-03-31": "4860.00000", "2013-12-31": "5552.00000", "2013-09-30": "5301.00000", "2013-06-30": "5451.00000", "2013-03-31": "6227.00000", "2012-12-31": "6135.00000", "2012-09-30": "6108.00000", "2012-06-30": "5759.00000", "2012-03-31": "6727.00000", "2011-12-31": "6377.00000", "2011-09-30": "6001.00000", "2011-06-30": "6449.00000", "2011-03-31": "6110.00000", "2010-12-31": "6079.00000", "2010-09-30": "5966.00000", "2010-06-30": "5907.00000", "2010-03-31": "5901.00000", "2009-12-31": "6344.00000", "2009-09-30": "5994.00000", "2009-06-30": "6465.00000", "2009-03-31": "6310.00000", "2008-12-31": "6360.00000", "2008-09-30": "6493.00000", "2008-06-30": "6490.00000", "2008-03-31": "6349.00000", "2007-12-31": "6371.00000", "2007-09-30": "6390.00000", "2007-06-30": "6462.00000", "2007-03-31": "7132.00000", "2006-12-31": "6586.00000", "2006-09-30": "6423.00000", "2006-06-30": "6378.00000", "2006-03-31": "5603.00000", "2005-12-31": "5828.00000", "2005-09-30": "5928.00000", "2005-06-30": "5984.00000", "2005-03-31": "6289.00000"}, "Common Stock Net": {"2020-09-30": "7.00000", "2020-06-30": "7.00000", "2020-03-31": "7.00000", "2019-12-31": "7.00000", "2019-09-30": "7.00000", "2019-06-30": "7.00000", "2019-03-31": "7.00000", "2018-12-31": "7.00000", "2018-09-30": "7.00000", "2018-06-30": "7.00000", "2018-03-31": "7.00000", "2017-12-31": "7.00000", "2017-09-30": "7.00000", "2017-06-30": "7.00000", "2017-03-31": "7.00000", "2016-12-31": "7.00000", "2016-09-30": "7.00000", "2016-06-30": "7.00000", "2016-03-31": "7.00000", "2015-12-31": "8.00000", "2015-09-30": "7.00000", "2015-06-30": "7.00000", "2015-03-31": "8.00000", "2014-12-31": "8.00000", "2014-09-30": "8.00000", "2014-06-30": "8.00000", "2014-03-31": "8.00000", "2013-12-31": "8.00000", "2013-09-30": "8.00000", "2013-06-30": "7.00000", "2013-03-31": "7.00000", "2012-12-31": "7.00000", "2012-09-30": "7.00000", "2012-06-30": "7.00000", "2012-03-31": "7.00000", "2011-12-31": "7.00000", "2011-09-30": "7.00000", "2011-06-30": "7.00000", "2011-03-31": "7.00000", "2010-12-31": "7.00000", "2010-09-30": "7.00000", "2010-06-30": "7.00000", "2010-03-31": "7.00000", "2009-12-31": "6.00000", "2009-09-30": "6.00000", "2009-06-30": "6.00000", "2009-03-31": "5.00000", "2008-12-31": "5.00000", "2008-09-30": "5.00000", "2008-06-30": "5.00000", "2008-03-31": "5.00000", "2007-12-31": "5.00000", "2007-09-30": "5.00000", "2007-06-30": "5.00000", "2007-03-31": "5.00000", "2006-12-31": "5.00000", "2006-09-30": "5.00000", "2006-06-30": "5.00000", "2006-03-31": "4.00000", "2005-12-31": "4.00000", "2005-09-30": "3.00000", "2005-06-30": "3.00000", "2005-03-31": "3.00000"}, "Retained Earnings (Accumulated Deficit)": {"2020-09-30": "-1115.00000", "2020-06-30": "-802.00000", "2020-03-31": "-451.00000", "2019-12-31": "-307.00000", "2019-09-30": "-208.00000", "2019-06-30": "-432.00000", "2019-03-31": "-573.00000", "2018-12-31": "-610.00000", "2018-09-30": "-728.00000", "2018-06-30": "-901.00000", "2018-03-31": "-962.00000", "2017-12-31": "-1071.00000", "2017-09-30": "-974.00000", "2017-06-30": "-931.00000", "2017-03-31": "-992.00000", "2016-12-31": "-1007.00000", "2016-09-30": "-948.00000", "2016-06-30": "-907.00000", "2016-03-31": "-1107.00000", "2015-12-31": "-1139.00000", "2015-09-30": "-1152.00000", "2015-06-30": "-1089.00000", "2015-03-31": "-1151.00000", "2014-12-31": "-1098.00000", "2014-09-30": "-1155.00000", "2014-06-30": "-1148.00000", "2014-03-31": "-1189.00000", "2013-12-31": "-1263.00000", "2013-09-30": "-1288.00000", "2013-06-30": "-1216.00000", "2013-03-31": "-1253.00000", "2012-12-31": "-1234.00000", "2012-09-30": "-1126.00000", "2012-06-30": "-1042.00000", "2012-03-31": "-1123.00000", "2011-12-31": "-1079.00000", "2011-09-30": "-1032.00000", "2011-06-30": "-999.00000", "2011-03-31": "-1039.00000", "2010-12-31": "-965.00000", "2010-09-30": "-946.00000", "2010-06-30": "-887.00000", "2010-03-31": "-894.00000", "2009-12-31": "-801.00000", "2009-09-30": "-575.00000", "2009-06-30": "-518.00000", "2009-03-31": "-448.00000", "2008-12-31": "-385.00000", "2008-09-30": "-288.00000", "2008-06-30": "-236.00000", "2008-03-31": "-424.00000", "2007-12-31": "-379.00000", "2007-09-30": "-357.00000", "2007-06-30": "-452.00000", "2007-03-31": "-493.00000", "2006-12-31": "-585.00000", "2006-09-30": "-543.00000", "2006-06-30": "-581.00000", "2006-03-31": "-812.00000", "2005-12-31": "-923.00000", "2005-09-30": "-908.00000", "2005-06-30": "-897.00000", "2005-03-31": "-941.00000"}, "Comprehensive Income": {"2020-09-30": "-79.00000", "2020-06-30": "-74.00000", "2020-03-31": "-72.00000", "2019-12-31": "-56.00000", "2019-09-30": "-62.00000", "2019-06-30": "-56.00000", "2019-03-31": "-59.00000", "2018-12-31": "-59.00000", "2018-09-30": "-65.00000", "2018-06-30": "-68.00000", "2018-03-31": "-55.00000", "2017-12-31": "-60.00000", "2017-09-30": "-57.00000", "2017-06-30": "-77.00000", "2017-03-31": "-78.00000", "2016-12-31": "-83.00000", "2016-09-30": "-79.00000", "2016-06-30": "-71.00000", "2016-03-31": "-94.00000", "2015-12-31": "-107.00000", "2015-09-30": "-119.00000", "2015-06-30": "-84.00000", "2015-03-31": "-87.00000", "2014-12-31": "-50.00000", "2014-09-30": "-32.00000", "2014-06-30": "3.00000", "2014-03-31": "-2.00000", "2013-12-31": "-9.00000", "2013-09-30": "", "2013-06-30": "-12.00000", "2013-03-31": "14.00000", "2012-12-31": "12.00000", "2012-09-30": "9.00000", "2012-06-30": "-7.00000", "2012-03-31": "18.00000", "2011-12-31": "-1.00000", "2011-09-30": "31.00000", "2011-06-30": "40.00000", "2011-03-31": "29.00000", "2010-12-31": "25.00000", "2010-09-30": "9.00000", "2010-06-30": "2.00000", "2010-03-31": "9.00000", "2009-12-31": "12.00000", "2009-09-30": "6.00000", "2009-06-30": "2.00000", "2009-03-31": "2.00000", "2008-12-31": "5.00000", "2008-09-30": "44.00000", "2008-06-30": "49.00000", "2008-03-31": "62.00000", "2007-12-31": "45.00000", "2007-09-30": "38.00000", "2007-06-30": "29.00000", "2007-03-31": "25.00000", "2006-12-31": "25.00000", "2006-09-30": "17.00000", "2006-06-30": "21.00000", "2006-03-31": "15.00000", "2005-12-31": "15.00000", "2005-09-30": "17.00000", "2005-06-30": "13.00000", "2005-03-31": "14.00000"}, "Other Share Holders Equity": {"2020-09-30": "", "2020-06-30": "", "2020-03-31": "", "2019-12-31": "", "2019-09-30": "", "2019-06-30": "", "2019-03-31": "", "2018-12-31": "", "2018-09-30": "", "2018-06-30": "", "2018-03-31": "", "2017-12-31": "", "2017-09-30": "", "2017-06-30": "", "2017-03-31": "0.00000", "2016-12-31": "", "2016-09-30": "0.00000", "2016-06-30": "0.00000", "2016-03-31": "0.00000", "2015-12-31": "", "2015-09-30": "0.00000", "2015-06-30": "0.00000", "2015-03-31": "0.00000", "2014-12-31": "", "2014-09-30": "0.00000", "2014-06-30": "0.00000", "2014-03-31": "0.00000", "2013-12-31": "", "2013-09-30": "0.00000", "2013-06-30": "0.00000", "2013-03-31": "0.00000", "2012-12-31": "", "2012-09-30": "0.00000", "2012-06-30": "0.00000", "2012-03-31": "0.00000", "2011-12-31": "", "2011-09-30": "0.00000", "2011-06-30": "0.00000", "2011-03-31": "0.00000", "2010-12-31": "", "2010-09-30": "0.00000", "2010-06-30": "0.00000", "2010-03-31": "0.00000", "2009-12-31": "", "2009-09-30": "0.00000", "2009-06-30": "0.00000", "2009-03-31": "0.00000", "2008-12-31": "", "2008-09-30": "", "2008-06-30": "", "2008-03-31": "", "2007-12-31": "", "2007-09-30": "", "2007-06-30": "", "2007-03-31": "", "2006-12-31": "", "2006-09-30": "", "2006-06-30": "", "2006-03-31": "", "2005-12-31": "", "2005-09-30": "", "2005-06-30": "", "2005-03-31": ""}, "Share Holder Equity": {"2020-09-30": "6407.00000", "2020-06-30": "6722.00000", "2020-03-31": "7070.00000", "2019-12-31": "7325.00000", "2019-09-30": "7505.00000", "2019-06-30": "7474.00000", "2019-03-31": "7520.00000", "2018-12-31": "7566.00000", "2018-09-30": "7395.00000", "2018-06-30": "7166.00000", "2018-03-31": "7128.00000", "2017-12-31": "7002.00000", "2017-09-30": "7108.00000", "2017-06-30": "7141.00000", "2017-03-31": "7066.00000", "2016-12-31": "7033.00000", "2016-09-30": "7130.00000", "2016-06-30": "7214.00000", "2016-03-31": "7061.00000", "2015-12-31": "7104.00000", "2015-09-30": "6988.00000", "2015-06-30": "7262.00000", "2015-03-31": "7323.00000", "2014-12-31": "7368.00000", "2014-09-30": "7350.00000", "2014-06-30": "7384.00000", "2014-03-31": "7349.00000", "2013-12-31": "7262.00000", "2013-09-30": "7262.00000", "2013-06-30": "7214.00000", "2013-03-31": "7110.00000", "2012-12-31": "6859.00000", "2012-09-30": "6934.00000", "2012-06-30": "6977.00000", "2012-03-31": "6860.00000", "2011-12-31": "6713.00000", "2011-09-30": "6804.00000", "2011-06-30": "6654.00000", "2011-03-31": "6383.00000", "2010-12-31": "6332.00000", "2010-09-30": "6129.00000", "2010-06-30": "6050.00000", "2010-03-31": "6159.00000", "2009-12-31": "6211.00000", "2009-09-30": "6073.00000", "2009-06-30": "6007.00000", "2009-03-31": "5562.00000", "2008-12-31": "5590.00000", "2008-09-30": "5496.00000", "2008-06-30": "5555.00000", "2008-03-31": "5414.00000", "2007-12-31": "5441.00000", "2007-09-30": "5454.00000", "2007-06-30": "5349.00000", "2007-03-31": "5309.00000", "2006-12-31": "5222.00000", "2006-09-30": "5241.00000", "2006-06-30": "5198.00000", "2006-03-31": "2882.00000", "2005-12-31": "2417.00000", "2005-09-30": "2320.00000", "2005-06-30": "2321.00000", "2005-03-31": "2365.00000"}, "Total Liabilities And Share Holders Equity": {"2020-09-30": "13071.00000", "2020-06-30": "12190.00000", "2020-03-31": "13446.00000", "2019-12-31": "12305.00000", "2019-09-30": "13132.00000", "2019-06-30": "12525.00000", "2019-03-31": "12577.00000", "2018-12-31": "12090.00000", "2018-09-30": "12155.00000", "2018-06-30": "12075.00000", "2018-03-31": "12064.00000", "2017-12-31": "11693.00000", "2017-09-30": "11771.00000", "2017-06-30": "11854.00000", "2017-03-31": "11776.00000", "2016-12-31": "11408.00000", "2016-09-30": "11542.00000", "2016-06-30": "11592.00000", "2016-03-31": "11690.00000", "2015-12-31": "11656.00000", "2015-09-30": "11980.00000", "2015-06-30": "12041.00000", "2015-03-31": "12010.00000", "2014-12-31": "12172.00000", "2014-09-30": "12135.00000", "2014-06-30": "12215.00000", "2014-03-31": "12209.00000", "2013-12-31": "12814.00000", "2013-09-30": "12563.00000", "2013-06-30": "12665.00000", "2013-03-31": "13337.00000", "2012-12-31": "12994.00000", "2012-09-30": "13042.00000", "2012-06-30": "12736.00000", "2012-03-31": "13587.00000", "2011-12-31": "13090.00000", "2011-09-30": "12805.00000", "2011-06-30": "13103.00000", "2011-03-31": "12493.00000", "2010-12-31": "12411.00000", "2010-09-30": "12095.00000", "2010-06-30": "11957.00000", "2010-03-31": "12060.00000", "2009-12-31": "12555.00000", "2009-09-30": "12067.00000", "2009-06-30": "12472.00000", "2009-03-31": "11872.00000", "2008-12-31": "11950.00000", "2008-09-30": "11989.00000", "2008-06-30": "12045.00000", "2008-03-31": "11763.00000", "2007-12-31": "11812.00000", "2007-09-30": "11844.00000", "2007-06-30": "11811.00000", "2007-03-31": "12441.00000", "2006-12-31": "11808.00000", "2006-09-30": "11664.00000", "2006-06-30": "11576.00000", "2006-03-31": "8485.00000", "2005-12-31": "8245.00000", "2005-09-30": "8248.00000", "2005-06-30": "8305.00000", "2005-03-31": "8654.00000"}}, "cash flow statement": {"Net Income/Loss": {"2019-12-31": "932.00000", "2018-12-31": "1151.00000", "2017-12-31": "571.00000", "2016-12-31": "771.00000", "2015-12-31": "565.00000", "2014-12-31": "741.00000", "2013-12-31": "325.00000", "2012-12-31": "63.00000", "2011-12-31": "-16.00000", "2010-12-31": "-132.00000", "2009-12-31": "-258.00000", "2008-12-31": "414.00000", "2007-12-31": "734.00000", "2006-12-31": "738.00000", "2005-12-31": "166.00000"}, "Total Depreciation And Amortization - Cash Flow": {"2019-12-31": "682.00000", "2018-12-31": "951.00000", "2017-12-31": "758.00000", "2016-12-31": "731.00000", "2015-12-31": "729.00000", "2014-12-31": "717.00000", "2013-12-31": "732.00000", "2012-12-31": "767.00000", "2011-12-31": "685.00000", "2010-12-31": "625.00000", "2009-12-31": "748.00000", "2008-12-31": "627.00000", "2007-12-31": "565.00000", "2006-12-31": "479.00000", "2005-12-31": "390.00000"}, "Other Non-Cash Items": {"2019-12-31": "-268.00000", "2018-12-31": "-856.00000", "2017-12-31": "-48.00000", "2016-12-31": "-211.00000", "2015-12-31": "-114.00000", "2014-12-31": "-235.00000", "2013-12-31": "-79.00000", "2012-12-31": "-19.00000", "2011-12-31": "-2.00000", "2010-12-31": "26.00000", "2009-12-31": "-55.00000", "2008-12-31": "-36.00000", "2007-12-31": "-182.00000", "2006-12-31": "-374.00000", "2005-12-31": "-60.00000"}, "Total Non-Cash Items": {"2019-12-31": "414.00000", "2018-12-31": "95.00000", "2017-12-31": "710.00000", "2016-12-31": "520.00000", "2015-12-31": "615.00000", "2014-12-31": "482.00000", "2013-12-31": "653.00000", "2012-12-31": "748.00000", "2011-12-31": "683.00000", "2010-12-31": "651.00000", "2009-12-31": "693.00000", "2008-12-31": "591.00000", "2007-12-31": "383.00000", "2006-12-31": "105.00000", "2005-12-31": "330.00000"}, "Change In Accounts Receivable": {"2019-12-31": "3.00000", "2018-12-31": "13.00000", "2017-12-31": "-27.00000", "2016-12-31": "-6.00000", "2015-12-31": "17.00000", "2014-12-31": "-17.00000", "2013-12-31": "21.00000", "2012-12-31": "-42.00000", "2011-12-31": "", "2010-12-31": "-9.00000", "2009-12-31": "34.00000", "2008-12-31": "41.00000", "2007-12-31": "-57.00000", "2006-12-31": "-11.00000", "2005-12-31": "8.00000"}, "Change In Inventories": {"2019-12-31": "", "2018-12-31": "", "2017-12-31": "", "2016-12-31": "", "2015-12-31": "", "2014-12-31": "", "2013-12-31": "", "2012-12-31": "", "2011-12-31": "", "2010-12-31": "", "2009-12-31": "", "2008-12-31": "", "2007-12-31": "", "2006-12-31": "", "2005-12-31": ""}, "Change In Accounts Payable": {"2019-12-31": "", "2018-12-31": "", "2017-12-31": "", "2016-12-31": "", "2015-12-31": "", "2014-12-31": "", "2013-12-31": "", "2012-12-31": "", "2011-12-31": "", "2010-12-31": "", "2009-12-31": "", "2008-12-31": "", "2007-12-31": "", "2006-12-31": "", "2005-12-31": ""}, "Change In Assets/Liabilities": {"2019-12-31": "-99.00000", "2018-12-31": "41.00000", "2017-12-31": "-24.00000", "2016-12-31": "17.00000", "2015-12-31": "-37.00000", "2014-12-31": "-66.00000", "2013-12-31": "20.00000", "2012-12-31": "12.00000", "2011-12-31": "-5.00000", "2010-12-31": "10.00000", "2009-12-31": "83.00000", "2008-12-31": "-26.00000", "2007-12-31": "-59.00000", "2006-12-31": "67.00000", "2005-12-31": "3.00000"}, "Total Change In Assets/Liabilities": {"2019-12-31": "-96.00000", "2018-12-31": "54.00000", "2017-12-31": "-51.00000", "2016-12-31": "11.00000", "2015-12-31": "-20.00000", "2014-12-31": "-83.00000", "2013-12-31": "41.00000", "2012-12-31": "-30.00000", "2011-12-31": "-5.00000", "2010-12-31": "1.00000", "2009-12-31": "117.00000", "2008-12-31": "15.00000", "2007-12-31": "-116.00000", "2006-12-31": "38.00000", "2005-12-31": "18.00000"}, "Cash Flow From Operating Activities": {"2019-12-31": "1250.00000", "2018-12-31": "1300.00000", "2017-12-31": "1230.00000", "2016-12-31": "1302.00000", "2015-12-31": "1160.00000", "2014-12-31": "1140.00000", "2013-12-31": "1019.00000", "2012-12-31": "781.00000", "2011-12-31": "662.00000", "2010-12-31": "520.00000", "2009-12-31": "552.00000", "2008-12-31": "1020.00000", "2007-12-31": "1001.00000", "2006-12-31": "881.00000", "2005-12-31": "514.00000"}, "Net Change In Property, Plant, And Equipment": {"2019-12-31": "634.00000", "2018-12-31": "1131.00000", "2017-12-31": "204.00000", "2016-12-31": "-54.00000", "2015-12-31": "-383.00000", "2014-12-31": "69.00000", "2013-12-31": "184.00000", "2012-12-31": "-462.00000", "2011-12-31": "-496.00000", "2010-12-31": "-297.00000", "2009-12-31": "-147.00000", "2008-12-31": "-631.00000", "2007-12-31": "-236.00000", "2006-12-31": "238.00000", "2005-12-31": "-228.00000"}, "Net Change In Intangible Assets": {"2019-12-31": "", "2018-12-31": "", "2017-12-31": "", "2016-12-31": "", "2015-12-31": "", "2014-12-31": "", "2013-12-31": "", "2012-12-31": "", "2011-12-31": "", "2010-12-31": "", "2009-12-31": "", "2008-12-31": "", "2007-12-31": "", "2006-12-31": "", "2005-12-31": ""}, "Net Acquisitions/Divestitures": {"2019-12-31": "-602.00000", "2018-12-31": "-1025.00000", "2017-12-31": "-468.00000", "2016-12-31": "-63.00000", "2015-12-31": "-438.00000", "2014-12-31": "-151.00000", "2013-12-31": "-185.00000", "2012-12-31": "-447.00000", "2011-12-31": "-1047.00000", "2010-12-31": "-380.00000", "2009-12-31": "", "2008-12-31": "", "2007-12-31": "-37.00000", "2006-12-31": "-1021.00000", "2005-12-31": "-284.00000"}, "Net Change In Short-term Investments": {"2019-12-31": "", "2018-12-31": "", "2017-12-31": "", "2016-12-31": "", "2015-12-31": "", "2014-12-31": "", "2013-12-31": "", "2012-12-31": "", "2011-12-31": "", "2010-12-31": "", "2009-12-31": "", "2008-12-31": "", "2007-12-31": "", "2006-12-31": "", "2005-12-31": ""}, "Net Change In Long-Term Investments": {"2019-12-31": "-5.00000", "2018-12-31": "-6.00000", "2017-12-31": "-17.00000", "2016-12-31": "18.00000", "2015-12-31": "102.00000", "2014-12-31": "-23.00000", "2013-12-31": "-74.00000", "2012-12-31": "-47.00000", "2011-12-31": "-48.00000", "2010-12-31": "-54.00000", "2009-12-31": "-7.00000", "2008-12-31": "-77.00000", "2007-12-31": "-12.00000", "2006-12-31": "-78.00000", "2005-12-31": ""}, "Net Change In Investments - Total": {"2019-12-31": "-5.00000", "2018-12-31": "-6.00000", "2017-12-31": "-17.00000", "2016-12-31": "18.00000", "2015-12-31": "102.00000", "2014-12-31": "-23.00000", "2013-12-31": "-74.00000", "2012-12-31": "-47.00000", "2011-12-31": "-48.00000", "2010-12-31": "-54.00000", "2009-12-31": "-7.00000", "2008-12-31": "-77.00000", "2007-12-31": "-12.00000", "2006-12-31": "-78.00000", "2005-12-31": ""}, "Investing Activities - Other": {"2019-12-31": "31.00000", "2018-12-31": "", "2017-12-31": "14.00000", "2016-12-31": "", "2015-12-31": "11.00000", "2014-12-31": "19.00000", "2013-12-31": "", "2012-12-31": "70.00000", "2011-12-31": "15.00000", "2010-12-31": "25.00000", "2009-12-31": "38.00000", "2008-12-31": "-8.00000", "2007-12-31": "93.00000", "2006-12-31": "6.00000", "2005-12-31": "81.00000"}, "Cash Flow From Investing Activities": {"2019-12-31": "58.00000", "2018-12-31": "100.00000", "2017-12-31": "-267.00000", "2016-12-31": "-99.00000", "2015-12-31": "-708.00000", "2014-12-31": "-86.00000", "2013-12-31": "-75.00000", "2012-12-31": "-886.00000", "2011-12-31": "-1576.00000", "2010-12-31": "-706.00000", "2009-12-31": "-116.00000", "2008-12-31": "-716.00000", "2007-12-31": "-192.00000", "2006-12-31": "-855.00000", "2005-12-31": "-431.00000"}, "Net Long-Term Debt": {"2019-12-31": "-61.00000", "2018-12-31": "-103.00000", "2017-12-31": "280.00000", "2016-12-31": "-219.00000", "2015-12-31": "482.00000", "2014-12-31": "-751.00000", "2013-12-31": "-476.00000", "2012-12-31": "-368.00000", "2011-12-31": "399.00000", "2010-12-31": "-642.00000", "2009-12-31": "1.00000", "2008-12-31": "367.00000", "2007-12-31": "-275.00000", "2006-12-31": "670.00000", "2005-12-31": "-19.00000"}, "Net Current Debt": {"2019-12-31": "", "2018-12-31": "", "2017-12-31": "", "2016-12-31": "", "2015-12-31": "", "2014-12-31": "", "2013-12-31": "", "2012-12-31": "", "2011-12-31": "", "2010-12-31": "", "2009-12-31": "", "2008-12-31": "", "2007-12-31": "", "2006-12-31": "", "2005-12-31": ""}, "Debt Issuance/Retirement Net - Total": {"2019-12-31": "-61.00000", "2018-12-31": "-103.00000", "2017-12-31": "280.00000", "2016-12-31": "-219.00000", "2015-12-31": "482.00000", "2014-12-31": "-751.00000", "2013-12-31": "-476.00000", "2012-12-31": "-368.00000", "2011-12-31": "399.00000", "2010-12-31": "-642.00000", "2009-12-31": "1.00000", "2008-12-31": "367.00000", "2007-12-31": "-275.00000", "2006-12-31": "670.00000", "2005-12-31": "-19.00000"}, "Net Common Equity Issued/Repurchased": {"2019-12-31": "-482.00000", "2018-12-31": "", "2017-12-31": "", "2016-12-31": "-218.00000", "2015-12-31": "-675.00000", "2014-12-31": "4.00000", "2013-12-31": "303.00000", "2012-12-31": "274.00000", "2011-12-31": "323.00000", "2010-12-31": "406.00000", "2009-12-31": "767.00000", "2008-12-31": "-100.00000", "2007-12-31": "", "2006-12-31": "", "2005-12-31": ""}, "Net Total Equity Issued/Repurchased": {"2019-12-31": "-482.00000", "2018-12-31": "", "2017-12-31": "", "2016-12-31": "-218.00000", "2015-12-31": "-675.00000", "2014-12-31": "4.00000", "2013-12-31": "303.00000", "2012-12-31": "274.00000", "2011-12-31": "323.00000", "2010-12-31": "305.00000", "2009-12-31": "767.00000", "2008-12-31": "-100.00000", "2007-12-31": "", "2006-12-31": "-150.00000", "2005-12-31": "-100.00000"}, "Total Common And Preferred Stock Dividends Paid": {"2019-12-31": "-623.00000", "2018-12-31": "-629.00000", "2017-12-31": "-628.00000", "2016-12-31": "-596.00000", "2015-12-31": "-646.00000", "2014-12-31": "-469.00000", "2013-12-31": "-313.00000", "2012-12-31": "-187.00000", "2011-12-31": "-70.00000", "2010-12-31": "-26.00000", "2009-12-31": "-52.00000", "2008-12-31": "-531.00000", "2007-12-31": "-453.00000", "2006-12-31": "-309.00000", "2005-12-31": "-132.00000"}, "Financial Activities - Other": {"2019-12-31": "-149.00000", "2018-12-31": "-16.00000", "2017-12-31": "-54.00000", "2016-12-31": "-4.00000", "2015-12-31": "-18.00000", "2014-12-31": "-3.00000", "2013-12-31": "-7.00000", "2012-12-31": "-24.00000", "2011-12-31": "-24.00000", "2010-12-31": "20.00000", "2009-12-31": "-18.00000", "2008-12-31": "-20.00000", "2007-12-31": "43.00000", "2006-12-31": "-57.00000", "2005-12-31": "5.00000"}, "Cash Flow From Financial Activities": {"2019-12-31": "-1315.00000", "2018-12-31": "-748.00000", "2017-12-31": "-402.00000", "2016-12-31": "-1037.00000", "2015-12-31": "-857.00000", "2014-12-31": "-1219.00000", "2013-12-31": "-493.00000", "2012-12-31": "-305.00000", "2011-12-31": "628.00000", "2010-12-31": "-343.00000", "2009-12-31": "698.00000", "2008-12-31": "-284.00000", "2007-12-31": "-685.00000", "2006-12-31": "154.00000", "2005-12-31": "-246.00000"}, "Net Cash Flow": {"2019-12-31": "-6.00000", "2018-12-31": "647.00000", "2017-12-31": "565.00000", "2016-12-31": "167.00000", "2015-12-31": "-421.00000", "2014-12-31": "-173.00000", "2013-12-31": "444.00000", "2012-12-31": "-409.00000", "2011-12-31": "-287.00000", "2010-12-31": "-529.00000", "2009-12-31": "1134.00000", "2008-12-31": "20.00000", "2007-12-31": "124.00000", "2006-12-31": "180.00000", "2005-12-31": "-163.00000"}, "Stock-Based Compensation": {"2019-12-31": "15.00000", "2018-12-31": "14.00000", "2017-12-31": "11.00000", "2016-12-31": "12.00000", "2015-12-31": "11.00000", "2014-12-31": "22.00000", "2013-12-31": "18.00000", "2012-12-31": "16.00000", "2011-12-31": "19.00000", "2010-12-31": "40.00000", "2009-12-31": "", "2008-12-31": "", "2007-12-31": "", "2006-12-31": "", "2005-12-31": ""}, "Common Stock Dividends Paid": {"2019-12-31": "-623.00000", "2018-12-31": "-629.00000", "2017-12-31": "-628.00000", "2016-12-31": "-596.00000", "2015-12-31": "-646.00000", "2014-12-31": "-469.00000", "2013-12-31": "-313.00000", "2012-12-31": "-187.00000", "2011-12-31": "-70.00000", "2010-12-31": "-20.00000", "2009-12-31": "-43.00000", "2008-12-31": "-522.00000", "2007-12-31": "-444.00000", "2006-12-31": "-291.00000", "2005-12-31": "-102.00000"}}, "cash flow statement, quarterly": {"Net Income/Loss": {"2020-09-30": -316, "2020-06-30": -356, "2020-03-31": "-3.00000", "2019-12-31": 81, "2019-09-30": 372, "2019-06-30": 290, "2019-03-31": "189.00000", "2018-12-31": 306, "2018-09-30": 378, "2018-06-30": 211, "2018-03-31": "256.00000", "2017-12-31": 93, "2017-09-30": 105, "2017-06-30": 212, "2017-03-31": "161.00000", "2016-12-31": 128, "2016-09-30": 108, "2016-06-30": 351, "2016-03-31": "184.00000", "2015-12-31": 165, "2015-09-30": 87, "2015-06-30": 214, "2015-03-31": "99.00000", "2014-12-31": 252, "2014-09-30": 145, "2014-06-30": 159, "2014-03-31": "185.00000", "2013-12-31": 126, "2013-09-30": 18, "2013-06-30": 121, "2013-03-31": "60.00000", "2012-12-31": 15, "2012-09-30": -35, "2012-06-30": 83, "2012-03-31": "0.00000", "2011-12-31": 16, "2011-09-30": -36, "2011-06-30": 64, "2011-03-31": "-60.00000", "2010-12-31": -6, "2010-09-30": -62, "2010-06-30": 20, "2010-03-31": "-84.00000", "2009-12-31": -71, "2009-09-30": -58, "2009-06-30": -69, "2009-03-31": "-60.00000", "2008-12-31": 111, "2008-09-30": 47, "2008-06-30": 202, "2008-03-31": "54.00000", "2007-12-31": 301, "2007-09-30": 97, "2007-06-30": 149, "2007-03-31": "187.00000", "2006-12-31": 196, "2006-09-30": 40, "2006-06-30": 330, "2006-03-31": "172.00000", "2005-12-31": 74, "2005-09-30": -5, "2005-06-30": 91, "2005-03-31": "6.00000"}, "Total Depreciation And Amortization - Cash Flow": {"2020-09-30": 169, "2020-06-30": 169, "2020-03-31": "166.00000", "2019-12-31": 176, "2019-09-30": 167, "2019-06-30": 167, "2019-03-31": "172.00000", "2018-12-31": 167, "2018-09-30": 414, "2018-06-30": 190, "2018-03-31": "180.00000", "2017-12-31": 219, "2017-09-30": 178, "2017-06-30": 180, "2017-03-31": "181.00000", "2016-12-31": 186, "2016-09-30": 183, "2016-06-30": 179, "2016-03-31": "183.00000", "2015-12-31": 182, "2015-09-30": 183, "2015-06-30": 185, "2015-03-31": "179.00000", "2014-12-31": 175, "2014-09-30": 183, "2014-06-30": 181, "2014-03-31": "178.00000", "2013-12-31": 184, "2013-09-30": 183, "2013-06-30": 181, "2013-03-31": "184.00000", "2012-12-31": 280, "2012-09-30": 164, "2012-06-30": 164, "2012-03-31": "159.00000", "2011-12-31": 222, "2011-09-30": 162, "2011-06-30": 152, "2011-03-31": "149.00000", "2010-12-31": 184, "2010-09-30": 144, "2010-06-30": 148, "2010-03-31": "149.00000", "2009-12-31": 286, "2009-09-30": 149, "2009-06-30": 148, "2009-03-31": "165.00000", "2008-12-31": 219, "2008-09-30": 139, "2008-06-30": 143, "2008-03-31": "126.00000", "2007-12-31": 203, "2007-09-30": 123, "2007-06-30": 120, "2007-03-31": "119.00000", "2006-12-31": 162, "2006-09-30": 120, "2006-06-30": 107, "2006-03-31": "90.00000", "2005-12-31": 136, "2005-09-30": 84, "2005-06-30": 85, "2005-03-31": "85.00000"}, "Other Non-Cash Items": {"2020-09-30": 36, "2020-06-30": 33, "2020-03-31": "-17.00000", "2019-12-31": 65, "2019-09-30": -276, "2019-06-30": -68, "2019-03-31": "11.00000", "2018-12-31": -199, "2018-09-30": -543, "2018-06-30": 9, "2018-03-31": "-123.00000", "2017-12-31": 14, "2017-09-30": -41, "2017-06-30": 4, "2017-03-31": "-25.00000", "2016-12-31": -2, "2016-09-30": 0, "2016-06-30": -152, "2016-03-31": "-57.00000", "2015-12-31": -53, "2015-09-30": -4, "2015-06-30": -48, "2015-03-31": "-9.00000", "2014-12-31": -148, "2014-09-30": 11, "2014-06-30": 12, "2014-03-31": "-110.00000", "2013-12-31": -45, "2013-09-30": 5, "2013-06-30": -7, "2013-03-31": "-32.00000", "2012-12-31": 6, "2012-09-30": 19, "2012-06-30": 11, "2012-03-31": "-55.00000", "2011-12-31": 10, "2011-09-30": 3, "2011-06-30": 7, "2011-03-31": "-22.00000", "2010-12-31": 30, "2010-09-30": -2, "2010-06-30": 10, "2010-03-31": "-12.00000", "2009-12-31": -96, "2009-09-30": -45, "2009-06-30": 95, "2009-03-31": "-9.00000", "2008-12-31": -26, "2008-09-30": -8, "2008-06-30": -13, "2008-03-31": "11.00000", "2007-12-31": -60, "2007-09-30": 3, "2007-06-30": 5, "2007-03-31": "-130.00000", "2006-12-31": -29, "2006-09-30": 2, "2006-06-30": -209, "2006-03-31": "-138.00000", "2005-12-31": 0, "2005-09-30": 7, "2005-06-30": -62, "2005-03-31": "-5.00000"}, "Total Non-Cash Items": {"2020-09-30": 205, "2020-06-30": 202, "2020-03-31": "149.00000", "2019-12-31": 241, "2019-09-30": -109, "2019-06-30": 99, "2019-03-31": "183.00000", "2018-12-31": -32, "2018-09-30": -129, "2018-06-30": 199, "2018-03-31": "57.00000", "2017-12-31": 233, "2017-09-30": 137, "2017-06-30": 184, "2017-03-31": "156.00000", "2016-12-31": 184, "2016-09-30": 183, "2016-06-30": 27, "2016-03-31": "126.00000", "2015-12-31": 129, "2015-09-30": 179, "2015-06-30": 137, "2015-03-31": "170.00000", "2014-12-31": 27, "2014-09-30": 194, "2014-06-30": 193, "2014-03-31": "68.00000", "2013-12-31": 139, "2013-09-30": 188, "2013-06-30": 174, "2013-03-31": "152.00000", "2012-12-31": 286, "2012-09-30": 183, "2012-06-30": 175, "2012-03-31": "104.00000", "2011-12-31": 232, "2011-09-30": 165, "2011-06-30": 159, "2011-03-31": "127.00000", "2010-12-31": 214, "2010-09-30": 142, "2010-06-30": 158, "2010-03-31": "137.00000", "2009-12-31": 190, "2009-09-30": 104, "2009-06-30": 243, "2009-03-31": "156.00000", "2008-12-31": 193, "2008-09-30": 131, "2008-06-30": 130, "2008-03-31": "137.00000", "2007-12-31": 143, "2007-09-30": 126, "2007-06-30": 125, "2007-03-31": "-11.00000", "2006-12-31": 133, "2006-09-30": 122, "2006-06-30": -102, "2006-03-31": "-48.00000", "2005-12-31": 136, "2005-09-30": 91, "2005-06-30": 23, "2005-03-31": "80.00000"}, "Change In Accounts Receivable": {"2020-09-30": 77, "2020-06-30": 31, "2020-03-31": "22.00000", "2019-12-31": 46, "2019-09-30": 53, "2019-06-30": -20, "2019-03-31": "-76.00000", "2018-12-31": 68, "2018-09-30": 26, "2018-06-30": -18, "2018-03-31": "-63.00000", "2017-12-31": 30, "2017-09-30": 2, "2017-06-30": 15, "2017-03-31": "-74.00000", "2016-12-31": 57, "2016-09-30": 4, "2016-06-30": 16, "2016-03-31": "-83.00000", "2015-12-31": 74, "2015-09-30": 3, "2015-06-30": 15, "2015-03-31": "-75.00000", "2014-12-31": 85, "2014-09-30": -26, "2014-06-30": -18, "2014-03-31": "-58.00000", "2013-12-31": 33, "2013-09-30": 43, "2013-06-30": -34, "2013-03-31": "-21.00000", "2012-12-31": 19, "2012-09-30": -19, "2012-06-30": -24, "2012-03-31": "-18.00000", "2011-12-31": -3, "2011-09-30": 30, "2011-06-30": -16, "2011-03-31": "-11.00000", "2010-12-31": 16, "2010-09-30": 0, "2010-06-30": -13, "2010-03-31": "-12.00000", "2009-12-31": 23, "2009-09-30": 30, "2009-06-30": -22, "2009-03-31": "3.00000", "2008-12-31": 34, "2008-09-30": 36, "2008-06-30": -42, "2008-03-31": "13.00000", "2007-12-31": -49, "2007-09-30": 65, "2007-06-30": -35, "2007-03-31": "-38.00000", "2006-12-31": -13, "2006-09-30": 86, "2006-06-30": -45, "2006-03-31": "-39.00000", "2005-12-31": -1, "2005-09-30": 44, "2005-06-30": -23, "2005-03-31": "-12.00000"}, "Change In Inventories": {"2020-09-30": 0, "2020-06-30": 0, "2020-03-31": "", "2019-12-31": 0, "2019-09-30": 0, "2019-06-30": 0, "2019-03-31": "", "2018-12-31": 0, "2018-09-30": 0, "2018-06-30": 0, "2018-03-31": "", "2017-12-31": 0, "2017-09-30": 0, "2017-06-30": 0, "2017-03-31": "", "2016-12-31": 0, "2016-09-30": 0, "2016-06-30": 0, "2016-03-31": "", "2015-12-31": 0, "2015-09-30": 0, "2015-06-30": 0, "2015-03-31": "", "2014-12-31": 0, "2014-09-30": 0, "2014-06-30": 0, "2014-03-31": "", "2013-12-31": 0, "2013-09-30": 0, "2013-06-30": 0, "2013-03-31": "", "2012-12-31": 0, "2012-09-30": 0, "2012-06-30": 0, "2012-03-31": "", "2011-12-31": 0, "2011-09-30": 0, "2011-06-30": 0, "2011-03-31": "", "2010-12-31": 0, "2010-09-30": 0, "2010-06-30": 0, "2010-03-31": "", "2009-12-31": 0, "2009-09-30": 0, "2009-06-30": 0, "2009-03-31": "", "2008-12-31": 0, "2008-09-30": 0, "2008-06-30": 0, "2008-03-31": "", "2007-12-31": 0, "2007-09-30": 0, "2007-06-30": 0, "2007-03-31": "", "2006-12-31": 0, "2006-09-30": 0, "2006-06-30": 0, "2006-03-31": "", "2005-12-31": 0, "2005-09-30": 0, "2005-06-30": 0, "2005-03-31": ""}, "Change In Accounts Payable": {"2020-09-30": 0, "2020-06-30": 0, "2020-03-31": "", "2019-12-31": 0, "2019-09-30": 0, "2019-06-30": 0, "2019-03-31": "", "2018-12-31": 0, "2018-09-30": 0, "2018-06-30": 0, "2018-03-31": "", "2017-12-31": 0, "2017-09-30": 0, "2017-06-30": 0, "2017-03-31": "", "2016-12-31": 0, "2016-09-30": 0, "2016-06-30": 0, "2016-03-31": "", "2015-12-31": 0, "2015-09-30": 0, "2015-06-30": 0, "2015-03-31": "", "2014-12-31": 0, "2014-09-30": 0, "2014-06-30": 0, "2014-03-31": "", "2013-12-31": 0, "2013-09-30": 0, "2013-06-30": 0, "2013-03-31": "", "2012-12-31": 0, "2012-09-30": 0, "2012-06-30": 0, "2012-03-31": "", "2011-12-31": 0, "2011-09-30": 0, "2011-06-30": 0, "2011-03-31": "", "2010-12-31": 0, "2010-09-30": 0, "2010-06-30": 0, "2010-03-31": "", "2009-12-31": 0, "2009-09-30": 0, "2009-06-30": 0, "2009-03-31": "", "2008-12-31": 0, "2008-09-30": 0, "2008-06-30": 0, "2008-03-31": "", "2007-12-31": 0, "2007-09-30": 0, "2007-06-30": 0, "2007-03-31": "", "2006-12-31": 0, "2006-09-30": 0, "2006-06-30": 0, "2006-03-31": "", "2005-12-31": 0, "2005-09-30": 0, "2005-06-30": 0, "2005-03-31": ""}, "Change In Assets/Liabilities": {"2020-09-30": -115, "2020-06-30": -49, "2020-03-31": "-11.00000", "2019-12-31": -32, "2019-09-30": -26, "2019-06-30": 48, "2019-03-31": "-89.00000", "2018-12-31": 17, "2018-09-30": 11, "2018-06-30": 15, "2018-03-31": "-2.00000", "2017-12-31": 7, "2017-09-30": 8, "2017-06-30": -8, "2017-03-31": "-31.00000", "2016-12-31": 18, "2016-09-30": 9, "2016-06-30": -2, "2016-03-31": "-8.00000", "2015-12-31": -10, "2015-09-30": -16, "2015-06-30": 19, "2015-03-31": "-30.00000", "2014-12-31": 12, "2014-09-30": -74, "2014-06-30": 20, "2014-03-31": "-24.00000", "2013-12-31": 24, "2013-09-30": -12, "2013-06-30": 23, "2013-03-31": "-15.00000", "2012-12-31": 37, "2012-09-30": -7, "2012-06-30": -5, "2012-03-31": "-13.00000", "2011-12-31": 33, "2011-09-30": -31, "2011-06-30": 12, "2011-03-31": "-19.00000", "2010-12-31": -32, "2010-09-30": 29, "2010-06-30": 5, "2010-03-31": "8.00000", "2009-12-31": 40, "2009-09-30": 39, "2009-06-30": -17, "2009-03-31": "21.00000", "2008-12-31": -33, "2008-09-30": 60, "2008-06-30": -84, "2008-03-31": "31.00000", "2007-12-31": -57, "2007-09-30": 57, "2007-06-30": -48, "2007-03-31": "-11.00000", "2006-12-31": -23, "2006-09-30": 71, "2006-06-30": 3, "2006-03-31": "16.00000", "2005-12-31": 5, "2005-09-30": 22, "2005-06-30": 0, "2005-03-31": "-24.00000"}, "Total Change In Assets/Liabilities": {"2020-09-30": -38, "2020-06-30": -18, "2020-03-31": "11.00000", "2019-12-31": 14, "2019-09-30": 27, "2019-06-30": 28, "2019-03-31": "-165.00000", "2018-12-31": 85, "2018-09-30": 37, "2018-06-30": -3, "2018-03-31": "-65.00000", "2017-12-31": 37, "2017-09-30": 10, "2017-06-30": 7, "2017-03-31": "-105.00000", "2016-12-31": 75, "2016-09-30": 13, "2016-06-30": 14, "2016-03-31": "-91.00000", "2015-12-31": 64, "2015-09-30": -13, "2015-06-30": 34, "2015-03-31": "-105.00000", "2014-12-31": 97, "2014-09-30": -100, "2014-06-30": 2, "2014-03-31": "-82.00000", "2013-12-31": 57, "2013-09-30": 31, "2013-06-30": -11, "2013-03-31": "-36.00000", "2012-12-31": 56, "2012-09-30": -26, "2012-06-30": -29, "2012-03-31": "-31.00000", "2011-12-31": 30, "2011-09-30": -1, "2011-06-30": -4, "2011-03-31": "-30.00000", "2010-12-31": -16, "2010-09-30": 29, "2010-06-30": -8, "2010-03-31": "-4.00000", "2009-12-31": 63, "2009-09-30": 69, "2009-06-30": -39, "2009-03-31": "24.00000", "2008-12-31": 1, "2008-09-30": 96, "2008-06-30": -120, "2008-03-31": "38.00000", "2007-12-31": -109, "2007-09-30": 123, "2007-06-30": -75, "2007-03-31": "-55.00000", "2006-12-31": -54, "2006-09-30": 157, "2006-06-30": -41, "2006-03-31": "-24.00000", "2005-12-31": -7, "2005-09-30": 52, "2005-06-30": 11, "2005-03-31": "-38.00000"}, "Cash Flow From Operating Activities": {"2020-09-30": -149, "2020-06-30": -172, "2020-03-31": "157.00000", "2019-12-31": 336, "2019-09-30": 290, "2019-06-30": 417, "2019-03-31": "207.00000", "2018-12-31": 359, "2018-09-30": 286, "2018-06-30": 407, "2018-03-31": "248.00000", "2017-12-31": 363, "2017-09-30": 252, "2017-06-30": 403, "2017-03-31": "212.00000", "2016-12-31": 387, "2016-09-30": 304, "2016-06-30": 392, "2016-03-31": "219.00000", "2015-12-31": 358, "2015-09-30": 253, "2015-06-30": 385, "2015-03-31": "164.00000", "2014-12-31": 376, "2014-09-30": 239, "2014-06-30": 354, "2014-03-31": "171.00000", "2013-12-31": 322, "2013-09-30": 237, "2013-06-30": 284, "2013-03-31": "176.00000", "2012-12-31": 357, "2012-09-30": 122, "2012-06-30": 229, "2012-03-31": "73.00000", "2011-12-31": 278, "2011-09-30": 128, "2011-06-30": 219, "2011-03-31": "37.00000", "2010-12-31": 192, "2010-09-30": 109, "2010-06-30": 170, "2010-03-31": "49.00000", "2009-12-31": 182, "2009-09-30": 115, "2009-06-30": 135, "2009-03-31": "120.00000", "2008-12-31": 305, "2008-09-30": 274, "2008-06-30": 212, "2008-03-31": "229.00000", "2007-12-31": 335, "2007-09-30": 346, "2007-06-30": 199, "2007-03-31": "121.00000", "2006-12-31": 275, "2006-09-30": 319, "2006-06-30": 187, "2006-03-31": "100.00000", "2005-12-31": 203, "2005-09-30": 138, "2005-06-30": 125, "2005-03-31": "48.00000"}, "Net Change In Property, Plant, And Equipment": {"2020-09-30": -84, "2020-06-30": -159, "2020-03-31": "-130.00000", "2019-12-31": 131, "2019-09-30": 358, "2019-06-30": -21, "2019-03-31": "166.00000", "2018-12-31": 215, "2018-09-30": 755, "2018-06-30": 95, "2018-03-31": "66.00000", "2017-12-31": -60, "2017-09-30": 181, "2017-06-30": -13, "2017-03-31": "96.00000", "2016-12-31": -296, "2016-09-30": -36, "2016-06-30": 252, "2016-03-31": "26.00000", "2015-12-31": -98, "2015-09-30": -128, "2015-06-30": -20, "2015-03-31": "-137.00000", "2014-12-31": 91, "2014-09-30": -97, "2014-06-30": -121, "2014-03-31": "196.00000", "2013-12-31": 92, "2013-09-30": -72, "2013-06-30": 13, "2013-03-31": "151.00000", "2012-12-31": -330, "2012-09-30": 103, "2012-06-30": -181, "2012-03-31": "-54.00000", "2011-12-31": -320, "2011-09-30": 63, "2011-06-30": -145, "2011-03-31": "-94.00000", "2010-12-31": -160, "2010-09-30": -27, "2010-06-30": -65, "2010-03-31": "-45.00000", "2009-12-31": -110, "2009-09-30": 49, "2009-06-30": -85, "2009-03-31": "-1.00000", "2008-12-31": -207, "2008-09-30": -116, "2008-06-30": -158, "2008-03-31": "-150.00000", "2007-12-31": -171, "2007-09-30": -126, "2007-06-30": -157, "2007-03-31": "218.00000", "2006-12-31": -68, "2006-09-30": -139, "2006-06-30": 299, "2006-03-31": "146.00000", "2005-12-31": -132, "2005-09-30": -66, "2005-06-30": -64, "2005-03-31": "34.00000"}, "Net Change In Intangible Assets": {"2020-09-30": 0, "2020-06-30": 0, "2020-03-31": "", "2019-12-31": 0, "2019-09-30": 0, "2019-06-30": 0, "2019-03-31": "", "2018-12-31": 0, "2018-09-30": 0, "2018-06-30": 0, "2018-03-31": "", "2017-12-31": 0, "2017-09-30": 0, "2017-06-30": 0, "2017-03-31": "", "2016-12-31": 0, "2016-09-30": 0, "2016-06-30": 0, "2016-03-31": "", "2015-12-31": 0, "2015-09-30": 0, "2015-06-30": 0, "2015-03-31": "", "2014-12-31": 0, "2014-09-30": 0, "2014-06-30": 0, "2014-03-31": "", "2013-12-31": 0, "2013-09-30": 0, "2013-06-30": 0, "2013-03-31": "", "2012-12-31": 0, "2012-09-30": 0, "2012-06-30": 0, "2012-03-31": "", "2011-12-31": 0, "2011-09-30": 0, "2011-06-30": 0, "2011-03-31": "", "2010-12-31": 0, "2010-09-30": 0, "2010-06-30": 0, "2010-03-31": "", "2009-12-31": 0, "2009-09-30": 0, "2009-06-30": 0, "2009-03-31": "", "2008-12-31": 0, "2008-09-30": 0, "2008-06-30": 0, "2008-03-31": "", "2007-12-31": 0, "2007-09-30": 0, "2007-06-30": 0, "2007-03-31": "", "2006-12-31": 0, "2006-09-30": 0, "2006-06-30": 0, "2006-03-31": "", "2005-12-31": 0, "2005-09-30": 0, "2005-06-30": 0, "2005-03-31": ""}, "Net Acquisitions/Divestitures": {"2020-09-30": 0, "2020-06-30": 0, "2020-03-31": "", "2019-12-31": 0, "2019-09-30": 0, "2019-06-30": -9, "2019-03-31": "-593.00000", "2018-12-31": 0, "2018-09-30": -6, "2018-06-30": 0, "2018-03-31": "-1019.00000", "2017-12-31": -1, "2017-09-30": 0, "2017-06-30": 0, "2017-03-31": "-467.00000", "2016-12-31": 183, "2016-09-30": -50, "2016-06-30": -117, "2016-03-31": "-79.00000", "2015-12-31": -36, "2015-09-30": 0, "2015-06-30": -402, "2015-03-31": "", "2014-12-31": -14, "2014-09-30": -64, "2014-06-30": 0, "2014-03-31": "-73.00000", "2013-12-31": -46, "2013-09-30": 0, "2013-06-30": -139, "2013-03-31": "", "2012-12-31": 205, "2012-09-30": -634, "2012-06-30": -18, "2012-03-31": "", "2011-12-31": 153, "2011-09-30": -165, "2011-06-30": -46, "2011-03-31": "-989.00000", "2010-12-31": -88, "2010-09-30": -292, "2010-06-30": 0, "2010-03-31": "", "2009-12-31": 0, "2009-09-30": 0, "2009-06-30": 0, "2009-03-31": "", "2008-12-31": 0, "2008-09-30": 0, "2008-06-30": 0, "2008-03-31": "", "2007-12-31": 0, "2007-09-30": -22, "2007-06-30": 0, "2007-03-31": "-15.00000", "2006-12-31": 0, "2006-09-30": -280, "2006-06-30": -741, "2006-03-31": "", "2005-12-31": -267, "2005-09-30": -17, "2005-06-30": 0, "2005-03-31": ""}, "Net Change In Short-term Investments": {"2020-09-30": 0, "2020-06-30": 0, "2020-03-31": "", "2019-12-31": 0, "2019-09-30": 0, "2019-06-30": 0, "2019-03-31": "", "2018-12-31": 0, "2018-09-30": 0, "2018-06-30": 0, "2018-03-31": "", "2017-12-31": 0, "2017-09-30": 0, "2017-06-30": 0, "2017-03-31": "", "2016-12-31": 0, "2016-09-30": 0, "2016-06-30": 0, "2016-03-31": "", "2015-12-31": 0, "2015-09-30": 0, "2015-06-30": 0, "2015-03-31": "", "2014-12-31": 0, "2014-09-30": 0, "2014-06-30": 0, "2014-03-31": "", "2013-12-31": 0, "2013-09-30": 0, "2013-06-30": 0, "2013-03-31": "", "2012-12-31": 0, "2012-09-30": 0, "2012-06-30": 0, "2012-03-31": "", "2011-12-31": 0, "2011-09-30": 0, "2011-06-30": 0, "2011-03-31": "", "2010-12-31": 0, "2010-09-30": 0, "2010-06-30": 0, "2010-03-31": "", "2009-12-31": 0, "2009-09-30": 0, "2009-06-30": 0, "2009-03-31": "", "2008-12-31": 0, "2008-09-30": 0, "2008-06-30": 0, "2008-03-31": "", "2007-12-31": 0, "2007-09-30": 0, "2007-06-30": 0, "2007-03-31": "", "2006-12-31": 0, "2006-09-30": 0, "2006-06-30": 0, "2006-03-31": "", "2005-12-31": 0, "2005-09-30": 0, "2005-06-30": 0, "2005-03-31": ""}, "Net Change In Long-Term Investments": {"2020-09-30": -4, "2020-06-30": 1, "2020-03-31": "-1.00000", "2019-12-31": 0, "2019-09-30": -5, "2019-06-30": 1, "2019-03-31": "-1.00000", "2018-12-31": 103, "2018-09-30": -110, "2018-06-30": 4, "2018-03-31": "-3.00000", "2017-12-31": -20, "2017-09-30": -1, "2017-06-30": 17, "2017-03-31": "-13.00000", "2016-12-31": -1, "2016-09-30": 11, "2016-06-30": 2, "2016-03-31": "6.00000", "2015-12-31": 85, "2015-09-30": 19, "2015-06-30": -2, "2015-03-31": "", "2014-12-31": -10, "2014-09-30": -23, "2014-06-30": -1, "2014-03-31": "11.00000", "2013-12-31": -3, "2013-09-30": -21, "2013-06-30": -49, "2013-03-31": "-1.00000", "2012-12-31": -16, "2012-09-30": -11, "2012-06-30": -1, "2012-03-31": "-19.00000", "2011-12-31": -70, "2011-09-30": 40, "2011-06-30": -13, "2011-03-31": "-5.00000", "2010-12-31": -54, "2010-09-30": 0, "2010-06-30": 0, "2010-03-31": "", "2009-12-31": -7, "2009-09-30": -39, "2009-06-30": 0, "2009-03-31": "39.00000", "2008-12-31": -59, "2008-09-30": -13, "2008-06-30": -5, "2008-03-31": "", "2007-12-31": 0, "2007-09-30": -12, "2007-06-30": 0, "2007-03-31": "", "2006-12-31": -4, "2006-09-30": -61, "2006-06-30": -13, "2006-03-31": "", "2005-12-31": 0, "2005-09-30": 0, "2005-06-30": 0, "2005-03-31": ""}, "Net Change In Investments - Total": {"2020-09-30": -4, "2020-06-30": 1, "2020-03-31": "-1.00000", "2019-12-31": 0, "2019-09-30": -5, "2019-06-30": 1, "2019-03-31": "-1.00000", "2018-12-31": 103, "2018-09-30": -110, "2018-06-30": 4, "2018-03-31": "-3.00000", "2017-12-31": -20, "2017-09-30": -1, "2017-06-30": 17, "2017-03-31": "-13.00000", "2016-12-31": -1, "2016-09-30": 11, "2016-06-30": 2, "2016-03-31": "6.00000", "2015-12-31": 85, "2015-09-30": 19, "2015-06-30": -2, "2015-03-31": "", "2014-12-31": -10, "2014-09-30": -23, "2014-06-30": -1, "2014-03-31": "11.00000", "2013-12-31": -3, "2013-09-30": -21, "2013-06-30": -49, "2013-03-31": "-1.00000", "2012-12-31": -16, "2012-09-30": -11, "2012-06-30": -1, "2012-03-31": "-19.00000", "2011-12-31": -70, "2011-09-30": 40, "2011-06-30": -13, "2011-03-31": "-5.00000", "2010-12-31": -54, "2010-09-30": 0, "2010-06-30": 0, "2010-03-31": "", "2009-12-31": -7, "2009-09-30": -39, "2009-06-30": 0, "2009-03-31": "39.00000", "2008-12-31": -59, "2008-09-30": -13, "2008-06-30": -5, "2008-03-31": "", "2007-12-31": 0, "2007-09-30": -12, "2007-06-30": 0, "2007-03-31": "", "2006-12-31": -4, "2006-09-30": -61, "2006-06-30": -13, "2006-03-31": "", "2005-12-31": 0, "2005-09-30": 0, "2005-06-30": 0, "2005-03-31": ""}, "Investing Activities - Other": {"2020-09-30": 3, "2020-06-30": -3, "2020-03-31": "28.00000", "2019-12-31": 1, "2019-09-30": 33, "2019-06-30": -3, "2019-03-31": "", "2018-12-31": -8, "2018-09-30": 10, "2018-06-30": -3, "2018-03-31": "1.00000", "2017-12-31": 14, "2017-09-30": 0, "2017-06-30": 0, "2017-03-31": "", "2016-12-31": 0, "2016-09-30": 0, "2016-06-30": 0, "2016-03-31": "", "2015-12-31": 38, "2015-09-30": -24, "2015-06-30": 25, "2015-03-31": "-28.00000", "2014-12-31": 15, "2014-09-30": 4, "2014-06-30": 0, "2014-03-31": "", "2013-12-31": 34, "2013-09-30": -34, "2013-06-30": 3, "2013-03-31": "-3.00000", "2012-12-31": 77, "2012-09-30": -11, "2012-06-30": 23, "2012-03-31": "-19.00000", "2011-12-31": 3, "2011-09-30": 10, "2011-06-30": 52, "2011-03-31": "-50.00000", "2010-12-31": 94, "2010-09-30": -21, "2010-06-30": -54, "2010-03-31": "6.00000", "2009-12-31": 36, "2009-09-30": 6, "2009-06-30": -7, "2009-03-31": "3.00000", "2008-12-31": 0, "2008-09-30": -21, "2008-06-30": -1, "2008-03-31": "14.00000", "2007-12-31": 23, "2007-09-30": 19, "2007-06-30": 31, "2007-03-31": "20.00000", "2006-12-31": 16, "2006-09-30": -5, "2006-06-30": -2, "2006-03-31": "-3.00000", "2005-12-31": 4, "2005-09-30": -1, "2005-06-30": 90, "2005-03-31": "-12.00000"}, "Cash Flow From Investing Activities": {"2020-09-30": -85, "2020-06-30": -161, "2020-03-31": "-103.00000", "2019-12-31": 132, "2019-09-30": 386, "2019-06-30": -32, "2019-03-31": "-428.00000", "2018-12-31": 310, "2018-09-30": 649, "2018-06-30": 96, "2018-03-31": "-955.00000", "2017-12-31": -67, "2017-09-30": 180, "2017-06-30": 4, "2017-03-31": "-384.00000", "2016-12-31": -114, "2016-09-30": -75, "2016-06-30": 137, "2016-03-31": "-47.00000", "2015-12-31": -11, "2015-09-30": -133, "2015-06-30": -399, "2015-03-31": "-165.00000", "2014-12-31": 82, "2014-09-30": -180, "2014-06-30": -122, "2014-03-31": "134.00000", "2013-12-31": 77, "2013-09-30": -127, "2013-06-30": -172, "2013-03-31": "147.00000", "2012-12-31": -64, "2012-09-30": -553, "2012-06-30": -177, "2012-03-31": "-92.00000", "2011-12-31": -234, "2011-09-30": -52, "2011-06-30": -152, "2011-03-31": "-1138.00000", "2010-12-31": -208, "2010-09-30": -340, "2010-06-30": -119, "2010-03-31": "-39.00000", "2009-12-31": -81, "2009-09-30": 16, "2009-06-30": -92, "2009-03-31": "41.00000", "2008-12-31": -266, "2008-09-30": -150, "2008-06-30": -164, "2008-03-31": "-136.00000", "2007-12-31": -148, "2007-09-30": -141, "2007-06-30": -126, "2007-03-31": "223.00000", "2006-12-31": -56, "2006-09-30": -485, "2006-06-30": -457, "2006-03-31": "143.00000", "2005-12-31": -395, "2005-09-30": -84, "2005-06-30": 26, "2005-03-31": "22.00000"}, "Net Long-Term Debt": {"2020-09-30": 1121, "2020-06-30": -750, "2020-03-31": "1500.00000", "2019-12-31": -650, "2019-09-30": 589, "2019-06-30": 0, "2019-03-31": "", "2018-12-31": -238, "2018-09-30": -150, "2018-06-30": -25, "2018-03-31": "310.00000", "2017-12-31": -10, "2017-09-30": -108, "2017-06-30": 0, "2017-03-31": "398.00000", "2016-12-31": -90, "2016-09-30": 32, "2016-06-30": -241, "2016-03-31": "80.00000", "2015-12-31": 158, "2015-09-30": 245, "2015-06-30": 79, "2015-03-31": "", "2014-12-31": -11, "2014-09-30": 8, "2014-06-30": -72, "2014-03-31": "-676.00000", "2013-12-31": 204, "2013-09-30": -180, "2013-06-30": -798, "2013-03-31": "298.00000", "2012-12-31": -87, "2012-09-30": 255, "2012-06-30": -907, "2012-03-31": "371.00000", "2011-12-31": 266, "2011-09-30": -162, "2011-06-30": 245, "2011-03-31": "50.00000", "2010-12-31": -566, "2010-09-30": 399, "2010-06-30": -3, "2010-03-31": "-472.00000", "2009-12-31": 373, "2009-09-30": -568, "2009-06-30": 182, "2009-03-31": "14.00000", "2008-12-31": 80, "2008-09-30": -3, "2008-06-30": 294, "2008-03-31": "-4.00000", "2007-12-31": -196, "2007-09-30": -5, "2007-06-30": -663, "2007-03-31": "589.00000", "2006-12-31": 37, "2006-09-30": -12, "2006-06-30": 562, "2006-03-31": "83.00000", "2005-12-31": -17, "2005-09-30": -13, "2005-06-30": -345, "2005-03-31": "356.00000"}, "Net Current Debt": {"2020-09-30": 0, "2020-06-30": 0, "2020-03-31": "", "2019-12-31": 0, "2019-09-30": 0, "2019-06-30": 0, "2019-03-31": "", "2018-12-31": 0, "2018-09-30": 0, "2018-06-30": 0, "2018-03-31": "", "2017-12-31": 0, "2017-09-30": 0, "2017-06-30": 0, "2017-03-31": "", "2016-12-31": 0, "2016-09-30": 0, "2016-06-30": 0, "2016-03-31": "", "2015-12-31": 0, "2015-09-30": 0, "2015-06-30": 0, "2015-03-31": "", "2014-12-31": 0, "2014-09-30": 0, "2014-06-30": 0, "2014-03-31": "", "2013-12-31": 0, "2013-09-30": 0, "2013-06-30": 0, "2013-03-31": "", "2012-12-31": 0, "2012-09-30": 0, "2012-06-30": 0, "2012-03-31": "", "2011-12-31": 0, "2011-09-30": 0, "2011-06-30": 0, "2011-03-31": "", "2010-12-31": 0, "2010-09-30": 0, "2010-06-30": 0, "2010-03-31": "", "2009-12-31": 0, "2009-09-30": 0, "2009-06-30": 0, "2009-03-31": "", "2008-12-31": 0, "2008-09-30": 0, "2008-06-30": 0, "2008-03-31": "", "2007-12-31": 0, "2007-09-30": 0, "2007-06-30": 0, "2007-03-31": "", "2006-12-31": 0, "2006-09-30": 0, "2006-06-30": 0, "2006-03-31": "", "2005-12-31": 0, "2005-09-30": 0, "2005-06-30": 0, "2005-03-31": ""}, "Debt Issuance/Retirement Net - Total": {"2020-09-30": 1121, "2020-06-30": -750, "2020-03-31": "1500.00000", "2019-12-31": -650, "2019-09-30": 589, "2019-06-30": 0, "2019-03-31": "", "2018-12-31": -238, "2018-09-30": -150, "2018-06-30": -25, "2018-03-31": "310.00000", "2017-12-31": -10, "2017-09-30": -108, "2017-06-30": 0, "2017-03-31": "398.00000", "2016-12-31": -90, "2016-09-30": 32, "2016-06-30": -241, "2016-03-31": "80.00000", "2015-12-31": 158, "2015-09-30": 245, "2015-06-30": 79, "2015-03-31": "", "2014-12-31": -11, "2014-09-30": 8, "2014-06-30": -72, "2014-03-31": "-676.00000", "2013-12-31": 204, "2013-09-30": -180, "2013-06-30": -798, "2013-03-31": "298.00000", "2012-12-31": -87, "2012-09-30": 255, "2012-06-30": -907, "2012-03-31": "371.00000", "2011-12-31": 266, "2011-09-30": -162, "2011-06-30": 245, "2011-03-31": "50.00000", "2010-12-31": -566, "2010-09-30": 399, "2010-06-30": -3, "2010-03-31": "-472.00000", "2009-12-31": 373, "2009-09-30": -568, "2009-06-30": 182, "2009-03-31": "14.00000", "2008-12-31": 80, "2008-09-30": -3, "2008-06-30": 294, "2008-03-31": "-4.00000", "2007-12-31": -196, "2007-09-30": -5, "2007-06-30": -663, "2007-03-31": "589.00000", "2006-12-31": 37, "2006-09-30": -12, "2006-06-30": 562, "2006-03-31": "83.00000", "2005-12-31": -17, "2005-09-30": -13, "2005-06-30": -345, "2005-03-31": "356.00000"}, "Net Common Equity Issued/Repurchased": {"2020-09-30": 0, "2020-06-30": 0, "2020-03-31": "-147.00000", "2019-12-31": -87, "2019-09-30": -195, "2019-06-30": -200, "2019-03-31": "", "2018-12-31": 0, "2018-09-30": 0, "2018-06-30": 0, "2018-03-31": "", "2017-12-31": 0, "2017-09-30": 0, "2017-06-30": 0, "2017-03-31": "", "2016-12-31": -12, "2016-09-30": -44, "2016-06-30": -81, "2016-03-31": "-81.00000", "2015-12-31": -345, "2015-09-30": -199, "2015-06-30": -131, "2015-03-31": "", "2014-12-31": 4, "2014-09-30": 0, "2014-06-30": -1, "2014-03-31": "1.00000", "2013-12-31": 0, "2013-09-30": 111, "2013-06-30": 89, "2013-03-31": "103.00000", "2012-12-31": 19, "2012-09-30": 33, "2012-06-30": 49, "2012-03-31": "173.00000", "2011-12-31": 34, "2011-09-30": 1, "2011-06-30": 189, "2011-03-31": "99.00000", "2010-12-31": 248, "2010-09-30": 103, "2010-06-30": 0, "2010-03-31": "55.00000", "2009-12-31": 179, "2009-09-30": 108, "2009-06-30": 480, "2009-03-31": "", "2008-12-31": 0, "2008-09-30": -28, "2008-06-30": -37, "2008-03-31": "-35.00000", "2007-12-31": 0, "2007-09-30": 0, "2007-06-30": 0, "2007-03-31": "", "2006-12-31": 0, "2006-09-30": 0, "2006-06-30": 0, "2006-03-31": "", "2005-12-31": 0, "2005-09-30": 0, "2005-06-30": 0, "2005-03-31": ""}, "Net Total Equity Issued/Repurchased": {"2020-09-30": -22, "2020-06-30": 0, "2020-03-31": "-147.00000", "2019-12-31": -87, "2019-09-30": -195, "2019-06-30": -200, "2019-03-31": "", "2018-12-31": 0, "2018-09-30": 0, "2018-06-30": 0, "2018-03-31": "", "2017-12-31": 0, "2017-09-30": 0, "2017-06-30": 0, "2017-03-31": "", "2016-12-31": -12, "2016-09-30": -44, "2016-06-30": -81, "2016-03-31": "-81.00000", "2015-12-31": -345, "2015-09-30": -199, "2015-06-30": -131, "2015-03-31": "", "2014-12-31": 4, "2014-09-30": 0, "2014-06-30": -1, "2014-03-31": "1.00000", "2013-12-31": 0, "2013-09-30": 111, "2013-06-30": 89, "2013-03-31": "103.00000", "2012-12-31": 19, "2012-09-30": 33, "2012-06-30": 49, "2012-03-31": "173.00000", "2011-12-31": 34, "2011-09-30": 1, "2011-06-30": 189, "2011-03-31": "99.00000", "2010-12-31": 248, "2010-09-30": 103, "2010-06-30": -101, "2010-03-31": "55.00000", "2009-12-31": 179, "2009-09-30": 108, "2009-06-30": 480, "2009-03-31": "", "2008-12-31": 0, "2008-09-30": -28, "2008-06-30": -37, "2008-03-31": "-35.00000", "2007-12-31": 0, "2007-09-30": 0, "2007-06-30": 0, "2007-03-31": "", "2006-12-31": 0, "2006-09-30": 0, "2006-06-30": -150, "2006-03-31": "", "2005-12-31": 0, "2005-09-30": 0, "2005-06-30": -100, "2005-03-31": ""}, "Total Common And Preferred Stock Dividends Paid": {"2020-09-30": 0, "2020-06-30": -141, "2020-03-31": "-179.00000", "2019-12-31": -143, "2019-09-30": -146, "2019-06-30": -148, "2019-03-31": "-186.00000", "2018-12-31": -148, "2018-09-30": -148, "2018-06-30": -148, "2018-03-31": "-185.00000", "2017-12-31": -148, "2017-09-30": -148, "2017-06-30": -147, "2017-03-31": "-185.00000", "2016-12-31": -148, "2016-09-30": -148, "2016-06-30": -150, "2016-03-31": "-150.00000", "2015-12-31": -148, "2015-09-30": -150, "2015-06-30": -151, "2015-03-31": "-197.00000", "2014-12-31": -151, "2014-09-30": -114, "2014-06-30": -106, "2014-03-31": "-98.00000", "2013-12-31": -91, "2013-09-30": -82, "2013-06-30": -75, "2013-03-31": "-65.00000", "2012-12-31": -58, "2012-09-30": -51, "2012-06-30": -43, "2012-03-31": "-35.00000", "2011-12-31": -28, "2011-09-30": -21, "2011-06-30": -14, "2011-03-31": "-7.00000", "2010-12-31": -6, "2010-09-30": -7, "2010-06-30": -10, "2010-03-31": "-3.00000", "2009-12-31": -19, "2009-09-30": -3, "2009-06-30": -1, "2009-03-31": "-29.00000", "2008-12-31": -107, "2008-09-30": -106, "2008-06-30": -107, "2008-03-31": "-211.00000", "2007-12-31": -106, "2007-09-30": -107, "2007-06-30": -107, "2007-03-31": "-133.00000", "2006-12-31": -106, "2006-09-30": -92, "2006-06-30": -62, "2006-03-31": "-49.00000", "2005-12-31": -44, "2005-09-30": -42, "2005-06-30": -37, "2005-03-31": "-9.00000"}, "Financial Activities - Other": {"2020-09-30": -30, "2020-06-30": -7, "2020-03-31": "-8.00000", "2019-12-31": -55, "2019-09-30": -17, "2019-06-30": -2, "2019-03-31": "-75.00000", "2018-12-31": -1, "2018-09-30": -8, "2018-06-30": -1, "2018-03-31": "-6.00000", "2017-12-31": 0, "2017-09-30": -43, "2017-06-30": -6, "2017-03-31": "-5.00000", "2016-12-31": 2, "2016-09-30": -2, "2016-06-30": -3, "2016-03-31": "-1.00000", "2015-12-31": -5, "2015-09-30": -7, "2015-06-30": -5, "2015-03-31": "-1.00000", "2014-12-31": 4, "2014-09-30": 1, "2014-06-30": -6, "2014-03-31": "-2.00000", "2013-12-31": 0, "2013-09-30": -1, "2013-06-30": -4, "2013-03-31": "-2.00000", "2012-12-31": -4, "2012-09-30": -18, "2012-06-30": 2, "2012-03-31": "-4.00000", "2011-12-31": -13, "2011-09-30": -4, "2011-06-30": -7, "2011-03-31": "", "2010-12-31": 615, "2010-09-30": -597, "2010-06-30": -11, "2010-03-31": "13.00000", "2009-12-31": -11, "2009-09-30": 5, "2009-06-30": -11, "2009-03-31": "-1.00000", "2008-12-31": 2, "2008-09-30": 2, "2008-06-30": -10, "2008-03-31": "-14.00000", "2007-12-31": 44, "2007-09-30": -31, "2007-06-30": 23, "2007-03-31": "7.00000", "2006-12-31": -9, "2006-09-30": -31, "2006-06-30": -37, "2006-03-31": "20.00000", "2005-12-31": 35, "2005-09-30": -1, "2005-06-30": 146, "2005-03-31": "-175.00000"}, "Cash Flow From Financial Activities": {"2020-09-30": 1069, "2020-06-30": -898, "2020-03-31": "1166.00000", "2019-12-31": -935, "2019-09-30": 231, "2019-06-30": -350, "2019-03-31": "-261.00000", "2018-12-31": -387, "2018-09-30": -306, "2018-06-30": -174, "2018-03-31": "119.00000", "2017-12-31": -158, "2017-09-30": -299, "2017-06-30": -153, "2017-03-31": "208.00000", "2016-12-31": -248, "2016-09-30": -162, "2016-06-30": -475, "2016-03-31": "-152.00000", "2015-12-31": -340, "2015-09-30": -111, "2015-06-30": -208, "2015-03-31": "-198.00000", "2014-12-31": -154, "2014-09-30": -105, "2014-06-30": -185, "2014-03-31": "-775.00000", "2013-12-31": 113, "2013-09-30": -152, "2013-06-30": -788, "2013-03-31": "334.00000", "2012-12-31": -130, "2012-09-30": 219, "2012-06-30": -899, "2012-03-31": "505.00000", "2011-12-31": 259, "2011-09-30": -186, "2011-06-30": 413, "2011-03-31": "142.00000", "2010-12-31": 291, "2010-09-30": -102, "2010-06-30": -125, "2010-03-31": "-407.00000", "2009-12-31": 522, "2009-09-30": -458, "2009-06-30": 650, "2009-03-31": "-16.00000", "2008-12-31": -25, "2008-09-30": -135, "2008-06-30": 140, "2008-03-31": "-264.00000", "2007-12-31": -258, "2007-09-30": -143, "2007-06-30": -747, "2007-03-31": "463.00000", "2006-12-31": -78, "2006-09-30": -135, "2006-06-30": 313, "2006-03-31": "54.00000", "2005-12-31": -26, "2005-09-30": -56, "2005-06-30": -336, "2005-03-31": "172.00000"}, "Net Cash Flow": {"2020-09-30": 835, "2020-06-30": -1229, "2020-03-31": "1212.00000", "2019-12-31": -465, "2019-09-30": 905, "2019-06-30": 36, "2019-03-31": "-482.00000", "2018-12-31": 281, "2018-09-30": 629, "2018-06-30": 326, "2018-03-31": "-589.00000", "2017-12-31": 137, "2017-09-30": 134, "2017-06-30": 254, "2017-03-31": "40.00000", "2016-12-31": 20, "2016-09-30": 69, "2016-06-30": 54, "2016-03-31": "24.00000", "2015-12-31": 5, "2015-09-30": 3, "2015-06-30": -223, "2015-03-31": "-206.00000", "2014-12-31": 301, "2014-09-30": -53, "2014-06-30": 48, "2014-03-31": "-469.00000", "2013-12-31": 507, "2013-09-30": -39, "2013-06-30": -682, "2013-03-31": "658.00000", "2012-12-31": 163, "2012-09-30": -211, "2012-06-30": -847, "2012-03-31": "486.00000", "2011-12-31": 302, "2011-09-30": -110, "2011-06-30": 480, "2011-03-31": "-959.00000", "2010-12-31": 275, "2010-09-30": -333, "2010-06-30": -74, "2010-03-31": "-397.00000", "2009-12-31": 623, "2009-09-30": -327, "2009-06-30": 693, "2009-03-31": "145.00000", "2008-12-31": 14, "2008-09-30": -11, "2008-06-30": 188, "2008-03-31": "-171.00000", "2007-12-31": -71, "2007-09-30": 62, "2007-06-30": -674, "2007-03-31": "807.00000", "2006-12-31": 141, "2006-09-30": -301, "2006-06-30": 43, "2006-03-31": "297.00000", "2005-12-31": -218, "2005-09-30": -2, "2005-06-30": -185, "2005-03-31": "242.00000"}, "Stock-Based Compensation": {"2020-09-30": 4, "2020-06-30": 4, "2020-03-31": "3.00000", "2019-12-31": 4, "2019-09-30": 4, "2019-06-30": 3, "2019-03-31": "4.00000", "2018-12-31": 3, "2018-09-30": 4, "2018-06-30": 4, "2018-03-31": "3.00000", "2017-12-31": 3, "2017-09-30": 3, "2017-06-30": 2, "2017-03-31": "3.00000", "2016-12-31": 4, "2016-09-30": 2, "2016-06-30": 3, "2016-03-31": "3.00000", "2015-12-31": 2, "2015-09-30": 1, "2015-06-30": 3, "2015-03-31": "5.00000", "2014-12-31": 7, "2014-09-30": 5, "2014-06-30": 6, "2014-03-31": "4.00000", "2013-12-31": 6, "2013-09-30": 4, "2013-06-30": 4, "2013-03-31": "4.00000", "2012-12-31": 2, "2012-09-30": 6, "2012-06-30": 3, "2012-03-31": "5.00000", "2011-12-31": 19, "2011-09-30": 0, "2011-06-30": 0, "2011-03-31": "", "2010-12-31": 40, "2010-09-30": 0, "2010-06-30": 0, "2010-03-31": "", "2009-12-31": 0, "2009-09-30": 0, "2009-06-30": 0, "2009-03-31": "", "2008-12-31": 0, "2008-09-30": 0, "2008-06-30": 0, "2008-03-31": "", "2007-12-31": 0, "2007-09-30": 0, "2007-06-30": 0, "2007-03-31": "", "2006-12-31": 0, "2006-09-30": 0, "2006-06-30": 0, "2006-03-31": "", "2005-12-31": 0, "2005-09-30": 0, "2005-06-30": 0, "2005-03-31": ""}, "Common Stock Dividends Paid": {"2020-09-30": 0, "2020-06-30": -141, "2020-03-31": "-179.00000", "2019-12-31": -143, "2019-09-30": -146, "2019-06-30": -148, "2019-03-31": "-186.00000", "2018-12-31": -148, "2018-09-30": -148, "2018-06-30": -148, "2018-03-31": "-185.00000", "2017-12-31": -148, "2017-09-30": -148, "2017-06-30": -147, "2017-03-31": "-185.00000", "2016-12-31": -148, "2016-09-30": -148, "2016-06-30": -150, "2016-03-31": "-150.00000", "2015-12-31": -148, "2015-09-30": -150, "2015-06-30": -151, "2015-03-31": "-197.00000", "2014-12-31": -151, "2014-09-30": -114, "2014-06-30": -106, "2014-03-31": "-98.00000", "2013-12-31": -91, "2013-09-30": -82, "2013-06-30": -75, "2013-03-31": "-65.00000", "2012-12-31": -58, "2012-09-30": -51, "2012-06-30": -43, "2012-03-31": "-35.00000", "2011-12-31": -28, "2011-09-30": -21, "2011-06-30": -14, "2011-03-31": "-7.00000", "2010-12-31": -6, "2010-09-30": -7, "2010-06-30": -6, "2010-03-31": "-1.00000", "2009-12-31": -17, "2009-09-30": 0, "2009-06-30": 1, "2009-03-31": "-27.00000", "2008-12-31": -105, "2008-09-30": -103, "2008-06-30": -105, "2008-03-31": "-209.00000", "2007-12-31": -104, "2007-09-30": -104, "2007-06-30": -105, "2007-03-31": "-131.00000", "2006-12-31": -104, "2006-09-30": -89, "2006-06-30": -55, "2006-03-31": "-43.00000", "2005-12-31": -38, "2005-09-30": -36, "2005-06-30": -28, "2005-03-31": ""}}, "financial ratios": {"Current Ratio": {"2019-12-31": "", "2018-12-31": "", "2017-12-31": "", "2016-12-31": "", "2015-12-31": "", "2014-12-31": "", "2013-12-31": "", "2012-12-31": "", "2011-12-31": "", "2010-12-31": "", "2009-12-31": "", "2008-12-31": "", "2007-12-31": "", "2006-12-31": "", "2005-12-31": ""}, "Long-term Debt / Capital": {"2019-12-31": "0.34120", "2018-12-31": "0.33650", "2017-12-31": "0.36090", "2016-12-31": "0.34160", "2015-12-31": "0.35250", "2014-12-31": "0.34940", "2013-12-31": "0.39590", "2012-12-31": "0.44100", "2011-12-31": "0.46150", "2010-12-31": "0.46380", "2009-12-31": "0.48450", "2008-12-31": "0.51250", "2007-12-31": "0.50830", "2006-12-31": "0.52950", "2005-12-31": "0.68960"}, "Debt/Equity Ratio": {"2019-12-31": "0.51800", "2018-12-31": "0.50710", "2017-12-31": "0.56470", "2016-12-31": "0.51880", "2015-12-31": "0.54430", "2014-12-31": "0.53710", "2013-12-31": "0.65530", "2012-12-31": "0.78890", "2011-12-31": "0.85700", "2010-12-31": "0.86500", "2009-12-31": "0.93980", "2008-12-31": "1.05120", "2007-12-31": "1.03380", "2006-12-31": "1.12560", "2005-12-31": "2.22180"}, "Gross Margin": {"2019-12-31": "", "2018-12-31": "", "2017-12-31": "", "2016-12-31": "", "2015-12-31": "", "2014-12-31": "", "2013-12-31": "", "2012-12-31": "", "2011-12-31": "", "2010-12-31": "", "2009-12-31": "", "2008-12-31": "", "2007-12-31": "", "2006-12-31": "", "2005-12-31": ""}, "Operating Margin": {"2019-12-31": "14.60960", "2018-12-31": "9.59450", "2017-12-31": "12.54870", "2016-12-31": "12.59670", "2015-12-31": "11.79440", "2014-12-31": "13.04270", "2013-12-31": "9.91100", "2012-12-31": "7.15560", "2011-12-31": "6.55490", "2010-12-31": "5.11350", "2009-12-31": "3.60340", "2008-12-31": "14.49500", "2007-12-31": "17.62240", "2006-12-31": "15.80590", "2005-12-31": "13.37300"}, "EBIT Margin": {"2019-12-31": "14.60960", "2018-12-31": "9.59450", "2017-12-31": "12.54870", "2016-12-31": "12.59670", "2015-12-31": "11.79440", "2014-12-31": "13.04270", "2013-12-31": "9.91100", "2012-12-31": "7.15560", "2011-12-31": "6.55490", "2010-12-31": "5.11350", "2009-12-31": "3.60340", "2008-12-31": "14.49500", "2007-12-31": "17.62240", "2006-12-31": "15.80590", "2005-12-31": "13.37300"}, "EBITDA Margin": {"2019-12-31": "27.07990", "2018-12-31": "26.81030", "2017-12-31": "26.61960", "2016-12-31": "26.05890", "2015-12-31": "25.42060", "2014-12-31": "26.51760", "2013-12-31": "24.08050", "2012-12-31": "22.31670", "2011-12-31": "21.08610", "2010-12-31": "19.44510", "2009-12-31": "21.69290", "2008-12-31": "26.74350", "2007-12-31": "28.38640", "2006-12-31": "25.78090", "2005-12-31": "23.93070"}, "Pre-Tax Profit Margin": {"2019-12-31": "17.59010", "2018-12-31": "23.55180", "2017-12-31": "12.08470", "2016-12-31": "14.93550", "2015-12-31": "10.72900", "2014-12-31": "14.18910", "2013-12-31": "4.47150", "2012-12-31": "0.45460", "2011-12-31": "-0.59400", "2010-12-31": "-3.62300", "2009-12-31": "-5.70740", "2008-12-31": "7.42330", "2007-12-31": "10.19240", "2006-12-31": "6.16410", "2005-12-31": "3.73580"}, "Net Profit Margin": {"2019-12-31": "16.82210", "2018-12-31": "19.67780", "2017-12-31": "10.46970", "2016-12-31": "14.03320", "2015-12-31": "10.42990", "2014-12-31": "13.75680", "2013-12-31": "6.13630", "2012-12-31": "1.20580", "2011-12-31": "-0.31820", "2010-12-31": "-3.16440", "2009-12-31": "-6.31200", "2008-12-31": "7.54050", "2007-12-31": "13.22160", "2006-12-31": "14.95210", "2005-12-31": "3.65460"}, "Asset Turnover": {"2019-12-31": "0.44450", "2018-12-31": "0.45690", "2017-12-31": "0.46070", "2016-12-31": "0.47600", "2015-12-31": "0.45900", "2014-12-31": "0.43720", "2013-12-31": "0.40320", "2012-12-31": "0.38930", "2011-12-31": "0.36010", "2010-12-31": "0.35140", "2009-12-31": "0.32940", "2008-12-31": "0.42840", "2007-12-31": "0.44440", "2006-12-31": "0.40670", "2005-12-31": "0.44800"}, "Inventory Turnover Ratio": {"2019-12-31": "", "2018-12-31": "", "2017-12-31": "", "2016-12-31": "", "2015-12-31": "", "2014-12-31": "", "2013-12-31": "", "2012-12-31": "", "2011-12-31": "", "2010-12-31": "", "2009-12-31": "", "2008-12-31": "", "2007-12-31": "", "2006-12-31": "", "2005-12-31": ""}, "Receiveable Turnover": {"2019-12-31": "", "2018-12-31": "", "2017-12-31": "", "2016-12-31": "", "2015-12-31": "", "2014-12-31": "", "2013-12-31": "", "2012-12-31": "", "2011-12-31": "", "2010-12-31": "", "2009-12-31": "", "2008-12-31": "", "2007-12-31": "", "2006-12-31": "", "2005-12-31": ""}, "Days Sales In Receivables": {"2019-12-31": "", "2018-12-31": "", "2017-12-31": "", "2016-12-31": "", "2015-12-31": "", "2014-12-31": "", "2013-12-31": "", "2012-12-31": "", "2011-12-31": "", "2010-12-31": "", "2009-12-31": "", "2008-12-31": "", "2007-12-31": "", "2006-12-31": "", "2005-12-31": ""}, "ROE - Return On Equity": {"2019-12-31": "12.72360", "2018-12-31": "15.21280", "2017-12-31": "8.15480", "2016-12-31": "10.96260", "2015-12-31": "7.95330", "2014-12-31": "10.05700", "2013-12-31": "2.89180", "2012-12-31": "-0.11660", "2011-12-31": "-0.40220", "2010-12-31": "-2.00570", "2009-12-31": "-3.22210", "2008-12-31": "6.97250", "2007-12-31": "9.95510", "2006-12-31": "5.67800", "2005-12-31": "5.23900"}, "Return On Tangible Equity": {"2019-12-31": "12.72360", "2018-12-31": "15.21280", "2017-12-31": "8.15480", "2016-12-31": "10.96260", "2015-12-31": "7.95330", "2014-12-31": "10.05700", "2013-12-31": "2.89180", "2012-12-31": "-0.11660", "2011-12-31": "-0.40220", "2010-12-31": "-2.00570", "2009-12-31": "-3.17180", "2008-12-31": "6.85150", "2007-12-31": "9.77760", "2006-12-31": "5.57260", "2005-12-31": "4.71660"}, "ROA - Return On Assets": {"2019-12-31": "7.57420", "2018-12-31": "9.52030", "2017-12-31": "4.88330", "2016-12-31": "6.75840", "2015-12-31": "4.84730", "2014-12-31": "6.08770", "2013-12-31": "1.63880", "2012-12-31": "-0.06160", "2011-12-31": "-0.20630", "2010-12-31": "-1.02330", "2009-12-31": "-1.56910", "2008-12-31": "3.20500", "2007-12-31": "4.50390", "2006-12-31": "2.46440", "2005-12-31": "1.38270"}, "ROI - Return On Investment": {"2019-12-31": "8.38200", "2018-12-31": "10.09380", "2017-12-31": "5.21180", "2016-12-31": "7.21770", "2015-12-31": "5.14990", "2014-12-31": "6.54300", "2013-12-31": "1.74690", "2012-12-31": "-0.06520", "2011-12-31": "-0.21660", "2010-12-31": "-1.07550", "2009-12-31": "-1.63510", "2008-12-31": "3.34030", "2007-12-31": "4.80750", "2006-12-31": "2.62160", "2005-12-31": "1.46400"}, "Book Value Per Share": {"2019-12-31": "10.26770", "2018-12-31": "10.21880", "2017-12-31": "9.47370", "2016-12-31": "9.53240", "2015-12-31": "9.46820", "2014-12-31": "9.74860", "2013-12-31": "9.62110", "2012-12-31": "9.46590", "2011-12-31": "9.52060", "2010-12-31": "9.37240", "2009-12-31": "9.61010", "2008-12-31": "10.64150", "2007-12-31": "10.41140", "2006-12-31": "10.02110", "2005-12-31": "6.69530"}, "Operating Cash Flow Per Share": {"2019-12-31": -0.0455, "2018-12-31": 0.0911, "2017-12-31": -0.0865, "2016-12-31": 0.21, "2015-12-31": 0.0918, "2014-12-31": 0.0864, "2013-12-31": 0.2772, "2012-12-31": 0.13, "2011-12-31": 0.1627, "2010-12-31": -0.1475, "2009-12-31": -0.9939, "2008-12-31": 0.0244, "2007-12-31": 0.0886, "2006-12-31": 0.3751, "2005-12-31": 1.4459}, "Free Cash Flow Per Share": {"2019-12-31": -0.7056, "2018-12-31": 1.3423, "2017-12-31": 0.2621, "2016-12-31": 0.6461, "2015-12-31": -0.5046, "2014-12-31": -0.0719, "2013-12-31": 1.1652, "2012-12-31": 0.2038, "2011-12-31": -0.1004, "2010-12-31": -0.3498, "2009-12-31": -0.0479, "2008-12-31": -0.7218, "2007-12-31": -0.8535, "2006-12-31": 1.5084, "2005-12-31": 0.8045}}, "financial ratios, quarterly": {"Current Ratio": {"2020-09-30": "", "2020-06-30": "", "2020-03-31": "", "2019-12-31": "", "2019-09-30": "", "2019-06-30": "", "2019-03-31": "", "2018-12-31": "", "2018-09-30": "", "2018-06-30": "", "2018-03-31": "", "2017-12-31": "", "2017-09-30": "", "2017-06-30": "", "2017-03-31": "", "2016-12-31": "", "2016-09-30": "", "2016-06-30": "", "2016-03-31": "", "2015-12-31": "", "2015-09-30": "", "2015-06-30": "", "2015-03-31": "", "2014-12-31": "", "2014-09-30": "", "2014-06-30": "", "2014-03-31": "", "2013-12-31": "", "2013-09-30": "", "2013-06-30": "", "2013-03-31": "", "2012-12-31": "", "2012-09-30": "", "2012-06-30": "", "2012-03-31": "", "2011-12-31": "", "2011-09-30": "", "2011-06-30": "", "2011-03-31": "", "2010-12-31": "", "2010-09-30": "", "2010-06-30": "", "2010-03-31": "", "2009-12-31": "", "2009-09-30": "", "2009-06-30": "", "2009-03-31": "", "2008-12-31": "", "2008-09-30": "", "2008-06-30": "", "2008-03-31": "", "2007-12-31": "", "2007-09-30": "", "2007-06-30": "", "2007-03-31": "", "2006-12-31": "", "2006-09-30": "", "2006-06-30": "", "2006-03-31": "", "2005-12-31": "", "2005-09-30": "", "2005-06-30": "", "2005-03-31": ""}, "Long-term Debt / Capital": {"2020-09-30": "0.47200", "2020-06-30": "0.40330", "2020-03-31": "0.42820", "2019-12-31": "0.34120", "2019-09-30": "0.37180", "2019-06-30": "0.34080", "2019-03-31": "0.33930", "2018-12-31": "0.33650", "2018-09-30": "0.35550", "2018-06-30": "0.37110", "2018-03-31": "0.37440", "2017-12-31": "0.36090", "2017-09-30": "0.35780", "2017-06-30": "0.35860", "2017-03-31": "0.36080", "2016-12-31": "0.34160", "2016-09-30": "0.34480", "2016-06-30": "0.33990", "2016-03-31": "0.35940", "2015-12-31": "0.35250", "2015-09-30": "0.37970", "2015-06-30": "0.35820", "2015-03-31": "0.35140", "2014-12-31": "0.34940", "2014-09-30": "0.35310", "2014-06-30": "0.35310", "2014-03-31": "0.35770", "2013-12-31": "0.39590", "2013-09-30": "0.38570", "2013-06-30": "0.39570", "2013-03-31": "0.43770", "2012-12-31": "0.44100", "2012-09-30": "0.44210", "2012-06-30": "0.42830", "2012-03-31": "0.47220", "2011-12-31": "0.46150", "2011-09-30": "0.44650", "2011-06-30": "0.46950", "2011-03-31": "0.46460", "2010-12-31": "0.46380", "2010-09-30": "0.46950", "2010-06-30": "0.47140", "2010-03-31": "0.46640", "2009-12-31": "0.48450", "2009-09-30": "0.47700", "2009-06-30": "0.50360", "2009-03-31": "0.51440", "2008-12-31": "0.51250", "2008-09-30": "0.51800", "2008-06-30": "0.51560", "2008-03-31": "0.50920", "2007-12-31": "0.50830", "2007-09-30": "0.51590", "2007-06-30": "0.52100", "2007-03-31": "0.54920", "2006-12-31": "0.52950", "2006-09-30": "0.52700", "2006-06-30": "0.52370", "2006-03-31": "0.63730", "2005-12-31": "0.68960", "2005-09-30": "0.70340", "2005-06-30": "0.70400", "2005-03-31": "0.71250"}, "Debt/Equity Ratio": {"2020-09-30": "0.89400", "2020-06-30": "0.67580", "2020-03-31": "0.74890", "2019-12-31": "0.51800", "2019-09-30": "0.59190", "2019-06-30": "0.51700", "2019-03-31": "0.51360", "2018-12-31": "0.50710", "2018-09-30": "0.55160", "2018-06-30": "0.59000", "2018-03-31": "0.59850", "2017-12-31": "0.56470", "2017-09-30": "0.55730", "2017-06-30": "0.55900", "2017-03-31": "0.56440", "2016-12-31": "0.51880", "2016-09-30": "0.52620", "2016-06-30": "0.51500", "2016-03-31": "0.56100", "2015-12-31": "0.54430", "2015-09-30": "0.61220", "2015-06-30": "0.55810", "2015-03-31": "0.54190", "2014-12-31": "0.53710", "2014-09-30": "0.54590", "2014-06-30": "0.54580", "2014-03-31": "0.55690", "2013-12-31": "0.65530", "2013-09-30": "0.62790", "2013-06-30": "0.65480", "2013-03-31": "0.77830", "2012-12-31": "0.78890", "2012-09-30": "0.79250", "2012-06-30": "0.74900", "2012-03-31": "0.89460", "2011-12-31": "0.85700", "2011-09-30": "0.80660", "2011-06-30": "0.88490", "2011-03-31": "0.86760", "2010-12-31": "0.86500", "2010-09-30": "0.88500", "2010-06-30": "0.89170", "2010-03-31": "0.87400", "2009-12-31": "0.93980", "2009-09-30": "0.91210", "2009-06-30": "1.01430", "2009-03-31": "1.05950", "2008-12-31": "1.05120", "2008-09-30": "1.07460", "2008-06-30": "1.06430", "2008-03-31": "1.03770", "2007-12-31": "1.03380", "2007-09-30": "1.06580", "2007-06-30": "1.08750", "2007-03-31": "1.21810", "2006-12-31": "1.12560", "2006-09-30": "1.11410", "2006-06-30": "1.09970", "2006-03-31": "1.75710", "2005-12-31": "2.22180", "2005-09-30": "2.37110", "2005-06-30": "2.37790", "2005-03-31": "2.47820"}, "Gross Margin": {"2020-09-30": "", "2020-06-30": "", "2020-03-31": "", "2019-12-31": "", "2019-09-30": "", "2019-06-30": "", "2019-03-31": "", "2018-12-31": "", "2018-09-30": "", "2018-06-30": "", "2018-03-31": "", "2017-12-31": "", "2017-09-30": "", "2017-06-30": "", "2017-03-31": "", "2016-12-31": "", "2016-09-30": "", "2016-06-30": "", "2016-03-31": "", "2015-12-31": "", "2015-09-30": "", "2015-06-30": "", "2015-03-31": "", "2014-12-31": "", "2014-09-30": "", "2014-06-30": "", "2014-03-31": "", "2013-12-31": "", "2013-09-30": "", "2013-06-30": "", "2013-03-31": "", "2012-12-31": "", "2012-09-30": "", "2012-06-30": "", "2012-03-31": "", "2011-12-31": "", "2011-09-30": "", "2011-06-30": "", "2011-03-31": "", "2010-12-31": "", "2010-09-30": "", "2010-06-30": "", "2010-03-31": "", "2009-12-31": "", "2009-09-30": "", "2009-06-30": "", "2009-03-31": "", "2008-12-31": "", "2008-09-30": "", "2008-06-30": "", "2008-03-31": "", "2007-12-31": "", "2007-09-30": "", "2007-06-30": "", "2007-03-31": "", "2006-12-31": "", "2006-09-30": "", "2006-06-30": "", "2006-03-31": "", "2005-12-31": "", "2005-09-30": "", "2005-06-30": "", "2005-03-31": ""}, "Operating Margin": {"2020-09-30": "-160.60610", "2020-06-30": "-342.71840", "2020-03-31": "-1.04560", "2019-12-31": "12.44380", "2019-09-30": "10.85580", "2019-06-30": "18.88070", "2019-03-31": "15.53960", "2018-12-31": "13.81340", "2018-09-30": "-7.08240", "2018-06-30": "17.32540", "2018-03-31": "12.70430", "2017-12-31": "9.97020", "2017-09-30": "10.12760", "2017-06-30": "16.93270", "2017-03-31": "12.68550", "2016-12-31": "11.21920", "2016-09-30": "11.11970", "2016-06-30": "16.38110", "2016-03-31": "11.27710", "2015-12-31": "10.78430", "2015-09-30": "10.36630", "2015-06-30": "15.42740", "2015-03-31": "10.21510", "2014-12-31": "10.33410", "2014-09-30": "15.61050", "2014-06-30": "15.72330", "2014-03-31": "10.23680", "2013-12-31": "10.36040", "2013-09-30": "6.52350", "2013-06-30": "14.65330", "2013-03-31": "7.35290", "2012-12-31": "6.45550", "2012-09-30": "5.26770", "2012-06-30": "13.34840", "2012-03-31": "1.68070", "2011-12-31": "7.53910", "2011-09-30": "4.77450", "2011-06-30": "11.83800", "2011-03-31": "-0.33590", "2010-12-31": "6.10330", "2010-09-30": "2.29310", "2010-06-30": "9.89210", "2010-03-31": "-0.24300", "2009-12-31": "2.48870", "2009-09-30": "-0.88590", "2009-06-30": "9.89530", "2009-03-31": "2.31480", "2008-12-31": "13.56250", "2008-09-30": "10.36000", "2008-06-30": "19.59650", "2008-03-31": "12.63060", "2007-12-31": "21.25460", "2007-09-30": "13.70090", "2007-06-30": "20.34760", "2007-03-31": "12.73080", "2006-12-31": "17.83630", "2006-09-30": "10.90090", "2006-06-30": "19.22100", "2006-03-31": "13.33330", "2005-12-31": "14.88990", "2005-09-30": "8.26140", "2005-06-30": "17.01460", "2005-03-31": "12.02530"}, "EBIT Margin": {"2020-09-30": "-160.60610", "2020-06-30": "-342.71840", "2020-03-31": "-1.04560", "2019-12-31": "12.44380", "2019-09-30": "10.85580", "2019-06-30": "18.88070", "2019-03-31": "15.53960", "2018-12-31": "13.81340", "2018-09-30": "-7.08240", "2018-06-30": "17.32540", "2018-03-31": "12.70430", "2017-12-31": "9.97020", "2017-09-30": "10.12760", "2017-06-30": "16.93270", "2017-03-31": "12.68550", "2016-12-31": "11.21920", "2016-09-30": "11.11970", "2016-06-30": "16.38110", "2016-03-31": "11.27710", "2015-12-31": "10.78430", "2015-09-30": "10.36630", "2015-06-30": "15.42740", "2015-03-31": "10.21510", "2014-12-31": "10.33410", "2014-09-30": "15.61050", "2014-06-30": "15.72330", "2014-03-31": "10.23680", "2013-12-31": "10.36040", "2013-09-30": "6.52350", "2013-06-30": "14.65330", "2013-03-31": "7.35290", "2012-12-31": "6.45550", "2012-09-30": "5.26770", "2012-06-30": "13.34840", "2012-03-31": "1.68070", "2011-12-31": "7.53910", "2011-09-30": "4.77450", "2011-06-30": "11.83800", "2011-03-31": "-0.33590", "2010-12-31": "6.10330", "2010-09-30": "2.29310", "2010-06-30": "9.89210", "2010-03-31": "-0.24300", "2009-12-31": "2.48870", "2009-09-30": "-0.88590", "2009-06-30": "9.89530", "2009-03-31": "2.31480", "2008-12-31": "13.56250", "2008-09-30": "10.36000", "2008-06-30": "19.59650", "2008-03-31": "12.63060", "2007-12-31": "21.25460", "2007-09-30": "13.70090", "2007-06-30": "20.34760", "2007-03-31": "12.73080", "2006-12-31": "17.83630", "2006-09-30": "10.90090", "2006-06-30": "19.22100", "2006-03-31": "13.33330", "2005-12-31": "14.88990", "2005-09-30": "8.26140", "2005-06-30": "17.01460", "2005-03-31": "12.02530"}, "EBITDA Margin": {"2020-09-30": "", "2020-06-30": "", "2020-03-31": "", "2019-12-31": "", "2019-09-30": "", "2019-06-30": "", "2019-03-31": "", "2018-12-31": "", "2018-09-30": "", "2018-06-30": "", "2018-03-31": "", "2017-12-31": "", "2017-09-30": "", "2017-06-30": "", "2017-03-31": "", "2016-12-31": "", "2016-09-30": "", "2016-06-30": "", "2016-03-31": "", "2015-12-31": "", "2015-09-30": "", "2015-06-30": "", "2015-03-31": "", "2014-12-31": "", "2014-09-30": "", "2014-06-30": "", "2014-03-31": "", "2013-12-31": "", "2013-09-30": "", "2013-06-30": "", "2013-03-31": "", "2012-12-31": "", "2012-09-30": "", "2012-06-30": "", "2012-03-31": "", "2011-12-31": "", "2011-09-30": "", "2011-06-30": "", "2011-03-31": "", "2010-12-31": "", "2010-09-30": "", "2010-06-30": "", "2010-03-31": "", "2009-12-31": "", "2009-09-30": "", "2009-06-30": "", "2009-03-31": "", "2008-12-31": "", "2008-09-30": "", "2008-06-30": "", "2008-03-31": "", "2007-12-31": "", "2007-09-30": "", "2007-06-30": "", "2007-03-31": "", "2006-12-31": "", "2006-09-30": "", "2006-06-30": "", "2006-03-31": "", "2005-12-31": "", "2005-09-30": "", "2005-06-30": "", "2005-03-31": ""}, "Pre-Tax Profit Margin": {"2020-09-30": "-196.46460", "2020-06-30": "-390.29130", "2020-03-31": "-3.80230", "2019-12-31": "6.67170", "2019-09-30": "29.79400", "2019-06-30": "20.63390", "2019-03-31": "13.74100", "2018-12-31": "28.87580", "2018-09-30": "32.33260", "2018-06-30": "15.01980", "2018-03-31": "19.31650", "2017-12-31": "8.18450", "2017-09-30": "11.72250", "2017-06-30": "16.58570", "2017-03-31": "11.49850", "2016-12-31": "9.42410", "2016-09-30": "9.80700", "2016-06-30": "26.25090", "2016-03-31": "13.06950", "2015-12-31": "12.14180", "2015-09-30": "7.48250", "2015-06-30": "15.77480", "2015-03-31": "6.91240", "2014-12-31": "19.34730", "2014-09-30": "11.66920", "2014-06-30": "12.15930", "2014-03-31": "13.82740", "2013-12-31": "4.50450", "2013-09-30": "1.07350", "2013-06-30": "9.36380", "2013-03-31": "2.20590", "2012-12-31": "1.61390", "2012-09-30": "-2.50430", "2012-06-30": "6.93820", "2012-03-31": "-7.14290", "2011-12-31": "0.64010", "2011-09-30": "-2.82940", "2011-06-30": "5.84110", "2011-03-31": "-8.95860", "2010-12-31": "-0.93900", "2010-09-30": "-6.58030", "2010-06-30": "2.33810", "2010-03-31": "-12.63670", "2009-12-31": "-5.65610", "2009-09-30": "-10.18830", "2009-06-30": "-0.09510", "2009-03-31": "-7.87040", "2008-12-31": "6.12500", "2008-09-30": "2.89730", "2008-06-30": "13.68880", "2008-03-31": "5.22320", "2007-12-31": "15.52980", "2007-09-30": "7.43530", "2007-06-30": "11.29620", "2007-03-31": "3.40140", "2006-12-31": "8.94740", "2006-09-30": "2.34230", "2006-06-30": "9.14480", "2006-03-31": "1.57580", "2005-12-31": "4.22910", "2005-09-30": "-2.83600", "2005-06-30": "12.83930", "2005-03-31": "-1.26580"}, "Net Profit Margin": {"2020-09-30": "-158.08080", "2020-06-30": "-341.74760", "2020-03-31": "-0.28520", "2019-12-31": "5.99700", "2019-09-30": "29.16010", "2019-06-30": "19.28520", "2019-03-31": "13.38130", "2018-12-31": "22.26300", "2018-09-30": "24.78830", "2018-06-30": "13.76810", "2018-03-31": "18.79640", "2017-12-31": "6.84520", "2017-09-30": "8.29350", "2017-06-30": "14.57320", "2017-03-31": "11.72110", "2016-12-31": "9.42410", "2016-09-30": "8.26250", "2016-06-30": "23.78340", "2016-03-31": "13.59220", "2015-12-31": "12.29260", "2015-09-30": "6.62510", "2015-06-30": "14.73250", "2015-03-31": "7.52690", "2014-12-31": "19.73580", "2014-09-30": "11.12830", "2014-06-30": "10.83160", "2014-03-31": "13.67460", "2013-12-31": "9.23420", "2013-09-30": "1.56900", "2013-06-30": "8.50610", "2013-03-31": "4.57520", "2012-12-31": "0.89660", "2012-09-30": "-2.93610", "2012-06-30": "6.18400", "2012-03-31": "-0.21010", "2011-12-31": "1.13800", "2011-09-30": "-2.91780", "2011-06-30": "4.82870", "2011-03-31": "-6.71890", "2010-12-31": "-0.40240", "2010-09-30": "-5.88240", "2010-06-30": "1.16910", "2010-03-31": "-10.44960", "2009-12-31": "-5.50530", "2009-09-30": "-6.31230", "2009-06-30": "-6.66030", "2009-03-31": "-7.06020", "2008-12-31": "6.68750", "2008-09-30": "3.95080", "2008-06-30": "13.04040", "2008-03-31": "4.93830", "2007-12-31": "16.26070", "2007-09-30": "7.93650", "2007-06-30": "10.64450", "2007-03-31": "17.97860", "2006-12-31": "11.34500", "2006-09-30": "3.42340", "2006-06-30": "27.09570", "2006-03-31": "20.12120", "2005-12-31": "5.99120", "2005-09-30": "-1.35640", "2005-06-30": "8.35070", "2005-03-31": "-0.25320"}, "Asset Turnover": {"2020-09-30": "0.01510", "2020-06-30": "0.00840", "2020-03-31": "0.07820", "2019-12-31": "0.10840", "2019-09-30": "0.09610", "2019-06-30": "0.11840", "2019-03-31": "0.11050", "2018-12-31": "0.11260", "2018-09-30": "0.10690", "2018-06-30": "0.12570", "2018-03-31": "0.11160", "2017-12-31": "0.11490", "2017-09-30": "0.10650", "2017-06-30": "0.12160", "2017-03-31": "0.11450", "2016-12-31": "0.11720", "2016-09-30": "0.11220", "2016-06-30": "0.12590", "2016-03-31": "0.11450", "2015-12-31": "0.11380", "2015-09-30": "0.10710", "2015-06-30": "0.11950", "2015-03-31": "0.10840", "2014-12-31": "0.10570", "2014-09-30": "0.10660", "2014-06-30": "0.11720", "2014-03-31": "0.10720", "2013-12-31": "0.10390", "2013-09-30": "0.09640", "2013-06-30": "0.11050", "2013-03-31": "0.09180", "2012-12-31": "0.12880", "2012-09-30": "0.08880", "2012-06-30": "0.10410", "2012-03-31": "0.07010", "2011-12-31": "0.10740", "2011-09-30": "0.08830", "2011-06-30": "0.09800", "2011-03-31": "0.07150", "2010-12-31": "0.12010", "2010-09-30": "0.08290", "2010-06-30": "0.09300", "2010-03-31": "0.06820", "2009-12-31": "0.10560", "2009-09-30": "0.07480", "2009-06-30": "0.08430", "2009-03-31": "0.07280", "2008-12-31": "0.13390", "2008-09-30": "0.09500", "2008-06-30": "0.11520", "2008-03-31": "0.08950", "2007-12-31": "0.13900", "2007-09-30": "0.10110", "2007-06-30": "0.11690", "2007-03-31": "0.08270", "2006-12-31": "0.14480", "2006-09-30": "0.09520", "2006-06-30": "0.10200", "2006-03-31": "0.09720", "2005-12-31": "0.13770", "2005-09-30": "0.09830", "2005-06-30": "0.11540", "2005-03-31": "0.09130"}, "Inventory Turnover Ratio": {"2020-09-30": "", "2020-06-30": "", "2020-03-31": "", "2019-12-31": "", "2019-09-30": "", "2019-06-30": "", "2019-03-31": "", "2018-12-31": "", "2018-09-30": "", "2018-06-30": "", "2018-03-31": "", "2017-12-31": "", "2017-09-30": "", "2017-06-30": "", "2017-03-31": "", "2016-12-31": "", "2016-09-30": "", "2016-06-30": "", "2016-03-31": "", "2015-12-31": "", "2015-09-30": "", "2015-06-30": "", "2015-03-31": "", "2014-12-31": "", "2014-09-30": "", "2014-06-30": "", "2014-03-31": "", "2013-12-31": "", "2013-09-30": "", "2013-06-30": "", "2013-03-31": "", "2012-12-31": "", "2012-09-30": "", "2012-06-30": "", "2012-03-31": "", "2011-12-31": "", "2011-09-30": "", "2011-06-30": "", "2011-03-31": "", "2010-12-31": "", "2010-09-30": "", "2010-06-30": "", "2010-03-31": "", "2009-12-31": "", "2009-09-30": "", "2009-06-30": "", "2009-03-31": "", "2008-12-31": "", "2008-09-30": "", "2008-06-30": "", "2008-03-31": "", "2007-12-31": "", "2007-09-30": "", "2007-06-30": "", "2007-03-31": "", "2006-12-31": "", "2006-09-30": "", "2006-06-30": "", "2006-03-31": "", "2005-12-31": "", "2005-09-30": "", "2005-06-30": "", "2005-03-31": ""}, "Receiveable Turnover": {"2020-09-30": "", "2020-06-30": "", "2020-03-31": "", "2019-12-31": "", "2019-09-30": "", "2019-06-30": "", "2019-03-31": "", "2018-12-31": "", "2018-09-30": "", "2018-06-30": "", "2018-03-31": "", "2017-12-31": "", "2017-09-30": "", "2017-06-30": "", "2017-03-31": "", "2016-12-31": "", "2016-09-30": "", "2016-06-30": "", "2016-03-31": "", "2015-12-31": "", "2015-09-30": "", "2015-06-30": "", "2015-03-31": "", "2014-12-31": "", "2014-09-30": "", "2014-06-30": "", "2014-03-31": "", "2013-12-31": "", "2013-09-30": "", "2013-06-30": "", "2013-03-31": "", "2012-12-31": "", "2012-09-30": "", "2012-06-30": "", "2012-03-31": "", "2011-12-31": "", "2011-09-30": "", "2011-06-30": "", "2011-03-31": "", "2010-12-31": "", "2010-09-30": "", "2010-06-30": "", "2010-03-31": "", "2009-12-31": "", "2009-09-30": "", "2009-06-30": "", "2009-03-31": "", "2008-12-31": "", "2008-09-30": "", "2008-06-30": "", "2008-03-31": "", "2007-12-31": "", "2007-09-30": "", "2007-06-30": "", "2007-03-31": "", "2006-12-31": "", "2006-09-30": "", "2006-06-30": "", "2006-03-31": "", "2005-12-31": "", "2005-09-30": "", "2005-06-30": "", "2005-03-31": ""}, "Days Sales In Receivables": {"2020-09-30": "", "2020-06-30": "", "2020-03-31": "", "2019-12-31": "", "2019-09-30": "", "2019-06-30": "", "2019-03-31": "", "2018-12-31": "", "2018-09-30": "", "2018-06-30": "", "2018-03-31": "", "2017-12-31": "", "2017-09-30": "", "2017-06-30": "", "2017-03-31": "", "2016-12-31": "", "2016-09-30": "", "2016-06-30": "", "2016-03-31": "", "2015-12-31": "", "2015-09-30": "", "2015-06-30": "", "2015-03-31": "", "2014-12-31": "", "2014-09-30": "", "2014-06-30": "", "2014-03-31": "", "2013-12-31": "", "2013-09-30": "", "2013-06-30": "", "2013-03-31": "", "2012-12-31": "", "2012-09-30": "", "2012-06-30": "", "2012-03-31": "", "2011-12-31": "", "2011-09-30": "", "2011-06-30": "", "2011-03-31": "", "2010-12-31": "", "2010-09-30": "", "2010-06-30": "", "2010-03-31": "", "2009-12-31": "", "2009-09-30": "", "2009-06-30": "", "2009-03-31": "", "2008-12-31": "", "2008-09-30": "", "2008-06-30": "", "2008-03-31": "", "2007-12-31": "", "2007-09-30": "", "2007-06-30": "", "2007-03-31": "", "2006-12-31": "", "2006-09-30": "", "2006-06-30": "", "2006-03-31": "", "2005-12-31": "", "2005-09-30": "", "2005-06-30": "", "2005-03-31": ""}, "ROE - Return On Equity": {"2020-09-30": "-4.93210", "2020-06-30": "-5.29600", "2020-03-31": "-0.04240", "2019-12-31": "1.10580", "2019-09-30": "4.95670", "2019-06-30": "3.88010", "2019-03-31": "2.51330", "2018-12-31": "4.04440", "2018-09-30": "5.11160", "2018-06-30": "2.94450", "2018-03-31": "3.59150", "2017-12-31": "1.32820", "2017-09-30": "1.47720", "2017-06-30": "2.96880", "2017-03-31": "2.27850", "2016-12-31": "1.82000", "2016-09-30": "1.51470", "2016-06-30": "4.86550", "2016-03-31": "2.60590", "2015-12-31": "2.32260", "2015-09-30": "1.24500", "2015-06-30": "2.94680", "2015-03-31": "1.35190", "2014-12-31": "3.42020", "2014-09-30": "1.97280", "2014-06-30": "2.15330", "2014-03-31": "2.51730", "2013-12-31": "0.79870", "2013-09-30": "0.02750", "2013-06-30": "1.60800", "2013-03-31": "0.47820", "2012-12-31": "0.07290", "2012-09-30": "-0.57690", "2012-06-30": "1.14660", "2012-03-31": "-0.80170", "2011-12-31": "0.01490", "2011-09-30": "-0.51440", "2011-06-30": "1.00690", "2011-03-31": "-0.94000", "2010-12-31": "-0.06320", "2010-09-30": "-0.99530", "2010-06-30": "0.33060", "2010-03-31": "-1.35270", "2009-12-31": "-1.06310", "2009-09-30": "-1.12120", "2009-06-30": "-0.18610", "2009-03-31": "-0.98810", "2008-12-31": "2.03900", "2008-09-30": "0.53710", "2008-06-30": "3.24290", "2008-03-31": "1.16610", "2007-12-31": "4.73430", "2007-09-30": "1.73600", "2007-06-30": "2.76090", "2007-03-31": "0.78660", "2006-12-31": "3.16100", "2006-09-30": "0.58320", "2006-06-30": "1.78400", "2006-03-31": "0.45440", "2005-12-31": "2.15990", "2005-09-30": "-0.38480", "2005-06-30": "4.08650", "2005-03-31": "-0.49310"}, "Return On Tangible Equity": {"2020-09-30": "-4.93210", "2020-06-30": "-5.29600", "2020-03-31": "-0.04240", "2019-12-31": "1.10580", "2019-09-30": "4.95670", "2019-06-30": "3.88010", "2019-03-31": "2.51330", "2018-12-31": "4.04440", "2018-09-30": "5.11160", "2018-06-30": "2.94450", "2018-03-31": "3.59150", "2017-12-31": "1.32820", "2017-09-30": "1.47720", "2017-06-30": "2.96880", "2017-03-31": "2.27850", "2016-12-31": "1.82000", "2016-09-30": "1.51470", "2016-06-30": "4.86550", "2016-03-31": "2.60590", "2015-12-31": "2.32260", "2015-09-30": "1.24500", "2015-06-30": "2.94680", "2015-03-31": "1.35190", "2014-12-31": "3.42020", "2014-09-30": "1.97280", "2014-06-30": "2.15330", "2014-03-31": "2.51730", "2013-12-31": "0.79870", "2013-09-30": "0.02750", "2013-06-30": "1.60800", "2013-03-31": "0.47820", "2012-12-31": "0.07290", "2012-09-30": "-0.57690", "2012-06-30": "1.14660", "2012-03-31": "-0.80170", "2011-12-31": "0.01490", "2011-09-30": "-0.51440", "2011-06-30": "1.00690", "2011-03-31": "-0.94000", "2010-12-31": "-0.06320", "2010-09-30": "-0.99530", "2010-06-30": "0.33060", "2010-03-31": "-1.33140", "2009-12-31": "-1.04650", "2009-09-30": "-1.10320", "2009-06-30": "-0.18310", "2009-03-31": "-0.97090", "2008-12-31": "2.00360", "2008-09-30": "0.52770", "2008-06-30": "3.18630", "2008-03-31": "1.14520", "2007-12-31": "4.64990", "2007-09-30": "1.70520", "2007-06-30": "2.71080", "2007-03-31": "0.77230", "2006-12-31": "3.10230", "2006-09-30": "0.57240", "2006-06-30": "1.75070", "2006-03-31": "0.41640", "2005-12-31": "1.94460", "2005-09-30": "-0.34480", "2005-06-30": "3.66220", "2005-03-31": "-0.42280"}, "ROA - Return On Assets": {"2020-09-30": "-2.41760", "2020-06-30": "-2.92040", "2020-03-31": "-0.02230", "2019-12-31": "0.65830", "2019-09-30": "2.83280", "2019-06-30": "2.31540", "2019-03-31": "1.50270", "2018-12-31": "2.53100", "2018-09-30": "3.10980", "2018-06-30": "1.74740", "2018-03-31": "2.12200", "2017-12-31": "0.79530", "2017-09-30": "0.89200", "2017-06-30": "1.78840", "2017-03-31": "1.36720", "2016-12-31": "1.12200", "2016-09-30": "0.93570", "2016-06-30": "3.02800", "2016-03-31": "1.57400", "2015-12-31": "1.41560", "2015-09-30": "0.72620", "2015-06-30": "1.77730", "2015-03-31": "0.82430", "2014-12-31": "2.07030", "2014-09-30": "1.19490", "2014-06-30": "1.30170", "2014-03-31": "1.51530", "2013-12-31": "0.45260", "2013-09-30": "0.01590", "2013-06-30": "0.91590", "2013-03-31": "0.25490", "2012-12-31": "0.03850", "2012-09-30": "-0.30670", "2012-06-30": "0.62810", "2012-03-31": "-0.40480", "2011-12-31": "0.00760", "2011-09-30": "-0.27330", "2011-06-30": "0.51130", "2011-03-31": "-0.48030", "2010-12-31": "-0.03220", "2010-09-30": "-0.50430", "2010-06-30": "0.16730", "2010-03-31": "-0.67990", "2009-12-31": "-0.51770", "2009-09-30": "-0.55520", "2009-06-30": "-0.08820", "2009-03-31": "-0.45490", "2008-12-31": "0.93720", "2008-09-30": "0.24190", "2008-06-30": "1.46950", "2008-03-31": "0.52710", "2007-12-31": "2.14190", "2007-09-30": "0.78520", "2007-06-30": "1.22770", "2007-03-31": "0.32960", "2006-12-31": "1.37200", "2006-09-30": "0.25720", "2006-06-30": "0.78610", "2006-03-31": "0.14140", "2005-12-31": "0.57000", "2005-09-30": "-0.09700", "2005-06-30": "1.02350", "2005-03-31": "-0.11560"}, "ROI - Return On Investment": {"2020-09-30": "-2.60400", "2020-06-30": "-3.16020", "2020-03-31": "-0.02430", "2019-12-31": "0.72850", "2019-09-30": "3.11380", "2019-06-30": "2.55780", "2019-03-31": "1.66050", "2018-12-31": "2.68350", "2018-09-30": "3.29440", "2018-06-30": "1.85190", "2018-03-31": "2.24680", "2017-12-31": "0.84890", "2017-09-30": "0.94860", "2017-06-30": "1.90420", "2017-03-31": "1.45650", "2016-12-31": "1.19830", "2016-09-30": "0.99250", "2016-06-30": "3.21160", "2016-03-31": "1.66940", "2015-12-31": "1.50400", "2015-09-30": "0.77220", "2015-06-30": "1.89130", "2015-03-31": "0.87680", "2014-12-31": "2.22520", "2014-09-30": "1.27620", "2014-06-30": "1.39300", "2014-03-31": "1.61690", "2013-12-31": "0.48250", "2013-09-30": "0.01690", "2013-06-30": "0.97170", "2013-03-31": "0.26890", "2012-12-31": "0.04070", "2012-09-30": "-0.32180", "2012-06-30": "0.65560", "2012-03-31": "-0.42320", "2011-12-31": "0.00800", "2011-09-30": "-0.28470", "2011-06-30": "0.53420", "2011-03-31": "-0.50330", "2010-12-31": "-0.03390", "2010-09-30": "-0.52800", "2010-06-30": "0.17470", "2010-03-31": "-0.71040", "2009-12-31": "-0.53950", "2009-09-30": "-0.57700", "2009-06-30": "-0.09090", "2009-03-31": "-0.47140", "2008-12-31": "0.97680", "2008-09-30": "0.25430", "2008-06-30": "1.54360", "2008-03-31": "0.56200", "2007-12-31": "2.28630", "2007-09-30": "0.82540", "2007-06-30": "1.29860", "2007-03-31": "0.34820", "2006-12-31": "1.45950", "2006-09-30": "0.27080", "2006-06-30": "0.83380", "2006-03-31": "0.15100", "2005-12-31": "0.60360", "2005-09-30": "-0.10230", "2005-06-30": "1.08420", "2005-03-31": "-0.12160"}, "Book Value Per Share": {"2020-09-30": "9.08410", "2020-06-30": "9.53200", "2020-03-31": "10.02980", "2019-12-31": "10.26770", "2019-09-30": "10.44540", "2019-06-30": "10.23840", "2019-03-31": "10.14980", "2018-12-31": "10.21880", "2018-09-30": "9.99320", "2018-06-30": "9.68640", "2018-03-31": "9.63890", "2017-12-31": "9.47370", "2017-09-30": "9.61970", "2017-06-30": "9.67880", "2017-03-31": "9.56670", "2016-12-31": "9.53240", "2016-09-30": "9.65990", "2016-06-30": "9.73940", "2016-03-31": "9.46260", "2015-12-31": "9.46820", "2015-09-30": "9.46240", "2015-06-30": "9.68400", "2015-03-31": "9.68270", "2014-12-31": "9.74860", "2014-09-30": "9.72610", "2014-06-30": "9.77240", "2014-03-31": "9.72990", "2013-12-31": "9.62110", "2013-09-30": "9.62360", "2013-06-30": "9.64180", "2013-03-31": "9.57190", "2012-12-31": "9.46590", "2012-09-30": "9.59060", "2012-06-30": "9.67820", "2012-03-31": "9.56360", "2011-12-31": "9.52060", "2011-09-30": "9.68270", "2011-06-30": "9.59200", "2011-03-31": "9.35240", "2010-12-31": "9.37240", "2010-09-30": "9.28500", "2010-06-30": "9.27200", "2010-03-31": "9.44050", "2009-12-31": "9.61010", "2009-09-30": "9.83160", "2009-06-30": "9.93550", "2009-03-31": "10.56610", "2008-12-31": "10.64150", "2008-09-30": "10.59160", "2008-06-30": "10.71150", "2008-03-31": "10.39950", "2007-12-31": "10.41140", "2007-09-30": "10.44230", "2007-06-30": "10.24320", "2007-03-31": "10.17050", "2006-12-31": "10.02110", "2006-09-30": "10.06530", "2006-06-30": "9.98850", "2006-03-31": "7.45470", "2005-12-31": "6.69530", "2005-09-30": "6.56670", "2005-06-30": "6.57510", "2005-03-31": "6.71110"}, "Operating Cash Flow Per Share": {"2020-09-30": -0.2113, "2020-06-30": -0.243, "2020-03-31": "0.22170", "2019-12-31": 0.4505, "2019-09-30": 0.4154, "2019-06-30": 0.5644, "2019-03-31": "0.27950", "2018-12-31": 0.4845, "2018-09-30": 0.3859, "2018-06-30": 0.5496, "2018-03-31": "0.33530", "2017-12-31": 0.491, "2017-09-30": 0.3408, "2017-06-30": 0.5452, "2017-03-31": "0.28720", "2016-12-31": 0.516, "2016-09-30": 0.4138, "2016-06-30": 0.5288, "2016-03-31": "0.29210", "2015-12-31": 0.4668, "2015-09-30": 0.375, "2015-06-30": 0.4821, "2015-03-31": "0.21680", "2014-12-31": 0.4389, "2014-09-30": 0.3155, "2014-06-30": 0.4767, "2014-03-31": "0.21780", "2013-12-31": 0.4328, "2013-09-30": 0.313, "2013-06-30": 0.3784, "2013-03-31": "0.23830", "2012-12-31": 0.4893, "2012-09-30": 0.1744, "2012-06-30": 0.3102, "2012-03-31": "0.10320", "2011-12-31": 0.4084, "2011-09-30": 0.1743, "2011-06-30": 0.318, "2011-03-31": "0.05460", "2010-12-31": 0.2796, "2010-09-30": 0.1663, "2010-06-30": 0.2592, "2010-03-31": "0.07560", "2009-12-31": 0.2706, "2009-09-30": 0.167, "2009-06-30": 0.2171, "2009-03-31": "0.22640", "2008-12-31": 0.559, "2008-09-30": 0.5768, "2008-06-30": 0.3613, "2008-03-31": "0.43800", "2007-12-31": 0.707, "2007-09-30": 0.6239, "2007-06-30": 0.3476, "2007-03-31": "0.23110", "2006-12-31": 0.4411, "2006-09-30": 0.6089, "2006-06-30": 0.2824, "2006-03-31": "0.26390", "2005-12-31": 0.5651, "2005-09-30": 0.4305, "2005-06-30": 0.3139, "2005-03-31": "0.13640"}, "Free Cash Flow Per Share": {"2020-09-30": -0.3304, "2020-06-30": -0.4692, "2020-03-31": "0.03810", "2019-12-31": 0.6246, "2019-09-30": 0.9123, "2019-06-30": 0.5364, "2019-03-31": "0.50360", "2018-12-31": 0.7747, "2018-09-30": 1.4054, "2018-06-30": 0.6778, "2018-03-31": "0.42460", "2017-12-31": 0.4098, "2017-09-30": 0.5856, "2017-06-30": 0.5276, "2017-03-31": "0.41720", "2016-12-31": 0.1169, "2016-09-30": 0.3668, "2016-06-30": 0.8676, "2016-03-31": "0.32680", "2015-12-31": 0.3397, "2015-09-30": 0.1933, "2015-06-30": 0.4633, "2015-03-31": "0.03570", "2014-12-31": 0.5556, "2014-09-30": 0.1872, "2014-06-30": 0.3263, "2014-03-31": "0.46750", "2013-12-31": 0.5561, "2013-09-30": 0.2158, "2013-06-30": 0.3939, "2013-03-31": "0.44270", "2012-12-31": 0.0351, "2012-09-30": 0.3131, "2012-06-30": 0.0648, "2012-03-31": "0.02690", "2011-12-31": -0.0568, "2011-09-30": 0.2716, "2011-06-30": 0.1089, "2011-03-31": "-0.08420", "2010-12-31": 0.043, "2010-09-30": 0.1252, "2010-06-30": 0.1604, "2010-03-31": "0.00620", "2009-12-31": 0.097, "2009-09-30": 0.2555, "2009-06-30": 0.0694, "2009-03-31": "0.22450", "2008-12-31": 0.178, "2008-09-30": 0.3189, "2008-06-30": 0.09, "2008-03-31": "0.15110", "2007-12-31": 0.3742, "2007-09-30": 0.3962, "2007-06-30": 0.0414, "2007-03-31": "0.64760", "2006-12-31": 0.289, "2006-09-30": 0.3453, "2006-06-30": 0.744, "2006-03-31": "0.64920", "2005-12-31": 0.1956, "2005-09-30": 0.2367, "2005-06-30": 0.1392, "2005-03-31": "0.23300"}}, "revenue": {"Host Hotels & Resorts Annual Revenue (Millions of US $)": {"2019": "$5,469", "2018": "$5,524", "2017": "$5,387", "2016": "$5,430", "2015": "$5,350", "2014": "$5,321", "2013": "$5,166", "2012": "$5,059", "2011": "$4,714", "2010": "$4,361", "2009": "$4,135", "2008": "$5,119", "2007": "$5,249", "2006": "$4,802", "2005": "$3,694"}, "Host Hotels & Resorts Quarterly Revenue (Millions of US $)": {"2020-09-30": "$198", "2020-06-30": "$103", "2020-03-31": "$1,052", "2019-12-31": "$1,334", "2019-09-30": "$1,262", "2019-06-30": "$1,483", "2019-03-31": "$1,390", "2018-12-31": "$1,361", "2018-09-30": "$1,299", "2018-06-30": "$1,518", "2018-03-31": "$1,346", "2017-12-31": "$1,344", "2017-09-30": "$1,254", "2017-06-30": "$1,441", "2017-03-31": "$1,348", "2016-12-31": "$1,337", "2016-09-30": "$1,295", "2016-06-30": "$1,459", "2016-03-31": "$1,339", "2015-12-31": "$1,326", "2015-09-30": "$1,283", "2015-06-30": "$1,439", "2015-03-31": "$1,302", "2014-12-31": "$1,287", "2014-09-30": "$1,294", "2014-06-30": "$1,431", "2014-03-31": "$1,309", "2013-12-31": "$1,332", "2013-09-30": "$1,211", "2013-06-30": "$1,399", "2013-03-31": "$1,224", "2012-12-31": "$1,673", "2012-09-30": "$1,158", "2012-06-30": "$1,326", "2012-03-31": "$952", "2011-12-31": "$1,406", "2011-09-30": "$1,131", "2011-06-30": "$1,284", "2011-03-31": "$893", "2010-12-31": "$1,491", "2010-09-30": "$1,003", "2010-06-30": "$1,112", "2010-03-31": "$823", "2009-12-31": "$1,326", "2009-09-30": "$903", "2009-06-30": "$1,051", "2009-03-31": "$864", "2008-12-31": "$1,600", "2008-09-30": "$1,139", "2008-06-30": "$1,388", "2008-03-31": "$1,053", "2007-12-31": "$1,642", "2007-09-30": "$1,197", "2007-06-30": "$1,381", "2007-03-31": "$1,029", "2006-12-31": "$1,710", "2006-09-30": "$1,110", "2006-06-30": "$1,181", "2006-03-31": "$825", "2005-12-31": "$1,135", "2005-09-30": "$811", "2005-06-30": "$958", "2005-03-31": "$790"}}, "gross-profit": {"Host Hotels & Resorts Annual Gross Profit (Millions of US $)": {"2019": "$1,577", "2018": "$1,571", "2017": "$1,511", "2016": "$1,499", "2015": "$1,431", "2014": "$1,420", "2013": "$1,330", "2012": "$1,180", "2011": "$1,027", "2010": "$910", "2009": "$878", "2008": "$1,348", "2007": "$1,442", "2006": "$1,289", "2005": "$899"}, "Host Hotels & Resorts Quarterly Gross Profit (Millions of US $)": {"2020-09-30": "$-134", "2020-06-30": "$-160", "2020-03-31": "$178", "2019-12-31": "$367", "2019-09-30": "$324", "2019-06-30": "$471", "2019-03-31": "$415", "2018-12-31": "$368", "2018-09-30": "$344", "2018-06-30": "$482", "2018-03-31": "$377", "2017-12-31": "$362", "2017-09-30": "$326", "2017-06-30": "$446", "2017-03-31": "$377", "2016-12-31": "$357", "2016-09-30": "$342", "2016-06-30": "$444", "2016-03-31": "$356", "2015-12-31": "$351", "2015-09-30": "$327", "2015-06-30": "$423", "2015-03-31": "$330", "2014-12-31": "$320", "2014-09-30": "$335", "2014-06-30": "$428", "2014-03-31": "$337", "2013-12-31": "$347", "2013-09-30": "$281", "2013-06-30": "$413", "2013-03-31": "$289", "2012-12-31": "$403", "2012-09-30": "$247", "2012-06-30": "$351", "2012-03-31": "$187", "2011-12-31": "$330", "2011-09-30": "$213", "2011-06-30": "$322", "2011-03-31": "$162", "2010-12-31": "$310", "2010-09-30": "$177", "2010-06-30": "$273", "2010-03-31": "$159", "2009-12-31": "$282", "2009-09-30": "$148", "2009-06-30": "$258", "2009-03-31": "$191", "2008-12-31": "$411", "2008-09-30": "$262", "2008-06-30": "$414", "2008-03-31": "$266", "2007-12-31": "$467", "2007-09-30": "$292", "2007-06-30": "$414", "2007-03-31": "$269", "2006-12-31": "$469", "2006-09-30": "$258", "2006-06-30": "$352", "2006-03-31": "$217", "2005-12-31": "$284", "2005-09-30": "$165", "2005-06-30": "$260", "2005-03-31": "$190"}}, "operating-income": {"Host Hotels & Resorts Annual Operating Income (Millions of US $)": {"2019": "$799", "2018": "$530", "2017": "$676", "2016": "$684", "2015": "$631", "2014": "$694", "2013": "$512", "2012": "$362", "2011": "$309", "2010": "$223", "2009": "$149", "2008": "$742", "2007": "$925", "2006": "$759", "2005": "$494"}, "Host Hotels & Resorts Quarterly Operating Income (Millions of US $)": {"2020-09-30": "$-318", "2020-06-30": "$-353", "2020-03-31": "$-11", "2019-12-31": "$166", "2019-09-30": "$137", "2019-06-30": "$280", "2019-03-31": "$216", "2018-12-31": "$188", "2018-09-30": "$-92", "2018-06-30": "$263", "2018-03-31": "$171", "2017-12-31": "$134", "2017-09-30": "$127", "2017-06-30": "$244", "2017-03-31": "$171", "2016-12-31": "$150", "2016-09-30": "$144", "2016-06-30": "$239", "2016-03-31": "$151", "2015-12-31": "$143", "2015-09-30": "$133", "2015-06-30": "$222", "2015-03-31": "$133", "2014-12-31": "$133", "2014-09-30": "$202", "2014-06-30": "$225", "2014-03-31": "$134", "2013-12-31": "$138", "2013-09-30": "$79", "2013-06-30": "$205", "2013-03-31": "$90", "2012-12-31": "$108", "2012-09-30": "$61", "2012-06-30": "$177", "2012-03-31": "$16", "2011-12-31": "$106", "2011-09-30": "$54", "2011-06-30": "$152", "2011-03-31": "$-3", "2010-12-31": "$91", "2010-09-30": "$23", "2010-06-30": "$110", "2010-03-31": "$-2", "2009-12-31": "$33", "2009-09-30": "$-8", "2009-06-30": "$104", "2009-03-31": "$20", "2008-12-31": "$217", "2008-09-30": "$118", "2008-06-30": "$272", "2008-03-31": "$133", "2007-12-31": "$349", "2007-09-30": "$164", "2007-06-30": "$281", "2007-03-31": "$131", "2006-12-31": "$305", "2006-09-30": "$121", "2006-06-30": "$227", "2006-03-31": "$110", "2005-12-31": "$169", "2005-09-30": "$67", "2005-06-30": "$163", "2005-03-31": "$95"}}, "ebitda": {"Host Hotels & Resorts Annual EBITDA (Millions of US $)": {"2019": "$1,481", "2018": "$1,481", "2017": "$1,434", "2016": "$1,415", "2015": "$1,360", "2014": "$1,411", "2013": "$1,244", "2012": "$1,129", "2011": "$994", "2010": "$848", "2009": "$897", "2008": "$1,369", "2007": "$1,490", "2006": "$1,238", "2005": "$884"}, "Host Hotels & Resorts Quarterly EBITDA (Millions of US $)": {"2020-09-30": "$-149", "2020-06-30": "$-184", "2020-03-31": "$155", "2019-12-31": "$342", "2019-09-30": "$304", "2019-06-30": "$447", "2019-03-31": "$388", "2018-12-31": "$355", "2018-09-30": "$322", "2018-06-30": "$453", "2018-03-31": "$351", "2017-12-31": "$353", "2017-09-30": "$305", "2017-06-30": "$424", "2017-03-31": "$352", "2016-12-31": "$336", "2016-09-30": "$327", "2016-06-30": "$418", "2016-03-31": "$334", "2015-12-31": "$325", "2015-09-30": "$316", "2015-06-30": "$407", "2015-03-31": "$312", "2014-12-31": "$308", "2014-09-30": "$385", "2014-06-30": "$406", "2014-03-31": "$312", "2013-12-31": "$322", "2013-09-30": "$262", "2013-06-30": "$386", "2013-03-31": "$274", "2012-12-31": "$388", "2012-09-30": "$225", "2012-06-30": "$341", "2012-03-31": "$175", "2011-12-31": "$328", "2011-09-30": "$216", "2011-06-30": "$304", "2011-03-31": "$146", "2010-12-31": "$275", "2010-09-30": "$167", "2010-06-30": "$258", "2010-03-31": "$147", "2009-12-31": "$319", "2009-09-30": "$141", "2009-06-30": "$252", "2009-03-31": "$185", "2008-12-31": "$436", "2008-09-30": "$257", "2008-06-30": "$415", "2008-03-31": "$259", "2007-12-31": "$552", "2007-09-30": "$287", "2007-06-30": "$401", "2007-03-31": "$250", "2006-12-31": "$467", "2006-09-30": "$241", "2006-06-30": "$334", "2006-03-31": "$200", "2005-12-31": "$305", "2005-09-30": "$151", "2005-06-30": "$248", "2005-03-31": "$180"}}, "net-income": {"Host Hotels & Resorts Annual Net Income (Millions of US $)": {"2019": "$920", "2018": "$1,087", "2017": "$564", "2016": "$762", "2015": "$558", "2014": "$732", "2013": "$317", "2012": "$61", "2011": "$-15", "2010": "$-138", "2009": "$-261", "2008": "$386", "2007": "$694", "2006": "$718", "2005": "$135"}, "Host Hotels & Resorts Quarterly Net Income (Millions of US $)": {"2020-09-30": "$-313", "2020-06-30": "$-352", "2020-03-31": "$-3", "2019-12-31": "$80", "2019-09-30": "$368", "2019-06-30": "$286", "2019-03-31": "$186", "2018-12-31": "$303", "2018-09-30": "$322", "2018-06-30": "$209", "2018-03-31": "$253", "2017-12-31": "$92", "2017-09-30": "$104", "2017-06-30": "$210", "2017-03-31": "$158", "2016-12-31": "$126", "2016-09-30": "$107", "2016-06-30": "$347", "2016-03-31": "$182", "2015-12-31": "$163", "2015-09-30": "$85", "2015-06-30": "$212", "2015-03-31": "$98", "2014-12-31": "$254", "2014-09-30": "$144", "2014-06-30": "$155", "2014-03-31": "$179", "2013-12-31": "$123", "2013-09-30": "$19", "2013-06-30": "$119", "2013-03-31": "$56", "2012-12-31": "$15", "2012-09-30": "$-34", "2012-06-30": "$82", "2012-03-31": "$-2", "2011-12-31": "$16", "2011-09-30": "$-33", "2011-06-30": "$62", "2011-03-31": "$-60", "2010-12-31": "$-6", "2010-09-30": "$-59", "2010-06-30": "$13", "2010-03-31": "$-86", "2009-12-31": "$-73", "2009-09-30": "$-57", "2009-06-30": "$-70", "2009-03-31": "$-61", "2008-12-31": "$107", "2008-09-30": "$45", "2008-06-30": "$181", "2008-03-31": "$52", "2007-12-31": "$267", "2007-09-30": "$95", "2007-06-30": "$147", "2007-03-31": "$185", "2006-12-31": "$194", "2006-09-30": "$38", "2006-06-30": "$320", "2006-03-31": "$166", "2005-12-31": "$68", "2005-09-30": "$-11", "2005-06-30": "$80", "2005-03-31": "$-2"}}, "eps-earnings-per-share-diluted": {"Host Hotels & Resorts Annual EPS": {"2019": "$1.26", "2018": "$1.47", "2017": "$0.76", "2016": "$1.02", "2015": "$0.74", "2014": "$0.96", "2013": "$0.42", "2012": "$0.08", "2011": "$-0.02", "2010": "$-0.21", "2009": "$-0.45", "2008": "$0.72", "2007": "$1.32", "2006": "$1.48", "2005": "$0.38"}, "Host Hotels & Resorts Quarterly EPS": {"2020-09-30": "$-0.44", "2020-06-30": "$-0.50", "2020-03-31": "$-0.00", "2019-12-31": "$0.11", "2019-09-30": "$0.51", "2019-06-30": "$0.39", "2019-03-31": "$0.25", "2018-12-31": "$0.42", "2018-09-30": "$0.43", "2018-06-30": "$0.28", "2018-03-31": "$0.34", "2017-12-31": "$0.13", "2017-09-30": "$0.14", "2017-06-30": "$0.28", "2017-03-31": "$0.21", "2016-12-31": "$0.17", "2016-09-30": "$0.14", "2016-06-30": "$0.47", "2016-03-31": "$0.24", "2015-12-31": "$0.22", "2015-09-30": "$0.11", "2015-06-30": "$0.28", "2015-03-31": "$0.13", "2014-12-31": "$0.32", "2014-09-30": "$0.19", "2014-06-30": "$0.21", "2014-03-31": "$0.24", "2013-12-31": "$0.15", "2013-09-30": "$0.03", "2013-06-30": "$0.16", "2013-03-31": "$0.08", "2012-12-31": "$0.02", "2012-09-30": "$-0.05", "2012-06-30": "$0.11", "2012-03-31": "$-0.00", "2011-12-31": "$0.03", "2011-09-30": "$-0.05", "2011-06-30": "$0.09", "2011-03-31": "$-0.09", "2010-12-31": "$-0.01", "2010-09-30": "$-0.09", "2010-06-30": "$0.02", "2010-03-31": "$-0.13", "2009-12-31": "$-0.12", "2009-09-30": "$-0.09", "2009-06-30": "$-0.12", "2009-03-31": "$-0.12", "2008-12-31": "$0.18", "2008-09-30": "$0.09", "2008-06-30": "$0.34", "2008-03-31": "$0.10", "2007-12-31": "$0.52", "2007-09-30": "$0.18", "2007-06-30": "$0.27", "2007-03-31": "$0.35", "2006-12-31": "$0.36", "2006-09-30": "$0.07", "2006-06-30": "$0.62", "2006-03-31": "$0.44", "2005-12-31": "$0.20", "2005-09-30": "$-0.03", "2005-06-30": "$0.22", "2005-03-31": "$-0.01"}}, "shares-outstanding": {"Host Hotels & Resorts Annual Shares Outstanding (Millions of Shares)": {"2019": "731", "2018": "741", "2017": "739", "2016": "744", "2015": "753", "2014": "787", "2013": "748", "2012": "720", "2011": "693", "2010": "656", "2009": "587", "2008": "527", "2007": "524", "2006": "484", "2005": "356"}, "Host Hotels & Resorts Quarterly Shares Outstanding (Millions of Shares)": {"2020-09-30": "705", "2020-06-30": "705", "2020-03-31": "708", "2019-12-31": "731", "2019-09-30": "726", "2019-06-30": "739", "2019-03-31": "741", "2018-12-31": "741", "2018-09-30": "741", "2018-06-30": "740", "2018-03-31": "740", "2017-12-31": "739", "2017-09-30": "739", "2017-06-30": "739", "2017-03-31": "738", "2016-12-31": "744", "2016-09-30": "741", "2016-06-30": "744", "2016-03-31": "750", "2015-12-31": "753", "2015-09-30": "747", "2015-06-30": "786", "2015-03-31": "756", "2014-12-31": "787", "2014-09-30": "756", "2014-06-30": "756", "2014-03-31": "785", "2013-12-31": "748", "2013-09-30": "750", "2013-06-30": "746", "2013-03-31": "739", "2012-12-31": "725", "2012-09-30": "721", "2012-06-30": "731", "2012-03-31": "708", "2011-12-31": "693", "2011-09-30": "702", "2011-06-30": "687", "2011-03-31": "677", "2010-12-31": "666", "2010-09-30": "655", "2010-06-30": "654", "2010-03-31": "648", "2009-12-31": "627", "2009-09-30": "606", "2009-06-30": "575", "2009-03-31": "530", "2008-12-31": "527", "2008-09-30": "520", "2008-06-30": "552", "2008-03-31": "523", "2007-12-31": "524", "2007-09-30": "554", "2007-06-30": "553", "2007-03-31": "524", "2006-12-31": "552", "2006-09-30": "525", "2006-06-30": "525", "2006-03-31": "379", "2005-12-31": "356", "2005-09-30": "353", "2005-06-30": "384", "2005-03-31": "352"}}, "total-assets": {"Host Hotels & Resorts Annual Total Assets (Millions of US $)": {"2019": "$12,305", "2018": "$12,090", "2017": "$11,693", "2016": "$11,408", "2015": "$11,656", "2014": "$12,172", "2013": "$12,814", "2012": "$12,994", "2011": "$13,090", "2010": "$12,411", "2009": "$12,555", "2008": "$11,950", "2007": "$11,812", "2006": "$11,808", "2005": "$8,245"}, "Host Hotels & Resorts Quarterly Total Assets (Millions of US $)": {"2020-09-30": "$13,071", "2020-06-30": "$12,190", "2020-03-31": "$13,446", "2019-12-31": "$12,305", "2019-09-30": "$13,132", "2019-06-30": "$12,525", "2019-03-31": "$12,577", "2018-12-31": "$12,090", "2018-09-30": "$12,155", "2018-06-30": "$12,075", "2018-03-31": "$12,064", "2017-12-31": "$11,693", "2017-09-30": "$11,771", "2017-06-30": "$11,854", "2017-03-31": "$11,776", "2016-12-31": "$11,408", "2016-09-30": "$11,542", "2016-06-30": "$11,592", "2016-03-31": "$11,690", "2015-12-31": "$11,656", "2015-09-30": "$11,980", "2015-06-30": "$12,041", "2015-03-31": "$12,010", "2014-12-31": "$12,172", "2014-09-30": "$12,135", "2014-06-30": "$12,215", "2014-03-31": "$12,209", "2013-12-31": "$12,814", "2013-09-30": "$12,563", "2013-06-30": "$12,665", "2013-03-31": "$13,337", "2012-12-31": "$12,994", "2012-09-30": "$13,042", "2012-06-30": "$12,736", "2012-03-31": "$13,587", "2011-12-31": "$13,090", "2011-09-30": "$12,805", "2011-06-30": "$13,103", "2011-03-31": "$12,493", "2010-12-31": "$12,411", "2010-09-30": "$12,095", "2010-06-30": "$11,957", "2010-03-31": "$12,060", "2009-12-31": "$12,555", "2009-09-30": "$12,067", "2009-06-30": "$12,472", "2009-03-31": "$11,872", "2008-12-31": "$11,950", "2008-09-30": "$11,989", "2008-06-30": "$12,045", "2008-03-31": "$11,763", "2007-12-31": "$11,812", "2007-09-30": "$11,844", "2007-06-30": "$11,811", "2007-03-31": "$12,441", "2006-12-31": "$11,808", "2006-09-30": "$11,664", "2006-06-30": "$11,576", "2006-03-31": "$8,485", "2005-12-31": "$8,245", "2005-09-30": "$8,248", "2005-06-30": "$8,305", "2005-03-31": "$8,654"}}, "cash-on-hand": {"Host Hotels & Resorts Annual Cash on Hand (Millions of US $)": {"2019": "$1,573", "2018": "$1,542", "2017": "$913", "2016": "$374", "2015": "$236", "2014": "$684", "2013": "$893", "2012": "$453", "2011": "$862", "2010": "$1,154", "2009": "$1,695", "2008": "$552", "2007": "$553", "2006": "$558", "2005": "$346"}, "Host Hotels & Resorts Quarterly Cash on Hand (Millions of US $)": {"2020-09-30": "$2,430", "2020-06-30": "$1,578", "2020-03-31": "$2,796", "2019-12-31": "$1,573", "2019-09-30": "$2,030", "2019-06-30": "$1,107", "2019-03-31": "$1,082", "2018-12-31": "$1,542", "2018-09-30": "$1,269", "2018-06-30": "$646", "2018-03-31": "$323", "2017-12-31": "$913", "2017-09-30": "$789", "2017-06-30": "$646", "2017-03-31": "$413", "2016-12-31": "$374", "2016-09-30": "$342", "2016-06-30": "$269", "2016-03-31": "$249", "2015-12-31": "$236", "2015-09-30": "$279", "2015-06-30": "$265", "2015-03-31": "$485", "2014-12-31": "$684", "2014-09-30": "$418", "2014-06-30": "$473", "2014-03-31": "$425", "2013-12-31": "$893", "2013-09-30": "$390", "2013-06-30": "$428", "2013-03-31": "$1,110", "2012-12-31": "$453", "2012-09-30": "$289", "2012-06-30": "$493", "2012-03-31": "$1,345", "2011-12-31": "$862", "2011-09-30": "$560", "2011-06-30": "$669", "2011-03-31": "$195", "2010-12-31": "$1,154", "2010-09-30": "$922", "2010-06-30": "$1,214", "2010-03-31": "$1,279", "2009-12-31": "$1,695", "2009-09-30": "$1,068", "2009-06-30": "$1,392", "2009-03-31": "$691", "2008-12-31": "$552", "2008-09-30": "$549", "2008-06-30": "$566", "2008-03-31": "$385", "2007-12-31": "$553", "2007-09-30": "$689", "2007-06-30": "$605", "2007-03-31": "$1,346", "2006-12-31": "$558", "2006-09-30": "$352", "2006-06-30": "$626", "2006-03-31": "$569", "2005-12-31": "$346", "2005-09-30": "$567", "2005-06-30": "$571", "2005-03-31": "$908"}}, "long-term-debt": {"Host Hotels & Resorts Annual Long Term Debt (Millions of US $)": {"2019": "$3,794", "2018": "$3,837", "2017": "$3,954", "2016": "$3,649", "2015": "$3,867", "2014": "$3,957", "2013": "$4,759", "2012": "$5,411", "2011": "$5,753", "2010": "$5,477", "2009": "$5,837", "2008": "$5,876", "2007": "$5,625", "2006": "$5,878", "2005": "$5,370"}, "Host Hotels & Resorts Quarterly Long Term Debt (Millions of US $)": {"2020-09-30": "$5,728", "2020-06-30": "$4,543", "2020-03-31": "$5,295", "2019-12-31": "$3,794", "2019-09-30": "$4,442", "2019-06-30": "$3,864", "2019-03-31": "$3,862", "2018-12-31": "$3,837", "2018-09-30": "$4,079", "2018-06-30": "$4,228", "2018-03-31": "$4,266", "2017-12-31": "$3,954", "2017-09-30": "$3,961", "2017-06-30": "$3,992", "2017-03-31": "$3,988", "2016-12-31": "$3,649", "2016-09-30": "$3,752", "2016-06-30": "$3,715", "2016-03-31": "$3,961", "2015-12-31": "$3,867", "2015-09-30": "$4,278", "2015-06-30": "$4,053", "2015-03-31": "$3,968", "2014-12-31": "$3,957", "2014-09-30": "$4,012", "2014-06-30": "$4,030", "2014-03-31": "$4,093", "2013-12-31": "$4,759", "2013-09-30": "$4,560", "2013-06-30": "$4,724", "2013-03-31": "$5,534", "2012-12-31": "$5,411", "2012-09-30": "$5,495", "2012-06-30": "$5,226", "2012-03-31": "$6,137", "2011-12-31": "$5,753", "2011-09-30": "$5,488", "2011-06-30": "$5,888", "2011-03-31": "$5,538", "2010-12-31": "$5,477", "2010-09-30": "$5,424", "2010-06-30": "$5,395", "2010-03-31": "$5,383", "2009-12-31": "$5,837", "2009-09-30": "$5,539", "2009-06-30": "$6,093", "2009-03-31": "$5,893", "2008-12-31": "$5,876", "2008-09-30": "$5,906", "2008-06-30": "$5,912", "2008-03-31": "$5,618", "2007-12-31": "$5,625", "2007-09-30": "$5,813", "2007-06-30": "$5,817", "2007-03-31": "$6,467", "2006-12-31": "$5,878", "2006-09-30": "$5,839", "2006-06-30": "$5,716", "2006-03-31": "$5,064", "2005-12-31": "$5,370", "2005-09-30": "$5,501", "2005-06-30": "$5,519", "2005-03-31": "$5,861"}}, "total-liabilities": {"Host Hotels & Resorts Annual Total Liabilities (Millions of US $)": {"2019": "$4,980", "2018": "$4,524", "2017": "$4,691", "2016": "$4,375", "2015": "$4,552", "2014": "$4,804", "2013": "$5,552", "2012": "$6,135", "2011": "$6,377", "2010": "$6,079", "2009": "$6,344", "2008": "$6,360", "2007": "$6,371", "2006": "$6,586", "2005": "$5,828"}, "Host Hotels & Resorts Quarterly Total Liabilities (Millions of US $)": {"2020-09-30": "$6,664", "2020-06-30": "$5,468", "2020-03-31": "$6,376", "2019-12-31": "$4,980", "2019-09-30": "$5,627", "2019-06-30": "$5,051", "2019-03-31": "$5,057", "2018-12-31": "$4,524", "2018-09-30": "$4,760", "2018-06-30": "$4,909", "2018-03-31": "$4,936", "2017-12-31": "$4,691", "2017-09-30": "$4,663", "2017-06-30": "$4,713", "2017-03-31": "$4,710", "2016-12-31": "$4,375", "2016-09-30": "$4,412", "2016-06-30": "$4,378", "2016-03-31": "$4,629", "2015-12-31": "$4,552", "2015-09-30": "$4,992", "2015-06-30": "$4,779", "2015-03-31": "$4,687", "2014-12-31": "$4,804", "2014-09-30": "$4,785", "2014-06-30": "$4,831", "2014-03-31": "$4,860", "2013-12-31": "$5,552", "2013-09-30": "$5,301", "2013-06-30": "$5,451", "2013-03-31": "$6,227", "2012-12-31": "$6,135", "2012-09-30": "$6,108", "2012-06-30": "$5,759", "2012-03-31": "$6,727", "2011-12-31": "$6,377", "2011-09-30": "$6,001", "2011-06-30": "$6,449", "2011-03-31": "$6,110", "2010-12-31": "$6,079", "2010-09-30": "$5,966", "2010-06-30": "$5,907", "2010-03-31": "$5,901", "2009-12-31": "$6,344", "2009-09-30": "$5,994", "2009-06-30": "$6,465", "2009-03-31": "$6,310", "2008-12-31": "$6,360", "2008-09-30": "$6,493", "2008-06-30": "$6,490", "2008-03-31": "$6,349", "2007-12-31": "$6,371", "2007-09-30": "$6,390", "2007-06-30": "$6,462", "2007-03-31": "$7,132", "2006-12-31": "$6,586", "2006-09-30": "$6,423", "2006-06-30": "$6,378", "2006-03-31": "$5,603", "2005-12-31": "$5,828", "2005-09-30": "$5,928", "2005-06-30": "$5,984", "2005-03-31": "$6,289"}}, "total-share-holder-equity": {"Host Hotels & Resorts Annual Share Holder Equity (Millions of US $)": {"2019": "$7,325", "2018": "$7,566", "2017": "$7,002", "2016": "$7,033", "2015": "$7,104", "2014": "$7,368", "2013": "$7,262", "2012": "$6,859", "2011": "$6,713", "2010": "$6,332", "2009": "$6,211", "2008": "$5,590", "2007": "$5,441", "2006": "$5,222", "2005": "$2,417"}, "Host Hotels & Resorts Quarterly Share Holder Equity (Millions of US $)": {"2020-09-30": "$6,407", "2020-06-30": "$6,722", "2020-03-31": "$7,070", "2019-12-31": "$7,325", "2019-09-30": "$7,505", "2019-06-30": "$7,474", "2019-03-31": "$7,520", "2018-12-31": "$7,566", "2018-09-30": "$7,395", "2018-06-30": "$7,166", "2018-03-31": "$7,128", "2017-12-31": "$7,002", "2017-09-30": "$7,108", "2017-06-30": "$7,141", "2017-03-31": "$7,066", "2016-12-31": "$7,033", "2016-09-30": "$7,130", "2016-06-30": "$7,214", "2016-03-31": "$7,061", "2015-12-31": "$7,104", "2015-09-30": "$6,988", "2015-06-30": "$7,262", "2015-03-31": "$7,323", "2014-12-31": "$7,368", "2014-09-30": "$7,350", "2014-06-30": "$7,384", "2014-03-31": "$7,349", "2013-12-31": "$7,262", "2013-09-30": "$7,262", "2013-06-30": "$7,214", "2013-03-31": "$7,110", "2012-12-31": "$6,859", "2012-09-30": "$6,934", "2012-06-30": "$6,977", "2012-03-31": "$6,860", "2011-12-31": "$6,713", "2011-09-30": "$6,804", "2011-06-30": "$6,654", "2011-03-31": "$6,383", "2010-12-31": "$6,332", "2010-09-30": "$6,129", "2010-06-30": "$6,050", "2010-03-31": "$6,159", "2009-12-31": "$6,211", "2009-09-30": "$6,073", "2009-06-30": "$6,007", "2009-03-31": "$5,562", "2008-12-31": "$5,590", "2008-09-30": "$5,496", "2008-06-30": "$5,555", "2008-03-31": "$5,414", "2007-12-31": "$5,441", "2007-09-30": "$5,454", "2007-06-30": "$5,349", "2007-03-31": "$5,309", "2006-12-31": "$5,222", "2006-09-30": "$5,241", "2006-06-30": "$5,198", "2006-03-31": "$2,882", "2005-12-31": "$2,417", "2005-09-30": "$2,320", "2005-06-30": "$2,321", "2005-03-31": "$2,365"}}, "profit-margins": {"current": "-21.88%"}, "gross margin": {"2020-09-30": "9.34%", "2020-06-30": "18.90%", "2020-03-31": "26.12%", "2019-12-31": "28.84%", "2019-09-30": "28.71%", "2019-06-30": "28.88%", "2019-03-31": "28.90%", "2018-12-31": "28.44%", "2018-09-30": "28.42%", "2018-06-30": "28.32%", "2018-03-31": "28.06%", "2017-12-31": "28.05%", "2017-09-30": "27.99%", "2017-06-30": "28.08%", "2017-03-31": "27.95%", "2016-12-31": "27.61%", "2016-09-30": "27.55%", "2016-06-30": "27.33%", "2016-03-31": "27.05%", "2015-12-31": "26.75%", "2015-09-30": "26.36%", "2015-06-30": "26.46%", "2015-03-31": "26.59%", "2014-12-31": "26.69%", "2014-09-30": "26.97%", "2014-06-30": "26.37%", "2014-03-31": "26.24%", "2013-12-31": "25.75%", "2013-09-30": "25.17%", "2013-06-30": "24.79%", "2013-03-31": "23.97%", "2012-12-31": "23.25%", "2012-09-30": "23.03%", "2012-06-30": "22.45%", "2012-03-31": "22.04%", "2011-12-31": "21.79%", "2011-09-30": "20.98%", "2011-06-30": "20.79%", "2011-03-31": "20.49%", "2010-12-31": "20.75%", "2010-09-30": "20.90%", "2010-06-30": "20.70%", "2010-03-31": "20.64%", "2009-12-31": "21.21%", "2009-09-30": "22.82%", "2009-06-30": "24.11%", "2009-03-31": "25.61%", "2008-12-31": "26.12%", "2008-09-30": "26.98%", "2008-06-30": "27.25%", "2008-03-31": "27.29%", "2007-12-31": "27.47%", "2007-09-30": "27.16%", "2007-06-30": "26.96%", "2007-03-31": "26.80%", "2006-12-31": "26.85%", "2006-09-30": "26.14%", "2006-06-30": "25.76%", "2006-03-31": "24.83%", "2005-12-31": "24.34%"}, "operating margin": {"2020-09-30": "-19.20%", "2020-06-30": "-1.63%", "2020-03-31": "11.15%", "2019-12-31": "14.61%", "2019-09-30": "14.94%", "2019-06-30": "10.70%", "2019-03-31": "10.33%", "2018-12-31": "9.59%", "2018-09-30": "8.64%", "2018-06-30": "12.72%", "2018-03-31": "12.55%", "2017-12-31": "12.55%", "2017-09-30": "12.86%", "2017-06-30": "13.08%", "2017-03-31": "12.94%", "2016-12-31": "12.60%", "2016-09-30": "12.49%", "2016-06-30": "12.32%", "2016-03-31": "12.05%", "2015-12-31": "11.79%", "2015-09-30": "11.69%", "2015-06-30": "12.97%", "2015-03-31": "13.04%", "2014-12-31": "13.04%", "2014-09-30": "13.03%", "2014-06-30": "10.90%", "2014-03-31": "10.59%", "2013-12-31": "9.91%", "2013-09-30": "8.75%", "2013-06-30": "8.51%", "2013-03-31": "8.10%", "2012-12-31": "7.09%", "2012-09-30": "7.43%", "2012-06-30": "7.33%", "2012-03-31": "6.87%", "2011-12-31": "6.55%", "2011-09-30": "6.13%", "2011-06-30": "5.63%", "2011-03-31": "4.91%", "2010-12-31": "5.01%", "2010-09-30": "3.85%", "2010-06-30": "3.19%", "2010-03-31": "3.10%", "2009-12-31": "3.60%", "2009-09-30": "7.54%", "2009-06-30": "9.86%", "2009-03-31": "12.56%", "2008-12-31": "14.29%", "2008-09-30": "16.70%", "2008-06-30": "17.39%", "2008-03-31": "17.58%", "2007-12-31": "17.62%", "2007-09-30": "16.57%", "2007-06-30": "16.02%", "2007-03-31": "15.59%", "2006-12-31": "15.81%", "2006-09-30": "14.75%", "2006-06-30": "14.50%", "2006-03-31": "13.65%", "2005-12-31": "13.37%"}, "ebitda margin": {"2020-09-30": "6.10%", "2020-06-30": "16.45%", "2020-03-31": "24.32%", "2019-12-31": "27.08%", "2019-09-30": "27.18%", "2019-06-30": "27.33%", "2019-03-31": "27.26%", "2018-12-31": "26.81%", "2018-09-30": "26.86%", "2018-06-30": "26.77%", "2018-03-31": "26.61%", "2017-12-31": "26.62%", "2017-09-30": "26.34%", "2017-06-30": "26.54%", "2017-03-31": "26.35%", "2016-12-31": "26.06%", "2016-09-30": "25.91%", "2016-06-30": "25.76%", "2016-03-31": "25.65%", "2015-12-31": "25.42%", "2015-09-30": "25.29%", "2015-06-30": "26.53%", "2015-03-31": "26.55%", "2014-12-31": "26.52%", "2014-09-30": "26.56%", "2014-06-30": "24.65%", "2014-03-31": "24.41%", "2013-12-31": "24.08%", "2013-09-30": "23.79%", "2013-06-30": "23.34%", "2013-03-31": "22.82%", "2012-12-31": "22.10%", "2012-09-30": "22.08%", "2012-06-30": "22.01%", "2012-03-31": "21.43%", "2011-12-31": "21.09%", "2011-09-30": "19.61%", "2011-06-30": "19.10%", "2011-03-31": "18.80%", "2010-12-31": "19.12%", "2010-09-30": "20.90%", "2010-06-30": "20.77%", "2010-03-31": "20.94%", "2009-12-31": "21.65%", "2009-09-30": "22.95%", "2009-06-30": "24.28%", "2009-03-31": "25.91%", "2008-12-31": "26.39%", "2008-09-30": "28.40%", "2008-06-30": "28.66%", "2008-03-31": "28.43%", "2007-12-31": "28.39%", "2007-09-30": "26.42%", "2007-06-30": "25.98%", "2007-03-31": "25.69%", "2006-12-31": "25.74%", "2006-09-30": "25.41%", "2006-06-30": "25.05%", "2006-03-31": "24.24%", "2005-12-31": "23.93%"}, "pre tax profit margin": {"2020-09-30": "-27.61%", "2020-06-30": "0.61%", "2020-03-31": "14.25%", "2019-12-31": "17.59%", "2019-09-30": "23.03%", "2019-06-30": "23.68%", "2019-03-31": "22.13%", "2018-12-31": "23.55%", "2018-09-30": "18.49%", "2018-06-30": "13.64%", "2018-03-31": "14.04%", "2017-12-31": "12.08%", "2017-09-30": "12.40%", "2017-06-30": "11.94%", "2017-03-31": "14.54%", "2016-12-31": "14.94%", "2016-09-30": "15.61%", "2016-06-30": "15.07%", "2016-03-31": "12.23%", "2015-12-31": "10.73%", "2015-09-30": "12.46%", "2015-06-30": "13.47%", "2015-03-31": "12.50%", "2014-12-31": "14.19%", "2014-09-30": "10.55%", "2014-06-30": "8.10%", "2014-03-31": "7.33%", "2013-12-31": "4.47%", "2013-09-30": "3.60%", "2013-06-30": "2.86%", "2013-03-31": "2.17%", "2012-12-31": "0.43%", "2012-09-30": "0.08%", "2012-06-30": "0.02%", "2012-03-31": "-0.34%", "2011-12-31": "-0.59%", "2011-09-30": "-1.06%", "2011-06-30": "-1.82%", "2011-03-31": "-2.98%", "2010-12-31": "-3.57%", "2010-09-30": "-5.14%", "2010-06-30": "-5.88%", "2010-03-31": "-6.63%", "2009-12-31": "-5.69%", "2009-09-30": "-1.43%", "2009-06-30": "1.33%", "2009-03-31": "5.07%", "2008-12-31": "7.26%", "2008-09-30": "10.21%", "2008-06-30": "11.16%", "2008-03-31": "10.53%", "2007-12-31": "10.19%", "2007-09-30": "8.14%", "2007-06-30": "7.07%", "2007-03-31": "6.40%", "2006-12-31": "6.22%", "2006-09-30": "4.59%", "2006-06-30": "3.69%", "2006-03-31": "4.32%", "2005-12-31": "3.74%"}, "net profit margin": {"2020-09-30": "-21.88%", "2020-06-30": "2.48%", "2020-03-31": "14.25%", "2019-12-31": "16.82%", "2019-09-30": "20.80%", "2019-06-30": "19.83%", "2019-03-31": "18.32%", "2018-12-31": "19.68%", "2018-09-30": "15.91%", "2018-06-30": "12.05%", "2018-03-31": "12.24%", "2017-12-31": "10.47%", "2017-09-30": "11.12%", "2017-06-30": "11.09%", "2017-03-31": "13.57%", "2016-12-31": "14.03%", "2016-09-30": "14.74%", "2016-06-30": "14.37%", "2016-03-31": "11.92%", "2015-12-31": "10.43%", "2015-09-30": "12.22%", "2015-06-30": "13.30%", "2015-03-31": "12.25%", "2014-12-31": "13.76%", "2014-09-30": "11.20%", "2014-06-30": "9.01%", "2014-03-31": "8.38%", "2013-12-31": "6.14%", "2013-09-30": "3.80%", "2013-06-30": "2.86%", "2013-03-31": "2.21%", "2012-12-31": "1.19%", "2012-09-30": "1.28%", "2012-06-30": "1.31%", "2012-03-31": "0.90%", "2011-12-31": "-0.32%", "2011-09-30": "-0.77%", "2011-06-30": "-1.35%", "2011-03-31": "-2.49%", "2010-12-31": "-3.12%", "2010-09-30": "-4.81%", "2010-06-30": "-4.88%", "2010-03-31": "-6.97%", "2009-12-31": "-6.30%", "2009-09-30": "-1.83%", "2009-06-30": "0.45%", "2009-03-31": "5.45%", "2008-12-31": "7.43%", "2008-09-30": "10.44%", "2008-06-30": "11.27%", "2008-03-31": "10.64%", "2007-12-31": "13.22%", "2007-09-30": "11.68%", "2007-06-30": "10.78%", "2007-03-31": "14.65%", "2006-12-31": "14.88%", "2006-09-30": "13.93%", "2006-06-30": "13.74%", "2006-03-31": "8.13%", "2005-12-31": "3.65%"}, "pe ratio": {"current": "52.57", "2021-02-05": "0.00", "2020-09-30": "0.00", "2020-06-30": "89.92", "2020-03-31": "10.93", "2019-12-31": "14.47", "2019-09-30": "10.75", "2019-06-30": "11.80", "2019-03-31": "13.08", "2018-12-31": "10.71", "2018-09-30": "16.67", "2018-06-30": "21.92", "2018-03-31": "19.21", "2017-12-31": "23.75", "2017-09-30": "20.48", "2017-06-30": "20.02", "2017-03-31": "16.35", "2016-12-31": "15.85", "2016-09-30": "12.32", "2016-06-30": "13.03", "2016-03-31": "16.21", "2015-12-31": "16.90", "2015-09-30": "14.97", "2015-06-30": "16.95", "2015-03-31": "18.47", "2014-12-31": "19.10", "2014-09-30": "20.56", "2014-06-30": "26.27", "2014-03-31": "26.03", "2013-12-31": "34.06", "2013-09-30": "45.60", "2013-06-30": "59.72", "2013-03-31": "80.72", "2012-12-31": "143.80", "2012-09-30": "146.44", "2012-06-30": "143.63", "2012-03-31": "197.85", "2011-12-31": "0.00", "2011-09-30": "0.00", "2011-06-30": "0.00", "2011-03-31": "0.00", "2010-12-31": "0.00", "2010-09-30": "0.00", "2010-06-30": "0.00", "2010-03-31": "0.00", "2009-12-31": "0.00", "2009-09-30": "0.00", "2009-06-30": "116.39", "2009-03-31": "5.23", "2008-12-31": "7.00", "2008-09-30": "8.32", "2008-06-30": "7.85", "2008-03-31": "9.68", "2007-12-31": "8.41", "2007-09-30": "12.39", "2007-06-30": "13.96", "2007-03-31": "11.84", "2006-12-31": "10.31"}, "price sales": {"2021-02-05": "3.80", "2020-09-30": "2.89", "2020-06-30": "2.08", "2020-03-31": "1.56", "2019-12-31": "2.45", "2019-09-30": "2.25", "2019-06-30": "2.34", "2019-03-31": "2.38", "2018-12-31": "2.10", "2018-09-30": "2.62", "2018-06-30": "2.61", "2018-03-31": "2.32", "2017-12-31": "2.44", "2017-09-30": "2.25", "2017-06-30": "2.19", "2017-03-31": "2.21", "2016-12-31": "2.22", "2016-09-30": "1.82", "2016-06-30": "1.88", "2016-03-31": "1.94", "2015-12-31": "1.78", "2015-09-30": "1.84", "2015-06-30": "2.28", "2015-03-31": "2.28", "2014-12-31": "2.68", "2014-09-30": "2.33", "2014-06-30": "2.42", "2014-03-31": "2.21", "2013-12-31": "2.11", "2013-09-30": "1.77", "2013-06-30": "1.68", "2013-03-31": "1.75", "2012-12-31": "1.63", "2012-09-30": "1.72", "2012-06-30": "1.69", "2012-03-31": "1.73", "2011-12-31": "1.56", "2011-09-30": "1.12", "2011-06-30": "1.74", "2011-03-31": "1.85", "2010-12-31": "1.89", "2010-09-30": "1.56", "2010-06-30": "1.46", "2010-03-31": "1.56", "2009-12-31": "1.17", "2009-09-30": "1.02", "2009-06-30": "0.67", "2009-03-31": "0.29", "2008-12-31": "0.54", "2008-09-30": "0.93", "2008-06-30": "0.94", "2008-03-31": "1.09", "2007-12-31": "1.15", "2007-09-30": "1.49", "2007-06-30": "1.53", "2007-03-31": "1.77", "2006-12-31": "1.60"}, "price book": {"current": "1.56", "2021-02-05": "1.56", "2020-09-30": "1.19", "2020-06-30": "1.13", "2020-03-31": "1.10", "2019-12-31": "1.78", "2019-09-30": "1.61", "2019-06-30": "1.71", "2019-03-31": "1.77", "2018-12-31": "1.53", "2018-09-30": "1.95", "2018-06-30": "1.99", "2018-03-31": "1.75", "2017-12-31": "1.88", "2017-09-30": "1.70", "2017-06-30": "1.66", "2017-03-31": "1.69", "2016-12-31": "1.70", "2016-09-30": "1.36", "2016-06-30": "1.39", "2016-03-31": "1.46", "2015-12-31": "1.32", "2015-09-30": "1.35", "2015-06-30": "1.63", "2015-03-31": "1.64", "2014-12-31": "1.90", "2014-09-30": "1.69", "2014-06-30": "1.72", "2014-03-31": "1.58", "2013-12-31": "1.52", "2013-09-30": "1.37", "2013-06-30": "1.30", "2013-03-31": "1.35", "2012-12-31": "1.22", "2012-09-30": "1.22", "2012-06-30": "1.19", "2012-03-31": "1.24", "2011-12-31": "1.12", "2011-09-30": "0.81", "2011-06-30": "1.26", "2011-03-31": "1.34", "2010-12-31": "1.36", "2010-09-30": "1.11", "2010-06-30": "1.04", "2010-03-31": "1.10", "2009-12-31": "0.86", "2009-09-30": "0.83", "2009-06-30": "0.59", "2009-03-31": "0.26", "2008-12-31": "0.49", "2008-09-30": "0.86", "2008-06-30": "0.87", "2008-03-31": "1.02", "2007-12-31": "1.08", "2007-09-30": "1.39", "2007-06-30": "1.44", "2007-03-31": "1.64", "2006-12-31": "1.54", "2006-09-30": "1.42", "2006-06-30": "1.36", "2006-03-31": "1.76"}, "price fcf": {"2021-02-05": "", "2020-09-30": "$-0.14", "2020-06-30": "$1.11", "2020-03-31": "$2.11", "2019-12-31": "$2.58", "2019-09-30": "$2.73", "2019-06-30": "$3.22", "2019-03-31": "$3.36", "2018-12-31": "$3.28", "2018-09-30": "$2.92", "2018-06-30": "$2.10", "2018-03-31": "$1.95", "2017-12-31": "$1.94", "2017-09-30": "$1.65", "2017-06-30": "$1.43", "2017-03-31": "$1.77", "2016-12-31": "$1.68", "2016-09-30": "$1.90", "2016-06-30": "$1.73", "2016-03-31": "$1.32", "2015-12-31": "$1.03", "2015-09-30": "$1.25", "2015-06-30": "$1.24", "2015-03-31": "$1.10", "2014-12-31": "$1.54", "2014-09-30": "$1.54", "2014-06-30": "$1.57", "2014-03-31": "$1.63", "2013-12-31": "$1.61", "2013-09-30": "$1.09", "2013-06-30": "$1.18", "2013-03-31": "$0.86", "2012-12-31": "$0.44", "2012-09-30": "$0.35", "2012-06-30": "$0.31", "2012-03-31": "$0.35", "2011-12-31": "$0.24", "2011-09-30": "$0.34", "2011-06-30": "$0.19", "2011-03-31": "$0.24", "2010-12-31": "$0.33", "2010-09-30": "$0.39", "2010-06-30": "$0.52", "2010-03-31": "$0.43", "2009-12-31": "$0.65", "2009-09-30": "$0.73", "2009-06-30": "$0.79", "2009-03-31": "$0.81", "2008-12-31": "$0.74", "2008-09-30": "$0.93", "2008-06-30": "$1.01", "2008-03-31": "$0.96", "2007-12-31": "$1.46", "2007-09-30": "$1.37", "2007-06-30": "$1.32", "2007-03-31": "$2.03", "2006-12-31": "$2.03"}, "net worth": {"value": "$10.01B"}, "current ratio": {"2020-09-30": "31.40", "2020-06-30": "23.29", "2020-03-31": "12.76", "2019-12-31": "6.22", "2019-09-30": "7.70", "2019-06-30": "5.12", "2019-03-31": "5.11", "2018-12-31": "5.51", "2018-09-30": "5.32", "2018-06-30": "3.34", "2018-03-31": "2.01", "2017-12-31": "3.51", "2017-09-30": "3.62", "2017-06-30": "3.47", "2017-03-31": "2.51", "2016-12-31": "1.54", "2016-09-30": "1.85", "2016-06-30": "1.68", "2016-03-31": "1.79", "2015-12-31": "1.20", "2015-09-30": "1.65", "2015-06-30": "1.74", "2015-03-31": "2.83", "2014-12-31": "2.53", "2014-09-30": "2.35", "2014-06-30": "2.98", "2014-03-31": "2.90", "2013-12-31": "4.42", "2013-09-30": "2.46", "2013-06-30": "3.19", "2013-03-31": "7.31", "2012-12-31": "2.75", "2012-09-30": "3.69", "2012-06-30": "6.00", "2012-03-31": "9.20", "2011-12-31": "5.14", "2011-09-30": "3.43", "2011-06-30": "4.14", "2011-03-31": "1.50", "2010-12-31": "7.45", "2010-09-30": "5.25", "2010-06-30": "8.29", "2010-03-31": "8.05", "2009-12-31": "9.91", "2009-09-30": "8.62", "2009-06-30": "17.13", "2009-03-31": "7.04", "2008-12-31": "5.19", "2008-09-30": "4.91", "2008-06-30": "8.33", "2008-03-31": "2.06", "2007-12-31": "2.09", "2007-09-30": "5.53", "2007-06-30": "3.71", "2007-03-31": "6.61", "2006-12-31": "2.51", "2006-09-30": "2.64", "2006-06-30": "3.46", "2006-03-31": "3.85", "2005-12-31": "2.35", "2005-09-30": "4.91", "2005-06-30": "4.70", "2005-03-31": "7.43"}, "quick ratio": {"2020-09-30": "0.00", "2020-06-30": "0.00", "2020-03-31": "0.00", "2019-12-31": "0.00", "2019-09-30": "0.00", "2019-06-30": "0.00", "2019-03-31": "0.00", "2018-12-31": "0.00", "2018-09-30": "0.00", "2018-06-30": "0.00", "2018-03-31": "0.00", "2017-12-31": "0.00", "2017-09-30": "0.00", "2017-06-30": "0.00", "2017-03-31": "0.00", "2016-12-31": "0.00", "2016-09-30": "0.00", "2016-06-30": "0.00", "2016-03-31": "0.00", "2015-12-31": "0.00", "2015-09-30": "0.00", "2015-06-30": "0.00", "2015-03-31": "0.00", "2014-12-31": "0.00", "2014-09-30": "0.00", "2014-06-30": "0.00", "2014-03-31": "0.00", "2013-12-31": "0.00", "2013-09-30": "0.00", "2013-06-30": "0.00", "2013-03-31": "0.00", "2012-12-31": "0.00", "2012-09-30": "0.00", "2012-06-30": "0.00", "2012-03-31": "0.00", "2011-12-31": "0.00", "2011-09-30": "0.00", "2011-06-30": "0.00", "2011-03-31": "0.00", "2010-12-31": "0.00", "2010-09-30": "0.00", "2010-06-30": "0.00", "2010-03-31": "0.00", "2009-12-31": "0.00", "2009-09-30": "0.00", "2009-06-30": "0.00", "2009-03-31": "0.00", "2008-12-31": "0.00", "2008-09-30": "0.00", "2008-06-30": "0.00", "2008-03-31": "0.00", "2007-12-31": "0.00", "2007-09-30": "0.00", "2007-06-30": "0.00", "2007-03-31": "0.00", "2006-12-31": "0.00", "2006-09-30": "0.00", "2006-06-30": "0.00", "2006-03-31": "0.00", "2005-12-31": "0.00", "2005-09-30": "0.00", "2005-06-30": "0.00", "2005-03-31": "0.00"}, "debt equity ratio": {"current": "0.89", "2020-09-30": "1.04", "2020-06-30": "0.81", "2020-03-31": "0.90", "2019-12-31": "0.68", "2019-09-30": "0.75", "2019-06-30": "0.68", "2019-03-31": "0.67", "2018-12-31": "0.60", "2018-09-30": "0.64", "2018-06-30": "0.69", "2018-03-31": "0.69", "2017-12-31": "0.67", "2017-09-30": "0.66", "2017-06-30": "0.66", "2017-03-31": "0.67", "2016-12-31": "0.62", "2016-09-30": "0.62", "2016-06-30": "0.61", "2016-03-31": "0.66", "2015-12-31": "0.64", "2015-09-30": "0.71", "2015-06-30": "0.66", "2015-03-31": "0.64", "2014-12-31": "0.65", "2014-09-30": "0.65", "2014-06-30": "0.65", "2014-03-31": "0.66", "2013-12-31": "0.77", "2013-09-30": "0.73", "2013-06-30": "0.76", "2013-03-31": "0.88", "2012-12-31": "0.89", "2012-09-30": "0.88", "2012-06-30": "0.83", "2012-03-31": "0.98", "2011-12-31": "0.95", "2011-09-30": "0.88", "2011-06-30": "0.97", "2011-03-31": "0.96", "2010-12-31": "0.96", "2010-09-30": "0.97", "2010-06-30": "0.98", "2010-03-31": "0.96", "2009-12-31": "1.02", "2009-09-30": "0.99", "2009-06-30": "1.08", "2009-03-31": "1.13", "2008-12-31": "1.14", "2008-09-30": "1.18", "2008-06-30": "1.17", "2008-03-31": "1.17", "2007-12-31": "1.17", "2007-09-30": "1.17", "2007-06-30": "1.21", "2007-03-31": "1.34", "2006-12-31": "1.26", "2006-09-30": "1.23", "2006-06-30": "1.23", "2006-03-31": "1.94", "2005-12-31": "2.41", "2005-09-30": "2.56", "2005-06-30": "2.58", "2005-03-31": "2.66"}, "return on equity": {"2020-09-30": "-8.55%", "2020-06-30": "1.30%", "2020-03-31": "9.95%", "2019-12-31": "12.34%", "2019-09-30": "15.21%", "2019-06-30": "14.65%", "2019-03-31": "13.76%", "2018-12-31": "14.86%", "2018-09-30": "12.21%", "2018-06-30": "9.27%", "2018-03-31": "9.29%", "2017-12-31": "7.97%", "2017-09-30": "8.44%", "2017-06-30": "8.47%", "2017-03-31": "10.38%", "2016-12-31": "10.72%", "2016-09-30": "11.21%", "2016-06-30": "10.96%", "2016-03-31": "9.04%", "2015-12-31": "7.78%", "2015-09-30": "8.97%", "2015-06-30": "9.66%", "2015-03-31": "8.85%", "2014-12-31": "9.94%", "2014-09-30": "8.19%", "2014-06-30": "6.51%", "2014-03-31": "6.05%", "2013-12-31": "4.40%", "2013-09-30": "2.94%", "2013-06-30": "2.22%", "2013-03-31": "1.71%", "2012-12-31": "0.88%", "2012-09-30": "0.90%", "2012-06-30": "0.92%", "2012-03-31": "0.64%", "2011-12-31": "-0.23%", "2011-09-30": "-0.57%", "2011-06-30": "-0.99%", "2011-03-31": "-1.80%", "2010-12-31": "-2.24%", "2010-09-30": "-3.34%", "2010-06-30": "-3.32%", "2010-03-31": "-4.68%", "2009-12-31": "-4.38%", "2009-09-30": "-1.39%", "2009-06-30": "0.37%", "2009-03-31": "4.90%", "2008-12-31": "6.98%", "2008-09-30": "9.95%", "2008-06-30": "10.89%", "2008-03-31": "10.36%", "2007-12-31": "12.88%", "2007-09-30": "11.64%", "2007-06-30": "10.68%", "2007-03-31": "14.06%", "2006-12-31": "15.49%", "2006-09-30": "15.05%", "2006-06-30": "16.95%", "2006-03-31": "12.19%", "2005-12-31": "5.73%"}, "return on assets": {"2020-09-30": "-4.61%", "2020-06-30": "0.73%", "2020-03-31": "5.69%", "2019-12-31": "7.28%", "2019-09-30": "9.09%", "2019-06-30": "8.89%", "2019-03-31": "8.34%", "2018-12-31": "8.99%", "2018-09-30": "7.30%", "2018-06-30": "5.53%", "2018-03-31": "5.56%", "2017-12-31": "4.79%", "2017-09-30": "5.11%", "2017-06-30": "5.16%", "2017-03-31": "6.37%", "2016-12-31": "6.59%", "2016-09-30": "6.88%", "2016-06-30": "6.62%", "2016-03-31": "5.42%", "2015-12-31": "4.68%", "2015-09-30": "5.39%", "2015-06-30": "5.86%", "2015-03-31": "5.37%", "2014-12-31": "6.01%", "2014-09-30": "4.87%", "2014-06-30": "3.82%", "2014-03-31": "3.50%", "2013-12-31": "2.47%", "2013-09-30": "1.62%", "2013-06-30": "1.20%", "2013-03-31": "0.91%", "2012-12-31": "0.47%", "2012-09-30": "0.47%", "2012-06-30": "0.48%", "2012-03-31": "0.33%", "2011-12-31": "-0.12%", "2011-09-30": "-0.29%", "2011-06-30": "-0.50%", "2011-03-31": "-0.92%", "2010-12-31": "-1.14%", "2010-09-30": "-1.68%", "2010-06-30": "-1.67%", "2010-03-31": "-2.33%", "2009-12-31": "-2.13%", "2009-09-30": "-0.67%", "2009-06-30": "0.17%", "2009-03-31": "2.27%", "2008-12-31": "3.23%", "2008-09-30": "4.58%", "2008-06-30": "5.01%", "2008-03-31": "4.75%", "2007-12-31": "5.79%", "2007-09-30": "5.19%", "2007-06-30": "4.73%", "2007-03-31": "6.21%", "2006-12-31": "6.60%", "2006-09-30": "5.92%", "2006-06-30": "5.94%", "2006-03-31": "3.64%", "2005-12-31": "1.61%"}, "return on investments": {"2020-09-30": "-4.40%", "2020-06-30": "-0.52%", "2020-03-31": "4.89%", "2019-12-31": "6.98%", "2019-09-30": "7.13%", "2019-06-30": "5.19%", "2019-03-31": "5.04%", "2018-12-31": "4.64%", "2018-09-30": "4.21%", "2018-06-30": "6.20%", "2018-03-31": "6.07%", "2017-12-31": "6.12%", "2017-09-30": "6.30%", "2017-06-30": "6.48%", "2017-03-31": "6.47%", "2016-12-31": "6.29%", "2016-09-30": "6.18%", "2016-06-30": "6.03%", "2016-03-31": "5.82%", "2015-12-31": "5.63%", "2015-09-30": "5.50%", "2015-06-30": "6.09%", "2015-03-31": "6.11%", "2014-12-31": "6.10%", "2014-09-30": "6.05%", "2014-06-30": "4.93%", "2014-03-31": "4.71%", "2013-12-31": "4.23%", "2013-09-30": "3.96%", "2013-06-30": "3.77%", "2013-03-31": "3.52%", "2012-12-31": "2.90%", "2012-09-30": "2.87%", "2012-06-30": "2.83%", "2012-03-31": "2.61%", "2011-12-31": "2.51%", "2011-09-30": "2.42%", "2011-06-30": "2.20%", "2011-03-31": "1.89%", "2010-12-31": "1.92%", "2010-09-30": "1.41%", "2010-06-30": "1.14%", "2010-03-31": "1.07%", "2009-12-31": "1.26%", "2009-09-30": "2.86%", "2009-06-30": "3.95%", "2009-03-31": "5.48%", "2008-12-31": "6.52%", "2008-09-30": "7.76%", "2008-06-30": "8.19%", "2008-03-31": "8.33%", "2007-12-31": "8.17%", "2007-09-30": "7.78%", "2007-06-30": "7.43%", "2007-03-31": "6.99%", "2006-12-31": "7.44%", "2006-09-30": "6.65%", "2006-06-30": "6.65%", "2006-03-31": "6.49%", "2005-12-31": "6.24%"}, "return on tangible equity": {"2020-09-30": "-8.55%", "2020-06-30": "1.30%", "2020-03-31": "9.95%", "2019-12-31": "12.34%", "2019-09-30": "15.21%", "2019-06-30": "14.65%", "2019-03-31": "13.76%", "2018-12-31": "14.86%", "2018-09-30": "12.21%", "2018-06-30": "9.27%", "2018-03-31": "9.29%", "2017-12-31": "7.97%", "2017-09-30": "8.44%", "2017-06-30": "8.47%", "2017-03-31": "10.38%", "2016-12-31": "10.72%", "2016-09-30": "11.21%", "2016-06-30": "10.96%", "2016-03-31": "9.04%", "2015-12-31": "7.78%", "2015-09-30": "8.97%", "2015-06-30": "9.66%", "2015-03-31": "8.85%", "2014-12-31": "9.94%", "2014-09-30": "8.19%", "2014-06-30": "6.51%", "2014-03-31": "6.05%", "2013-12-31": "4.40%", "2013-09-30": "2.94%", "2013-06-30": "2.22%", "2013-03-31": "1.71%", "2012-12-31": "0.88%", "2012-09-30": "0.90%", "2012-06-30": "0.92%", "2012-03-31": "0.64%", "2011-12-31": "-0.23%", "2011-09-30": "-0.57%", "2011-06-30": "-0.99%", "2011-03-31": "-1.80%", "2010-12-31": "-2.24%", "2010-09-30": "-3.34%", "2010-06-30": "-3.32%", "2010-03-31": "-4.68%", "2009-12-31": "-4.38%", "2009-09-30": "-1.39%", "2009-06-30": "0.37%", "2009-03-31": "4.90%", "2008-12-31": "6.98%", "2008-09-30": "9.95%", "2008-06-30": "10.89%", "2008-03-31": "10.36%", "2007-12-31": "12.88%", "2007-09-30": "11.64%", "2007-06-30": "10.68%", "2007-03-31": "14.06%", "2006-12-31": "15.49%", "2006-09-30": "15.05%", "2006-06-30": "16.95%", "2006-03-31": "12.19%", "2005-12-31": "5.73%"}, "dividend yield history": {"last payout": "$0.00", "last yield": "0.00%"}}