{"ticker": "HHC", "price": {"title": "Howard Hughes Historical Annual Stock Price Data", "value": 92.15, "historical": {"2020": {"Average Stock Price": "70.8815", "Year Open": "123.5700", "Year High": "129.3500", "Year Low": "37.4400", "Year Close": "78.9300", "Annual % Change": "-37.75%"}, "2019": {"Average Stock Price": "115.6713", "Year Open": "96.6200", "Year High": "135.0000", "Year Low": "92.5900", "Year Close": "126.8000", "Annual % Change": "29.89%"}, "2018": {"Average Stock Price": "125.7786", "Year Open": "132.8400", "Year High": "142.2400", "Year Low": "89.8500", "Year Close": "97.6200", "Annual % Change": "-25.63%"}, "2017": {"Average Stock Price": "120.4983", "Year Open": "110.5300", "Year High": "131.7900", "Year Low": "105.3300", "Year Close": "131.2700", "Annual % Change": "15.05%"}, "2016": {"Average Stock Price": "108.0604", "Year Open": "109.1400", "Year High": "121.7100", "Year Low": "81.3400", "Year Close": "114.1000", "Annual % Change": "0.83%"}, "2015": {"Average Stock Price": "134.5459", "Year Open": "130.5500", "Year High": "159.1200", "Year Low": "108.4900", "Year Close": "113.1600", "Annual % Change": "-13.23%"}, "2014": {"Average Stock Price": "143.0858", "Year Open": "118.0400", "Year High": "160.0000", "Year Low": "118.0400", "Year Close": "130.4200", "Annual % Change": "8.59%"}, "2013": {"Average Stock Price": "100.0162", "Year Open": "74.6000", "Year High": "121.1300", "Year Low": "71.2500", "Year Close": "120.1000", "Annual % Change": "64.48%"}, "2012": {"Average Stock Price": "63.6256", "Year Open": "44.2700", "Year High": "75.1200", "Year Low": "44.2700", "Year Close": "73.0200", "Annual % Change": "65.32%"}, "2011": {"Average Stock Price": "56.0226", "Year Open": "54.6000", "Year High": "76.4800", "Year Low": "37.3100", "Year Close": "44.1700", "Annual % Change": "-18.83%"}, "2010": {"Average Stock Price": "46.3356", "Year Open": "38.0000", "Year High": "56.0000", "Year Low": "36.5000", "Year Close": "54.4200", "Annual % Change": "0.00%"}}}, "market cap": {"value": "$5.06B"}, "income statement": {"Revenue": {"2019-12-31": "1300.53900", "2018-12-31": "1064.53700", "2017-12-31": "1100.12000", "2016-12-31": "1035.00500", "2015-12-31": "797.08800", "2014-12-31": "634.56500", "2013-12-31": "469.41800", "2012-12-31": "376.88600", "2011-12-31": "275.68900", "2010-12-31": "142.71800", "2009-12-31": "136.34800", "2008-12-31": "172.50700"}, "Cost Of Goods Sold": {"2019-12-31": "788.98710", "2018-12-31": "613.75000", "2017-12-31": "632.60000", "2016-12-31": "562.64000", "2015-12-31": "432.17900", "2014-12-31": "305.03700", "2013-12-31": "296.57700", "2012-12-31": "244.34500", "2011-12-31": "199.33500", "2010-12-31": "111.34600", "2009-12-31": "103.27100", "2008-12-31": "118.06600"}, "Gross Profit": {"2019-12-31": "511.55190", "2018-12-31": "450.78700", "2017-12-31": "467.52000", "2016-12-31": "472.36500", "2015-12-31": "364.90900", "2014-12-31": "329.52800", "2013-12-31": "172.84100", "2012-12-31": "132.54100", "2011-12-31": "76.35400", "2010-12-31": "31.37200", "2009-12-31": "33.07700", "2008-12-31": "54.44100"}, "Research And Development Expenses": {"2019-12-31": "", "2018-12-31": "", "2017-12-31": "", "2016-12-31": "", "2015-12-31": "", "2014-12-31": "", "2013-12-31": "", "2012-12-31": "", "2011-12-31": "", "2010-12-31": "", "2009-12-31": "", "2008-12-31": ""}, "SG&A Expenses": {"2019-12-31": "156.25100", "2018-12-31": "104.62500", "2017-12-31": "89.88200", "2016-12-31": "86.58800", "2015-12-31": "81.34500", "2014-12-31": "73.56900", "2013-12-31": "48.46600", "2012-12-31": "36.54800", "2011-12-31": "32.34200", "2010-12-31": "21.53800", "2009-12-31": "23.02300", "2008-12-31": "22.15200"}, "Other Operating Income Or Expenses": {"2019-12-31": "-49.19300", "2018-12-31": "-112.79100", "2017-12-31": "-23.01600", "2016-12-31": "36.84900", "2015-12-31": "-65.80300", "2014-12-31": "-33.27900", "2013-12-31": "20.68400", "2012-12-31": "0.90100", "2011-12-31": "0.23500", "2010-12-31": "-505.13800", "2009-12-31": "-682.88800", "2008-12-31": "-53.68500"}, "Operating Expenses": {"2019-12-31": "1150.22900", "2018-12-31": "957.73100", "2017-12-31": "877.75000", "2016-12-31": "708.24300", "2015-12-31": "678.32400", "2014-12-31": "467.84300", "2013-12-31": "358.20400", "2012-12-31": "304.42100", "2011-12-31": "248.22400", "2010-12-31": "654.58500", "2009-12-31": "829.02300", "2008-12-31": "212.32400"}, "Operating Income": {"2019-12-31": "150.30990", "2018-12-31": "106.80600", "2017-12-31": "222.37000", "2016-12-31": "326.76200", "2015-12-31": "118.76400", "2014-12-31": "166.72200", "2013-12-31": "111.21400", "2012-12-31": "72.46500", "2011-12-31": "27.46500", "2010-12-31": "-511.86690", "2009-12-31": "-692.67500", "2008-12-31": "-39.81700"}, "Total Non-Operating Income/Expense": {"2019-12-31": "-46.77000", "2018-12-31": "-33.58800", "2017-12-31": "-101.54800", "2016-12-31": "-5.98600", "2015-12-31": "31.95600", "2014-12-31": "-127.28200", "2013-12-31": "-175.33900", "2012-12-31": "-193.12100", "2011-12-31": "102.68000", "2010-12-31": "-133.54000", "2009-12-31": "-27.49700", "2008-12-31": "1.10500"}, "Pre-Tax Income": {"2019-12-31": "103.54000", "2018-12-31": "73.21800", "2017-12-31": "120.82200", "2016-12-31": "320.77600", "2015-12-31": "150.72000", "2014-12-31": "39.44000", "2013-12-31": "-64.12500", "2012-12-31": "-120.65600", "2011-12-31": "130.14500", "2010-12-31": "-645.40700", "2009-12-31": "-720.17200", "2008-12-31": "-38.71200"}, "Income Taxes": {"2019-12-31": "29.24500", "2018-12-31": "15.49200", "2017-12-31": "-45.80100", "2016-12-31": "118.45000", "2015-12-31": "24.00100", "2014-12-31": "62.96000", "2013-12-31": "9.57000", "2012-12-31": "6.88700", "2011-12-31": "-18.32500", "2010-12-31": "-633.45900", "2009-12-31": "-23.96900", "2008-12-31": "2.70300"}, "Income After Taxes": {"2019-12-31": "74.29500", "2018-12-31": "57.72600", "2017-12-31": "166.62300", "2016-12-31": "202.32600", "2015-12-31": "126.71900", "2014-12-31": "-23.52000", "2013-12-31": "-73.69500", "2012-12-31": "-127.54300", "2011-12-31": "148.47000", "2010-12-31": "-11.94800", "2009-12-31": "-696.20300", "2008-12-31": "-41.41500"}, "Other Income": {"2019-12-31": "", "2018-12-31": "", "2017-12-31": "", "2016-12-31": "", "2015-12-31": "", "2014-12-31": "", "2013-12-31": "", "2012-12-31": "", "2011-12-31": "", "2010-12-31": "-57.28200", "2009-12-31": "-6.67400", "2008-12-31": ""}, "Income From Continuous Operations": {"2019-12-31": "74.29500", "2018-12-31": "57.72600", "2017-12-31": "166.62300", "2016-12-31": "202.32600", "2015-12-31": "126.71900", "2014-12-31": "-23.52000", "2013-12-31": "-73.69500", "2012-12-31": "-127.54300", "2011-12-31": "148.47000", "2010-12-31": "-69.23000", "2009-12-31": "-702.87700", "2008-12-31": "-17.90900"}, "Income From Discontinued Operations": {"2019-12-31": "", "2018-12-31": "", "2017-12-31": "", "2016-12-31": "", "2015-12-31": "", "2014-12-31": "", "2013-12-31": "", "2012-12-31": "", "2011-12-31": "", "2010-12-31": "", "2009-12-31": "-0.93900", "2008-12-31": ""}, "Net Income": {"2019-12-31": "73.95600", "2018-12-31": "57.01200", "2017-12-31": "168.40400", "2016-12-31": "202.30300", "2015-12-31": "126.71900", "2014-12-31": "-23.53100", "2013-12-31": "-73.79000", "2012-12-31": "-128.28800", "2011-12-31": "147.18000", "2010-12-31": "-69.43100", "2009-12-31": "-703.61200", "2008-12-31": "-18.00900"}, "EBITDA": {"2019-12-31": "331.05590", "2018-12-31": "243.94300", "2017-12-31": "360.86600", "2016-12-31": "427.05200", "2015-12-31": "226.25600", "2014-12-31": "235.92600", "2013-12-31": "150.35400", "2012-12-31": "101.92800", "2011-12-31": "48.32800", "2010-12-31": "-494.02090", "2009-12-31": "-671.68500", "2008-12-31": "-20.62400"}, "EBIT": {"2019-12-31": "150.30990", "2018-12-31": "106.80600", "2017-12-31": "222.37000", "2016-12-31": "326.76200", "2015-12-31": "118.76400", "2014-12-31": "166.72200", "2013-12-31": "111.21400", "2012-12-31": "72.46500", "2011-12-31": "27.46500", "2010-12-31": "-511.86690", "2009-12-31": "-692.67500", "2008-12-31": "-39.81700"}, "Basic Shares Outstanding": {"2019-12-31": "43.13600", "2018-12-31": "43.03600", "2017-12-31": "41.36400", "2016-12-31": "39.49200", "2015-12-31": "39.47000", "2014-12-31": "39.46400", "2013-12-31": "39.44900", "2012-12-31": "38.12700", "2011-12-31": "37.90800", "2010-12-31": "37.72600", "2009-12-31": "37.71600", "2008-12-31": "37.71600"}, "Shares Outstanding": {"2019-12-31": "43.30800", "2018-12-31": "43.23700", "2017-12-31": "43.08900", "2016-12-31": "42.72900", "2015-12-31": "42.75400", "2014-12-31": "39.46400", "2013-12-31": "39.44900", "2012-12-31": "38.12700", "2011-12-31": "38.98200", "2010-12-31": "37.72600", "2009-12-31": "37.71600", "2008-12-31": "37.71600"}, "Basic EPS": {"2019-12-31": "1.71000", "2018-12-31": "1.32000", "2017-12-31": "4.07000", "2016-12-31": "5.12000", "2015-12-31": "3.21000", "2014-12-31": "-0.60000", "2013-12-31": "-1.87000", "2012-12-31": "-3.36000", "2011-12-31": "3.88000", "2010-12-31": "-1.84000", "2009-12-31": "-18.66000", "2008-12-31": "-0.48000"}, "EPS - Earnings Per Share": {"2019-12-31": "1.71000", "2018-12-31": "1.32000", "2017-12-31": "3.91000", "2016-12-31": "4.73000", "2015-12-31": "1.60000", "2014-12-31": "-0.60000", "2013-12-31": "-1.87000", "2012-12-31": "-3.36000", "2011-12-31": "1.17000", "2010-12-31": "-1.84000", "2009-12-31": "-18.66000", "2008-12-31": "-0.48000"}}, "income statement, quarterly": {"Revenue": {"2020-09-30": "154.44000", "2020-06-30": "156.17300", "2020-03-31": "175.17500", "2019-12-31": "284.16090", "2019-09-30": "231.17200", "2019-06-30": "431.31600", "2019-03-31": "353.89000", "2018-12-31": "464.69290", "2018-09-30": "257.16000", "2018-06-30": "181.00500", "2018-03-31": "161.67900", "2017-12-31": "300.98300", "2017-09-30": "258.73600", "2017-06-30": "308.63900", "2017-03-31": "231.76200", "2016-12-31": "279.56090", "2016-09-30": "242.26400", "2016-06-30": "273.51400", "2016-03-31": "239.66600", "2015-12-31": "229.39300", "2015-09-30": "203.44200", "2015-06-30": "209.16300", "2015-03-31": "155.09000", "2014-12-31": "207.05310", "2014-09-30": "119.22800", "2014-06-30": "209.63100", "2014-03-31": "98.65300", "2013-12-31": "133.95000", "2013-09-30": "99.61500", "2013-06-30": "145.76200", "2013-03-31": "90.09100", "2012-12-31": "108.36700", "2012-09-30": "94.81500", "2012-06-30": "93.93900", "2012-03-31": "79.76500", "2011-12-31": "85.09400", "2011-09-30": "86.67300", "2011-06-30": "50.82100", "2011-03-31": "53.10100", "2010-12-31": "50.83900", "2010-09-30": "32.46000", "2010-06-30": "30.62900", "2010-03-31": "28.79000", "2009-12-31": "", "2009-09-30": "30.26000", "2008-12-31": ""}, "Cost Of Goods Sold": {"2020-09-30": "90.70600", "2020-06-30": "93.30700", "2020-03-31": "192.87100", "2019-12-31": "93.98000", "2019-09-30": "130.61600", "2019-06-30": "331.28900", "2019-03-31": "233.10200", "2018-12-31": "300.87300", "2018-09-30": "132.31200", "2018-06-30": "102.96900", "2018-03-31": "77.59600", "2017-12-31": "195.64200", "2017-09-30": "156.16600", "2017-06-30": "177.32700", "2017-03-31": "124.81900", "2016-12-31": "168.01100", "2016-09-30": "142.22400", "2016-06-30": "143.22100", "2016-03-31": "125.71900", "2015-12-31": "113.38000", "2015-09-30": "104.27800", "2015-06-30": "122.06600", "2015-03-31": "92.45500", "2014-12-31": "86.68700", "2014-09-30": "71.74400", "2014-06-30": "85.72600", "2014-03-31": "60.88000", "2013-12-31": "78.69300", "2013-09-30": "70.68900", "2013-06-30": "84.44200", "2013-03-31": "62.75300", "2012-12-31": "65.36600", "2012-09-30": "61.11000", "2012-06-30": "60.66500", "2012-03-31": "57.20400", "2011-12-31": "57.75600", "2011-09-30": "68.71500", "2011-06-30": "33.98000", "2011-03-31": "38.88400", "2010-12-31": "37.57000", "2010-09-30": "24.66600", "2010-06-30": "25.99900", "2010-03-31": "23.11100", "2009-12-31": "", "2009-09-30": "19.00300", "2008-12-31": ""}, "Gross Profit": {"2020-09-30": "63.73400", "2020-06-30": "62.86600", "2020-03-31": "-17.69600", "2019-12-31": "190.18090", "2019-09-30": "100.55600", "2019-06-30": "100.02700", "2019-03-31": "120.78800", "2018-12-31": "163.81990", "2018-09-30": "124.84800", "2018-06-30": "78.03600", "2018-03-31": "84.08300", "2017-12-31": "105.34100", "2017-09-30": "102.57000", "2017-06-30": "131.31200", "2017-03-31": "106.94300", "2016-12-31": "111.54990", "2016-09-30": "100.04000", "2016-06-30": "130.29300", "2016-03-31": "113.94700", "2015-12-31": "116.01300", "2015-09-30": "99.16400", "2015-06-30": "87.09700", "2015-03-31": "62.63500", "2014-12-31": "120.36610", "2014-09-30": "47.48400", "2014-06-30": "123.90500", "2014-03-31": "37.77300", "2013-12-31": "55.25700", "2013-09-30": "28.92600", "2013-06-30": "61.32000", "2013-03-31": "27.33800", "2012-12-31": "43.00100", "2012-09-30": "33.70500", "2012-06-30": "33.27400", "2012-03-31": "22.56100", "2011-12-31": "27.33800", "2011-09-30": "17.95800", "2011-06-30": "16.84100", "2011-03-31": "14.21700", "2010-12-31": "13.26900", "2010-09-30": "7.79400", "2010-06-30": "4.63000", "2010-03-31": "5.67900", "2009-12-31": "", "2009-09-30": "11.25700", "2008-12-31": ""}, "Research And Development Expenses": {"2020-09-30": "", "2020-06-30": "", "2020-03-31": "", "2019-12-31": "", "2019-09-30": "", "2019-06-30": "", "2019-03-31": "", "2018-12-31": "", "2018-09-30": "", "2018-06-30": "", "2018-03-31": "", "2017-12-31": "", "2017-09-30": "", "2017-06-30": "", "2017-03-31": "", "2016-12-31": "", "2016-09-30": "", "2016-06-30": "", "2016-03-31": "", "2015-12-31": "", "2015-09-30": "", "2015-06-30": "", "2015-03-31": "", "2014-12-31": "", "2014-09-30": "", "2014-06-30": "", "2014-03-31": "", "2013-12-31": "", "2013-09-30": "", "2013-06-30": "", "2013-03-31": "", "2012-12-31": "", "2012-09-30": "", "2012-06-30": "", "2012-03-31": "", "2011-12-31": "", "2011-09-30": "", "2011-06-30": "", "2011-03-31": "", "2010-12-31": "", "2010-09-30": "", "2010-06-30": "", "2010-03-31": "", "2009-12-31": "", "2009-09-30": "", "2008-12-31": ""}, "SG&A Expenses": {"2020-09-30": "23.44100", "2020-06-30": "22.23300", "2020-03-31": "39.08100", "2019-12-31": "65.37800", "2019-09-30": "33.99000", "2019-06-30": "31.55100", "2019-03-31": "25.33200", "2018-12-31": "32.83000", "2018-09-30": "20.64500", "2018-06-30": "26.88600", "2018-03-31": "24.26400", "2017-12-31": "26.45900", "2017-09-30": "22.36200", "2017-06-30": "22.94400", "2017-03-31": "18.11700", "2016-12-31": "25.08300", "2016-09-30": "21.12800", "2016-06-30": "20.05300", "2016-03-31": "20.32400", "2015-12-31": "24.25000", "2015-09-30": "18.52600", "2015-06-30": "19.60600", "2015-03-31": "18.96300", "2014-12-31": "24.43100", "2014-09-30": "14.75900", "2014-06-30": "17.49700", "2014-03-31": "16.88200", "2013-12-31": "12.44800", "2013-09-30": "12.96400", "2013-06-30": "11.88300", "2013-03-31": "11.17100", "2012-12-31": "8.52500", "2012-09-30": "11.46400", "2012-06-30": "8.16000", "2012-03-31": "8.39900", "2011-12-31": "10.99000", "2011-09-30": "8.67300", "2011-06-30": "7.66200", "2011-03-31": "5.01700", "2010-12-31": "9.07500", "2010-09-30": "3.46700", "2010-06-30": "4.86100", "2010-03-31": "4.13500", "2009-12-31": "", "2009-09-30": "0.27800", "2008-12-31": ""}, "Other Operating Income Or Expenses": {"2020-09-30": "-1.90700", "2020-06-30": "5.92800", "2020-03-31": "-18.81500", "2019-12-31": "-67.61800", "2019-09-30": "20.16600", "2019-06-30": "3.84100", "2019-03-31": "-5.58200", "2018-12-31": "-22.57300", "2018-09-30": "-30.76800", "2018-06-30": "-30.35800", "2018-03-31": "-29.09200", "2017-12-31": "2.13400", "2017-09-30": "-19.93700", "2017-06-30": "-19.46500", "2017-03-31": "14.25200", "2016-12-31": "-19.01200", "2016-09-30": "-54.80600", "2016-06-30": "-11.65200", "2016-03-31": "122.31900", "2015-12-31": "-24.15200", "2015-09-30": "-19.09600", "2015-06-30": "-16.85000", "2015-03-31": "-5.70500", "2014-12-31": "-37.83300", "2014-09-30": "4.14300", "2014-06-30": "-3.15400", "2014-03-31": "3.56500", "2013-12-31": "11.25600", "2013-09-30": "4.72400", "2013-06-30": "5.13300", "2013-03-31": "-0.42900", "2012-12-31": "-0.82000", "2012-09-30": "1.88500", "2012-06-30": "-0.16400", "2012-03-31": "0.00000", "2011-12-31": "0.40900", "2011-09-30": "0.14100", "2011-06-30": "-0.30400", "2011-03-31": "-0.01100", "2010-12-31": "-503.45900", "2010-09-30": "-0.83600", "2010-06-30": "-0.46400", "2010-03-31": "-0.37900", "2009-12-31": "", "2009-09-30": "-40.58200", "2008-12-31": ""}, "Operating Expenses": {"2020-09-30": "168.44900", "2020-06-30": "156.57500", "2020-03-31": "312.40400", "2019-12-31": "267.63200", "2019-09-30": "184.53300", "2019-06-30": "397.91700", "2019-03-31": "300.14700", "2018-12-31": "394.44300", "2018-09-30": "214.84800", "2018-06-30": "189.30000", "2018-03-31": "159.14000", "2017-12-31": "234.67200", "2017-09-30": "234.36400", "2017-06-30": "254.50600", "2017-03-31": "154.20800", "2016-12-31": "220.18900", "2016-09-30": "241.48000", "2016-06-30": "199.87800", "2016-03-31": "46.69600", "2015-12-31": "189.20200", "2015-09-30": "166.89800", "2015-06-30": "183.59100", "2015-03-31": "138.63300", "2014-12-31": "169.90900", "2014-09-30": "95.37800", "2014-06-30": "117.85000", "2014-03-31": "84.70600", "2013-12-31": "90.52000", "2013-09-30": "88.91500", "2013-06-30": "97.97200", "2013-03-31": "80.79700", "2012-12-31": "81.42500", "2012-09-30": "77.45300", "2012-06-30": "74.88200", "2012-03-31": "70.66100", "2011-12-31": "71.52600", "2011-09-30": "84.45500", "2011-06-30": "45.13200", "2011-03-31": "47.11100", "2010-12-31": "554.13290", "2010-09-30": "33.07800", "2010-06-30": "35.29900", "2010-03-31": "32.07500", "2009-12-31": "", "2009-09-30": "72.68700", "2008-12-31": ""}, "Operating Income": {"2020-09-30": "-14.00900", "2020-06-30": "-0.40200", "2020-03-31": "-137.22900", "2019-12-31": "16.52890", "2019-09-30": "46.63900", "2019-06-30": "33.39900", "2019-03-31": "53.74300", "2018-12-31": "70.24990", "2018-09-30": "42.31200", "2018-06-30": "-8.29500", "2018-03-31": "2.53900", "2017-12-31": "66.31100", "2017-09-30": "24.37200", "2017-06-30": "54.13300", "2017-03-31": "77.55400", "2016-12-31": "59.37190", "2016-09-30": "0.78400", "2016-06-30": "73.63600", "2016-03-31": "192.97000", "2015-12-31": "40.19110", "2015-09-30": "36.54400", "2015-06-30": "25.57200", "2015-03-31": "16.45700", "2014-12-31": "37.14410", "2014-09-30": "23.85000", "2014-06-30": "91.78100", "2014-03-31": "13.94700", "2013-12-31": "43.43000", "2013-09-30": "10.70000", "2013-06-30": "47.79000", "2013-03-31": "9.29400", "2012-12-31": "26.94200", "2012-09-30": "17.36200", "2012-06-30": "19.05700", "2012-03-31": "9.10400", "2011-12-31": "13.56800", "2011-09-30": "2.21800", "2011-06-30": "5.68900", "2011-03-31": "5.99000", "2010-12-31": "-503.29390", "2010-09-30": "-0.61800", "2010-06-30": "-4.67000", "2010-03-31": "-3.28500", "2009-12-31": "", "2009-09-30": "-42.42700", "2008-12-31": ""}, "Total Non-Operating Income/Expense": {"2020-09-30": "222.15800", "2020-06-30": "-40.54500", "2020-03-31": "-21.95300", "2019-12-31": "-12.49200", "2019-09-30": "-7.87800", "2019-06-30": "-15.59800", "2019-03-31": "-10.80200", "2018-12-31": "-22.46200", "2018-09-30": "-10.97800", "2018-06-30": "-0.00100", "2018-03-31": "-0.14700", "2017-12-31": "3.37000", "2017-09-30": "-8.01000", "2017-06-30": "-34.71000", "2017-03-31": "-62.19800", "2016-12-31": "0.58500", "2016-09-30": "17.37400", "2016-06-30": "-39.97300", "2016-03-31": "16.02800", "2015-12-31": "-15.10400", "2015-09-30": "137.90500", "2015-06-30": "29.28700", "2015-03-31": "-120.13200", "2014-12-31": "7.85000", "2014-09-30": "22.35500", "2014-06-30": "-61.98200", "2014-03-31": "-95.50500", "2013-12-31": "-36.33400", "2013-09-30": "1.90500", "2013-06-30": "-110.92500", "2013-03-31": "-29.98500", "2012-12-31": "-28.57900", "2012-09-30": "-64.93600", "2012-06-30": "17.23600", "2012-03-31": "-116.84200", "2011-12-31": "4.39100", "2011-09-30": "155.04600", "2011-06-30": "61.26300", "2011-03-31": "-118.02000", "2010-12-31": "-132.99200", "2010-09-30": "0.60000", "2010-06-30": "-0.54100", "2010-03-31": "-0.60700", "2009-12-31": "", "2009-09-30": "-0.03100", "2008-12-31": ""}, "Pre-Tax Income": {"2020-09-30": "208.14900", "2020-06-30": "-40.94700", "2020-03-31": "-159.18200", "2019-12-31": "4.03700", "2019-09-30": "38.76100", "2019-06-30": "17.80100", "2019-03-31": "42.94100", "2018-12-31": "47.78800", "2018-09-30": "31.33400", "2018-06-30": "-8.29600", "2018-03-31": "2.39200", "2017-12-31": "69.68100", "2017-09-30": "16.36200", "2017-06-30": "19.42300", "2017-03-31": "15.35600", "2016-12-31": "59.95700", "2016-09-30": "18.15800", "2016-06-30": "33.66300", "2016-03-31": "208.99800", "2015-12-31": "25.08700", "2015-09-30": "174.44900", "2015-06-30": "54.85900", "2015-03-31": "-103.67500", "2014-12-31": "44.99400", "2014-09-30": "46.20500", "2014-06-30": "29.79900", "2014-03-31": "-81.55800", "2013-12-31": "7.09600", "2013-09-30": "12.60500", "2013-06-30": "-63.13500", "2013-03-31": "-20.69100", "2012-12-31": "-1.63700", "2012-09-30": "-47.57400", "2012-06-30": "36.29300", "2012-03-31": "-107.73800", "2011-12-31": "17.95900", "2011-09-30": "157.26400", "2011-06-30": "66.95200", "2011-03-31": "-112.03000", "2010-12-31": "-636.28590", "2010-09-30": "-0.01800", "2010-06-30": "-5.21100", "2010-03-31": "-3.89200", "2009-12-31": "", "2009-09-30": "-42.45800", "2008-12-31": ""}, "Income Taxes": {"2020-09-30": "44.14700", "2020-06-30": "-6.84400", "2020-03-31": "-34.10000", "2019-12-31": "5.03800", "2019-09-30": "8.71800", "2019-06-30": "4.47300", "2019-03-31": "11.01600", "2018-12-31": "9.86400", "2018-09-30": "7.48700", "2018-06-30": "-2.41700", "2018-03-31": "0.55800", "2017-12-31": "-77.64700", "2017-09-30": "5.84600", "2017-06-30": "16.30300", "2017-03-31": "9.69700", "2016-12-31": "16.36200", "2016-09-30": "10.16200", "2016-06-30": "26.69300", "2016-03-31": "65.23300", "2015-12-31": "-0.79400", "2015-09-30": "18.23700", "2015-06-30": "4.27400", "2015-03-31": "2.28400", "2014-12-31": "13.06500", "2014-09-30": "0.59000", "2014-06-30": "44.53200", "2014-03-31": "4.77300", "2013-12-31": "-11.44200", "2013-09-30": "5.17200", "2013-06-30": "13.36100", "2013-03-31": "2.47900", "2012-12-31": "-0.81600", "2012-09-30": "2.61800", "2012-06-30": "1.30100", "2012-03-31": "3.78400", "2011-12-31": "-13.98100", "2011-09-30": "-7.76000", "2011-06-30": "0.95900", "2011-03-31": "2.45700", "2010-12-31": "-651.06200", "2010-09-30": "-0.35000", "2010-06-30": "16.46700", "2010-03-31": "1.48600", "2009-12-31": "", "2009-09-30": "-21.89700", "2008-12-31": ""}, "Income After Taxes": {"2020-09-30": "164.00200", "2020-06-30": "-34.10300", "2020-03-31": "-125.08200", "2019-12-31": "-1.00100", "2019-09-30": "30.04300", "2019-06-30": "13.32800", "2019-03-31": "31.92500", "2018-12-31": "37.92400", "2018-09-30": "23.84700", "2018-06-30": "-5.87900", "2018-03-31": "1.83400", "2017-12-31": "147.32800", "2017-09-30": "10.51600", "2017-06-30": "3.12000", "2017-03-31": "5.65900", "2016-12-31": "43.59500", "2016-09-30": "7.99600", "2016-06-30": "6.97000", "2016-03-31": "143.76500", "2015-12-31": "25.88100", "2015-09-30": "156.21200", "2015-06-30": "50.58500", "2015-03-31": "-105.95900", "2014-12-31": "31.92900", "2014-09-30": "45.61500", "2014-06-30": "-14.73300", "2014-03-31": "-86.33100", "2013-12-31": "18.53800", "2013-09-30": "7.43300", "2013-06-30": "-76.49600", "2013-03-31": "-23.17000", "2012-12-31": "-0.82100", "2012-09-30": "-50.19200", "2012-06-30": "34.99200", "2012-03-31": "-111.52200", "2011-12-31": "31.94000", "2011-09-30": "165.02400", "2011-06-30": "65.99300", "2011-03-31": "-114.48700", "2010-12-31": "14.77600", "2010-09-30": "0.33200", "2010-06-30": "-21.67800", "2010-03-31": "-5.37800", "2009-12-31": "", "2009-09-30": "-20.56100", "2008-12-31": ""}, "Other Income": {"2020-09-30": "", "2020-06-30": "", "2020-03-31": "", "2019-12-31": "", "2019-09-30": "", "2019-06-30": "", "2019-03-31": "", "2018-12-31": "", "2018-09-30": "", "2018-06-30": "", "2018-03-31": "", "2017-12-31": "", "2017-09-30": "", "2017-06-30": "", "2017-03-31": "", "2016-12-31": "", "2016-09-30": "", "2016-06-30": "", "2016-03-31": "", "2015-12-31": "", "2015-09-30": "", "2015-06-30": "", "2015-03-31": "", "2014-12-31": "", "2014-09-30": "", "2014-06-30": "", "2014-03-31": "", "2013-12-31": "", "2013-09-30": "", "2013-06-30": "", "2013-03-31": "", "2012-12-31": "", "2012-09-30": "", "2012-06-30": "", "2012-03-31": "", "2011-12-31": "", "2011-09-30": "", "2011-06-30": "", "2011-03-31": "", "2010-12-31": "-14.15300", "2010-09-30": "-16.51500", "2010-06-30": "-10.01900", "2010-03-31": "-16.59500", "2009-12-31": "", "2009-09-30": "-1.81400", "2008-12-31": ""}, "Income From Continuous Operations": {"2020-09-30": "164.00200", "2020-06-30": "-34.10300", "2020-03-31": "-125.08200", "2019-12-31": "-1.00100", "2019-09-30": "30.04300", "2019-06-30": "13.32800", "2019-03-31": "31.92500", "2018-12-31": "37.92400", "2018-09-30": "23.84700", "2018-06-30": "-5.87900", "2018-03-31": "1.83400", "2017-12-31": "147.32800", "2017-09-30": "10.51600", "2017-06-30": "3.12000", "2017-03-31": "5.65900", "2016-12-31": "43.59500", "2016-09-30": "7.99600", "2016-06-30": "6.97000", "2016-03-31": "143.76500", "2015-12-31": "25.88100", "2015-09-30": "156.21200", "2015-06-30": "50.58500", "2015-03-31": "-105.95900", "2014-12-31": "31.92900", "2014-09-30": "45.61500", "2014-06-30": "-14.73300", "2014-03-31": "-86.33100", "2013-12-31": "18.53800", "2013-09-30": "7.43300", "2013-06-30": "-76.49600", "2013-03-31": "-23.17000", "2012-12-31": "-0.82100", "2012-09-30": "-50.19200", "2012-06-30": "34.99200", "2012-03-31": "-111.52200", "2011-12-31": "31.94000", "2011-09-30": "165.02400", "2011-06-30": "65.99300", "2011-03-31": "-114.48700", "2010-12-31": "-4.54900", "2010-09-30": "-16.18300", "2010-06-30": "-28.01700", "2010-03-31": "-20.48100", "2009-12-31": "", "2009-09-30": "-24.37900", "2008-12-31": ""}, "Income From Discontinued Operations": {"2020-09-30": "", "2020-06-30": "", "2020-03-31": "", "2019-12-31": "", "2019-09-30": "", "2019-06-30": "", "2019-03-31": "", "2018-12-31": "", "2018-09-30": "", "2018-06-30": "", "2018-03-31": "", "2017-12-31": "", "2017-09-30": "", "2017-06-30": "", "2017-03-31": "", "2016-12-31": "", "2016-09-30": "", "2016-06-30": "", "2016-03-31": "", "2015-12-31": "", "2015-09-30": "", "2015-06-30": "", "2015-03-31": "", "2014-12-31": "", "2014-09-30": "", "2014-06-30": "", "2014-03-31": "", "2013-12-31": "", "2013-09-30": "", "2013-06-30": "", "2013-03-31": "", "2012-12-31": "", "2012-09-30": "", "2012-06-30": "", "2012-03-31": "", "2011-12-31": "", "2011-09-30": "", "2011-06-30": "", "2011-03-31": "", "2010-12-31": "", "2010-09-30": "", "2010-06-30": "", "2010-03-31": "", "2009-12-31": "", "2009-09-30": "", "2008-12-31": ""}, "Net Income": {"2020-09-30": "139.71000", "2020-06-30": "-34.08400", "2020-03-31": "-125.13400", "2019-12-31": "-1.10000", "2019-09-30": "29.75800", "2019-06-30": "13.47700", "2019-03-31": "31.82100", "2018-12-31": "37.26100", "2018-09-30": "23.36500", "2018-06-30": "-5.08800", "2018-03-31": "1.47400", "2017-12-31": "149.12100", "2017-09-30": "10.50400", "2017-06-30": "3.12000", "2017-03-31": "5.65900", "2016-12-31": "43.59500", "2016-09-30": "7.97300", "2016-06-30": "6.97000", "2016-03-31": "143.76500", "2015-12-31": "25.88100", "2015-09-30": "156.22400", "2015-06-30": "50.57300", "2015-03-31": "-105.95900", "2014-12-31": "31.93000", "2014-09-30": "45.61500", "2014-06-30": "-14.76000", "2014-03-31": "-86.31600", "2013-12-31": "18.55300", "2013-09-30": "7.33500", "2013-06-30": "-76.55400", "2013-03-31": "-23.12400", "2012-12-31": "-0.92900", "2012-09-30": "-49.41100", "2012-06-30": "34.31000", "2012-03-31": "-112.25800", "2011-12-31": "31.42700", "2011-09-30": "164.29500", "2011-06-30": "65.97300", "2011-03-31": "-114.51500", "2010-12-31": "-4.63000", "2010-09-30": "-16.23000", "2010-06-30": "-28.04200", "2010-03-31": "-20.52900", "2009-12-31": "", "2009-09-30": "-24.41400", "2008-12-31": ""}, "EBITDA": {"2020-09-30": "37.02900", "2020-06-30": "49.62200", "2020-03-31": "-73.23900", "2019-12-31": "69.54990", "2019-09-30": "92.41700", "2019-06-30": "75.35500", "2019-03-31": "93.73400", "2018-12-31": "109.22690", "2018-09-30": "79.97900", "2018-06-30": "22.90900", "2018-03-31": "31.82800", "2017-12-31": "107.05000", "2017-09-30": "58.83200", "2017-06-30": "90.13600", "2017-03-31": "104.84800", "2016-12-31": "84.70790", "2016-09-30": "25.29400", "2016-06-30": "99.67900", "2016-03-31": "217.37100", "2015-12-31": "69.30910", "2015-09-30": "64.17000", "2015-06-30": "53.01000", "2015-03-31": "39.76700", "2014-12-31": "60.90610", "2014-09-30": "42.26500", "2014-06-30": "105.83200", "2014-03-31": "26.92300", "2013-12-31": "56.00500", "2013-09-30": "21.63800", "2013-06-30": "55.35600", "2013-03-31": "17.35500", "2012-12-31": "36.23200", "2012-09-30": "25.24100", "2012-06-30": "25.57500", "2012-03-31": "14.88000", "2011-12-31": "20.37400", "2011-09-30": "9.45200", "2011-06-30": "11.82400", "2011-03-31": "6.67800", "2010-12-31": "-499.15300", "2010-09-30": "4.95100", "2010-06-30": "-1.25400", "2010-03-31": "1.43500", "2009-12-31": "", "2009-09-30": "-42.42700", "2008-12-31": ""}, "EBIT": {"2020-09-30": "-14.00900", "2020-06-30": "-0.40200", "2020-03-31": "-137.22900", "2019-12-31": "16.52890", "2019-09-30": "46.63900", "2019-06-30": "33.39900", "2019-03-31": "53.74300", "2018-12-31": "70.25000", "2018-09-30": "42.31200", "2018-06-30": "-8.29500", "2018-03-31": "2.53900", "2017-12-31": "66.31100", "2017-09-30": "24.37200", "2017-06-30": "54.13300", "2017-03-31": "77.55400", "2016-12-31": "59.37200", "2016-09-30": "0.78400", "2016-06-30": "73.63600", "2016-03-31": "192.97000", "2015-12-31": "40.19110", "2015-09-30": "36.54400", "2015-06-30": "25.57200", "2015-03-31": "16.45700", "2014-12-31": "37.14400", "2014-09-30": "23.85000", "2014-06-30": "91.78100", "2014-03-31": "13.94700", "2013-12-31": "43.43000", "2013-09-30": "10.70000", "2013-06-30": "47.79000", "2013-03-31": "9.29400", "2012-12-31": "26.94200", "2012-09-30": "17.36200", "2012-06-30": "19.05700", "2012-03-31": "9.10400", "2011-12-31": "13.56800", "2011-09-30": "2.21800", "2011-06-30": "5.68900", "2011-03-31": "5.99000", "2010-12-31": "-503.29390", "2010-09-30": "-0.61800", "2010-06-30": "-4.67000", "2010-03-31": "-3.28500", "2009-12-31": "", "2009-09-30": "-42.42700", "2008-12-31": ""}, "Basic Shares Outstanding": {"2020-09-30": "55.54200", "2020-06-30": "55.53000", "2020-03-31": "43.38000", "2019-12-31": "43.13600", "2019-09-30": "43.13400", "2019-06-30": "43.11300", "2019-03-31": "43.10600", "2018-12-31": "43.03600", "2018-09-30": "43.06600", "2018-06-30": "42.57300", "2018-03-31": "42.97600", "2017-12-31": "41.36400", "2017-09-30": "42.84500", "2017-06-30": "40.37300", "2017-03-31": "39.79900", "2016-12-31": "39.49200", "2016-09-30": "39.50200", "2016-06-30": "39.49200", "2016-03-31": "39.47300", "2015-12-31": "39.47000", "2015-09-30": "39.47300", "2015-06-30": "39.46800", "2015-03-31": "39.46500", "2014-12-31": "39.46400", "2014-09-30": "39.46500", "2014-06-30": "39.45800", "2014-03-31": "39.45400", "2013-12-31": "39.44900", "2013-09-30": "39.45400", "2013-06-30": "39.44500", "2013-03-31": "39.44100", "2012-12-31": "38.12700", "2012-09-30": "37.91600", "2012-06-30": "37.90700", "2012-03-31": "37.90300", "2011-12-31": "37.90800", "2011-09-30": "37.91200", "2011-06-30": "37.89700", "2011-03-31": "37.90500", "2010-12-31": "37.72600", "2010-09-30": "37.71600", "2010-06-30": "37.71600", "2010-03-31": "37.71600", "2009-12-31": "", "2009-09-30": "", "2008-12-31": ""}, "Shares Outstanding": {"2020-09-30": "55.58500", "2020-06-30": "55.53000", "2020-03-31": "43.38000", "2019-12-31": "43.30800", "2019-09-30": "43.42800", "2019-06-30": "43.27100", "2019-03-31": "43.25700", "2018-12-31": "43.23700", "2018-09-30": "43.31700", "2018-06-30": "42.94200", "2018-03-31": "43.36300", "2017-12-31": "43.08900", "2017-09-30": "43.26700", "2017-06-30": "43.05100", "2017-03-31": "42.75700", "2016-12-31": "42.72900", "2016-09-30": "42.76000", "2016-06-30": "42.66400", "2016-03-31": "42.40000", "2015-12-31": "42.75400", "2015-09-30": "42.91300", "2015-06-30": "43.19700", "2015-03-31": "39.46500", "2014-12-31": "39.46400", "2014-09-30": "43.17100", "2014-06-30": "39.45800", "2014-03-31": "39.45400", "2013-12-31": "39.44900", "2013-09-30": "42.43900", "2013-06-30": "39.44500", "2013-03-31": "39.44100", "2012-12-31": "38.12700", "2012-09-30": "37.91600", "2012-06-30": "40.25100", "2012-03-31": "37.90300", "2011-12-31": "38.98200", "2011-09-30": "38.75500", "2011-06-30": "40.87000", "2011-03-31": "37.90500", "2010-12-31": "37.72600", "2010-09-30": "37.71600", "2010-06-30": "37.71600", "2010-03-31": "37.71600", "2009-12-31": "", "2009-09-30": "", "2008-12-31": ""}, "Basic EPS": {"2020-09-30": "2.52000", "2020-06-30": "-0.61000", "2020-03-31": "-2.88000", "2019-12-31": "-0.03000", "2019-09-30": "0.69000", "2019-06-30": "0.31000", "2019-03-31": "0.74000", "2018-12-31": "0.87000", "2018-09-30": "0.54000", "2018-06-30": "-0.12000", "2018-03-31": "0.03000", "2017-12-31": "3.60000", "2017-09-30": "0.25000", "2017-06-30": "0.08000", "2017-03-31": "0.14000", "2016-12-31": "1.10000", "2016-09-30": "0.20000", "2016-06-30": "0.18000", "2016-03-31": "3.64000", "2015-12-31": "0.65000", "2015-09-30": "3.96000", "2015-06-30": "1.28000", "2015-03-31": "-2.68000", "2014-12-31": "0.80000", "2014-09-30": "1.16000", "2014-06-30": "-0.37000", "2014-03-31": "-2.19000", "2013-12-31": "0.47000", "2013-09-30": "0.19000", "2013-06-30": "-1.94000", "2013-03-31": "-0.59000", "2012-12-31": "-0.01000", "2012-09-30": "-1.30000", "2012-06-30": "0.91000", "2012-03-31": "-2.96000", "2011-12-31": "0.83000", "2011-09-30": "4.33000", "2011-06-30": "1.74000", "2011-03-31": "-3.02000", "2010-12-31": "-0.13000", "2010-09-30": "-0.43000", "2010-06-30": "-0.74000", "2010-03-31": "-0.54000", "2009-12-31": "", "2009-09-30": "", "2008-12-31": ""}, "EPS - Earnings Per Share": {"2020-09-30": "2.51000", "2020-06-30": "-0.61000", "2020-03-31": "-2.88000", "2019-12-31": "-0.03000", "2019-09-30": "0.69000", "2019-06-30": "0.31000", "2019-03-31": "0.74000", "2018-12-31": "0.87000", "2018-09-30": "0.54000", "2018-06-30": "-0.12000", "2018-03-31": "0.03000", "2017-12-31": "3.47000", "2017-09-30": "0.24000", "2017-06-30": "0.07000", "2017-03-31": "0.13000", "2016-12-31": "1.69000", "2016-09-30": "0.19000", "2016-06-30": "0.16000", "2016-03-31": "2.69000", "2015-12-31": "3.34000", "2015-09-30": "0.76000", "2015-06-30": "0.18000", "2015-03-31": "-2.68000", "2014-12-31": "1.48000", "2014-09-30": "0.48000", "2014-06-30": "-0.37000", "2014-03-31": "-2.19000", "2013-12-31": "0.49000", "2013-09-30": "0.17000", "2013-06-30": "-1.94000", "2013-03-31": "-0.59000", "2012-12-31": "0.63000", "2012-09-30": "-1.30000", "2012-06-30": "0.27000", "2012-03-31": "-2.96000", "2011-12-31": "4.11000", "2011-09-30": "-0.14000", "2011-06-30": "0.22000", "2011-03-31": "-3.02000", "2010-12-31": "-0.13000", "2010-09-30": "-0.43000", "2010-06-30": "-0.74000", "2010-03-31": "-0.54000", "2009-12-31": "0.00000", "2009-09-30": "0.00000", "2008-12-31": "0.00000"}}, "balance sheet": {"Cash On Hand": {"2019-12-31": "620.13500", "2018-12-31": "724.21500", "2017-12-31": "964.30000", "2016-12-31": "665.51000", "2015-12-31": "445.30100", "2014-12-31": "560.45100", "2013-12-31": "894.94800", "2012-12-31": "229.19700", "2011-12-31": "227.56600", "2010-12-31": "284.68200", "2009-12-31": "3.20400", "2008-12-31": ""}, "Receivables": {"2019-12-31": "372.18700", "2018-12-31": "234.85800", "2017-12-31": "197.85200", "2016-12-31": "160.26800", "2015-12-31": "149.90800", "2014-12-31": "132.58400", "2013-12-31": "147.23900", "2012-12-31": "103.62500", "2011-12-31": "106.68800", "2010-12-31": "36.25700", "2009-12-31": "9.14500", "2008-12-31": ""}, "Inventory": {"2019-12-31": "", "2018-12-31": "", "2017-12-31": "", "2016-12-31": "", "2015-12-31": "", "2014-12-31": "", "2013-12-31": "", "2012-12-31": "", "2011-12-31": "", "2010-12-31": "", "2009-12-31": "", "2008-12-31": ""}, "Pre-Paid Expenses": {"2019-12-31": "", "2018-12-31": "", "2017-12-31": "", "2016-12-31": "", "2015-12-31": "", "2014-12-31": "", "2013-12-31": "", "2012-12-31": "", "2011-12-31": "", "2010-12-31": "", "2009-12-31": "", "2008-12-31": ""}, "Other Current Assets": {"2019-12-31": "", "2018-12-31": "", "2017-12-31": "", "2016-12-31": "", "2015-12-31": "", "2014-12-31": "", "2013-12-31": "", "2012-12-31": "", "2011-12-31": "", "2010-12-31": "", "2009-12-31": "", "2008-12-31": ""}, "Total Current Assets": {"2019-12-31": "1028.70100", "2018-12-31": "963.76700", "2017-12-31": "1168.01600", "2016-12-31": "825.93300", "2015-12-31": "596.87300", "2014-12-31": "721.66500", "2013-12-31": "1062.74100", "2012-12-31": "360.77500", "2011-12-31": "369.60800", "2010-12-31": "359.89300", "2009-12-31": "20.56300", "2008-12-31": ""}, "Property, Plant, And Equipment": {"2019-12-31": "6760.35500", "2018-12-31": "5782.39500", "2017-12-31": "5033.52700", "2016-12-31": "4734.02600", "2015-12-31": "4541.66300", "2014-12-31": "3959.37400", "2013-12-31": "2913.10500", "2012-12-31": "2634.10500", "2011-12-31": "2498.12500", "2010-12-31": "2083.04600", "2009-12-31": "2601.61700", "2008-12-31": ""}, "Long-Term Investments": {"2019-12-31": "", "2018-12-31": "", "2017-12-31": "", "2016-12-31": "", "2015-12-31": "", "2014-12-31": "", "2013-12-31": "", "2012-12-31": "", "2011-12-31": "", "2010-12-31": "", "2009-12-31": "", "2008-12-31": ""}, "Goodwill And Intangible Assets": {"2019-12-31": "", "2018-12-31": "", "2017-12-31": "", "2016-12-31": "", "2015-12-31": "", "2014-12-31": "", "2013-12-31": "", "2012-12-31": "", "2011-12-31": "", "2010-12-31": "", "2009-12-31": "", "2008-12-31": "0.00000"}, "Other Long-Term Assets": {"2019-12-31": "422.13000", "2018-12-31": "513.92300", "2017-12-31": "446.62000", "2016-12-31": "742.89200", "2015-12-31": "521.24200", "2014-12-31": "363.82200", "2013-12-31": "555.45500", "2012-12-31": "495.27100", "2011-12-31": "521.52200", "2010-12-31": "573.14900", "2009-12-31": "275.60300", "2008-12-31": ""}, "Total Long-Term Assets": {"2019-12-31": "7315.66700", "2018-12-31": "6392.03200", "2017-12-31": "5561.04800", "2016-12-31": "5541.44900", "2015-12-31": "5124.70900", "2014-12-31": "4383.60300", "2013-12-31": "3505.12700", "2012-12-31": "3142.26700", "2011-12-31": "3029.98500", "2010-12-31": "2662.81400", "2009-12-31": "2884.66400", "2008-12-31": ""}, "Total Assets": {"2019-12-31": "8413.76600", "2018-12-31": "7355.79900", "2017-12-31": "6729.06400", "2016-12-31": "6367.38200", "2015-12-31": "5721.58200", "2014-12-31": "5105.26800", "2013-12-31": "4567.86800", "2012-12-31": "3503.04200", "2011-12-31": "3399.59300", "2010-12-31": "3022.70700", "2009-12-31": "2905.22700", "2008-12-31": "0.00000"}, "Total Current Liabilities": {"2019-12-31": "733.14700", "2018-12-31": "779.27200", "2017-12-31": "521.71800", "2016-12-31": "572.01000", "2015-12-31": "515.35400", "2014-12-31": "466.01700", "2013-12-31": "283.99100", "2012-12-31": "170.52100", "2011-12-31": "129.84800", "2010-12-31": "78.83600", "2009-12-31": "68.06200", "2008-12-31": ""}, "Long Term Debt": {"2019-12-31": "4096.47000", "2018-12-31": "3181.21300", "2017-12-31": "2857.94500", "2016-12-31": "2690.74700", "2015-12-31": "2443.96200", "2014-12-31": "1978.80700", "2013-12-31": "1514.62300", "2012-12-31": "688.31200", "2011-12-31": "606.47700", "2010-12-31": "318.66000", "2009-12-31": "208.86000", "2008-12-31": ""}, "Other Non-Current Liabilities": {"2019-12-31": "", "2018-12-31": "", "2017-12-31": "", "2016-12-31": "332.17000", "2015-12-31": "309.15600", "2014-12-31": "370.73300", "2013-12-31": "434.74300", "2012-12-31": "256.06500", "2011-12-31": "257.70300", "2010-12-31": "367.42400", "2009-12-31": "341.96800", "2008-12-31": ""}, "Total Long Term Liabilities": {"2019-12-31": "4277.21800", "2018-12-31": "3338.40100", "2017-12-31": "3018.79500", "2016-12-31": "3223.86200", "2015-12-31": "2842.33900", "2014-12-31": "2411.74500", "2013-12-31": "2038.73100", "2012-12-31": "1021.52400", "2011-12-31": "940.14600", "2010-12-31": "764.76400", "2009-12-31": "1333.64500", "2008-12-31": ""}, "Total Liabilities": {"2019-12-31": "5080.77800", "2018-12-31": "4117.67300", "2017-12-31": "3540.51300", "2016-12-31": "3795.87200", "2015-12-31": "3357.69300", "2014-12-31": "2877.76200", "2013-12-31": "2322.72200", "2012-12-31": "1192.04500", "2011-12-31": "1069.99400", "2010-12-31": "843.60000", "2009-12-31": "1401.70700", "2008-12-31": "0.00000"}, "Common Stock Net": {"2019-12-31": "0.43700", "2018-12-31": "0.43600", "2017-12-31": "0.43300", "2016-12-31": "0.39800", "2015-12-31": "0.39800", "2014-12-31": "0.39600", "2013-12-31": "0.39600", "2012-12-31": "0.39500", "2011-12-31": "0.37900", "2010-12-31": "0.37900", "2009-12-31": "1504.36400", "2008-12-31": "0.00000"}, "Retained Earnings (Accumulated Deficit)": {"2019-12-31": "-46.38500", "2018-12-31": "-120.34100", "2017-12-31": "-109.50800", "2016-12-31": "-277.91200", "2015-12-31": "-480.21500", "2014-12-31": "-606.93400", "2013-12-31": "-583.40300", "2012-12-31": "-509.61300", "2011-12-31": "-381.32500", "2010-12-31": "-528.50500", "2009-12-31": "", "2008-12-31": ""}, "Comprehensive Income": {"2019-12-31": "-29.37200", "2018-12-31": "-8.12600", "2017-12-31": "-6.96500", "2016-12-31": "-6.78600", "2015-12-31": "-7.88900", "2014-12-31": "-7.71200", "2013-12-31": "-8.22200", "2012-12-31": "-9.57500", "2011-12-31": "-5.57800", "2010-12-31": "-1.62700", "2009-12-31": "-1.74400", "2008-12-31": ""}, "Other Share Holders Equity": {"2019-12-31": "", "2018-12-31": "", "2017-12-31": "", "2016-12-31": "", "2015-12-31": "", "2014-12-31": "", "2013-12-31": "", "2012-12-31": "", "2011-12-31": "", "2010-12-31": "", "2009-12-31": "", "2008-12-31": "0.00000"}, "Share Holder Equity": {"2019-12-31": "3332.98800", "2018-12-31": "3238.12600", "2017-12-31": "3188.55100", "2016-12-31": "2571.51000", "2015-12-31": "2363.88900", "2014-12-31": "2227.50600", "2013-12-31": "2245.14600", "2012-12-31": "2310.99700", "2011-12-31": "2329.59900", "2010-12-31": "2179.10700", "2009-12-31": "1503.52000", "2008-12-31": "0.00000"}, "Total Liabilities And Share Holders Equity": {"2019-12-31": "8413.76600", "2018-12-31": "7355.79900", "2017-12-31": "6729.06400", "2016-12-31": "6367.38200", "2015-12-31": "5721.58200", "2014-12-31": "5105.26800", "2013-12-31": "4567.86800", "2012-12-31": "3503.04200", "2011-12-31": "3399.59300", "2010-12-31": "3022.70700", "2009-12-31": "2905.22700", "2008-12-31": "0.00000"}}, "balance sheet, quarterly": {"Cash On Hand": {"2020-09-30": "1090.50100", "2020-06-30": "1188.28400", "2020-03-31": "1238.71300", "2019-12-31": "620.13500", "2019-09-30": "842.62900", "2019-06-30": "848.60000", "2019-03-31": "587.30600", "2018-12-31": "724.21500", "2018-09-30": "612.54800", "2018-06-30": "736.36900", "2018-03-31": "764.94300", "2017-12-31": "964.30000", "2017-09-30": "601.93400", "2017-06-30": "660.08600", "2017-03-31": "541.50800", "2016-12-31": "665.51000", "2016-09-30": "653.04100", "2016-06-30": "670.80000", "2016-03-31": "736.83400", "2015-12-31": "445.30100", "2015-09-30": "450.64700", "2015-06-30": "488.62900", "2015-03-31": "458.37200", "2014-12-31": "560.45100", "2014-09-30": "805.60600", "2014-06-30": "739.56800", "2014-03-31": "827.08700", "2013-12-31": "894.94800", "2013-09-30": "210.76000", "2013-06-30": "213.19600", "2013-03-31": "200.53600", "2012-12-31": "229.19700", "2012-09-30": "272.85400", "2012-06-30": "254.28800", "2012-03-31": "209.97400", "2011-12-31": "227.56600", "2011-09-30": "293.36300", "2011-06-30": "275.95600", "2011-03-31": "280.48100", "2010-12-31": "284.68200", "2010-09-30": "2.81100", "2010-06-30": "", "2010-03-31": "", "2009-12-31": "", "2009-09-30": "", "2008-12-31": ""}, "Receivables": {"2020-09-30": "341.53800", "2020-06-30": "340.90400", "2020-03-31": "314.77400", "2019-12-31": "293.02100", "2019-09-30": "383.64500", "2019-06-30": "293.14900", "2019-03-31": "262.26100", "2018-12-31": "234.85800", "2018-09-30": "253.00400", "2018-06-30": "236.32800", "2018-03-31": "217.82000", "2017-12-31": "197.85200", "2017-09-30": "202.75400", "2017-06-30": "187.77500", "2017-03-31": "170.36600", "2016-12-31": "160.26800", "2016-09-30": "209.93200", "2016-06-30": "203.79100", "2016-03-31": "186.40000", "2015-12-31": "149.90800", "2015-09-30": "168.24700", "2015-06-30": "160.95000", "2015-03-31": "148.33700", "2014-12-31": "132.58400", "2014-09-30": "148.34200", "2014-06-30": "141.38000", "2014-03-31": "130.92800", "2013-12-31": "147.23900", "2013-09-30": "145.02600", "2013-06-30": "135.64900", "2013-03-31": "118.80600", "2012-12-31": "103.62500", "2012-09-30": "118.91200", "2012-06-30": "110.02500", "2012-03-31": "104.41900", "2011-12-31": "106.68800", "2011-09-30": "125.60900", "2011-06-30": "7.03900", "2011-03-31": "7.09400", "2010-12-31": "36.25700", "2010-09-30": "14.05500", "2010-06-30": "", "2010-03-31": "", "2009-12-31": "", "2009-09-30": "", "2008-12-31": ""}, "Inventory": {"2020-09-30": "", "2020-06-30": "", "2020-03-31": "", "2019-12-31": "", "2019-09-30": "", "2019-06-30": "", "2019-03-31": "", "2018-12-31": "", "2018-09-30": "", "2018-06-30": "", "2018-03-31": "", "2017-12-31": "", "2017-09-30": "", "2017-06-30": "", "2017-03-31": "", "2016-12-31": "", "2016-09-30": "", "2016-06-30": "", "2016-03-31": "", "2015-12-31": "", "2015-09-30": "", "2015-06-30": "", "2015-03-31": "", "2014-12-31": "", "2014-09-30": "", "2014-06-30": "", "2014-03-31": "", "2013-12-31": "", "2013-09-30": "", "2013-06-30": "", "2013-03-31": "", "2012-12-31": "", "2012-09-30": "", "2012-06-30": "", "2012-03-31": "", "2011-12-31": "", "2011-09-30": "", "2011-06-30": "", "2011-03-31": "", "2010-12-31": "", "2010-09-30": "", "2010-06-30": "", "2010-03-31": "", "2009-12-31": "", "2009-09-30": "", "2008-12-31": ""}, "Pre-Paid Expenses": {"2020-09-30": "", "2020-06-30": "", "2020-03-31": "", "2019-12-31": "", "2019-09-30": "", "2019-06-30": "", "2019-03-31": "", "2018-12-31": "", "2018-09-30": "", "2018-06-30": "", "2018-03-31": "", "2017-12-31": "", "2017-09-30": "", "2017-06-30": "", "2017-03-31": "", "2016-12-31": "", "2016-09-30": "", "2016-06-30": "", "2016-03-31": "", "2015-12-31": "", "2015-09-30": "", "2015-06-30": "", "2015-03-31": "", "2014-12-31": "", "2014-09-30": "", "2014-06-30": "", "2014-03-31": "", "2013-12-31": "", "2013-09-30": "", "2013-06-30": "", "2013-03-31": "", "2012-12-31": "", "2012-09-30": "", "2012-06-30": "", "2012-03-31": "", "2011-12-31": "", "2011-09-30": "", "2011-06-30": "", "2011-03-31": "", "2010-12-31": "", "2010-09-30": "", "2010-06-30": "", "2010-03-31": "", "2009-12-31": "", "2009-09-30": "", "2008-12-31": ""}, "Other Current Assets": {"2020-09-30": "", "2020-06-30": "", "2020-03-31": "", "2019-12-31": "", "2019-09-30": "", "2019-06-30": "", "2019-03-31": "", "2018-12-31": "", "2018-09-30": "", "2018-06-30": "", "2018-03-31": "", "2017-12-31": "", "2017-09-30": "", "2017-06-30": "", "2017-03-31": "", "2016-12-31": "", "2016-09-30": "", "2016-06-30": "", "2016-03-31": "", "2015-12-31": "", "2015-09-30": "", "2015-06-30": "", "2015-03-31": "", "2014-12-31": "", "2014-09-30": "", "2014-06-30": "", "2014-03-31": "", "2013-12-31": "", "2013-09-30": "", "2013-06-30": "", "2013-03-31": "", "2012-12-31": "", "2012-09-30": "", "2012-06-30": "", "2012-03-31": "", "2011-12-31": "", "2011-09-30": "", "2011-06-30": "", "2011-03-31": "", "2010-12-31": "", "2010-09-30": "", "2010-06-30": "", "2010-03-31": "", "2009-12-31": "", "2009-09-30": "", "2008-12-31": ""}, "Total Current Assets": {"2020-09-30": "1484.17500", "2020-06-30": "1585.69900", "2020-03-31": "1589.48700", "2019-12-31": "949.53500", "2019-09-30": "1262.69900", "2019-06-30": "1142.04900", "2019-03-31": "854.29000", "2018-12-31": "963.76700", "2018-09-30": "905.77200", "2018-06-30": "976.78200", "2018-03-31": "991.07300", "2017-12-31": "1168.01600", "2017-09-30": "804.68800", "2017-06-30": "847.86100", "2017-03-31": "711.87400", "2016-12-31": "825.93300", "2016-09-30": "863.04200", "2016-06-30": "874.66000", "2016-03-31": "948.30990", "2015-12-31": "596.87300", "2015-09-30": "642.50400", "2015-06-30": "674.71700", "2015-03-31": "633.60100", "2014-12-31": "721.66500", "2014-09-30": "966.67200", "2014-06-30": "895.33300", "2014-03-31": "977.06600", "2013-12-31": "1062.74100", "2013-09-30": "374.90800", "2013-06-30": "371.82100", "2013-03-31": "345.61400", "2012-12-31": "360.77500", "2012-09-30": "420.44300", "2012-06-30": "394.49500", "2012-03-31": "348.08300", "2011-12-31": "369.60800", "2011-09-30": "458.11300", "2011-06-30": "320.40000", "2011-03-31": "326.45800", "2010-12-31": "359.89300", "2010-09-30": "16.86600", "2010-06-30": "", "2010-03-31": "", "2009-12-31": "", "2009-09-30": "", "2008-12-31": ""}, "Property, Plant, And Equipment": {"2020-09-30": "6634.42600", "2020-06-30": "6991.63100", "2020-03-31": "6872.71100", "2019-12-31": "6760.35500", "2019-09-30": "6135.41500", "2019-06-30": "6020.44400", "2019-03-31": "6025.06700", "2018-12-31": "5782.39500", "2018-09-30": "5901.37300", "2018-06-30": "5702.02700", "2018-03-31": "5359.83600", "2017-12-31": "5033.52700", "2017-09-30": "4957.14200", "2017-06-30": "4909.85300", "2017-03-31": "4847.32000", "2016-12-31": "4734.02600", "2016-09-30": "4609.27000", "2016-06-30": "4521.39500", "2016-03-31": "4412.89800", "2015-12-31": "4541.66300", "2015-09-30": "4448.97000", "2015-06-30": "4324.19700", "2015-03-31": "4192.00400", "2014-12-31": "3959.37400", "2014-09-30": "3537.78000", "2014-06-30": "3334.14200", "2014-03-31": "3065.06000", "2013-12-31": "2913.10500", "2013-09-30": "2796.47700", "2013-06-30": "2718.83700", "2013-03-31": "2683.56700", "2012-12-31": "2634.10500", "2012-09-30": "2603.82300", "2012-06-30": "2581.10300", "2012-03-31": "2503.13600", "2011-12-31": "2498.12500", "2011-09-30": "2490.06900", "2011-06-30": "2077.40600", "2011-03-31": "2080.14200", "2010-12-31": "2083.04600", "2010-09-30": "813.39600", "2010-06-30": "", "2010-03-31": "", "2009-12-31": "", "2009-09-30": "", "2008-12-31": ""}, "Long-Term Investments": {"2020-09-30": "", "2020-06-30": "", "2020-03-31": "", "2019-12-31": "", "2019-09-30": "", "2019-06-30": "", "2019-03-31": "", "2018-12-31": "", "2018-09-30": "", "2018-06-30": "", "2018-03-31": "", "2017-12-31": "", "2017-09-30": "", "2017-06-30": "", "2017-03-31": "", "2016-12-31": "", "2016-09-30": "", "2016-06-30": "", "2016-03-31": "", "2015-12-31": "", "2015-09-30": "", "2015-06-30": "", "2015-03-31": "", "2014-12-31": "", "2014-09-30": "", "2014-06-30": "", "2014-03-31": "", "2013-12-31": "", "2013-09-30": "", "2013-06-30": "", "2013-03-31": "", "2012-12-31": "", "2012-09-30": "", "2012-06-30": "", "2012-03-31": "", "2011-12-31": "", "2011-09-30": "", "2011-06-30": "", "2011-03-31": "", "2010-12-31": "", "2010-09-30": "", "2010-06-30": "", "2010-03-31": "", "2009-12-31": "", "2009-09-30": "", "2008-12-31": ""}, "Goodwill And Intangible Assets": {"2020-09-30": "", "2020-06-30": "", "2020-03-31": "", "2019-12-31": "", "2019-09-30": "", "2019-06-30": "", "2019-03-31": "", "2018-12-31": "", "2018-09-30": "", "2018-06-30": "", "2018-03-31": "", "2017-12-31": "", "2017-09-30": "", "2017-06-30": "", "2017-03-31": "", "2016-12-31": "", "2016-09-30": "", "2016-06-30": "", "2016-03-31": "", "2015-12-31": "", "2015-09-30": "", "2015-06-30": "", "2015-03-31": "", "2014-12-31": "", "2014-09-30": "", "2014-06-30": "", "2014-03-31": "", "2013-12-31": "", "2013-09-30": "", "2013-06-30": "", "2013-03-31": "", "2012-12-31": "", "2012-09-30": "", "2012-06-30": "", "2012-03-31": "", "2011-12-31": "", "2011-09-30": "", "2011-06-30": "", "2011-03-31": "", "2010-12-31": "", "2010-09-30": "", "2010-06-30": "0.00000", "2010-03-31": "0.00000", "2009-12-31": "", "2009-09-30": "0.00000", "2008-12-31": "0.00000"}, "Other Long-Term Assets": {"2020-09-30": "753.05400", "2020-06-30": "462.79600", "2020-03-31": "459.85000", "2019-12-31": "501.29600", "2019-09-30": "368.51700", "2019-06-30": "367.31100", "2019-03-31": "360.44400", "2018-12-31": "513.92300", "2018-09-30": "393.91400", "2018-06-30": "361.56900", "2018-03-31": "296.23800", "2017-12-31": "446.62000", "2017-09-30": "885.17400", "2017-06-30": "834.38400", "2017-03-31": "784.79300", "2016-12-31": "742.89200", "2016-09-30": "934.01800", "2016-06-30": "758.46500", "2016-03-31": "607.23400", "2015-12-31": "521.24200", "2015-09-30": "379.78700", "2015-06-30": "334.21000", "2015-03-31": "349.32600", "2014-12-31": "363.82200", "2014-09-30": "733.48700", "2014-06-30": "689.99900", "2014-03-31": "605.99200", "2013-12-31": "555.45500", "2013-09-30": "525.61100", "2013-06-30": "496.46000", "2013-03-31": "507.50000", "2012-12-31": "495.27100", "2012-09-30": "487.06400", "2012-06-30": "479.55600", "2012-03-31": "527.46000", "2011-12-31": "521.52200", "2011-09-30": "520.89500", "2011-06-30": "621.72200", "2011-03-31": "613.87100", "2010-12-31": "573.14900", "2010-09-30": "2055.26500", "2010-06-30": "", "2010-03-31": "", "2009-12-31": "", "2009-09-30": "", "2008-12-31": ""}, "Total Long-Term Assets": {"2020-09-30": "7499.98200", "2020-06-30": "7600.97700", "2020-03-31": "7471.89000", "2019-12-31": "7394.83300", "2019-09-30": "6614.86700", "2019-06-30": "6495.95300", "2019-03-31": "6489.61200", "2018-12-31": "6392.03200", "2018-09-30": "6391.09800", "2018-06-30": "6156.91500", "2018-03-31": "5746.91300", "2017-12-31": "5561.04800", "2017-09-30": "5919.00800", "2017-06-30": "5819.58800", "2017-03-31": "5696.26800", "2016-12-31": "5541.44900", "2016-09-30": "5607.34100", "2016-06-30": "5342.95900", "2016-03-31": "5083.66400", "2015-12-31": "5124.70900", "2015-09-30": "4902.02100", "2015-06-30": "4731.11200", "2015-03-31": "4615.17500", "2014-12-31": "4383.60300", "2014-09-30": "4344.49700", "2014-06-30": "4085.24800", "2014-03-31": "3722.67500", "2013-12-31": "3505.12700", "2013-09-30": "3344.32200", "2013-06-30": "3232.77500", "2013-03-31": "3200.79800", "2012-12-31": "3142.26700", "2012-09-30": "3103.62700", "2012-06-30": "3073.20800", "2012-03-31": "3042.20500", "2011-12-31": "3029.98500", "2011-09-30": "3018.86300", "2011-06-30": "2705.03100", "2011-03-31": "2700.08900", "2010-12-31": "2662.81400", "2010-09-30": "2875.55500", "2010-06-30": "", "2010-03-31": "", "2009-12-31": "", "2009-09-30": "", "2008-12-31": ""}, "Total Assets": {"2020-09-30": "9041.24500", "2020-06-30": "9244.55800", "2020-03-31": "9119.72400", "2019-12-31": "8413.76600", "2019-09-30": "7947.91500", "2019-06-30": "7709.17800", "2019-03-31": "7416.00700", "2018-12-31": "7355.79900", "2018-09-30": "7296.87000", "2018-06-30": "7133.69700", "2018-03-31": "6737.98600", "2017-12-31": "6729.06400", "2017-09-30": "6723.69600", "2017-06-30": "6667.44900", "2017-03-31": "6408.14200", "2016-12-31": "6367.38200", "2016-09-30": "6470.38300", "2016-06-30": "6217.61900", "2016-03-31": "6031.97400", "2015-12-31": "5721.58200", "2015-09-30": "5544.52400", "2015-06-30": "5405.82900", "2015-03-31": "5248.77600", "2014-12-31": "5105.26800", "2014-09-30": "5311.16900", "2014-06-30": "4980.58100", "2014-03-31": "4699.74100", "2013-12-31": "4567.86800", "2013-09-30": "3719.23000", "2013-06-30": "3604.59600", "2013-03-31": "3546.41200", "2012-12-31": "3503.04200", "2012-09-30": "3524.07000", "2012-06-30": "3467.70300", "2012-03-31": "3390.28800", "2011-12-31": "3399.59300", "2011-09-30": "3476.97600", "2011-06-30": "3025.43100", "2011-03-31": "3026.54700", "2010-12-31": "3022.70700", "2010-09-30": "2892.42100", "2010-06-30": "0.00000", "2010-03-31": "0.00000", "2009-12-31": "0.00000", "2009-09-30": "0.00000", "2008-12-31": "0.00000"}, "Total Current Liabilities": {"2020-09-30": "830.20900", "2020-06-30": "902.49400", "2020-03-31": "831.79300", "2019-12-31": "733.14700", "2019-09-30": "699.50900", "2019-06-30": "697.76300", "2019-03-31": "628.97100", "2018-12-31": "779.27200", "2018-09-30": "705.86400", "2018-06-30": "703.51400", "2018-03-31": "619.27100", "2017-12-31": "521.71800", "2017-09-30": "462.85300", "2017-06-30": "473.01300", "2017-03-31": "516.74200", "2016-12-31": "572.01000", "2016-09-30": "603.23700", "2016-06-30": "572.77200", "2016-03-31": "564.62100", "2015-12-31": "515.35400", "2015-09-30": "489.03500", "2015-06-30": "437.99800", "2015-03-31": "458.26700", "2014-12-31": "466.01700", "2014-09-30": "516.46100", "2014-06-30": "451.22800", "2014-03-31": "354.09100", "2013-12-31": "283.99100", "2013-09-30": "223.98000", "2013-06-30": "178.23200", "2013-03-31": "187.84200", "2012-12-31": "170.52100", "2012-09-30": "136.76000", "2012-06-30": "119.43500", "2012-03-31": "113.94400", "2011-12-31": "129.84800", "2011-09-30": "122.07900", "2011-06-30": "65.83900", "2011-03-31": "69.64000", "2010-12-31": "78.83600", "2010-09-30": "225.88300", "2010-06-30": "", "2010-03-31": "", "2009-12-31": "", "2009-09-30": "", "2008-12-31": ""}, "Long Term Debt": {"2020-09-30": "4219.33400", "2020-06-30": "4401.06300", "2020-03-31": "4304.59000", "2019-12-31": "4096.47000", "2019-09-30": "3624.68400", "2019-06-30": "3422.49000", "2019-03-31": "3241.98500", "2018-12-31": "3181.21300", "2018-09-30": "3261.21000", "2018-06-30": "3137.77300", "2018-03-31": "2895.77100", "2017-12-31": "2857.94500", "2017-09-30": "2993.44800", "2017-06-30": "3002.84600", "2017-03-31": "2750.25400", "2016-12-31": "2690.74700", "2016-09-30": "2847.00200", "2016-06-30": "2651.80500", "2016-03-31": "2543.63800", "2015-12-31": "2443.96200", "2015-09-30": "2322.29600", "2015-06-30": "2286.17400", "2015-03-31": "2123.61700", "2014-12-31": "1978.80700", "2014-09-30": "1880.91600", "2014-06-30": "1639.13300", "2014-03-31": "1559.38100", "2013-12-31": "1514.62300", "2013-09-30": "765.98000", "2013-06-30": "715.53000", "2013-03-31": "696.76100", "2012-12-31": "688.31200", "2012-09-30": "683.80400", "2012-06-30": "659.39700", "2012-03-31": "598.28700", "2011-12-31": "606.47700", "2011-09-30": "708.17200", "2011-06-30": "306.66800", "2011-03-31": "314.92400", "2010-12-31": "318.66000", "2010-09-30": "272.82500", "2010-06-30": "", "2010-03-31": "", "2009-12-31": "", "2009-09-30": "", "2008-12-31": ""}, "Other Non-Current Liabilities": {"2020-09-30": "", "2020-06-30": "", "2020-03-31": "", "2019-12-31": "", "2019-09-30": "", "2019-06-30": "", "2019-03-31": "", "2018-12-31": "", "2018-09-30": "", "2018-06-30": "", "2018-03-31": "", "2017-12-31": "", "2017-09-30": "", "2017-06-30": "", "2017-03-31": "313.79700", "2016-12-31": "332.17000", "2016-09-30": "349.37700", "2016-06-30": "331.67800", "2016-03-31": "281.28000", "2015-12-31": "309.15600", "2015-09-30": "313.45300", "2015-06-30": "437.03500", "2015-03-31": "479.59900", "2014-12-31": "370.73300", "2014-09-30": "676.58400", "2014-06-30": "686.84300", "2014-03-31": "533.04200", "2013-12-31": "434.74300", "2013-09-30": "409.52200", "2013-06-30": "404.18700", "2013-03-31": "291.16800", "2012-12-31": "256.06500", "2012-09-30": "425.95600", "2012-06-30": "359.58900", "2012-03-31": "381.54900", "2011-12-31": "257.70300", "2011-09-30": "275.57100", "2011-06-30": "442.73800", "2011-03-31": "497.72200", "2010-12-31": "367.42400", "2010-09-30": "138.09300", "2010-06-30": "", "2010-03-31": "", "2009-12-31": "", "2009-09-30": "", "2008-12-31": ""}, "Total Long Term Liabilities": {"2020-09-30": "4428.12800", "2020-06-30": "4532.75400", "2020-03-31": "4445.35300", "2019-12-31": "4277.21800", "2019-09-30": "3797.16000", "2019-06-30": "3588.52300", "2019-03-31": "3407.67500", "2018-12-31": "3338.40100", "2018-09-30": "3409.98000", "2018-06-30": "3279.57200", "2018-03-31": "3039.35200", "2017-12-31": "3018.79500", "2017-09-30": "3230.46100", "2017-06-30": "3226.94300", "2017-03-31": "3274.09400", "2016-12-31": "3223.86200", "2016-09-30": "3353.26100", "2016-06-30": "3141.66000", "2016-03-31": "2966.89000", "2015-12-31": "2842.33900", "2015-09-30": "2719.96300", "2015-06-30": "2790.81900", "2015-03-31": "2666.78400", "2014-12-31": "2411.74500", "2014-09-30": "2598.53800", "2014-06-30": "2381.52400", "2014-03-31": "2185.00500", "2013-12-31": "2038.73100", "2013-09-30": "1269.67400", "2013-06-30": "1209.04800", "2013-03-31": "1065.85400", "2012-12-31": "1021.52400", "2012-09-30": "1185.29800", "2012-06-30": "1095.86200", "2012-03-31": "1057.70400", "2011-12-31": "940.14600", "2011-09-30": "1056.08200", "2011-06-30": "828.67300", "2011-03-31": "892.28500", "2010-12-31": "764.76400", "2010-09-30": "1126.43400", "2010-06-30": "", "2010-03-31": "", "2009-12-31": "", "2009-09-30": "", "2008-12-31": ""}, "Total Liabilities": {"2020-09-30": "5327.58300", "2020-06-30": "5504.85500", "2020-03-31": "5347.12600", "2019-12-31": "5080.77800", "2019-09-30": "4567.85900", "2019-06-30": "4357.41100", "2019-03-31": "4108.53400", "2018-12-31": "4117.67300", "2018-09-30": "4115.84400", "2018-06-30": "3983.08600", "2018-03-31": "3658.62300", "2017-12-31": "3540.51300", "2017-09-30": "3693.31400", "2017-06-30": "3699.95600", "2017-03-31": "3790.83600", "2016-12-31": "3795.87200", "2016-09-30": "3956.49800", "2016-06-30": "3714.43200", "2016-03-31": "3531.51100", "2015-12-31": "3357.69300", "2015-09-30": "3208.99800", "2015-06-30": "3228.81700", "2015-03-31": "3125.05100", "2014-12-31": "2877.76200", "2014-09-30": "3114.99900", "2014-06-30": "2832.75200", "2014-03-31": "2539.09600", "2013-12-31": "2322.72200", "2013-09-30": "1493.65400", "2013-06-30": "1387.28000", "2013-03-31": "1253.69600", "2012-12-31": "1192.04500", "2012-09-30": "1322.05800", "2012-06-30": "1215.29700", "2012-03-31": "1171.64800", "2011-12-31": "1069.99400", "2011-09-30": "1178.16100", "2011-06-30": "894.51200", "2011-03-31": "961.92500", "2010-12-31": "843.60000", "2010-09-30": "1352.31700", "2010-06-30": "0.00000", "2010-03-31": "0.00000", "2009-12-31": "", "2009-09-30": "0.00000", "2008-12-31": "0.00000"}, "Common Stock Net": {"2020-09-30": "0.56100", "2020-06-30": "0.56100", "2020-03-31": "0.56100", "2019-12-31": "0.43700", "2019-09-30": "0.43800", "2019-06-30": "0.43700", "2019-03-31": "0.43700", "2018-12-31": "0.43600", "2018-09-30": "0.43600", "2018-06-30": "0.43600", "2018-03-31": "0.43600", "2017-12-31": "0.43300", "2017-09-30": "0.43300", "2017-06-30": "0.43200", "2017-03-31": "0.40400", "2016-12-31": "0.39800", "2016-09-30": "0.39800", "2016-06-30": "0.39800", "2016-03-31": "0.39800", "2015-12-31": "0.39800", "2015-09-30": "0.39800", "2015-06-30": "0.39800", "2015-03-31": "0.39700", "2014-12-31": "0.39600", "2014-09-30": "0.39600", "2014-06-30": "0.39600", "2014-03-31": "0.39600", "2013-12-31": "0.39600", "2013-09-30": "0.39600", "2013-06-30": "0.39600", "2013-03-31": "0.39500", "2012-12-31": "0.39500", "2012-09-30": "0.37900", "2012-06-30": "0.37900", "2012-03-31": "0.37900", "2011-12-31": "0.37900", "2011-09-30": "0.37900", "2011-06-30": "0.37900", "2011-03-31": "0.37900", "2010-12-31": "0.37900", "2010-09-30": "1540.85700", "2010-06-30": "0.00000", "2010-03-31": "0.00000", "2009-12-31": "", "2009-09-30": "0.00000", "2008-12-31": "0.00000"}, "Retained Earnings (Accumulated Deficit)": {"2020-09-30": "-65.91000", "2020-06-30": "-205.62100", "2020-03-31": "-171.53700", "2019-12-31": "-46.38500", "2019-09-30": "-45.28500", "2019-06-30": "-75.04300", "2019-03-31": "-88.52000", "2018-12-31": "-120.34100", "2018-09-30": "-157.60200", "2018-06-30": "-180.96700", "2018-03-31": "-175.87900", "2017-12-31": "-109.50800", "2017-09-30": "-258.62900", "2017-06-30": "-269.13300", "2017-03-31": "-272.25300", "2016-12-31": "-277.91200", "2016-09-30": "-321.50700", "2016-06-30": "-329.48000", "2016-03-31": "-336.45000", "2015-12-31": "-480.21500", "2015-09-30": "-506.09600", "2015-06-30": "-662.32000", "2015-03-31": "-712.89400", "2014-12-31": "-606.93400", "2014-09-30": "-638.86400", "2014-06-30": "-684.47900", "2014-03-31": "-669.71900", "2013-12-31": "-583.40300", "2013-09-30": "-601.95600", "2013-06-30": "-609.29100", "2013-03-31": "-532.73700", "2012-12-31": "-509.61300", "2012-09-30": "-508.68600", "2012-06-30": "-459.27500", "2012-03-31": "-493.58300", "2011-12-31": "-381.32500", "2011-09-30": "-412.75400", "2011-06-30": "-577.04700", "2011-03-31": "-643.02000", "2010-12-31": "-528.50500", "2010-09-30": "", "2010-06-30": "", "2010-03-31": "", "2009-12-31": "", "2009-09-30": "", "2008-12-31": ""}, "Comprehensive Income": {"2020-09-30": "-42.83100", "2020-06-30": "-61.11100", "2020-03-31": "-60.27300", "2019-12-31": "-29.37200", "2019-09-30": "-35.51300", "2019-06-30": "-28.54200", "2019-03-31": "-14.75900", "2018-12-31": "-8.12600", "2018-09-30": "4.45000", "2018-06-30": "2.51500", "2018-03-31": "-0.79700", "2017-12-31": "-6.96500", "2017-09-30": "-9.01700", "2017-06-30": "-9.15700", "2017-03-31": "-6.42800", "2016-12-31": "-6.78600", "2016-09-30": "-23.81800", "2016-06-30": "-24.15200", "2016-03-31": "-17.76000", "2015-12-31": "-7.88900", "2015-09-30": "-7.56900", "2015-06-30": "-7.11600", "2015-03-31": "-7.25900", "2014-12-31": "-7.71200", "2014-09-30": "-7.67700", "2014-06-30": "-8.28100", "2014-03-31": "-8.15600", "2013-12-31": "-8.22200", "2013-09-30": "-8.47900", "2013-06-30": "-7.77300", "2013-03-31": "-9.56700", "2012-12-31": "-9.57500", "2012-09-30": "-9.59000", "2012-06-30": "-8.30800", "2012-03-31": "-5.88600", "2011-12-31": "-5.57800", "2011-09-30": "-4.39900", "2011-06-30": "-2.50300", "2011-03-31": "-1.69200", "2010-12-31": "-1.62700", "2010-09-30": "-1.55600", "2010-06-30": "", "2010-03-31": "", "2009-12-31": "", "2009-09-30": "", "2008-12-31": ""}, "Other Share Holders Equity": {"2020-09-30": "", "2020-06-30": "", "2020-03-31": "", "2019-12-31": "", "2019-09-30": "", "2019-06-30": "", "2019-03-31": "", "2018-12-31": "", "2018-09-30": "", "2018-06-30": "", "2018-03-31": "", "2017-12-31": "", "2017-09-30": "", "2017-06-30": "", "2017-03-31": "", "2016-12-31": "", "2016-09-30": "", "2016-06-30": "", "2016-03-31": "", "2015-12-31": "", "2015-09-30": "", "2015-06-30": "", "2015-03-31": "", "2014-12-31": "", "2014-09-30": "", "2014-06-30": "", "2014-03-31": "", "2013-12-31": "", "2013-09-30": "", "2013-06-30": "", "2013-03-31": "", "2012-12-31": "", "2012-09-30": "", "2012-06-30": "", "2012-03-31": "", "2011-12-31": "", "2011-09-30": "", "2011-06-30": "", "2011-03-31": "", "2010-12-31": "", "2010-09-30": "", "2010-06-30": "0.00000", "2010-03-31": "0.00000", "2009-12-31": "", "2009-09-30": "0.00000", "2008-12-31": "0.00000"}, "Share Holder Equity": {"2020-09-30": "3713.66200", "2020-06-30": "3739.70300", "2020-03-31": "3772.59800", "2019-12-31": "3332.98800", "2019-09-30": "3380.05600", "2019-06-30": "3351.76700", "2019-03-31": "3307.47300", "2018-12-31": "3238.12600", "2018-09-30": "3181.02600", "2018-06-30": "3150.61100", "2018-03-31": "3079.36300", "2017-12-31": "3188.55100", "2017-09-30": "3030.38200", "2017-06-30": "2967.49300", "2017-03-31": "2617.30600", "2016-12-31": "2571.51000", "2016-09-30": "2513.88500", "2016-06-30": "2503.18700", "2016-03-31": "2500.46300", "2015-12-31": "2363.88900", "2015-09-30": "2335.52600", "2015-06-30": "2177.01200", "2015-03-31": "2123.72500", "2014-12-31": "2227.50600", "2014-09-30": "2196.17000", "2014-06-30": "2147.82900", "2014-03-31": "2160.64500", "2013-12-31": "2245.14600", "2013-09-30": "2225.57600", "2013-06-30": "2217.31600", "2013-03-31": "2292.71600", "2012-12-31": "2310.99700", "2012-09-30": "2202.01200", "2012-06-30": "2252.40600", "2012-03-31": "2218.64000", "2011-12-31": "2329.59900", "2011-09-30": "2298.81500", "2011-06-30": "2130.91900", "2011-03-31": "2064.62200", "2010-12-31": "2179.10700", "2010-09-30": "1540.10400", "2010-06-30": "0.00000", "2010-03-31": "0.00000", "2009-12-31": "", "2009-09-30": "0.00000", "2008-12-31": "0.00000"}, "Total Liabilities And Share Holders Equity": {"2020-09-30": "9041.24500", "2020-06-30": "9244.55800", "2020-03-31": "9119.72400", "2019-12-31": "8413.76600", "2019-09-30": "7947.91500", "2019-06-30": "7709.17800", "2019-03-31": "7416.00700", "2018-12-31": "7355.79900", "2018-09-30": "7296.87000", "2018-06-30": "7133.69700", "2018-03-31": "6737.98600", "2017-12-31": "6729.06400", "2017-09-30": "6723.69600", "2017-06-30": "6667.44900", "2017-03-31": "6408.14200", "2016-12-31": "6367.38200", "2016-09-30": "6470.38300", "2016-06-30": "6217.61900", "2016-03-31": "6031.97400", "2015-12-31": "5721.58200", "2015-09-30": "5544.52400", "2015-06-30": "5405.82900", "2015-03-31": "5248.77600", "2014-12-31": "5105.26800", "2014-09-30": "5311.16900", "2014-06-30": "4980.58100", "2014-03-31": "4699.74100", "2013-12-31": "4567.86800", "2013-09-30": "3719.23000", "2013-06-30": "3604.59600", "2013-03-31": "3546.41200", "2012-12-31": "3503.04200", "2012-09-30": "3524.07000", "2012-06-30": "3467.70300", "2012-03-31": "3390.28800", "2011-12-31": "3399.59300", "2011-09-30": "3476.97600", "2011-06-30": "3025.43100", "2011-03-31": "3026.54700", "2010-12-31": "3022.70700", "2010-09-30": "2892.42100", "2010-06-30": "0.00000", "2010-03-31": "0.00000", "2009-12-31": "", "2009-09-30": "0.00000", "2008-12-31": "0.00000"}}, "cash flow statement": {"Net Income/Loss": {"2019-12-31": "74.29500", "2018-12-31": "57.72600", "2017-12-31": "166.62300", "2016-12-31": "202.32600", "2015-12-31": "126.71900", "2014-12-31": "-23.52000", "2013-12-31": "-73.69500", "2012-12-31": "-127.54300", "2011-12-31": "148.47000", "2010-12-31": "-69.23000", "2009-12-31": "-703.81600", "2008-12-31": "-17.90900"}, "Total Depreciation And Amortization - Cash Flow": {"2019-12-31": "180.74600", "2018-12-31": "137.13700", "2017-12-31": "138.49600", "2016-12-31": "100.29000", "2015-12-31": "107.49200", "2014-12-31": "69.20400", "2013-12-31": "39.14000", "2012-12-31": "29.46300", "2011-12-31": "20.86300", "2010-12-31": "17.84600", "2009-12-31": "20.99000", "2008-12-31": "19.19300"}, "Other Non-Cash Items": {"2019-12-31": "19.10900", "2018-12-31": "-114.84500", "2017-12-31": "-607.75600", "2016-12-31": "-564.99300", "2015-12-31": "-454.86300", "2014-12-31": "-134.74900", "2013-12-31": "158.02700", "2012-12-31": "183.25400", "2011-12-31": "-129.61000", "2010-12-31": "-33.65500", "2009-12-31": "641.43800", "2008-12-31": "-97.39500"}, "Total Non-Cash Items": {"2019-12-31": "199.85500", "2018-12-31": "22.29200", "2017-12-31": "-469.26000", "2016-12-31": "-464.70300", "2015-12-31": "-347.37100", "2014-12-31": "-65.54500", "2013-12-31": "197.16700", "2012-12-31": "212.71700", "2011-12-31": "-108.74700", "2010-12-31": "-15.80900", "2009-12-31": "662.42800", "2008-12-31": "-78.20200"}, "Change In Accounts Receivable": {"2019-12-31": "24.51900", "2018-12-31": "26.20900", "2017-12-31": "24.03400", "2016-12-31": "29.29500", "2015-12-31": "50.22800", "2014-12-31": "45.20900", "2013-12-31": "5.93500", "2012-12-31": "51.57100", "2011-12-31": "27.50000", "2010-12-31": "0.53400", "2009-12-31": "-2.48700", "2008-12-31": "3.21500"}, "Change In Inventories": {"2019-12-31": "", "2018-12-31": "", "2017-12-31": "", "2016-12-31": "", "2015-12-31": "", "2014-12-31": "", "2013-12-31": "", "2012-12-31": "", "2011-12-31": "", "2010-12-31": "", "2009-12-31": "", "2008-12-31": ""}, "Change In Accounts Payable": {"2019-12-31": "", "2018-12-31": "", "2017-12-31": "", "2016-12-31": "", "2015-12-31": "", "2014-12-31": "", "2013-12-31": "", "2012-12-31": "", "2011-12-31": "", "2010-12-31": "", "2009-12-31": "", "2008-12-31": ""}, "Change In Assets/Liabilities": {"2019-12-31": "-118.19800", "2018-12-31": "83.61700", "2017-12-31": "435.98900", "2016-12-31": "518.50700", "2015-12-31": "164.48700", "2014-12-31": "-51.67200", "2013-12-31": "-20.40800", "2012-12-31": "1.20700", "2011-12-31": "-0.21700", "2010-12-31": "16.49400", "2009-12-31": "24.06400", "2008-12-31": "26.53900"}, "Total Change In Assets/Liabilities": {"2019-12-31": "-66.41800", "2018-12-31": "130.50200", "2017-12-31": "468.20400", "2016-12-31": "501.48000", "2015-12-31": "244.58200", "2014-12-31": "30.75000", "2013-12-31": "5.86000", "2012-12-31": "67.89000", "2011-12-31": "46.78500", "2010-12-31": "17.14000", "2009-12-31": "23.51800", "2008-12-31": "45.41200"}, "Cash Flow From Operating Activities": {"2019-12-31": "207.73200", "2018-12-31": "210.52000", "2017-12-31": "165.56700", "2016-12-31": "239.10300", "2015-12-31": "23.93000", "2014-12-31": "-58.31500", "2013-12-31": "129.33200", "2012-12-31": "153.06400", "2011-12-31": "86.50800", "2010-12-31": "-67.89900", "2009-12-31": "-17.87000", "2008-12-31": "-50.69900"}, "Net Change In Property, Plant, And Equipment": {"2019-12-31": "-1179.63700", "2018-12-31": "-811.99200", "2017-12-31": "-310.96900", "2016-12-31": "-412.33100", "2015-12-31": "-593.94500", "2014-12-31": "-767.52400", "2013-12-31": "-31.76800", "2012-12-31": "-1.22600", "2011-12-31": "-0.69000", "2010-12-31": "-111.83200", "2009-12-31": "-27.73800", "2008-12-31": "-314.10300"}, "Net Change In Intangible Assets": {"2019-12-31": "", "2018-12-31": "", "2017-12-31": "", "2016-12-31": "", "2015-12-31": "", "2014-12-31": "", "2013-12-31": "", "2012-12-31": "", "2011-12-31": "", "2010-12-31": "", "2009-12-31": "", "2008-12-31": ""}, "Net Acquisitions/Divestitures": {"2019-12-31": "", "2018-12-31": "", "2017-12-31": "", "2016-12-31": "-25.48000", "2015-12-31": "", "2014-12-31": "-9.60200", "2013-12-31": "10.81400", "2012-12-31": "-2.72100", "2011-12-31": "6.92200", "2010-12-31": "", "2009-12-31": "", "2008-12-31": ""}, "Net Change In Short-term Investments": {"2019-12-31": "", "2018-12-31": "", "2017-12-31": "", "2016-12-31": "", "2015-12-31": "", "2014-12-31": "", "2013-12-31": "", "2012-12-31": "", "2011-12-31": "", "2010-12-31": "", "2009-12-31": "", "2008-12-31": ""}, "Net Change In Long-Term Investments": {"2019-12-31": "", "2018-12-31": "", "2017-12-31": "3.36700", "2016-12-31": "399.86100", "2015-12-31": "32.08900", "2014-12-31": "3.13800", "2013-12-31": "-17.86500", "2012-12-31": "4.02700", "2011-12-31": "", "2010-12-31": "0.00300", "2009-12-31": "6.10400", "2008-12-31": "14.10400"}, "Net Change In Investments - Total": {"2019-12-31": "", "2018-12-31": "", "2017-12-31": "3.36700", "2016-12-31": "399.86100", "2015-12-31": "32.08900", "2014-12-31": "3.13800", "2013-12-31": "-17.86500", "2012-12-31": "4.02700", "2011-12-31": "", "2010-12-31": "0.00300", "2009-12-31": "6.10400", "2008-12-31": "14.10400"}, "Investing Activities - Other": {"2019-12-31": "-53.26000", "2018-12-31": "-29.77900", "2017-12-31": "-8.00200", "2016-12-31": "3.99200", "2015-12-31": "-13.71200", "2014-12-31": "27.53200", "2013-12-31": "-255.50600", "2012-12-31": "-81.42900", "2011-12-31": "-45.91200", "2010-12-31": "", "2009-12-31": "0.20200", "2008-12-31": "-0.20200"}, "Cash Flow From Investing Activities": {"2019-12-31": "-1232.89700", "2018-12-31": "-841.77100", "2017-12-31": "-315.60400", "2016-12-31": "-33.95800", "2015-12-31": "-575.56800", "2014-12-31": "-746.45600", "2013-12-31": "-294.32500", "2012-12-31": "-81.34900", "2011-12-31": "-39.68000", "2010-12-31": "-111.82900", "2009-12-31": "-21.43200", "2008-12-31": "-300.20100"}, "Net Long-Term Debt": {"2019-12-31": "905.59400", "2018-12-31": "334.16000", "2017-12-31": "151.06410", "2016-12-31": "202.20300", "2015-12-31": "480.01400", "2014-12-31": "477.37100", "2013-12-31": "840.38100", "2012-12-31": "12.57800", "2011-12-31": "-102.11600", "2010-12-31": "-22.10900", "2009-12-31": "-10.46500", "2008-12-31": "-15.50900"}, "Net Current Debt": {"2019-12-31": "", "2018-12-31": "", "2017-12-31": "", "2016-12-31": "", "2015-12-31": "", "2014-12-31": "", "2013-12-31": "", "2012-12-31": "", "2011-12-31": "", "2010-12-31": "", "2009-12-31": "", "2008-12-31": ""}, "Debt Issuance/Retirement Net - Total": {"2019-12-31": "905.59400", "2018-12-31": "334.16000", "2017-12-31": "151.06410", "2016-12-31": "202.20300", "2015-12-31": "480.01400", "2014-12-31": "477.37100", "2013-12-31": "840.38100", "2012-12-31": "12.57800", "2011-12-31": "-102.11600", "2010-12-31": "-22.10900", "2009-12-31": "-10.46500", "2008-12-31": "-15.50900"}, "Net Common Equity Issued/Repurchased": {"2019-12-31": "-50.38700", "2018-12-31": "-46.96700", "2017-12-31": "22.70800", "2016-12-31": "0.18000", "2015-12-31": "", "2014-12-31": "", "2013-12-31": "", "2012-12-31": "", "2011-12-31": "2.00000", "2010-12-31": "268.38500", "2009-12-31": "", "2008-12-31": ""}, "Net Total Equity Issued/Repurchased": {"2019-12-31": "-50.38700", "2018-12-31": "-46.96700", "2017-12-31": "22.70800", "2016-12-31": "0.18000", "2015-12-31": "", "2014-12-31": "", "2013-12-31": "", "2012-12-31": "", "2011-12-31": "2.00000", "2010-12-31": "268.38500", "2009-12-31": "", "2008-12-31": ""}, "Total Common And Preferred Stock Dividends Paid": {"2019-12-31": "", "2018-12-31": "", "2017-12-31": "-0.01200", "2016-12-31": "", "2015-12-31": "", "2014-12-31": "-0.01200", "2013-12-31": "-0.01200", "2012-12-31": "", "2011-12-31": "", "2010-12-31": "", "2009-12-31": "-0.01200", "2008-12-31": "-10.00200"}, "Financial Activities - Other": {"2019-12-31": "65.87800", "2018-12-31": "103.97300", "2017-12-31": "25.43800", "2016-12-31": "-2.52600", "2015-12-31": "-43.52600", "2014-12-31": "-7.08500", "2013-12-31": "-9.62500", "2012-12-31": "-82.66200", "2011-12-31": "-3.82800", "2010-12-31": "214.93000", "2009-12-31": "48.02000", "2008-12-31": "373.93500"}, "Cash Flow From Financial Activities": {"2019-12-31": "921.08500", "2018-12-31": "391.16600", "2017-12-31": "199.19800", "2016-12-31": "199.85700", "2015-12-31": "436.48800", "2014-12-31": "470.27400", "2013-12-31": "830.74400", "2012-12-31": "-70.08400", "2011-12-31": "-103.94400", "2010-12-31": "461.20600", "2009-12-31": "37.54300", "2008-12-31": "348.42400"}, "Net Cash Flow": {"2019-12-31": "-104.08000", "2018-12-31": "-240.08500", "2017-12-31": "49.16100", "2016-12-31": "405.00200", "2015-12-31": "-115.15000", "2014-12-31": "-334.49700", "2013-12-31": "665.75100", "2012-12-31": "1.63100", "2011-12-31": "-57.11600", "2010-12-31": "281.47800", "2009-12-31": "-1.75900", "2008-12-31": "-2.47600"}, "Stock-Based Compensation": {"2019-12-31": "", "2018-12-31": "", "2017-12-31": "", "2016-12-31": "", "2015-12-31": "", "2014-12-31": "", "2013-12-31": "", "2012-12-31": "", "2011-12-31": "", "2010-12-31": "", "2009-12-31": "", "2008-12-31": ""}, "Common Stock Dividends Paid": {"2019-12-31": "", "2018-12-31": "", "2017-12-31": "", "2016-12-31": "", "2015-12-31": "", "2014-12-31": "", "2013-12-31": "", "2012-12-31": "", "2011-12-31": "", "2010-12-31": "", "2009-12-31": "", "2008-12-31": "-9.99000"}}, "cash flow statement, quarterly": {"Net Income/Loss": {"2020-09-30": 164.002, "2020-06-30": -34.103, "2020-03-31": "-125.08200", "2019-12-31": -1.001, "2019-09-30": 30.043, "2019-06-30": 13.328, "2019-03-31": "31.92500", "2018-12-31": 37.924, "2018-09-30": 23.847, "2018-06-30": -5.879, "2018-03-31": "1.83400", "2017-12-31": 147.328, "2017-09-30": 10.516, "2017-06-30": 3.12, "2017-03-31": "5.65900", "2016-12-31": 43.595, "2016-09-30": 7.996, "2016-06-30": 6.97, "2016-03-31": "143.76500", "2015-12-31": 25.881, "2015-09-30": 156.212, "2015-06-30": 50.585, "2015-03-31": "-105.95900", "2014-12-31": 31.929, "2014-09-30": 45.615, "2014-06-30": -14.733, "2014-03-31": "-86.33100", "2013-12-31": 18.538, "2013-09-30": 7.433, "2013-06-30": -76.496, "2013-03-31": "-23.17000", "2012-12-31": -0.819, "2012-09-30": -50.192, "2012-06-30": 34.99, "2012-03-31": "-111.52200", "2011-12-31": 31.942, "2011-09-30": 165.022, "2011-06-30": 65.993, "2011-03-31": "-114.48700", "2010-12-31": -4.55, "2010-09-30": -16.182, "2010-06-30": -28.017, "2010-03-31": "-20.48100", "2009-12-31": -536.15, "2009-09-30": -149.76, "2008-12-31": -17.9}, "Total Depreciation And Amortization - Cash Flow": {"2020-09-30": 51.038, "2020-06-30": 50.024, "2020-03-31": "63.99000", "2019-12-31": 53.021, "2019-09-30": 45.778, "2019-06-30": 41.956, "2019-03-31": "39.99100", "2018-12-31": 38.977, "2018-09-30": 37.667, "2018-06-30": 31.204, "2018-03-31": "29.28900", "2017-12-31": 40.739, "2017-09-30": 34.46, "2017-06-30": 36.003, "2017-03-31": "27.29400", "2016-12-31": 25.336, "2016-09-30": 24.51, "2016-06-30": 26.043, "2016-03-31": "24.40100", "2015-12-31": 29.118, "2015-09-30": 27.626, "2015-06-30": 27.438, "2015-03-31": "23.31000", "2014-12-31": 23.762, "2014-09-30": 18.415, "2014-06-30": 14.051, "2014-03-31": "12.97600", "2013-12-31": 12.575, "2013-09-30": 10.938, "2013-06-30": 7.566, "2013-03-31": "8.06100", "2012-12-31": 9.29, "2012-09-30": 7.879, "2012-06-30": 6.518, "2012-03-31": "5.77600", "2011-12-31": 6.806, "2011-09-30": 7.234, "2011-06-30": 6.135, "2011-03-31": "0.68800", "2010-12-31": 4.141, "2010-09-30": 5.569, "2010-06-30": 3.416, "2010-03-31": "4.72000", "2009-12-31": 5.305, "2009-09-30": -3.505, "2008-12-31": 19.19}, "Other Non-Cash Items": {"2020-09-30": -283.274, "2020-06-30": -70.758, "2020-03-31": "20.31300", "2019-12-31": -54.141, "2019-09-30": -118.997, "2019-06-30": 129.797, "2019-03-31": "62.45000", "2018-12-31": 146.009, "2018-09-30": -81.1, "2018-06-30": -79.602, "2018-03-31": "-100.15200", "2017-12-31": -232.761, "2017-09-30": -147.098, "2017-06-30": -126.654, "2017-03-31": "-101.24300", "2016-12-31": -123.115, "2016-09-30": -118.809, "2016-06-30": -86.597, "2016-03-31": "-236.47200", "2015-12-31": -152.767, "2015-09-30": -212.05, "2015-06-30": -139.507, "2015-03-31": "49.46100", "2014-12-31": -160.824, "2014-09-30": -64.811, "2014-06-30": 10.732, "2014-03-31": "80.15400", "2013-12-31": 44.92, "2013-09-30": -54.664, "2013-06-30": 140.921, "2013-03-31": "26.85000", "2012-12-31": 14.456, "2012-09-30": 64.634, "2012-06-30": -14.837, "2012-03-31": "119.00100", "2011-12-31": -26.198, "2011-09-30": -169.349, "2011-06-30": -60.652, "2011-03-31": "126.58900", "2010-12-31": 4.655, "2010-09-30": -6.1, "2010-06-30": -20.305, "2010-03-31": "-11.90500", "2009-12-31": -167.773, "2009-09-30": 167.773, "2008-12-31": 0}, "Total Non-Cash Items": {"2020-09-30": -232.236, "2020-06-30": -20.734, "2020-03-31": "84.30300", "2019-12-31": -1.12, "2019-09-30": -73.219, "2019-06-30": 171.753, "2019-03-31": "102.44100", "2018-12-31": 184.986, "2018-09-30": -43.433, "2018-06-30": -48.398, "2018-03-31": "-70.86300", "2017-12-31": -192.022, "2017-09-30": -112.638, "2017-06-30": -90.651, "2017-03-31": "-73.94900", "2016-12-31": -97.779, "2016-09-30": -94.299, "2016-06-30": -60.554, "2016-03-31": "-212.07100", "2015-12-31": -123.649, "2015-09-30": -184.424, "2015-06-30": -112.069, "2015-03-31": "72.77100", "2014-12-31": -137.062, "2014-09-30": -46.396, "2014-06-30": 24.783, "2014-03-31": "93.13000", "2013-12-31": 57.495, "2013-09-30": -43.726, "2013-06-30": 148.487, "2013-03-31": "34.91100", "2012-12-31": 23.746, "2012-09-30": 72.513, "2012-06-30": -8.319, "2012-03-31": "124.77700", "2011-12-31": -19.392, "2011-09-30": -162.115, "2011-06-30": -54.517, "2011-03-31": "127.27700", "2010-12-31": 8.796, "2010-09-30": -0.531, "2010-06-30": -16.889, "2010-03-31": "-7.18500", "2009-12-31": -162.468, "2009-09-30": 164.268, "2008-12-31": 19.19}, "Change In Accounts Receivable": {"2020-09-30": -2.619, "2020-06-30": -24.491, "2020-03-31": "9.59600", "2019-12-31": 27.063, "2019-09-30": 7.725, "2019-06-30": -4.59, "2019-03-31": "-5.67900", "2018-12-31": 70.199, "2018-09-30": -38.515, "2018-06-30": 0.625, "2018-03-31": "-6.10000", "2017-12-31": 22.432, "2017-09-30": 1.33, "2017-06-30": -2.906, "2017-03-31": "3.17800", "2016-12-31": 29.328, "2016-09-30": 3.197, "2016-06-30": -7.794, "2016-03-31": "4.56400", "2015-12-31": 51.42, "2015-09-30": -0.077, "2015-06-30": 1.765, "2015-03-31": "-2.88000", "2014-12-31": 19.021, "2014-09-30": 2.343, "2014-06-30": 4.065, "2014-03-31": "19.78000", "2013-12-31": 4.085, "2013-09-30": 2.931, "2013-06-30": 2.391, "2013-03-31": "-3.47200", "2012-12-31": 38.287, "2012-09-30": 3.602, "2012-06-30": 5.912, "2012-03-31": "3.77000", "2011-12-31": 29.322, "2011-09-30": -4.334, "2011-06-30": 2.587, "2011-03-31": "-0.07500", "2010-12-31": -8.849, "2010-09-30": 2.918, "2010-06-30": 6.029, "2010-03-31": "0.43600", "2009-12-31": 0.836, "2009-09-30": -0.836, "2008-12-31": 0}, "Change In Inventories": {"2020-09-30": 0, "2020-06-30": 0, "2020-03-31": "", "2019-12-31": 0, "2019-09-30": 0, "2019-06-30": 0, "2019-03-31": "", "2018-12-31": 0, "2018-09-30": 0, "2018-06-30": 0, "2018-03-31": "", "2017-12-31": 0, "2017-09-30": 0, "2017-06-30": 0, "2017-03-31": "", "2016-12-31": 0, "2016-09-30": 0, "2016-06-30": 0, "2016-03-31": "", "2015-12-31": 0, "2015-09-30": 0, "2015-06-30": 0, "2015-03-31": "", "2014-12-31": 0, "2014-09-30": 0, "2014-06-30": 0, "2014-03-31": "", "2013-12-31": 0, "2013-09-30": 0, "2013-06-30": 0, "2013-03-31": "", "2012-12-31": 0, "2012-09-30": 0, "2012-06-30": 0, "2012-03-31": "", "2011-12-31": 0, "2011-09-30": 0, "2011-06-30": 0, "2011-03-31": "", "2010-12-31": 0, "2010-09-30": 0, "2010-06-30": 0, "2010-03-31": "", "2009-12-31": 0, "2009-09-30": 0, "2008-12-31": 0}, "Change In Accounts Payable": {"2020-09-30": 0, "2020-06-30": 0, "2020-03-31": "", "2019-12-31": 0, "2019-09-30": 0, "2019-06-30": 0, "2019-03-31": "", "2018-12-31": 0, "2018-09-30": 0, "2018-06-30": 0, "2018-03-31": "", "2017-12-31": 0, "2017-09-30": 0, "2017-06-30": 0, "2017-03-31": "", "2016-12-31": 0, "2016-09-30": 0, "2016-06-30": 0, "2016-03-31": "", "2015-12-31": 0, "2015-09-30": 0, "2015-06-30": 0, "2015-03-31": "", "2014-12-31": 0, "2014-09-30": 0, "2014-06-30": 0, "2014-03-31": "", "2013-12-31": 0, "2013-09-30": 0, "2013-06-30": 0, "2013-03-31": "", "2012-12-31": 0, "2012-09-30": 0, "2012-06-30": 0, "2012-03-31": "", "2011-12-31": 0, "2011-09-30": 0, "2011-06-30": 0, "2011-03-31": "", "2010-12-31": 0, "2010-09-30": 0, "2010-06-30": 0, "2010-03-31": "", "2009-12-31": 0, "2009-09-30": 0, "2008-12-31": 0}, "Change In Assets/Liabilities": {"2020-09-30": 7.645, "2020-06-30": 31.455, "2020-03-31": "5.44500", "2019-12-31": 8.772, "2019-09-30": 5.36, "2019-06-30": -1.246, "2019-03-31": "-131.08400", "2018-12-31": 22.259, "2018-09-30": 23.579, "2018-06-30": -0.814, "2018-03-31": "38.59300", "2017-12-31": 167.359, "2017-09-30": 219.116, "2017-06-30": 22.712, "2017-03-31": "26.80200", "2016-12-31": 509.545, "2016-09-30": -4.121, "2016-06-30": 0.447, "2016-03-31": "12.63600", "2015-12-31": 46.832, "2015-09-30": 11.795, "2015-06-30": 83.959, "2015-03-31": "21.90100", "2014-12-31": -7.32, "2014-09-30": -18.666, "2014-06-30": -25.012, "2014-03-31": "-0.67400", "2013-12-31": -74.112, "2013-09-30": 41.022, "2013-06-30": 9.252, "2013-03-31": "3.43000", "2012-12-31": 2.137, "2012-09-30": -1.381, "2012-06-30": 5.161, "2012-03-31": "-4.71000", "2011-12-31": 5.575, "2011-09-30": 3.759, "2011-06-30": -9.044, "2011-03-31": "-0.50700", "2010-12-31": 13.62, "2010-09-30": 10.379, "2010-06-30": -15.145, "2010-03-31": "7.64000", "2009-12-31": 2.746, "2009-09-30": -2.746, "2008-12-31": 0}, "Total Change In Assets/Liabilities": {"2020-09-30": -2.921, "2020-06-30": 29.375, "2020-03-31": "-32.40200", "2019-12-31": 72.657, "2019-09-30": 20.115, "2019-06-30": 34.859, "2019-03-31": "-194.04900", "2018-12-31": 127.428, "2018-09-30": -8.407, "2018-06-30": 28.873, "2018-03-31": "-17.39200", "2017-12-31": 234.579, "2017-09-30": 224.365, "2017-06-30": 38.389, "2017-03-31": "-29.12900", "2016-12-31": 511.57, "2016-09-30": 4.855, "2016-06-30": -40.89, "2016-03-31": "25.94500", "2015-12-31": 89.054, "2015-09-30": 61.813, "2015-06-30": 82.429, "2015-03-31": "11.28600", "2014-12-31": 30.859, "2014-09-30": 7.472, "2014-06-30": -27.007, "2014-03-31": "19.42600", "2013-12-31": -55.467, "2013-09-30": 55.644, "2013-06-30": 0.785, "2013-03-31": "4.89800", "2012-12-31": 70.877, "2012-09-30": 7.388, "2012-06-30": 3.758, "2012-03-31": "-14.13300", "2011-12-31": 52.006, "2011-09-30": 2.052, "2011-06-30": 0.847, "2011-03-31": "-8.12000", "2010-12-31": -11.646, "2010-09-30": 7.376, "2010-06-30": 13.45, "2010-03-31": "7.96000", "2009-12-31": 56.211, "2009-09-30": -78.111, "2008-12-31": 45.41}, "Cash Flow From Operating Activities": {"2020-09-30": -71.155, "2020-06-30": -25.462, "2020-03-31": "-73.18100", "2019-12-31": 70.536, "2019-09-30": -23.061, "2019-06-30": 219.94, "2019-03-31": "-59.68300", "2018-12-31": 350.338, "2018-09-30": -27.993, "2018-06-30": -25.404, "2018-03-31": "-86.42100", "2017-12-31": 189.885, "2017-09-30": 122.243, "2017-06-30": -49.142, "2017-03-31": "-97.41900", "2016-12-31": 457.386, "2016-09-30": -81.448, "2016-06-30": -94.474, "2016-03-31": "-42.36100", "2015-12-31": -8.714, "2015-09-30": 33.601, "2015-06-30": 20.945, "2015-03-31": "-21.90200", "2014-12-31": -74.274, "2014-09-30": 6.691, "2014-06-30": -16.957, "2014-03-31": "26.22500", "2013-12-31": 20.566, "2013-09-30": 19.351, "2013-06-30": 72.776, "2013-03-31": "16.63900", "2012-12-31": 93.804, "2012-09-30": 29.709, "2012-06-30": 30.429, "2012-03-31": "-0.87800", "2011-12-31": 64.556, "2011-09-30": 4.959, "2011-06-30": 12.323, "2011-03-31": "4.67000", "2010-12-31": -7.4, "2010-09-30": -9.337, "2010-06-30": -31.456, "2010-03-31": "-19.70600", "2009-12-31": -0.967, "2009-09-30": 33.787, "2008-12-31": -50.69}, "Net Change In Property, Plant, And Equipment": {"2020-09-30": -129.081, "2020-06-30": -95.857, "2020-03-31": "-155.11100", "2019-12-31": -691.423, "2019-09-30": -174.147, "2019-06-30": -138.141, "2019-03-31": "-175.92600", "2018-12-31": -144.745, "2018-09-30": -484.811, "2018-06-30": -90.459, "2018-03-31": "-91.97700", "2017-12-31": -82.743, "2017-09-30": -244.008, "2017-06-30": 94.015, "2017-03-31": "-78.23300", "2016-12-31": -480.096, "2016-09-30": -88.877, "2016-06-30": -104.842, "2016-03-31": "261.48400", "2015-12-31": -95.727, "2015-09-30": -494.355, "2015-06-30": 216.908, "2015-03-31": "-220.77100", "2014-12-31": -293.814, "2014-09-30": -469.193, "2014-06-30": -2.464, "2014-03-31": "-2.05300", "2013-12-31": -5.241, "2013-09-30": -21.704, "2013-06-30": -3.26, "2013-03-31": "-1.56300", "2012-12-31": 1.13, "2012-09-30": 17.68, "2012-06-30": -12.431, "2012-03-31": "-7.60500", "2011-12-31": 24.325, "2011-09-30": -6.45, "2011-06-30": -9.425, "2011-03-31": "-9.14000", "2010-12-31": -40.763, "2010-09-30": -33.959, "2010-06-30": -27.768, "2010-03-31": "-9.34200", "2009-12-31": 23.76, "2009-09-30": -23.76, "2008-12-31": 0}, "Net Change In Intangible Assets": {"2020-09-30": 0, "2020-06-30": 0, "2020-03-31": "", "2019-12-31": 0, "2019-09-30": 0, "2019-06-30": 0, "2019-03-31": "", "2018-12-31": 0, "2018-09-30": 0, "2018-06-30": 0, "2018-03-31": "", "2017-12-31": 0, "2017-09-30": 0, "2017-06-30": 0, "2017-03-31": "", "2016-12-31": 0, "2016-09-30": 0, "2016-06-30": 0, "2016-03-31": "", "2015-12-31": 0, "2015-09-30": 0, "2015-06-30": 0, "2015-03-31": "", "2014-12-31": 0, "2014-09-30": 0, "2014-06-30": 0, "2014-03-31": "", "2013-12-31": 0, "2013-09-30": 0, "2013-06-30": 0, "2013-03-31": "", "2012-12-31": 0, "2012-09-30": 0, "2012-06-30": 0, "2012-03-31": "", "2011-12-31": 0, "2011-09-30": 0, "2011-06-30": 0, "2011-03-31": "", "2010-12-31": 0, "2010-09-30": 0, "2010-06-30": 0, "2010-03-31": "", "2009-12-31": 0, "2009-09-30": 0, "2008-12-31": 0}, "Net Acquisitions/Divestitures": {"2020-09-30": 0, "2020-06-30": 0, "2020-03-31": "", "2019-12-31": 0.579, "2019-09-30": -0.579, "2019-06-30": 0, "2019-03-31": "", "2018-12-31": 0, "2018-09-30": 0, "2018-06-30": 0, "2018-03-31": "", "2017-12-31": 15.404, "2017-09-30": -15.404, "2017-06-30": 15.404, "2017-03-31": "-15.40400", "2016-12-31": -22.375, "2016-09-30": -3.105, "2016-06-30": 0, "2016-03-31": "", "2015-12-31": -25.139, "2015-09-30": 25.139, "2015-06-30": 0, "2015-03-31": "", "2014-12-31": -21.555, "2014-09-30": 6.453, "2014-06-30": 0, "2014-03-31": "5.50000", "2013-12-31": -0.017, "2013-09-30": 10.831, "2013-06-30": 0, "2013-03-31": "", "2012-12-31": 0, "2012-09-30": 0, "2012-06-30": -2.721, "2012-03-31": "", "2011-12-31": 0.299, "2011-09-30": 6.623, "2011-06-30": 0, "2011-03-31": "", "2010-12-31": 0, "2010-09-30": 0, "2010-06-30": 0, "2010-03-31": "", "2009-12-31": 0, "2009-09-30": 0, "2008-12-31": 0}, "Net Change In Short-term Investments": {"2020-09-30": 0, "2020-06-30": 0, "2020-03-31": "", "2019-12-31": 0, "2019-09-30": 0, "2019-06-30": 0, "2019-03-31": "", "2018-12-31": 0, "2018-09-30": 0, "2018-06-30": 0, "2018-03-31": "", "2017-12-31": 0, "2017-09-30": 0, "2017-06-30": 0, "2017-03-31": "", "2016-12-31": 0, "2016-09-30": 0, "2016-06-30": 0, "2016-03-31": "", "2015-12-31": 0, "2015-09-30": 0, "2015-06-30": 0, "2015-03-31": "", "2014-12-31": 0, "2014-09-30": 0, "2014-06-30": 0, "2014-03-31": "", "2013-12-31": 0, "2013-09-30": 0, "2013-06-30": 0, "2013-03-31": "", "2012-12-31": 0, "2012-09-30": 0, "2012-06-30": 0, "2012-03-31": "", "2011-12-31": 0, "2011-09-30": 0, "2011-06-30": 0, "2011-03-31": "", "2010-12-31": 0, "2010-09-30": 0, "2010-06-30": 0, "2010-03-31": "", "2009-12-31": 0, "2009-09-30": 0, "2008-12-31": 0}, "Net Change In Long-Term Investments": {"2020-09-30": -2.919, "2020-06-30": 0.952, "2020-03-31": "-0.95200", "2019-12-31": 6.469, "2019-09-30": -6.469, "2019-06-30": 0.222, "2019-03-31": "-0.22200", "2018-12-31": 0, "2018-09-30": 0.244, "2018-06-30": -0.244, "2018-03-31": "", "2017-12-31": 3.351, "2017-09-30": -3.542, "2017-06-30": 0.103, "2017-03-31": "3.45500", "2016-12-31": 410.808, "2016-09-30": 0.866, "2016-06-30": -5.315, "2016-03-31": "-6.49800", "2015-12-31": 23.603, "2015-09-30": -0.134, "2015-06-30": 9.056, "2015-03-31": "-0.43600", "2014-12-31": 3.138, "2014-09-30": 2.117, "2014-06-30": -1.31, "2014-03-31": "-0.80700", "2013-12-31": 10.266, "2013-09-30": -0.423, "2013-06-30": -26.171, "2013-03-31": "-1.53700", "2012-12-31": -4.056, "2012-09-30": 0.954, "2012-06-30": 7.474, "2012-03-31": "-0.34500", "2011-12-31": 0, "2011-09-30": 0.042, "2011-06-30": -0.032, "2011-03-31": "-0.01000", "2010-12-31": 0.013, "2010-09-30": -0.002, "2010-06-30": 0.019, "2010-03-31": "-0.02700", "2009-12-31": -5.145, "2009-09-30": 5.145, "2008-12-31": 0}, "Net Change In Investments - Total": {"2020-09-30": -2.919, "2020-06-30": 0.952, "2020-03-31": "-0.95200", "2019-12-31": 6.469, "2019-09-30": -6.469, "2019-06-30": 0.222, "2019-03-31": "-0.22200", "2018-12-31": 0, "2018-09-30": 0.244, "2018-06-30": -0.244, "2018-03-31": "", "2017-12-31": 3.351, "2017-09-30": -3.542, "2017-06-30": 0.103, "2017-03-31": "3.45500", "2016-12-31": 410.808, "2016-09-30": 0.866, "2016-06-30": -5.315, "2016-03-31": "-6.49800", "2015-12-31": 23.603, "2015-09-30": -0.134, "2015-06-30": 9.056, "2015-03-31": "-0.43600", "2014-12-31": 3.138, "2014-09-30": 2.117, "2014-06-30": -1.31, "2014-03-31": "-0.80700", "2013-12-31": 10.266, "2013-09-30": -0.423, "2013-06-30": -26.171, "2013-03-31": "-1.53700", "2012-12-31": -4.056, "2012-09-30": 0.954, "2012-06-30": 7.474, "2012-03-31": "-0.34500", "2011-12-31": 0, "2011-09-30": 0.042, "2011-06-30": -0.032, "2011-03-31": "-0.01000", "2010-12-31": 0.013, "2010-09-30": -0.002, "2010-06-30": 0.019, "2010-03-31": "-0.02700", "2009-12-31": -26.775, "2009-09-30": 305.135, "2008-12-31": -299.99}, "Investing Activities - Other": {"2020-09-30": -5.033, "2020-06-30": -19.378, "2020-03-31": "2.85700", "2019-12-31": -12.716, "2019-09-30": -0.465, "2019-06-30": -40.394, "2019-03-31": "0.31500", "2018-12-31": -42.877, "2018-09-30": 231.529, "2018-06-30": -210.527, "2018-03-31": "-7.90400", "2017-12-31": -6.576, "2017-09-30": 192.956, "2017-06-30": -199.533, "2017-03-31": "5.15100", "2016-12-31": -8.211, "2016-09-30": -4.767, "2016-06-30": 32.785, "2016-03-31": "-15.81500", "2015-12-31": -7.551, "2015-09-30": 363.769, "2015-06-30": -378.713, "2015-03-31": "8.78300", "2014-12-31": 31.761, "2014-09-30": 285.604, "2014-06-30": -146.434, "2014-03-31": "-143.39900", "2013-12-31": -87.796, "2013-09-30": -63.685, "2013-06-30": -50.527, "2013-03-31": "-53.49800", "2012-12-31": -58.097, "2012-09-30": -37.911, "2012-06-30": 15.58, "2012-03-31": "-1.00100", "2011-12-31": -51.472, "2011-09-30": 5.56, "2011-06-30": -0.079, "2011-03-31": "0.07900", "2010-12-31": 0, "2010-09-30": 0, "2010-06-30": -0.019, "2010-03-31": "0.01900", "2009-12-31": -0.002, "2009-09-30": 0.402, "2008-12-31": -0.2}, "Cash Flow From Investing Activities": {"2020-09-30": -137.033, "2020-06-30": -114.283, "2020-03-31": "-153.20600", "2019-12-31": -697.091, "2019-09-30": -181.66, "2019-06-30": -178.313, "2019-03-31": "-175.83300", "2018-12-31": -187.622, "2018-09-30": -253.038, "2018-06-30": -301.23, "2018-03-31": "-99.88100", "2017-12-31": -70.564, "2017-09-30": -69.998, "2017-06-30": -90.011, "2017-03-31": "-85.03100", "2016-12-31": -99.874, "2016-09-30": -95.883, "2016-06-30": -77.372, "2016-03-31": "239.17100", "2015-12-31": -104.814, "2015-09-30": -105.581, "2015-06-30": -152.749, "2015-03-31": "-212.42400", "2014-12-31": -280.47, "2014-09-30": -175.019, "2014-06-30": -150.208, "2014-03-31": "-140.75900", "2013-12-31": -82.788, "2013-09-30": -74.981, "2013-06-30": -79.958, "2013-03-31": "-56.59800", "2012-12-31": -61.023, "2012-09-30": -19.277, "2012-06-30": 7.902, "2012-03-31": "-8.95100", "2011-12-31": -26.848, "2011-09-30": 5.775, "2011-06-30": -9.536, "2011-03-31": "-9.07100", "2010-12-31": -40.75, "2010-09-30": -33.961, "2010-06-30": -27.768, "2010-03-31": "-9.35000", "2009-12-31": -3.017, "2009-09-30": 281.787, "2008-12-31": -300.2}, "Net Long-Term Debt": {"2020-09-30": 120.679, "2020-06-30": 90.051, "2020-03-31": "251.65500", "2019-12-31": 462.989, "2019-09-30": 196.897, "2019-06-30": 188.681, "2019-03-31": "57.02700", "2018-12-31": -86.339, "2018-09-30": 162.098, "2018-06-30": 219.493, "2018-03-31": "38.90800", "2017-12-31": -152.0359, "2017-09-30": -11.305, "2017-06-30": 251.218, "2017-03-31": "63.18700", "2016-12-31": -157.462, "2016-09-30": 156.596, "2016-06-30": 106.434, "2016-03-31": "96.63500", "2015-12-31": 149.738, "2015-09-30": 34.354, "2015-06-30": 163.279, "2015-03-31": "132.64300", "2014-12-31": 522.814, "2014-09-30": -175.913, "2014-06-30": 83.797, "2014-03-31": "46.67300", "2013-12-31": 751.464, "2013-09-30": 55.171, "2013-06-30": 22.436, "2013-03-31": "11.31000", "2012-12-31": 4.943, "2012-09-30": 8.116, "2012-06-30": 6.767, "2012-03-31": "-7.24800", "2011-12-31": -102.612, "2011-09-30": 9.545, "2011-06-30": -7.311, "2011-03-31": "-1.73800", "2010-12-31": -17.412, "2010-09-30": -2.178, "2010-06-30": -1.053, "2010-03-31": "-1.46600", "2009-12-31": 7.556, "2009-09-30": -7.556, "2008-12-31": 0}, "Net Current Debt": {"2020-09-30": 0, "2020-06-30": 0, "2020-03-31": "", "2019-12-31": 0, "2019-09-30": 0, "2019-06-30": 0, "2019-03-31": "", "2018-12-31": 0, "2018-09-30": 0, "2018-06-30": 0, "2018-03-31": "", "2017-12-31": 0, "2017-09-30": 0, "2017-06-30": 0, "2017-03-31": "", "2016-12-31": 0, "2016-09-30": 0, "2016-06-30": 0, "2016-03-31": "", "2015-12-31": 0, "2015-09-30": 0, "2015-06-30": 0, "2015-03-31": "", "2014-12-31": 0, "2014-09-30": 0, "2014-06-30": 0, "2014-03-31": "", "2013-12-31": 0, "2013-09-30": 0, "2013-06-30": 0, "2013-03-31": "", "2012-12-31": 0, "2012-09-30": 0, "2012-06-30": 0, "2012-03-31": "", "2011-12-31": 0, "2011-09-30": 0, "2011-06-30": 0, "2011-03-31": "", "2010-12-31": 0, "2010-09-30": 0, "2010-06-30": 0, "2010-03-31": "", "2009-12-31": 0, "2009-09-30": 0, "2008-12-31": 0}, "Debt Issuance/Retirement Net - Total": {"2020-09-30": 120.679, "2020-06-30": 90.051, "2020-03-31": "251.65500", "2019-12-31": 462.989, "2019-09-30": 196.897, "2019-06-30": 188.681, "2019-03-31": "57.02700", "2018-12-31": -86.339, "2018-09-30": 162.098, "2018-06-30": 219.493, "2018-03-31": "38.90800", "2017-12-31": -152.0359, "2017-09-30": -11.305, "2017-06-30": 251.218, "2017-03-31": "63.18700", "2016-12-31": -157.462, "2016-09-30": 156.596, "2016-06-30": 106.434, "2016-03-31": "96.63500", "2015-12-31": 149.738, "2015-09-30": 34.354, "2015-06-30": 163.279, "2015-03-31": "132.64300", "2014-12-31": 522.814, "2014-09-30": -175.913, "2014-06-30": 83.797, "2014-03-31": "46.67300", "2013-12-31": 751.464, "2013-09-30": 55.171, "2013-06-30": 22.436, "2013-03-31": "11.31000", "2012-12-31": 4.943, "2012-09-30": 8.116, "2012-06-30": 6.767, "2012-03-31": "-7.24800", "2011-12-31": -102.612, "2011-09-30": 9.545, "2011-06-30": -7.311, "2011-03-31": "-1.73800", "2010-12-31": -17.412, "2010-09-30": -2.178, "2010-06-30": -1.053, "2010-03-31": "-1.46600", "2009-12-31": -2.904, "2009-09-30": 7.944, "2008-12-31": -15.5}, "Net Common Equity Issued/Repurchased": {"2020-09-30": 0.003, "2020-06-30": -0.143, "2020-03-31": "595.12200", "2019-12-31": -53.595, "2019-09-30": 2.718, "2019-06-30": 0.49, "2019-03-31": "", "2018-12-31": -1.044, "2018-09-30": 2.117, "2018-06-30": 2.277, "2018-03-31": "-50.31700", "2017-12-31": 2.989, "2017-09-30": 0.61, "2017-06-30": 7.838, "2017-03-31": "11.27100", "2016-12-31": 0, "2016-09-30": 0.18, "2016-06-30": 0, "2016-03-31": "", "2015-12-31": 0, "2015-09-30": 0, "2015-06-30": 0, "2015-03-31": "", "2014-12-31": -414.046, "2014-09-30": 414.046, "2014-06-30": 0, "2014-03-31": "", "2013-12-31": 0, "2013-09-30": 0, "2013-06-30": 0, "2013-03-31": "", "2012-12-31": 0, "2012-09-30": 0, "2012-06-30": 0, "2012-03-31": "", "2011-12-31": 0, "2011-09-30": 0, "2011-06-30": 0, "2011-03-31": "2.00000", "2010-12-31": 268.385, "2010-09-30": 0, "2010-06-30": 0, "2010-03-31": "", "2009-12-31": 0, "2009-09-30": 0, "2008-12-31": 0}, "Net Total Equity Issued/Repurchased": {"2020-09-30": 0.003, "2020-06-30": -0.143, "2020-03-31": "595.12200", "2019-12-31": -53.595, "2019-09-30": 2.718, "2019-06-30": 0.49, "2019-03-31": "", "2018-12-31": -1.044, "2018-09-30": 2.117, "2018-06-30": 2.277, "2018-03-31": "-50.31700", "2017-12-31": 2.989, "2017-09-30": 0.61, "2017-06-30": 7.838, "2017-03-31": "11.27100", "2016-12-31": 0, "2016-09-30": 0.18, "2016-06-30": 0, "2016-03-31": "", "2015-12-31": 0, "2015-09-30": 0, "2015-06-30": 0, "2015-03-31": "", "2014-12-31": -414.046, "2014-09-30": 414.046, "2014-06-30": 0, "2014-03-31": "", "2013-12-31": 0, "2013-09-30": 0, "2013-06-30": 0, "2013-03-31": "", "2012-12-31": 0, "2012-09-30": 0, "2012-06-30": 0, "2012-03-31": "", "2011-12-31": 0, "2011-09-30": 0, "2011-06-30": 0, "2011-03-31": "2.00000", "2010-12-31": 268.385, "2010-09-30": 0, "2010-06-30": 0, "2010-03-31": "", "2009-12-31": 0, "2009-09-30": 0, "2008-12-31": 0}, "Total Common And Preferred Stock Dividends Paid": {"2020-09-30": 0, "2020-06-30": 0, "2020-03-31": "", "2019-12-31": 0, "2019-09-30": 0, "2019-06-30": 0, "2019-03-31": "", "2018-12-31": 0, "2018-09-30": 0, "2018-06-30": 0, "2018-03-31": "", "2017-12-31": 0, "2017-09-30": -0.012, "2017-06-30": 0, "2017-03-31": "", "2016-12-31": 0.023, "2016-09-30": -0.023, "2016-06-30": 0, "2016-03-31": "", "2015-12-31": 0, "2015-09-30": 0, "2015-06-30": 0, "2015-03-31": "", "2014-12-31": 0, "2014-09-30": 0, "2014-06-30": -0.012, "2014-03-31": "", "2013-12-31": 0, "2013-09-30": 0, "2013-06-30": 0, "2013-03-31": "-0.01200", "2012-12-31": 0, "2012-09-30": 0, "2012-06-30": 0, "2012-03-31": "", "2011-12-31": 0, "2011-09-30": 0, "2011-06-30": 0, "2011-03-31": "", "2010-12-31": 0, "2010-09-30": 0, "2010-06-30": 0, "2010-03-31": "", "2009-12-31": -0.01, "2009-09-30": 10, "2008-12-31": -10}, "Financial Activities - Other": {"2020-09-30": -10.277, "2020-06-30": -0.592, "2020-03-31": "-1.81200", "2019-12-31": -5.333, "2019-09-30": -0.865, "2019-06-30": 30.496, "2019-03-31": "41.58000", "2018-12-31": 36.334, "2018-09-30": -7.005, "2018-06-30": 76.29, "2018-03-31": "-1.64600", "2017-12-31": 31.811, "2017-09-30": 52.403, "2017-06-30": -5.587, "2017-03-31": "-53.18900", "2016-12-31": -2.811, "2016-09-30": 2.819, "2016-06-30": -0.622, "2016-03-31": "-1.91200", "2015-12-31": -41.556, "2015-09-30": -0.356, "2015-06-30": -1.218, "2015-03-31": "-0.39600", "2014-12-31": 0.821, "2014-09-30": -3.767, "2014-06-30": -4.139, "2014-03-31": "", "2013-12-31": -5.054, "2013-09-30": -1.977, "2013-06-30": -2.594, "2013-03-31": "", "2012-12-31": -81.381, "2012-09-30": 0.018, "2012-06-30": -0.784, "2012-03-31": "-0.51500", "2011-12-31": -0.893, "2011-09-30": -2.872, "2011-06-30": -0.001, "2011-03-31": "-0.06200", "2010-12-31": 79.048, "2010-09-30": 45.305, "2010-06-30": 60.509, "2010-03-31": "30.06800", "2009-12-31": 6.425, "2009-09-30": -332.335, "2008-12-31": 373.93}, "Cash Flow From Financial Activities": {"2020-09-30": 110.405, "2020-06-30": 89.316, "2020-03-31": "844.96500", "2019-12-31": 404.061, "2019-09-30": 198.75, "2019-06-30": 219.667, "2019-03-31": "98.60700", "2018-12-31": -51.049, "2018-09-30": 157.21, "2018-06-30": 298.06, "2018-03-31": "-13.05500", "2017-12-31": -117.236, "2017-09-30": 41.696, "2017-06-30": 253.469, "2017-03-31": "21.26900", "2016-12-31": -160.25, "2016-09-30": 159.572, "2016-06-30": 105.812, "2016-03-31": "94.72300", "2015-12-31": 108.182, "2015-09-30": 33.998, "2015-06-30": 162.061, "2015-03-31": "132.24700", "2014-12-31": 109.589, "2014-09-30": 234.366, "2014-06-30": 79.646, "2014-03-31": "46.67300", "2013-12-31": 746.41, "2013-09-30": 53.194, "2013-06-30": 19.842, "2013-03-31": "11.29800", "2012-12-31": -76.438, "2012-09-30": 8.134, "2012-06-30": 5.983, "2012-03-31": "-7.76300", "2011-12-31": -103.505, "2011-09-30": 6.673, "2011-06-30": -7.312, "2011-03-31": "0.20000", "2010-12-31": 330.021, "2010-09-30": 43.127, "2010-06-30": 59.456, "2010-03-31": "28.60200", "2009-12-31": 3.501, "2009-09-30": -314.381, "2008-12-31": 348.42}, "Net Cash Flow": {"2020-09-30": -97.783, "2020-06-30": -50.429, "2020-03-31": "618.57800", "2019-12-31": -222.494, "2019-09-30": -5.971, "2019-06-30": 261.294, "2019-03-31": "-136.90900", "2018-12-31": 111.667, "2018-09-30": -123.821, "2018-06-30": -28.574, "2018-03-31": "-199.35700", "2017-12-31": 2.085, "2017-09-30": 93.941, "2017-06-30": 114.316, "2017-03-31": "-161.18100", "2016-12-31": 197.262, "2016-09-30": -17.759, "2016-06-30": -66.034, "2016-03-31": "291.53300", "2015-12-31": -5.346, "2015-09-30": -37.982, "2015-06-30": 30.257, "2015-03-31": "-102.07900", "2014-12-31": -245.155, "2014-09-30": 66.038, "2014-06-30": -87.519, "2014-03-31": "-67.86100", "2013-12-31": 684.188, "2013-09-30": -2.436, "2013-06-30": 12.66, "2013-03-31": "-28.66100", "2012-12-31": -43.657, "2012-09-30": 18.566, "2012-06-30": 44.314, "2012-03-31": "-17.59200", "2011-12-31": -65.797, "2011-09-30": 17.407, "2011-06-30": -4.525, "2011-03-31": "-4.20100", "2010-12-31": 281.871, "2010-09-30": -0.171, "2010-06-30": 0.232, "2010-03-31": "-0.45400", "2009-12-31": -0.473, "2009-09-30": 1.193, "2008-12-31": -2.47}, "Stock-Based Compensation": {"2020-09-30": 0, "2020-06-30": 0, "2020-03-31": "", "2019-12-31": 0, "2019-09-30": 0, "2019-06-30": 0, "2019-03-31": "", "2018-12-31": 0, "2018-09-30": 0, "2018-06-30": 0, "2018-03-31": "", "2017-12-31": 0, "2017-09-30": 0, "2017-06-30": 0, "2017-03-31": "", "2016-12-31": 0, "2016-09-30": 0, "2016-06-30": 0, "2016-03-31": "", "2015-12-31": 0, "2015-09-30": 0, "2015-06-30": 0, "2015-03-31": "", "2014-12-31": 0, "2014-09-30": 0, "2014-06-30": 0, "2014-03-31": "", "2013-12-31": 0, "2013-09-30": 0, "2013-06-30": 0, "2013-03-31": "", "2012-12-31": 0, "2012-09-30": 0, "2012-06-30": 0, "2012-03-31": "", "2011-12-31": 0, "2011-09-30": 0, "2011-06-30": 0, "2011-03-31": "", "2010-12-31": 0, "2010-09-30": 0, "2010-06-30": 0, "2010-03-31": "", "2009-12-31": 0, "2009-09-30": 0, "2008-12-31": 0}, "Common Stock Dividends Paid": {"2020-09-30": 0, "2020-06-30": 0, "2020-03-31": "", "2019-12-31": 0, "2019-09-30": 0, "2019-06-30": 0, "2019-03-31": "", "2018-12-31": 0, "2018-09-30": 0, "2018-06-30": 0, "2018-03-31": "", "2017-12-31": 0, "2017-09-30": 0, "2017-06-30": 0, "2017-03-31": "", "2016-12-31": 0, "2016-09-30": 0, "2016-06-30": 0, "2016-03-31": "", "2015-12-31": 0, "2015-09-30": 0, "2015-06-30": 0, "2015-03-31": "", "2014-12-31": 0, "2014-09-30": 0, "2014-06-30": 0, "2014-03-31": "", "2013-12-31": 0, "2013-09-30": 0, "2013-06-30": 0, "2013-03-31": "", "2012-12-31": 0, "2012-09-30": 0, "2012-06-30": 0, "2012-03-31": "", "2011-12-31": 0, "2011-09-30": 0, "2011-06-30": 0, "2011-03-31": "", "2010-12-31": 0, "2010-09-30": 0, "2010-06-30": 0, "2010-03-31": "", "2009-12-31": 0, "2009-09-30": 0, "2008-12-31": 0}}, "financial ratios": {"Current Ratio": {"2019-12-31": "", "2018-12-31": "", "2017-12-31": "", "2016-12-31": "", "2015-12-31": "", "2014-12-31": "", "2013-12-31": "", "2012-12-31": "", "2011-12-31": "", "2010-12-31": "", "2009-12-31": "", "2008-12-31": ""}, "Long-term Debt / Capital": {"2019-12-31": "0.55140", "2018-12-31": "0.49560", "2017-12-31": "0.47270", "2016-12-31": "0.51130", "2015-12-31": "0.50830", "2014-12-31": "0.47040", "2013-12-31": "0.40290", "2012-12-31": "0.22950", "2011-12-31": "0.20660", "2010-12-31": "0.12760", "2009-12-31": "0.12200", "2008-12-31": ""}, "Debt/Equity Ratio": {"2019-12-31": "1.22910", "2018-12-31": "0.98240", "2017-12-31": "0.89630", "2016-12-31": "1.04640", "2015-12-31": "1.03390", "2014-12-31": "0.88840", "2013-12-31": "0.67460", "2012-12-31": "0.29780", "2011-12-31": "0.26030", "2010-12-31": "0.14620", "2009-12-31": "0.13890", "2008-12-31": ""}, "Gross Margin": {"2019-12-31": "", "2018-12-31": "", "2017-12-31": "", "2016-12-31": "", "2015-12-31": "", "2014-12-31": "", "2013-12-31": "", "2012-12-31": "", "2011-12-31": "", "2010-12-31": "", "2009-12-31": "", "2008-12-31": ""}, "Operating Margin": {"2019-12-31": "11.55750", "2018-12-31": "10.03310", "2017-12-31": "20.21330", "2016-12-31": "31.57110", "2015-12-31": "14.89970", "2014-12-31": "26.27340", "2013-12-31": "23.69190", "2012-12-31": "19.22730", "2011-12-31": "9.96230", "2010-12-31": "-358.65620", "2009-12-31": "-508.01990", "2008-12-31": "-23.08140"}, "EBIT Margin": {"2019-12-31": "11.55750", "2018-12-31": "10.03310", "2017-12-31": "20.21330", "2016-12-31": "31.57110", "2015-12-31": "14.89970", "2014-12-31": "26.27340", "2013-12-31": "23.69190", "2012-12-31": "19.22730", "2011-12-31": "9.96230", "2010-12-31": "-358.65620", "2009-12-31": "-508.01990", "2008-12-31": "-23.08140"}, "EBITDA Margin": {"2019-12-31": "25.45530", "2018-12-31": "22.91540", "2017-12-31": "32.80240", "2016-12-31": "41.26090", "2015-12-31": "28.38530", "2014-12-31": "37.17920", "2013-12-31": "32.02990", "2012-12-31": "27.04480", "2011-12-31": "17.52990", "2010-12-31": "-346.15180", "2009-12-31": "-492.62550", "2008-12-31": "-11.95550"}, "Pre-Tax Profit Margin": {"2019-12-31": "7.96130", "2018-12-31": "6.87790", "2017-12-31": "10.98260", "2016-12-31": "30.99270", "2015-12-31": "18.90880", "2014-12-31": "6.21530", "2013-12-31": "-13.66050", "2012-12-31": "-32.01390", "2011-12-31": "47.20720", "2010-12-31": "-452.22530", "2009-12-31": "-528.18660", "2008-12-31": "-22.44080"}, "Net Profit Margin": {"2019-12-31": "5.68660", "2018-12-31": "5.35560", "2017-12-31": "15.30780", "2016-12-31": "19.54610", "2015-12-31": "15.89770", "2014-12-31": "-3.70820", "2013-12-31": "-15.71950", "2012-12-31": "-34.03890", "2011-12-31": "53.38620", "2010-12-31": "-48.64910", "2009-12-31": "-516.04130", "2008-12-31": "-10.43960"}, "Asset Turnover": {"2019-12-31": "0.15460", "2018-12-31": "0.14470", "2017-12-31": "0.16350", "2016-12-31": "0.16250", "2015-12-31": "0.13930", "2014-12-31": "0.12430", "2013-12-31": "0.10280", "2012-12-31": "0.10760", "2011-12-31": "0.08110", "2010-12-31": "0.04720", "2009-12-31": "0.04690", "2008-12-31": ""}, "Inventory Turnover Ratio": {"2019-12-31": "", "2018-12-31": "", "2017-12-31": "", "2016-12-31": "", "2015-12-31": "", "2014-12-31": "", "2013-12-31": "", "2012-12-31": "", "2011-12-31": "", "2010-12-31": "", "2009-12-31": "", "2008-12-31": ""}, "Receiveable Turnover": {"2019-12-31": "", "2018-12-31": "", "2017-12-31": "", "2016-12-31": "", "2015-12-31": "", "2014-12-31": "", "2013-12-31": "", "2012-12-31": "", "2011-12-31": "", "2010-12-31": "", "2009-12-31": "", "2008-12-31": ""}, "Days Sales In Receivables": {"2019-12-31": "", "2018-12-31": "", "2017-12-31": "", "2016-12-31": "", "2015-12-31": "", "2014-12-31": "", "2013-12-31": "", "2012-12-31": "", "2011-12-31": "", "2010-12-31": "", "2009-12-31": "", "2008-12-31": ""}, "ROE - Return On Equity": {"2019-12-31": "2.22910", "2018-12-31": "1.78270", "2017-12-31": "5.22570", "2016-12-31": "7.86800", "2015-12-31": "5.36060", "2014-12-31": "-1.05590", "2013-12-31": "-3.28240", "2012-12-31": "-5.51900", "2011-12-31": "6.37320", "2010-12-31": "-3.17700", "2009-12-31": "-46.74880", "2008-12-31": ""}, "Return On Tangible Equity": {"2019-12-31": "2.22910", "2018-12-31": "1.78270", "2017-12-31": "5.22570", "2016-12-31": "7.86800", "2015-12-31": "5.36060", "2014-12-31": "-1.05590", "2013-12-31": "-3.28240", "2012-12-31": "-5.51900", "2011-12-31": "6.37320", "2010-12-31": "-3.17700", "2009-12-31": "-46.74880", "2008-12-31": ""}, "ROA - Return On Assets": {"2019-12-31": "0.88300", "2018-12-31": "0.78480", "2017-12-31": "2.47620", "2016-12-31": "3.17750", "2015-12-31": "2.21480", "2014-12-31": "-0.46070", "2013-12-31": "-1.61330", "2012-12-31": "-3.64090", "2011-12-31": "4.36730", "2010-12-31": "-2.29030", "2009-12-31": "-24.19350", "2008-12-31": ""}, "ROI - Return On Investment": {"2019-12-31": "1.00000", "2018-12-31": "0.89930", "2017-12-31": "2.75570", "2016-12-31": "3.84490", "2015-12-31": "2.63570", "2014-12-31": "-0.55920", "2013-12-31": "-1.96010", "2012-12-31": "-4.25240", "2011-12-31": "5.05670", "2010-12-31": "-2.77170", "2009-12-31": "-41.04680", "2008-12-31": ""}, "Book Value Per Share": {"2019-12-31": "78.26490", "2018-12-31": "75.31930", "2017-12-31": "73.68790", "2016-12-31": "64.62700", "2015-12-31": "59.52130", "2014-12-31": "56.19620", "2013-12-31": "56.73000", "2012-12-31": "58.50770", "2011-12-31": "61.39250", "2010-12-31": "57.48860", "2009-12-31": "", "2008-12-31": ""}, "Operating Cash Flow Per Share": {"2019-12-31": -0.0724, "2018-12-31": 1.0266, "2017-12-31": -1.7534, "2016-12-31": 5.0361, "2015-12-31": 2.0374, "2014-12-31": -4.7562, "2013-12-31": -0.7361, "2012-12-31": 1.7954, "2011-12-31": 4.019, "2010-12-31": -1.326, "2009-12-31": 0.8704, "2008-12-31": -1.3442}, "Free Cash Flow Per Share": {"2019-12-31": -8.5306, "2018-12-31": -10.5366, "2017-12-31": 0.6796, "2016-12-31": 9.2783, "2015-12-31": 7.594, "2014-12-31": -23.3996, "2013-12-31": -1.5092, "2012-12-31": 1.7809, "2011-12-31": 6.9656, "2010-12-31": -3.5549, "2009-12-31": 8.4631, "2008-12-31": -9.6723}}, "financial ratios, quarterly": {"Current Ratio": {"2020-09-30": "", "2020-06-30": "", "2020-03-31": "", "2019-12-31": "", "2019-09-30": "", "2019-06-30": "", "2019-03-31": "", "2018-12-31": "", "2018-09-30": "", "2018-06-30": "", "2018-03-31": "", "2017-12-31": "", "2017-09-30": "", "2017-06-30": "", "2017-03-31": "", "2016-12-31": "", "2016-09-30": "", "2016-06-30": "", "2016-03-31": "", "2015-12-31": "", "2015-09-30": "", "2015-06-30": "", "2015-03-31": "", "2014-12-31": "", "2014-09-30": "", "2014-06-30": "", "2014-03-31": "", "2013-12-31": "", "2013-09-30": "", "2013-06-30": "", "2013-03-31": "", "2012-12-31": "", "2012-09-30": "", "2012-06-30": "", "2012-03-31": "", "2011-12-31": "", "2011-09-30": "", "2011-06-30": "", "2011-03-31": "", "2010-12-31": "", "2010-09-30": "", "2010-06-30": "", "2010-03-31": "", "2009-12-31": "", "2009-09-30": "", "2008-12-31": ""}, "Long-term Debt / Capital": {"2020-09-30": "0.53190", "2020-06-30": "0.54060", "2020-03-31": "0.53290", "2019-12-31": "0.55140", "2019-09-30": "0.51750", "2019-06-30": "0.50520", "2019-03-31": "0.49500", "2018-12-31": "0.49560", "2018-09-30": "0.50620", "2018-06-30": "0.49900", "2018-03-31": "0.48460", "2017-12-31": "0.47270", "2017-09-30": "0.49690", "2017-06-30": "0.50300", "2017-03-31": "0.51240", "2016-12-31": "0.51130", "2016-09-30": "0.53110", "2016-06-30": "0.51440", "2016-03-31": "0.50430", "2015-12-31": "0.50830", "2015-09-30": "0.49860", "2015-06-30": "0.51220", "2015-03-31": "0.50000", "2014-12-31": "0.47040", "2014-09-30": "0.46130", "2014-06-30": "0.43280", "2014-03-31": "0.41920", "2013-12-31": "0.40290", "2013-09-30": "0.25600", "2013-06-30": "0.24400", "2013-03-31": "0.23310", "2012-12-31": "0.22950", "2012-09-30": "0.23700", "2012-06-30": "0.22650", "2012-03-31": "0.21240", "2011-12-31": "0.20660", "2011-09-30": "0.23550", "2011-06-30": "0.12580", "2011-03-31": "0.13230", "2010-12-31": "0.12760", "2010-09-30": "0.15050", "2010-06-30": "", "2010-03-31": "", "2009-12-31": "", "2009-09-30": "", "2008-12-31": ""}, "Debt/Equity Ratio": {"2020-09-30": "1.13620", "2020-06-30": "1.17680", "2020-03-31": "1.14100", "2019-12-31": "1.22910", "2019-09-30": "1.07240", "2019-06-30": "1.02110", "2019-03-31": "0.98020", "2018-12-31": "0.98240", "2018-09-30": "1.02520", "2018-06-30": "0.99590", "2018-03-31": "0.94040", "2017-12-31": "0.89630", "2017-09-30": "0.98780", "2017-06-30": "1.01190", "2017-03-31": "1.05080", "2016-12-31": "1.04640", "2016-09-30": "1.13250", "2016-06-30": "1.05940", "2016-03-31": "1.01730", "2015-12-31": "1.03390", "2015-09-30": "0.99430", "2015-06-30": "1.05010", "2015-03-31": "0.99990", "2014-12-31": "0.88840", "2014-09-30": "0.85650", "2014-06-30": "0.76320", "2014-03-31": "0.72170", "2013-12-31": "0.67460", "2013-09-30": "0.34420", "2013-06-30": "0.32270", "2013-03-31": "0.30390", "2012-12-31": "0.29780", "2012-09-30": "0.31050", "2012-06-30": "0.29280", "2012-03-31": "0.26970", "2011-12-31": "0.26030", "2011-09-30": "0.30810", "2011-06-30": "0.14390", "2011-03-31": "0.15250", "2010-12-31": "0.14620", "2010-09-30": "0.17710", "2010-06-30": "", "2010-03-31": "", "2009-12-31": "", "2009-09-30": "", "2008-12-31": ""}, "Gross Margin": {"2020-09-30": "", "2020-06-30": "", "2020-03-31": "", "2019-12-31": "", "2019-09-30": "", "2019-06-30": "", "2019-03-31": "", "2018-12-31": "", "2018-09-30": "", "2018-06-30": "", "2018-03-31": "", "2017-12-31": "", "2017-09-30": "", "2017-06-30": "", "2017-03-31": "", "2016-12-31": "", "2016-09-30": "", "2016-06-30": "", "2016-03-31": "", "2015-12-31": "", "2015-09-30": "", "2015-06-30": "", "2015-03-31": "", "2014-12-31": "", "2014-09-30": "", "2014-06-30": "", "2014-03-31": "", "2013-12-31": "", "2013-09-30": "", "2013-06-30": "", "2013-03-31": "", "2012-12-31": "", "2012-09-30": "", "2012-06-30": "", "2012-03-31": "", "2011-12-31": "", "2011-09-30": "", "2011-06-30": "", "2011-03-31": "", "2010-12-31": "", "2010-09-30": "", "2010-06-30": "", "2010-03-31": "", "2009-12-31": "", "2009-09-30": "", "2008-12-31": ""}, "Operating Margin": {"2020-09-30": "-9.07080", "2020-06-30": "-0.25740", "2020-03-31": "-78.33820", "2019-12-31": "5.81670", "2019-09-30": "20.17500", "2019-06-30": "7.74350", "2019-03-31": "15.18640", "2018-12-31": "15.11750", "2018-09-30": "16.45360", "2018-06-30": "-4.58270", "2018-03-31": "1.57040", "2017-12-31": "22.03150", "2017-09-30": "9.41960", "2017-06-30": "17.53930", "2017-03-31": "33.46280", "2016-12-31": "21.23760", "2016-09-30": "0.32360", "2016-06-30": "26.92220", "2016-03-31": "80.51620", "2015-12-31": "17.52060", "2015-09-30": "17.96290", "2015-06-30": "12.22590", "2015-03-31": "10.61130", "2014-12-31": "17.93940", "2014-09-30": "20.00370", "2014-06-30": "43.78220", "2014-03-31": "14.13740", "2013-12-31": "32.42260", "2013-09-30": "10.74140", "2013-06-30": "32.78630", "2013-03-31": "10.31620", "2012-12-31": "24.86180", "2012-09-30": "18.31150", "2012-06-30": "20.28660", "2012-03-31": "11.41350", "2011-12-31": "15.94470", "2011-09-30": "2.55900", "2011-06-30": "11.19420", "2011-03-31": "11.28040", "2010-12-31": "-989.97600", "2010-09-30": "-1.90390", "2010-06-30": "-15.24700", "2010-03-31": "-11.41020", "2009-12-31": "", "2009-09-30": "-140.20820", "2008-12-31": ""}, "EBIT Margin": {"2020-09-30": "-9.07080", "2020-06-30": "-0.25740", "2020-03-31": "-78.33820", "2019-12-31": "5.81670", "2019-09-30": "20.17500", "2019-06-30": "7.74350", "2019-03-31": "15.18640", "2018-12-31": "15.11750", "2018-09-30": "16.45360", "2018-06-30": "-4.58270", "2018-03-31": "1.57040", "2017-12-31": "22.03150", "2017-09-30": "9.41960", "2017-06-30": "17.53930", "2017-03-31": "33.46280", "2016-12-31": "21.23760", "2016-09-30": "0.32360", "2016-06-30": "26.92220", "2016-03-31": "80.51620", "2015-12-31": "17.52060", "2015-09-30": "17.96290", "2015-06-30": "12.22590", "2015-03-31": "10.61130", "2014-12-31": "17.93940", "2014-09-30": "20.00370", "2014-06-30": "43.78220", "2014-03-31": "14.13740", "2013-12-31": "32.42250", "2013-09-30": "10.74140", "2013-06-30": "32.78630", "2013-03-31": "10.31620", "2012-12-31": "24.86180", "2012-09-30": "18.31150", "2012-06-30": "20.28660", "2012-03-31": "11.41350", "2011-12-31": "15.94470", "2011-09-30": "2.55900", "2011-06-30": "11.19420", "2011-03-31": "11.28040", "2010-12-31": "-989.97600", "2010-09-30": "-1.90390", "2010-06-30": "-15.24700", "2010-03-31": "-11.41020", "2009-12-31": "", "2009-09-30": "-140.20820", "2008-12-31": ""}, "EBITDA Margin": {"2020-09-30": "", "2020-06-30": "", "2020-03-31": "", "2019-12-31": "", "2019-09-30": "", "2019-06-30": "", "2019-03-31": "", "2018-12-31": "", "2018-09-30": "", "2018-06-30": "", "2018-03-31": "", "2017-12-31": "", "2017-09-30": "", "2017-06-30": "", "2017-03-31": "", "2016-12-31": "", "2016-09-30": "", "2016-06-30": "", "2016-03-31": "", "2015-12-31": "", "2015-09-30": "", "2015-06-30": "", "2015-03-31": "", "2014-12-31": "", "2014-09-30": "", "2014-06-30": "", "2014-03-31": "", "2013-12-31": "", "2013-09-30": "", "2013-06-30": "", "2013-03-31": "", "2012-12-31": "", "2012-09-30": "", "2012-06-30": "", "2012-03-31": "", "2011-12-31": "", "2011-09-30": "", "2011-06-30": "", "2011-03-31": "", "2010-12-31": "", "2010-09-30": "", "2010-06-30": "", "2010-03-31": "", "2009-12-31": "", "2009-09-30": "", "2008-12-31": ""}, "Pre-Tax Profit Margin": {"2020-09-30": "134.77660", "2020-06-30": "-26.21900", "2020-03-31": "-90.87030", "2019-12-31": "1.42070", "2019-09-30": "16.76720", "2019-06-30": "4.12710", "2019-03-31": "12.13400", "2018-12-31": "10.28380", "2018-09-30": "12.18460", "2018-06-30": "-4.58330", "2018-03-31": "1.47950", "2017-12-31": "23.15110", "2017-09-30": "6.32380", "2017-06-30": "6.29310", "2017-03-31": "6.62580", "2016-12-31": "21.44690", "2016-09-30": "7.49510", "2016-06-30": "12.30760", "2016-03-31": "87.20390", "2015-12-31": "10.93630", "2015-09-30": "85.74880", "2015-06-30": "26.22790", "2015-03-31": "-66.84830", "2014-12-31": "21.73070", "2014-09-30": "38.75350", "2014-06-30": "14.21500", "2014-03-31": "-82.67160", "2013-12-31": "5.29750", "2013-09-30": "12.65370", "2013-06-30": "-43.31380", "2013-03-31": "-22.96680", "2012-12-31": "-1.51060", "2012-09-30": "-50.17560", "2012-06-30": "38.63460", "2012-03-31": "-135.06930", "2011-12-31": "21.10490", "2011-09-30": "181.44520", "2011-06-30": "131.74080", "2011-03-31": "-210.97530", "2010-12-31": "-1251.57000", "2010-09-30": "-0.05550", "2010-06-30": "-17.01330", "2010-03-31": "-13.51860", "2009-12-31": "", "2009-09-30": "-140.31060", "2008-12-31": ""}, "Net Profit Margin": {"2020-09-30": "90.46230", "2020-06-30": "-21.82450", "2020-03-31": "-71.43370", "2019-12-31": "-0.38710", "2019-09-30": "12.87270", "2019-06-30": "3.12460", "2019-03-31": "8.99180", "2018-12-31": "8.01840", "2018-09-30": "9.08580", "2018-06-30": "-2.81100", "2018-03-31": "0.91170", "2017-12-31": "49.54470", "2017-09-30": "4.05970", "2017-06-30": "1.01090", "2017-03-31": "2.44170", "2016-12-31": "15.59410", "2016-09-30": "3.29100", "2016-06-30": "2.54830", "2016-03-31": "59.98560", "2015-12-31": "11.28240", "2015-09-30": "76.79040", "2015-06-30": "24.17880", "2015-03-31": "-68.32100", "2014-12-31": "15.42120", "2014-09-30": "38.25860", "2014-06-30": "-7.04090", "2014-03-31": "-87.49460", "2013-12-31": "13.85070", "2013-09-30": "7.36330", "2013-06-30": "-52.51990", "2013-03-31": "-25.66740", "2012-12-31": "-0.85730", "2012-09-30": "-52.11310", "2012-06-30": "36.52370", "2012-03-31": "-140.73590", "2011-12-31": "36.93210", "2011-09-30": "189.55730", "2011-06-30": "129.81450", "2011-03-31": "-215.65510", "2010-12-31": "-9.10720", "2010-09-30": "-50.00000", "2010-06-30": "-91.55380", "2010-03-31": "-71.30600", "2009-12-31": "", "2009-09-30": "-80.68080", "2008-12-31": ""}, "Asset Turnover": {"2020-09-30": "0.01710", "2020-06-30": "0.01690", "2020-03-31": "0.01920", "2019-12-31": "0.03380", "2019-09-30": "0.02910", "2019-06-30": "0.05590", "2019-03-31": "0.04770", "2018-12-31": "0.06320", "2018-09-30": "0.03520", "2018-06-30": "0.02540", "2018-03-31": "0.02400", "2017-12-31": "0.04470", "2017-09-30": "0.03850", "2017-06-30": "0.04630", "2017-03-31": "0.03620", "2016-12-31": "0.04390", "2016-09-30": "0.03740", "2016-06-30": "0.04400", "2016-03-31": "0.03970", "2015-12-31": "0.04010", "2015-09-30": "0.03670", "2015-06-30": "0.03870", "2015-03-31": "0.02950", "2014-12-31": "0.04060", "2014-09-30": "0.02240", "2014-06-30": "0.04210", "2014-03-31": "0.02100", "2013-12-31": "0.02930", "2013-09-30": "0.02680", "2013-06-30": "0.04040", "2013-03-31": "0.02540", "2012-12-31": "0.03090", "2012-09-30": "0.02690", "2012-06-30": "0.02710", "2012-03-31": "0.02350", "2011-12-31": "0.02500", "2011-09-30": "0.02490", "2011-06-30": "0.01680", "2011-03-31": "0.01750", "2010-12-31": "0.01680", "2010-09-30": "0.01120", "2010-06-30": "", "2010-03-31": "", "2009-12-31": "", "2009-09-30": "", "2008-12-31": ""}, "Inventory Turnover Ratio": {"2020-09-30": "", "2020-06-30": "", "2020-03-31": "", "2019-12-31": "", "2019-09-30": "", "2019-06-30": "", "2019-03-31": "", "2018-12-31": "", "2018-09-30": "", "2018-06-30": "", "2018-03-31": "", "2017-12-31": "", "2017-09-30": "", "2017-06-30": "", "2017-03-31": "", "2016-12-31": "", "2016-09-30": "", "2016-06-30": "", "2016-03-31": "", "2015-12-31": "", "2015-09-30": "", "2015-06-30": "", "2015-03-31": "", "2014-12-31": "", "2014-09-30": "", "2014-06-30": "", "2014-03-31": "", "2013-12-31": "", "2013-09-30": "", "2013-06-30": "", "2013-03-31": "", "2012-12-31": "", "2012-09-30": "", "2012-06-30": "", "2012-03-31": "", "2011-12-31": "", "2011-09-30": "", "2011-06-30": "", "2011-03-31": "", "2010-12-31": "", "2010-09-30": "", "2010-06-30": "", "2010-03-31": "", "2009-12-31": "", "2009-09-30": "", "2008-12-31": ""}, "Receiveable Turnover": {"2020-09-30": "", "2020-06-30": "", "2020-03-31": "", "2019-12-31": "", "2019-09-30": "", "2019-06-30": "", "2019-03-31": "", "2018-12-31": "", "2018-09-30": "", "2018-06-30": "", "2018-03-31": "", "2017-12-31": "", "2017-09-30": "", "2017-06-30": "", "2017-03-31": "", "2016-12-31": "", "2016-09-30": "", "2016-06-30": "", "2016-03-31": "", "2015-12-31": "", "2015-09-30": "", "2015-06-30": "", "2015-03-31": "", "2014-12-31": "", "2014-09-30": "", "2014-06-30": "", "2014-03-31": "", "2013-12-31": "", "2013-09-30": "", "2013-06-30": "", "2013-03-31": "", "2012-12-31": "", "2012-09-30": "", "2012-06-30": "", "2012-03-31": "", "2011-12-31": "", "2011-09-30": "", "2011-06-30": "", "2011-03-31": "", "2010-12-31": "", "2010-09-30": "", "2010-06-30": "", "2010-03-31": "", "2009-12-31": "", "2009-09-30": "", "2008-12-31": ""}, "Days Sales In Receivables": {"2020-09-30": "", "2020-06-30": "", "2020-03-31": "", "2019-12-31": "", "2019-09-30": "", "2019-06-30": "", "2019-03-31": "", "2018-12-31": "", "2018-09-30": "", "2018-06-30": "", "2018-03-31": "", "2017-12-31": "", "2017-09-30": "", "2017-06-30": "", "2017-03-31": "", "2016-12-31": "", "2016-09-30": "", "2016-06-30": "", "2016-03-31": "", "2015-12-31": "", "2015-09-30": "", "2015-06-30": "", "2015-03-31": "", "2014-12-31": "", "2014-09-30": "", "2014-06-30": "", "2014-03-31": "", "2013-12-31": "", "2013-09-30": "", "2013-06-30": "", "2013-03-31": "", "2012-12-31": "", "2012-09-30": "", "2012-06-30": "", "2012-03-31": "", "2011-12-31": "", "2011-09-30": "", "2011-06-30": "", "2011-03-31": "", "2010-12-31": "", "2010-09-30": "", "2010-06-30": "", "2010-03-31": "", "2009-12-31": "", "2009-09-30": "", "2008-12-31": ""}, "ROE - Return On Equity": {"2020-09-30": "4.41620", "2020-06-30": "-0.91190", "2020-03-31": "-3.31550", "2019-12-31": "-0.03000", "2019-09-30": "0.88880", "2019-06-30": "0.39760", "2019-03-31": "0.96520", "2018-12-31": "1.17120", "2018-09-30": "0.74970", "2018-06-30": "-0.18660", "2018-03-31": "0.05960", "2017-12-31": "4.62050", "2017-09-30": "0.34700", "2017-06-30": "0.10510", "2017-03-31": "0.21620", "2016-12-31": "1.69530", "2016-09-30": "0.31810", "2016-06-30": "0.27840", "2016-03-31": "5.74950", "2015-12-31": "1.09480", "2015-09-30": "6.68850", "2015-06-30": "2.32360", "2015-03-31": "-4.98930", "2014-12-31": "1.43340", "2014-09-30": "2.07700", "2014-06-30": "-0.68590", "2014-03-31": "-3.99560", "2013-12-31": "0.82570", "2013-09-30": "0.33400", "2013-06-30": "-3.44990", "2013-03-31": "-1.01060", "2012-12-31": "-0.03550", "2012-09-30": "-2.27940", "2012-06-30": "1.55350", "2012-03-31": "-5.02660", "2011-12-31": "1.37110", "2011-09-30": "7.17870", "2011-06-30": "3.09690", "2011-03-31": "-5.54520", "2010-12-31": "-0.20880", "2010-09-30": "-1.05080", "2010-06-30": "", "2010-03-31": "", "2009-12-31": "", "2009-09-30": "", "2008-12-31": ""}, "Return On Tangible Equity": {"2020-09-30": "4.41620", "2020-06-30": "-0.91190", "2020-03-31": "-3.31550", "2019-12-31": "-0.03000", "2019-09-30": "0.88880", "2019-06-30": "0.39760", "2019-03-31": "0.96520", "2018-12-31": "1.17120", "2018-09-30": "0.74970", "2018-06-30": "-0.18660", "2018-03-31": "0.05960", "2017-12-31": "4.62050", "2017-09-30": "0.34700", "2017-06-30": "0.10510", "2017-03-31": "0.21620", "2016-12-31": "1.69530", "2016-09-30": "0.31810", "2016-06-30": "0.27840", "2016-03-31": "5.74950", "2015-12-31": "1.09480", "2015-09-30": "6.68850", "2015-06-30": "2.32360", "2015-03-31": "-4.98930", "2014-12-31": "1.43340", "2014-09-30": "2.07700", "2014-06-30": "-0.68590", "2014-03-31": "-3.99560", "2013-12-31": "0.82570", "2013-09-30": "0.33400", "2013-06-30": "-3.44990", "2013-03-31": "-1.01060", "2012-12-31": "-0.03550", "2012-09-30": "-2.27940", "2012-06-30": "1.55350", "2012-03-31": "-5.02660", "2011-12-31": "1.37110", "2011-09-30": "7.17870", "2011-06-30": "3.09690", "2011-03-31": "-5.54520", "2010-12-31": "-0.20880", "2010-09-30": "-1.05080", "2010-06-30": "", "2010-03-31": "", "2009-12-31": "", "2009-09-30": "", "2008-12-31": ""}, "ROA - Return On Assets": {"2020-09-30": "1.81390", "2020-06-30": "-0.36890", "2020-03-31": "-1.37160", "2019-12-31": "-0.01190", "2019-09-30": "0.37800", "2019-06-30": "0.17290", "2019-03-31": "0.43050", "2018-12-31": "0.51560", "2018-09-30": "0.32680", "2018-06-30": "-0.08240", "2018-03-31": "0.02720", "2017-12-31": "2.18940", "2017-09-30": "0.15640", "2017-06-30": "0.04680", "2017-03-31": "0.08830", "2016-12-31": "0.68470", "2016-09-30": "0.12360", "2016-06-30": "0.11210", "2016-03-31": "2.38340", "2015-12-31": "0.45230", "2015-09-30": "2.81740", "2015-06-30": "0.93570", "2015-03-31": "-2.01870", "2014-12-31": "0.62540", "2014-09-30": "0.85890", "2014-06-30": "-0.29580", "2014-03-31": "-1.83690", "2013-12-31": "0.40580", "2013-09-30": "0.19990", "2013-06-30": "-2.12220", "2013-03-31": "-0.65330", "2012-12-31": "-0.02340", "2012-09-30": "-1.42430", "2012-06-30": "1.00910", "2012-03-31": "-3.28950", "2011-12-31": "0.93950", "2011-09-30": "4.74620", "2011-06-30": "2.18130", "2011-03-31": "-3.78280", "2010-12-31": "-0.15050", "2010-09-30": "-0.55950", "2010-06-30": "", "2010-03-31": "", "2009-12-31": "", "2009-09-30": "", "2008-12-31": ""}, "ROI - Return On Investment": {"2020-09-30": "2.06730", "2020-06-30": "-0.41890", "2020-03-31": "-1.54860", "2019-12-31": "-0.01350", "2019-09-30": "0.42890", "2019-06-30": "0.19670", "2019-03-31": "0.48740", "2018-12-31": "0.59080", "2018-09-30": "0.37020", "2018-06-30": "-0.09350", "2018-03-31": "0.03070", "2017-12-31": "2.43660", "2017-09-30": "0.17460", "2017-06-30": "0.05230", "2017-03-31": "0.10540", "2016-12-31": "0.82840", "2016-09-30": "0.14920", "2016-06-30": "0.13520", "2016-03-31": "2.85020", "2015-12-31": "0.53830", "2015-09-30": "3.35380", "2015-06-30": "1.13340", "2015-03-31": "-2.49470", "2014-12-31": "0.75910", "2014-09-30": "1.11880", "2014-06-30": "-0.38900", "2014-03-31": "-2.32070", "2013-12-31": "0.49310", "2013-09-30": "0.24850", "2013-06-30": "-2.60830", "2013-03-31": "-0.77510", "2012-12-31": "-0.02740", "2012-09-30": "-1.73930", "2012-06-30": "1.20170", "2012-03-31": "-3.95900", "2011-12-31": "1.08780", "2011-09-30": "5.48800", "2011-06-30": "2.70730", "2011-03-31": "-4.81130", "2010-12-31": "-0.18210", "2010-09-30": "-0.89260", "2010-06-30": "", "2010-03-31": "", "2009-12-31": "", "2009-09-30": "", "2008-12-31": ""}, "Book Value Per Share": {"2020-09-30": "67.61700", "2020-06-30": "68.08000", "2020-03-31": "68.66890", "2019-12-31": "78.26490", "2019-09-30": "78.18230", "2019-06-30": "77.69150", "2019-03-31": "76.66840", "2018-12-31": "75.31930", "2018-09-30": "73.92060", "2018-06-30": "73.20190", "2018-03-31": "71.63640", "2017-12-31": "73.68790", "2017-09-30": "70.13640", "2017-06-30": "68.71420", "2017-03-31": "64.92620", "2016-12-31": "64.62700", "2016-09-30": "63.10110", "2016-06-30": "62.84050", "2016-03-31": "62.78780", "2015-12-31": "59.52130", "2015-09-30": "58.80720", "2015-06-30": "54.81590", "2015-03-31": "53.48490", "2014-12-31": "56.19620", "2014-09-30": "55.40570", "2014-06-30": "54.18610", "2014-03-31": "54.51910", "2013-12-31": "56.73000", "2013-09-30": "56.23550", "2013-06-30": "56.02680", "2013-03-31": "58.04490", "2012-12-31": "58.50770", "2012-09-30": "57.98740", "2012-06-30": "59.31440", "2012-03-31": "58.46840", "2011-12-31": "61.39250", "2011-09-30": "60.58760", "2011-06-30": "56.16250", "2011-03-31": "54.43960", "2010-12-31": "57.48860", "2010-09-30": "", "2010-06-30": "", "2010-03-31": "", "2009-12-31": "", "2009-09-30": "", "2008-12-31": ""}, "Operating Cash Flow Per Share": {"2020-09-30": -1.2783, "2020-06-30": -0.0894, "2020-03-31": "-1.68700", "2019-12-31": 1.6374, "2019-09-30": -0.5444, "2019-06-30": 5.0833, "2019-03-31": "-1.37970", "2018-12-31": 8.0968, "2018-09-30": -0.6237, "2018-06-30": -0.6111, "2018-03-31": "-1.99300", "2017-12-31": 4.4044, "2017-09-30": 2.8424, "2017-06-30": -1.126, "2017-03-31": "-2.27840", "2016-12-31": 10.7006, "2016-09-30": -1.8975, "2016-06-30": -2.2082, "2016-03-31": "-0.99910", "2015-12-31": -0.201, "2015-09-30": 0.7829, "2015-06-30": 0.5328, "2015-03-31": "-0.55500", "2014-12-31": -1.8474, "2014-09-30": 0.1348, "2014-06-30": -0.4298, "2014-03-31": "0.66470", "2013-12-31": 0.7156, "2013-09-30": 0.2961, "2013-06-30": 1.8449, "2013-03-31": "0.42190", "2012-12-31": 2.4517, "2012-09-30": 0.8287, "2012-06-30": 0.7574, "2012-03-31": "-0.02320", "2011-12-31": 1.6528, "2011-09-30": 0.1506, "2011-06-30": 0.2926, "2011-03-31": "0.12320", "2010-12-31": -0.1957, "2010-09-30": -0.2476, "2010-06-30": -0.834, "2010-03-31": "-0.52250", "2009-12-31": 0, "2009-09-30": 0, "2008-12-31": 0}, "Free Cash Flow Per Share": {"2020-09-30": -3.5961, "2020-06-30": -1.0333, "2020-03-31": "-5.26260", "2019-12-31": -14.3589, "2019-09-30": -4.5282, "2019-06-30": 1.8921, "2019-03-31": "-5.44670", "2018-12-31": 4.7205, "2018-09-30": -11.7791, "2018-06-30": -2.7384, "2018-03-31": "-4.11410", "2017-12-31": 2.4624, "2017-09-30": -2.7991, "2017-06-30": 1.0703, "2017-03-31": "-4.10810", "2016-12-31": -0.534, "2016-09-30": -3.9844, "2016-06-30": -4.7037, "2016-03-31": "5.16800", "2015-12-31": -2.4831, "2015-09-30": -10.7377, "2015-06-30": 6.0375, "2015-03-31": "-6.14910", "2014-12-31": -10.3232, "2014-09-30": -10.7236, "2014-06-30": -0.4923, "2014-03-31": "0.61270", "2013-12-31": 0.5354, "2013-09-30": -0.2068, "2013-06-30": 1.7624, "2013-03-31": "0.38220", "2012-12-31": 2.4816, "2012-09-30": 1.2644, "2012-06-30": 0.4602, "2012-03-31": "-0.22380", "2011-12-31": 2.2805, "2011-09-30": -0.0405, "2011-06-30": 0.0794, "2011-03-31": "-0.11790", "2010-12-31": -1.2757, "2010-09-30": -1.148, "2010-06-30": -1.5702, "2010-03-31": "-0.77020", "2009-12-31": 0, "2009-09-30": 0, "2008-12-31": 0}}, "revenue": {"Howard Hughes Annual Revenue (Millions of US $)": {"2019": "$1,301", "2018": "$1,065", "2017": "$1,100", "2016": "$1,035", "2015": "$797", "2014": "$635", "2013": "$469", "2012": "$377", "2011": "$276", "2010": "$143", "2009": "$136", "2008": "$173"}, "Howard Hughes Quarterly Revenue (Millions of US $)": {"2020-09-30": "$154", "2020-06-30": "$156", "2020-03-31": "$175", "2019-12-31": "$284", "2019-09-30": "$231", "2019-06-30": "$431", "2019-03-31": "$354", "2018-12-31": "$465", "2018-09-30": "$257", "2018-06-30": "$181", "2018-03-31": "$162", "2017-12-31": "$301", "2017-09-30": "$259", "2017-06-30": "$309", "2017-03-31": "$232", "2016-12-31": "$280", "2016-09-30": "$242", "2016-06-30": "$274", "2016-03-31": "$240", "2015-12-31": "$229", "2015-09-30": "$203", "2015-06-30": "$209", "2015-03-31": "$155", "2014-12-31": "$207", "2014-09-30": "$119", "2014-06-30": "$210", "2014-03-31": "$99", "2013-12-31": "$134", "2013-09-30": "$100", "2013-06-30": "$146", "2013-03-31": "$90", "2012-12-31": "$108", "2012-09-30": "$95", "2012-06-30": "$94", "2012-03-31": "$80", "2011-12-31": "$85", "2011-09-30": "$87", "2011-06-30": "$51", "2011-03-31": "$53", "2010-12-31": "$51", "2010-09-30": "$32", "2010-06-30": "$31", "2010-03-31": "$29", "2009-12-31": "", "2009-09-30": "$30", "2008-12-31": ""}}, "gross-profit": {"Howard Hughes Annual Gross Profit (Millions of US $)": {"2019": "$512", "2018": "$451", "2017": "$468", "2016": "$472", "2015": "$365", "2014": "$330", "2013": "$173", "2012": "$133", "2011": "$76", "2010": "$31", "2009": "$33", "2008": "$54"}, "Howard Hughes Quarterly Gross Profit (Millions of US $)": {"2020-09-30": "$64", "2020-06-30": "$63", "2020-03-31": "$-18", "2019-12-31": "$190", "2019-09-30": "$101", "2019-06-30": "$100", "2019-03-31": "$121", "2018-12-31": "$164", "2018-09-30": "$125", "2018-06-30": "$78", "2018-03-31": "$84", "2017-12-31": "$105", "2017-09-30": "$103", "2017-06-30": "$131", "2017-03-31": "$107", "2016-12-31": "$112", "2016-09-30": "$100", "2016-06-30": "$130", "2016-03-31": "$114", "2015-12-31": "$116", "2015-09-30": "$99", "2015-06-30": "$87", "2015-03-31": "$63", "2014-12-31": "$120", "2014-09-30": "$47", "2014-06-30": "$124", "2014-03-31": "$38", "2013-12-31": "$55", "2013-09-30": "$29", "2013-06-30": "$61", "2013-03-31": "$27", "2012-12-31": "$43", "2012-09-30": "$34", "2012-06-30": "$33", "2012-03-31": "$23", "2011-12-31": "$27", "2011-09-30": "$18", "2011-06-30": "$17", "2011-03-31": "$14", "2010-12-31": "$13", "2010-09-30": "$8", "2010-06-30": "$5", "2010-03-31": "$6", "2009-12-31": "", "2009-09-30": "$11", "2008-12-31": ""}}, "operating-income": {"Howard Hughes Annual Operating Income (Millions of US $)": {"2019": "$150", "2018": "$107", "2017": "$222", "2016": "$327", "2015": "$119", "2014": "$167", "2013": "$111", "2012": "$72", "2011": "$27", "2010": "$-512", "2009": "$-693", "2008": "$-40"}, "Howard Hughes Quarterly Operating Income (Millions of US $)": {"2020-09-30": "$-14", "2020-06-30": "$-0", "2020-03-31": "$-137", "2019-12-31": "$17", "2019-09-30": "$47", "2019-06-30": "$33", "2019-03-31": "$54", "2018-12-31": "$70", "2018-09-30": "$42", "2018-06-30": "$-8", "2018-03-31": "$3", "2017-12-31": "$66", "2017-09-30": "$24", "2017-06-30": "$54", "2017-03-31": "$78", "2016-12-31": "$59", "2016-09-30": "$1", "2016-06-30": "$74", "2016-03-31": "$193", "2015-12-31": "$40", "2015-09-30": "$37", "2015-06-30": "$26", "2015-03-31": "$16", "2014-12-31": "$37", "2014-09-30": "$24", "2014-06-30": "$92", "2014-03-31": "$14", "2013-12-31": "$43", "2013-09-30": "$11", "2013-06-30": "$48", "2013-03-31": "$9", "2012-12-31": "$27", "2012-09-30": "$17", "2012-06-30": "$19", "2012-03-31": "$9", "2011-12-31": "$14", "2011-09-30": "$2", "2011-06-30": "$6", "2011-03-31": "$6", "2010-12-31": "$-503", "2010-09-30": "$-1", "2010-06-30": "$-5", "2010-03-31": "$-3", "2009-12-31": "", "2009-09-30": "$-42", "2008-12-31": ""}}, "ebitda": {"Howard Hughes Annual EBITDA (Millions of US $)": {"2019": "$331", "2018": "$244", "2017": "$361", "2016": "$427", "2015": "$226", "2014": "$236", "2013": "$150", "2012": "$102", "2011": "$48", "2010": "$-494", "2009": "$-672", "2008": "$-21"}, "Howard Hughes Quarterly EBITDA (Millions of US $)": {"2020-09-30": "$37", "2020-06-30": "$50", "2020-03-31": "$-73", "2019-12-31": "$70", "2019-09-30": "$92", "2019-06-30": "$75", "2019-03-31": "$94", "2018-12-31": "$109", "2018-09-30": "$80", "2018-06-30": "$23", "2018-03-31": "$32", "2017-12-31": "$107", "2017-09-30": "$59", "2017-06-30": "$90", "2017-03-31": "$105", "2016-12-31": "$85", "2016-09-30": "$25", "2016-06-30": "$100", "2016-03-31": "$217", "2015-12-31": "$69", "2015-09-30": "$64", "2015-06-30": "$53", "2015-03-31": "$40", "2014-12-31": "$61", "2014-09-30": "$42", "2014-06-30": "$106", "2014-03-31": "$27", "2013-12-31": "$56", "2013-09-30": "$22", "2013-06-30": "$55", "2013-03-31": "$17", "2012-12-31": "$36", "2012-09-30": "$25", "2012-06-30": "$26", "2012-03-31": "$15", "2011-12-31": "$20", "2011-09-30": "$9", "2011-06-30": "$12", "2011-03-31": "$7", "2010-12-31": "$-499", "2010-09-30": "$5", "2010-06-30": "$-1", "2010-03-31": "$1", "2009-12-31": "", "2009-09-30": "$-42", "2008-12-31": ""}}, "net-income": {"Howard Hughes Annual Net Income (Millions of US $)": {"2019": "$74", "2018": "$57", "2017": "$168", "2016": "$202", "2015": "$127", "2014": "$-24", "2013": "$-74", "2012": "$-128", "2011": "$147", "2010": "$-69", "2009": "$-704", "2008": "$-18"}, "Howard Hughes Quarterly Net Income (Millions of US $)": {"2020-09-30": "$140", "2020-06-30": "$-34", "2020-03-31": "$-125", "2019-12-31": "$-1", "2019-09-30": "$30", "2019-06-30": "$13", "2019-03-31": "$32", "2018-12-31": "$37", "2018-09-30": "$23", "2018-06-30": "$-5", "2018-03-31": "$1", "2017-12-31": "$149", "2017-09-30": "$11", "2017-06-30": "$3", "2017-03-31": "$6", "2016-12-31": "$44", "2016-09-30": "$8", "2016-06-30": "$7", "2016-03-31": "$144", "2015-12-31": "$26", "2015-09-30": "$156", "2015-06-30": "$51", "2015-03-31": "$-106", "2014-12-31": "$32", "2014-09-30": "$46", "2014-06-30": "$-15", "2014-03-31": "$-86", "2013-12-31": "$19", "2013-09-30": "$7", "2013-06-30": "$-77", "2013-03-31": "$-23", "2012-12-31": "$-1", "2012-09-30": "$-49", "2012-06-30": "$34", "2012-03-31": "$-112", "2011-12-31": "$31", "2011-09-30": "$164", "2011-06-30": "$66", "2011-03-31": "$-115", "2010-12-31": "$-5", "2010-09-30": "$-16", "2010-06-30": "$-28", "2010-03-31": "$-21", "2009-12-31": "", "2009-09-30": "$-24", "2008-12-31": ""}}, "eps-earnings-per-share-diluted": {"Howard Hughes Annual EPS": {"2019": "$1.71", "2018": "$1.32", "2017": "$3.91", "2016": "$4.73", "2015": "$1.60", "2014": "$-0.60", "2013": "$-1.87", "2012": "$-3.36", "2011": "$1.17", "2010": "$-1.84", "2009": "$-18.66", "2008": "$-0.48"}, "Howard Hughes Quarterly EPS": {"2020-09-30": "$2.51", "2020-06-30": "$-0.61", "2020-03-31": "$-2.88", "2019-12-31": "$-0.03", "2019-09-30": "$0.69", "2019-06-30": "$0.31", "2019-03-31": "$0.74", "2018-12-31": "$0.87", "2018-09-30": "$0.54", "2018-06-30": "$-0.12", "2018-03-31": "$0.03", "2017-12-31": "$3.47", "2017-09-30": "$0.24", "2017-06-30": "$0.07", "2017-03-31": "$0.13", "2016-12-31": "$1.69", "2016-09-30": "$0.19", "2016-06-30": "$0.16", "2016-03-31": "$2.69", "2015-12-31": "$3.34", "2015-09-30": "$0.76", "2015-06-30": "$0.18", "2015-03-31": "$-2.68", "2014-12-31": "$1.48", "2014-09-30": "$0.48", "2014-06-30": "$-0.37", "2014-03-31": "$-2.19", "2013-12-31": "$0.49", "2013-09-30": "$0.17", "2013-06-30": "$-1.94", "2013-03-31": "$-0.59", "2012-12-31": "$0.63", "2012-09-30": "$-1.30", "2012-06-30": "$0.27", "2012-03-31": "$-2.96", "2011-12-31": "$4.11", "2011-09-30": "$-0.14", "2011-06-30": "$0.22", "2011-03-31": "$-3.02", "2010-12-31": "$-0.13", "2010-09-30": "$-0.43", "2010-06-30": "$-0.74", "2010-03-31": "$-0.54", "2009-12-31": "$0.00", "2009-09-30": "$0.00", "2008-12-31": "$0.00"}}, "shares-outstanding": {"Howard Hughes Annual Shares Outstanding (Millions of Shares)": {"2019": "43", "2018": "43", "2017": "43", "2016": "43", "2015": "43", "2014": "39", "2013": "39", "2012": "38", "2011": "39", "2010": "38", "2009": "38", "2008": "38"}, "Howard Hughes Quarterly Shares Outstanding (Millions of Shares)": {"2020-09-30": "56", "2020-06-30": "56", "2020-03-31": "43", "2019-12-31": "43", "2019-09-30": "43", "2019-06-30": "43", "2019-03-31": "43", "2018-12-31": "43", "2018-09-30": "43", "2018-06-30": "43", "2018-03-31": "43", "2017-12-31": "43", "2017-09-30": "43", "2017-06-30": "43", "2017-03-31": "43", "2016-12-31": "43", "2016-09-30": "43", "2016-06-30": "43", "2016-03-31": "42", "2015-12-31": "43", "2015-09-30": "43", "2015-06-30": "43", "2015-03-31": "39", "2014-12-31": "39", "2014-09-30": "43", "2014-06-30": "39", "2014-03-31": "39", "2013-12-31": "39", "2013-09-30": "42", "2013-06-30": "39", "2013-03-31": "39", "2012-12-31": "38", "2012-09-30": "38", "2012-06-30": "40", "2012-03-31": "38", "2011-12-31": "39", "2011-09-30": "39", "2011-06-30": "41", "2011-03-31": "38", "2010-12-31": "38", "2010-09-30": "38", "2010-06-30": "38", "2010-03-31": "38", "2009-12-31": "", "2009-09-30": "", "2008-12-31": ""}}, "total-assets": {"Howard Hughes Annual Total Assets (Millions of US $)": {"2019": "$8,414", "2018": "$7,356", "2017": "$6,729", "2016": "$6,367", "2015": "$5,722", "2014": "$5,105", "2013": "$4,568", "2012": "$3,503", "2011": "$3,400", "2010": "$3,023", "2009": "$2,905", "2008": "$0"}, "Howard Hughes Quarterly Total Assets (Millions of US $)": {"2020-09-30": "$9,041", "2020-06-30": "$9,245", "2020-03-31": "$9,120", "2019-12-31": "$8,414", "2019-09-30": "$7,948", "2019-06-30": "$7,709", "2019-03-31": "$7,416", "2018-12-31": "$7,356", "2018-09-30": "$7,297", "2018-06-30": "$7,134", "2018-03-31": "$6,738", "2017-12-31": "$6,729", "2017-09-30": "$6,724", "2017-06-30": "$6,667", "2017-03-31": "$6,408", "2016-12-31": "$6,367", "2016-09-30": "$6,470", "2016-06-30": "$6,218", "2016-03-31": "$6,032", "2015-12-31": "$5,722", "2015-09-30": "$5,545", "2015-06-30": "$5,406", "2015-03-31": "$5,249", "2014-12-31": "$5,105", "2014-09-30": "$5,311", "2014-06-30": "$4,981", "2014-03-31": "$4,700", "2013-12-31": "$4,568", "2013-09-30": "$3,719", "2013-06-30": "$3,605", "2013-03-31": "$3,546", "2012-12-31": "$3,503", "2012-09-30": "$3,524", "2012-06-30": "$3,468", "2012-03-31": "$3,390", "2011-12-31": "$3,400", "2011-09-30": "$3,477", "2011-06-30": "$3,025", "2011-03-31": "$3,027", "2010-12-31": "$3,023", "2010-09-30": "$2,892", "2010-06-30": "$0", "2010-03-31": "$0", "2009-12-31": "$0", "2009-09-30": "$0", "2008-12-31": "$0"}}, "cash-on-hand": {"Howard Hughes Annual Cash on Hand (Millions of US $)": {"2019": "$620", "2018": "$724", "2017": "$964", "2016": "$666", "2015": "$445", "2014": "$560", "2013": "$895", "2012": "$229", "2011": "$228", "2010": "$285", "2009": "$3", "2008": "$"}, "Howard Hughes Quarterly Cash on Hand (Millions of US $)": {"2020-09-30": "$1,091", "2020-06-30": "$1,188", "2020-03-31": "$1,239", "2019-12-31": "$620", "2019-09-30": "$843", "2019-06-30": "$849", "2019-03-31": "$587", "2018-12-31": "$724", "2018-09-30": "$613", "2018-06-30": "$736", "2018-03-31": "$765", "2017-12-31": "$964", "2017-09-30": "$602", "2017-06-30": "$660", "2017-03-31": "$542", "2016-12-31": "$666", "2016-09-30": "$653", "2016-06-30": "$671", "2016-03-31": "$737", "2015-12-31": "$445", "2015-09-30": "$451", "2015-06-30": "$489", "2015-03-31": "$458", "2014-12-31": "$560", "2014-09-30": "$806", "2014-06-30": "$740", "2014-03-31": "$827", "2013-12-31": "$895", "2013-09-30": "$211", "2013-06-30": "$213", "2013-03-31": "$201", "2012-12-31": "$229", "2012-09-30": "$273", "2012-06-30": "$254", "2012-03-31": "$210", "2011-12-31": "$228", "2011-09-30": "$293", "2011-06-30": "$276", "2011-03-31": "$280", "2010-12-31": "$285", "2010-09-30": "$3", "2010-06-30": "", "2010-03-31": "", "2009-12-31": "", "2009-09-30": "", "2008-12-31": ""}}, "long-term-debt": {"Howard Hughes Annual Long Term Debt (Millions of US $)": {"2019": "$4,096", "2018": "$3,181", "2017": "$2,858", "2016": "$2,691", "2015": "$2,444", "2014": "$1,979", "2013": "$1,515", "2012": "$688", "2011": "$606", "2010": "$319", "2009": "$209", "2008": "$"}, "Howard Hughes Quarterly Long Term Debt (Millions of US $)": {"2020-09-30": "$4,219", "2020-06-30": "$4,401", "2020-03-31": "$4,305", "2019-12-31": "$4,096", "2019-09-30": "$3,625", "2019-06-30": "$3,422", "2019-03-31": "$3,242", "2018-12-31": "$3,181", "2018-09-30": "$3,261", "2018-06-30": "$3,138", "2018-03-31": "$2,896", "2017-12-31": "$2,858", "2017-09-30": "$2,993", "2017-06-30": "$3,003", "2017-03-31": "$2,750", "2016-12-31": "$2,691", "2016-09-30": "$2,847", "2016-06-30": "$2,652", "2016-03-31": "$2,544", "2015-12-31": "$2,444", "2015-09-30": "$2,322", "2015-06-30": "$2,286", "2015-03-31": "$2,124", "2014-12-31": "$1,979", "2014-09-30": "$1,881", "2014-06-30": "$1,639", "2014-03-31": "$1,559", "2013-12-31": "$1,515", "2013-09-30": "$766", "2013-06-30": "$716", "2013-03-31": "$697", "2012-12-31": "$688", "2012-09-30": "$684", "2012-06-30": "$659", "2012-03-31": "$598", "2011-12-31": "$606", "2011-09-30": "$708", "2011-06-30": "$307", "2011-03-31": "$315", "2010-12-31": "$319", "2010-09-30": "$273", "2010-06-30": "", "2010-03-31": "", "2009-12-31": "", "2009-09-30": "", "2008-12-31": ""}}, "total-liabilities": {"Howard Hughes Annual Total Liabilities (Millions of US $)": {"2019": "$5,081", "2018": "$4,118", "2017": "$3,541", "2016": "$3,796", "2015": "$3,358", "2014": "$2,878", "2013": "$2,323", "2012": "$1,192", "2011": "$1,070", "2010": "$844", "2009": "$1,402", "2008": "$0"}, "Howard Hughes Quarterly Total Liabilities (Millions of US $)": {"2020-09-30": "$5,328", "2020-06-30": "$5,505", "2020-03-31": "$5,347", "2019-12-31": "$5,081", "2019-09-30": "$4,568", "2019-06-30": "$4,357", "2019-03-31": "$4,109", "2018-12-31": "$4,118", "2018-09-30": "$4,116", "2018-06-30": "$3,983", "2018-03-31": "$3,659", "2017-12-31": "$3,541", "2017-09-30": "$3,693", "2017-06-30": "$3,700", "2017-03-31": "$3,791", "2016-12-31": "$3,796", "2016-09-30": "$3,956", "2016-06-30": "$3,714", "2016-03-31": "$3,532", "2015-12-31": "$3,358", "2015-09-30": "$3,209", "2015-06-30": "$3,229", "2015-03-31": "$3,125", "2014-12-31": "$2,878", "2014-09-30": "$3,115", "2014-06-30": "$2,833", "2014-03-31": "$2,539", "2013-12-31": "$2,323", "2013-09-30": "$1,494", "2013-06-30": "$1,387", "2013-03-31": "$1,254", "2012-12-31": "$1,192", "2012-09-30": "$1,322", "2012-06-30": "$1,215", "2012-03-31": "$1,172", "2011-12-31": "$1,070", "2011-09-30": "$1,178", "2011-06-30": "$895", "2011-03-31": "$962", "2010-12-31": "$844", "2010-09-30": "$1,352", "2010-06-30": "$0", "2010-03-31": "$0", "2009-12-31": "", "2009-09-30": "$0", "2008-12-31": "$0"}}, "total-share-holder-equity": {"Howard Hughes Annual Share Holder Equity (Millions of US $)": {"2019": "$3,333", "2018": "$3,238", "2017": "$3,189", "2016": "$2,572", "2015": "$2,364", "2014": "$2,228", "2013": "$2,245", "2012": "$2,311", "2011": "$2,330", "2010": "$2,179", "2009": "$1,504", "2008": "$0"}, "Howard Hughes Quarterly Share Holder Equity (Millions of US $)": {"2020-09-30": "$3,714", "2020-06-30": "$3,740", "2020-03-31": "$3,773", "2019-12-31": "$3,333", "2019-09-30": "$3,380", "2019-06-30": "$3,352", "2019-03-31": "$3,307", "2018-12-31": "$3,238", "2018-09-30": "$3,181", "2018-06-30": "$3,151", "2018-03-31": "$3,079", "2017-12-31": "$3,189", "2017-09-30": "$3,030", "2017-06-30": "$2,967", "2017-03-31": "$2,617", "2016-12-31": "$2,572", "2016-09-30": "$2,514", "2016-06-30": "$2,503", "2016-03-31": "$2,500", "2015-12-31": "$2,364", "2015-09-30": "$2,336", "2015-06-30": "$2,177", "2015-03-31": "$2,124", "2014-12-31": "$2,228", "2014-09-30": "$2,196", "2014-06-30": "$2,148", "2014-03-31": "$2,161", "2013-12-31": "$2,245", "2013-09-30": "$2,226", "2013-06-30": "$2,217", "2013-03-31": "$2,293", "2012-12-31": "$2,311", "2012-09-30": "$2,202", "2012-06-30": "$2,252", "2012-03-31": "$2,219", "2011-12-31": "$2,330", "2011-09-30": "$2,299", "2011-06-30": "$2,131", "2011-03-31": "$2,065", "2010-12-31": "$2,179", "2010-09-30": "$1,540", "2010-06-30": "$0", "2010-03-31": "$0", "2009-12-31": "", "2009-09-30": "$0", "2008-12-31": "$0"}}, "profit-margins": {"current": "-2.68%"}, "gross margin": {"2020-09-30": "38.88%", "2020-06-30": "39.72%", "2020-03-31": "33.27%", "2019-12-31": "39.38%", "2019-09-30": "32.82%", "2019-06-30": "33.84%", "2019-03-31": "38.82%", "2018-12-31": "42.35%", "2018-09-30": "43.51%", "2018-06-30": "40.97%", "2018-03-31": "41.03%", "2017-12-31": "40.51%", "2017-09-30": "41.94%", "2017-06-30": "42.33%", "2017-03-31": "43.68%", "2016-12-31": "44.02%", "2016-09-30": "46.70%", "2016-06-30": "48.52%", "2016-03-31": "47.22%", "2015-12-31": "45.85%", "2015-09-30": "47.67%", "2015-06-30": "45.94%", "2015-03-31": "51.23%", "2014-12-31": "51.81%", "2014-09-30": "46.98%", "2014-06-30": "45.30%", "2014-03-31": "38.20%", "2013-12-31": "36.60%", "2013-09-30": "36.04%", "2013-06-30": "37.59%", "2013-03-31": "35.40%", "2012-12-31": "35.28%", "2012-09-30": "33.05%", "2012-06-30": "29.19%", "2012-03-31": "28.05%", "2011-12-31": "27.54%", "2011-09-30": "25.62%", "2011-06-30": "27.81%", "2011-03-31": "23.95%", "2010-12-31": "22.38%", "2010-06-30": "24.44%"}, "operating margin": {"2020-09-30": "-17.43%", "2020-06-30": "-8.63%", "2020-03-31": "-3.57%", "2019-12-31": "11.62%", "2019-09-30": "13.77%", "2019-06-30": "13.21%", "2019-03-31": "12.57%", "2018-12-31": "10.05%", "2018-09-30": "11.43%", "2018-06-30": "9.41%", "2018-03-31": "14.26%", "2017-12-31": "20.16%", "2017-09-30": "19.91%", "2017-06-30": "18.06%", "2017-03-31": "20.62%", "2016-12-31": "31.56%", "2016-09-30": "31.27%", "2016-06-30": "36.36%", "2016-03-31": "33.60%", "2015-12-31": "14.95%", "2015-09-30": "14.99%", "2015-06-30": "14.93%", "2015-03-31": "24.46%", "2014-12-31": "26.30%", "2014-09-30": "30.78%", "2014-06-30": "29.47%", "2014-03-31": "24.22%", "2013-12-31": "23.62%", "2013-09-30": "21.40%", "2013-06-30": "23.01%", "2013-03-31": "18.60%", "2012-12-31": "19.10%", "2012-09-30": "16.67%", "2012-06-30": "12.72%", "2012-03-31": "10.23%", "2011-12-31": "10.14%", "2011-09-30": "-202.07%", "2011-06-30": "-263.10%", "2011-03-31": "-301.20%", "2010-12-31": "-358.04%", "2010-06-30": "-55.56%"}, "ebitda margin": {"2020-09-30": "10.92%", "2020-06-30": "16.43%", "2020-03-31": "14.63%", "2019-12-31": "25.46%", "2019-09-30": "24.98%", "2019-06-30": "23.76%", "2019-03-31": "24.34%", "2018-12-31": "22.91%", "2018-09-30": "26.86%", "2018-06-30": "24.47%", "2018-03-31": "27.93%", "2017-12-31": "32.79%", "2017-09-30": "31.39%", "2017-06-30": "28.69%", "2017-03-31": "30.64%", "2016-12-31": "41.22%", "2016-09-30": "41.73%", "2016-06-30": "47.57%", "2016-03-31": "45.74%", "2015-12-31": "28.39%", "2015-09-30": "28.17%", "2015-06-30": "28.41%", "2015-03-31": "36.03%", "2014-12-31": "37.17%", "2014-09-30": "41.10%", "2014-06-30": "38.86%", "2014-03-31": "33.40%", "2013-12-31": "31.91%", "2013-09-30": "29.28%", "2013-06-30": "30.30%", "2013-03-31": "26.87%", "2012-12-31": "27.06%", "2012-09-30": "24.29%", "2012-06-30": "20.23%", "2012-03-31": "18.48%", "2011-12-31": "17.39%", "2011-09-30": "-194.63%", "2011-06-30": "-254.01%", "2011-03-31": "-292.22%", "2010-12-31": "-345.45%", "2010-06-30": "-46.67%"}, "pre tax profit margin": {"2020-09-30": "1.56%", "2020-06-30": "-18.56%", "2020-03-31": "-8.74%", "2019-12-31": "8.00%", "2019-09-30": "9.99%", "2019-06-30": "9.29%", "2019-03-31": "9.07%", "2018-12-31": "6.85%", "2018-09-30": "10.54%", "2018-06-30": "8.86%", "2018-03-31": "10.38%", "2017-12-31": "10.90%", "2017-09-30": "10.19%", "2017-06-30": "10.54%", "2017-03-31": "12.35%", "2016-12-31": "30.98%", "2016-09-30": "29.04%", "2016-06-30": "46.72%", "2016-03-31": "52.55%", "2015-12-31": "18.84%", "2015-09-30": "21.96%", "2015-06-30": "6.09%", "2015-03-31": "2.46%", "2014-12-31": "6.14%", "2014-09-30": "0.18%", "2014-06-30": "-5.89%", "2014-03-31": "-26.10%", "2013-12-31": "-13.62%", "2013-09-30": "-16.44%", "2013-06-30": "-30.52%", "2013-03-31": "-9.04%", "2012-12-31": "-32.36%", "2012-09-30": "-28.81%", "2012-06-30": "29.77%", "2012-03-31": "44.22%", "2011-12-31": "47.10%", "2011-09-30": "-216.53%", "2011-06-30": "-364.17%", "2011-03-31": "-450.90%", "2010-12-31": "-451.05%", "2010-06-30": "-56.67%"}, "net profit margin": {"2020-09-30": "-2.60%", "2020-06-30": "-15.37%", "2020-03-31": "-7.40%", "2019-12-31": "5.69%", "2019-09-30": "7.56%", "2019-06-30": "6.97%", "2019-03-31": "6.92%", "2018-12-31": "5.26%", "2018-09-30": "18.65%", "2018-06-30": "17.28%", "2018-03-31": "15.91%", "2017-12-31": "15.35%", "2017-09-30": "5.93%", "2017-06-30": "5.74%", "2017-03-31": "6.32%", "2016-12-31": "19.59%", "2016-09-30": "18.78%", "2016-06-30": "35.20%", "2016-03-31": "42.79%", "2015-12-31": "15.95%", "2015-09-30": "17.18%", "2015-06-30": "3.33%", "2015-03-31": "-6.22%", "2014-12-31": "-3.62%", "2014-09-30": "-6.41%", "2014-06-30": "-13.81%", "2014-03-31": "-28.60%", "2013-12-31": "-15.74%", "2013-09-30": "-21.17%", "2013-06-30": "-34.17%", "2013-03-31": "-10.08%", "2012-12-31": "-33.95%", "2012-09-30": "-27.12%", "2012-06-30": "33.82%", "2012-03-31": "49.17%", "2011-12-31": "52.90%", "2011-09-30": "45.45%", "2011-06-30": "-37.43%", "2011-03-31": "-98.20%", "2010-12-31": "-48.95%", "2010-06-30": "-81.11%"}, "pe ratio": {"current": "307.17", "2021-02-05": "0.00", "2020-09-30": "0.00", "2020-06-30": "0.00", "2020-03-31": "0.00", "2019-12-31": "74.15", "2019-09-30": "49.85", "2019-06-30": "50.55", "2019-03-31": "54.46", "2018-12-31": "74.52", "2018-09-30": "31.77", "2018-06-30": "36.70", "2018-03-31": "36.61", "2017-12-31": "33.66", "2017-09-30": "80.77", "2017-06-30": "87.12", "2017-03-31": "78.17", "2016-12-31": "28.10", "2016-09-30": "31.54", "2016-06-30": "27.22", "2016-03-31": "25.09", "2015-12-31": "0.00", "2015-09-30": "0.00", "2015-06-30": "0.00", "2015-03-31": "0.00", "2014-12-31": "0.00", "2014-09-30": "0.00", "2014-06-30": "0.00", "2014-03-31": "0.00", "2013-12-31": "0.00", "2013-09-30": "0.00", "2013-06-30": "0.00", "2013-03-31": "0.00", "2012-12-31": "0.00", "2012-09-30": "0.00", "2012-06-30": "0.00", "2012-03-31": "0.00", "2011-12-31": "0.00", "2011-09-30": "0.00"}, "price sales": {"2021-02-05": "5.69", "2020-09-30": "3.56", "2020-06-30": "2.77", "2020-03-31": "1.95", "2019-12-31": "4.22", "2019-09-30": "3.79", "2019-06-30": "3.56", "2019-03-31": "3.78", "2018-12-31": "3.96", "2018-09-30": "5.95", "2018-06-30": "6.34", "2018-03-31": "5.83", "2017-12-31": "5.14", "2017-09-30": "4.70", "2017-06-30": "4.95", "2017-03-31": "4.88", "2016-12-31": "4.70", "2016-09-30": "4.96", "2016-06-30": "5.16", "2016-03-31": "5.14", "2015-12-31": "5.99", "2015-09-30": "6.12", "2015-06-30": "8.55", "2015-03-31": "8.99", "2014-12-31": "8.24", "2014-09-30": "10.74", "2014-06-30": "11.64", "2014-03-31": "11.95", "2013-12-31": "10.25", "2013-09-30": "10.06", "2013-06-30": "9.90", "2013-03-31": "8.41", "2012-12-31": "7.47", "2012-09-30": "7.79", "2012-06-30": "6.96", "2012-03-31": "8.22", "2011-12-31": "6.25", "2011-09-30": "6.76"}, "price book": {"current": "1.36", "2021-02-05": "1.36", "2020-09-30": "0.85", "2020-06-30": "0.76", "2020-03-31": "0.74", "2019-12-31": "1.62", "2019-09-30": "1.66", "2019-06-30": "1.59", "2019-03-31": "1.43", "2018-12-31": "1.30", "2018-09-30": "1.68", "2018-06-30": "1.81", "2018-03-31": "1.94", "2017-12-31": "1.78", "2017-09-30": "1.68", "2017-06-30": "1.79", "2017-03-31": "1.81", "2016-12-31": "1.77", "2016-09-30": "1.81", "2016-06-30": "1.82", "2016-03-31": "1.69", "2015-12-31": "1.90", "2015-09-30": "1.95", "2015-06-30": "2.62", "2015-03-31": "2.90", "2014-12-31": "2.32", "2014-09-30": "2.71", "2014-06-30": "2.91", "2014-03-31": "2.62", "2013-12-31": "2.12", "2013-09-30": "2.00", "2013-06-30": "2.00", "2013-03-31": "1.44", "2012-12-31": "1.25", "2012-09-30": "1.23", "2012-06-30": "1.04", "2012-03-31": "1.09", "2011-12-31": "0.72", "2011-09-30": "0.69", "2011-06-30": "1.16", "2011-03-31": "1.30", "2010-12-31": "0.95"}, "price fcf": {"2021-02-05": "", "2020-09-30": "$-24.25", "2020-06-30": "$-25.18", "2020-03-31": "$-22.26", "2019-12-31": "$-22.44", "2019-09-30": "$-3.36", "2019-06-30": "$-10.61", "2019-03-31": "$-15.24", "2018-12-31": "$-13.91", "2018-09-30": "$-16.17", "2018-06-30": "$-7.19", "2018-03-31": "$-3.38", "2017-12-31": "$-3.37", "2017-09-30": "$-6.37", "2017-06-30": "$-7.56", "2017-03-31": "$-13.33", "2016-12-31": "$-4.05", "2016-09-30": "$-6.00", "2016-06-30": "$-12.76", "2016-03-31": "$-2.02", "2015-12-31": "$-13.33", "2015-09-30": "$-21.17", "2015-06-30": "$-21.16", "2015-03-31": "$-27.69", "2014-12-31": "$-20.93", "2014-09-30": "$-10.07", "2014-06-30": "$0.45", "2014-03-31": "$2.70", "2013-12-31": "$2.47", "2013-09-30": "$4.42", "2013-06-30": "$5.89", "2013-03-31": "$4.59", "2012-12-31": "$3.98", "2012-09-30": "$3.78", "2012-06-30": "$2.48", "2012-03-31": "$2.10", "2011-12-31": "$2.20", "2011-09-30": "$-4.84"}, "net worth": {"value": "$5.06B"}, "current ratio": {"2020-09-30": "1.79", "2020-06-30": "1.76", "2020-03-31": "1.91", "2019-12-31": "1.30", "2019-09-30": "1.81", "2019-06-30": "1.64", "2019-03-31": "1.36", "2018-12-31": "1.24", "2018-09-30": "1.28", "2018-06-30": "1.39", "2018-03-31": "1.60", "2017-12-31": "2.24", "2017-09-30": "1.74", "2017-06-30": "1.79", "2017-03-31": "1.38", "2016-12-31": "1.44", "2016-09-30": "1.43", "2016-06-30": "1.53", "2016-03-31": "1.68", "2015-12-31": "1.16", "2015-09-30": "1.31", "2015-06-30": "1.54", "2015-03-31": "1.38", "2014-12-31": "1.55", "2014-09-30": "1.87", "2014-06-30": "1.98", "2014-03-31": "2.76", "2013-12-31": "3.74", "2013-09-30": "1.67", "2013-06-30": "2.09", "2013-03-31": "1.84", "2012-12-31": "2.12", "2012-09-30": "3.07", "2012-06-30": "3.30", "2012-03-31": "3.06", "2011-12-31": "2.85", "2011-09-30": "3.75", "2011-06-30": "4.87", "2011-03-31": "4.69", "2010-12-31": "4.57", "2010-09-30": "0.08", "2010-06-30": "0.00", "2010-03-31": "0.00", "2009-12-31": "0.00", "2009-09-30": "0.00", "2008-12-31": "0.00"}, "quick ratio": {"2020-09-30": "0.00", "2020-06-30": "0.00", "2020-03-31": "0.00", "2019-12-31": "0.00", "2019-09-30": "0.00", "2019-06-30": "0.00", "2019-03-31": "0.00", "2018-12-31": "0.00", "2018-09-30": "0.00", "2018-06-30": "0.00", "2018-03-31": "0.00", "2017-12-31": "0.00", "2017-09-30": "0.00", "2017-06-30": "0.00", "2017-03-31": "0.00", "2016-12-31": "0.00", "2016-09-30": "0.00", "2016-06-30": "0.00", "2016-03-31": "0.00", "2015-12-31": "0.00", "2015-09-30": "0.00", "2015-06-30": "0.00", "2015-03-31": "0.00", "2014-12-31": "0.00", "2014-09-30": "0.00", "2014-06-30": "0.00", "2014-03-31": "0.00", "2013-12-31": "0.00", "2013-09-30": "0.00", "2013-06-30": "0.00", "2013-03-31": "0.00", "2012-12-31": "0.00", "2012-09-30": "0.00", "2012-06-30": "0.00", "2012-03-31": "0.00", "2011-12-31": "0.00", "2011-09-30": "0.00", "2011-06-30": "0.00", "2011-03-31": "0.00", "2010-12-31": "0.00", "2010-09-30": "0.00", "2010-06-30": "0.00", "2010-03-31": "0.00", "2009-12-31": "0.00", "2009-09-30": "0.00", "2008-12-31": "0.00"}, "debt equity ratio": {"current": "1.14", "2020-09-30": "1.44", "2020-06-30": "1.47", "2020-03-31": "1.42", "2019-12-31": "1.52", "2019-09-30": "1.35", "2019-06-30": "1.30", "2019-03-31": "1.24", "2018-12-31": "1.27", "2018-09-30": "1.29", "2018-06-30": "1.26", "2018-03-31": "1.19", "2017-12-31": "1.11", "2017-09-30": "1.22", "2017-06-30": "1.25", "2017-03-31": "1.45", "2016-12-31": "1.48", "2016-09-30": "1.57", "2016-06-30": "1.48", "2016-03-31": "1.41", "2015-12-31": "1.42", "2015-09-30": "1.37", "2015-06-30": "1.48", "2015-03-31": "1.47", "2014-12-31": "1.29", "2014-09-30": "1.42", "2014-06-30": "1.32", "2014-03-31": "1.18", "2013-12-31": "1.04", "2013-09-30": "0.67", "2013-06-30": "0.63", "2013-03-31": "0.55", "2012-12-31": "0.52", "2012-09-30": "0.60", "2012-06-30": "0.54", "2012-03-31": "0.53", "2011-12-31": "0.46", "2011-09-30": "0.51", "2011-06-30": "0.42", "2011-03-31": "0.47", "2010-12-31": "0.39", "2010-09-30": "0.88", "2010-06-30": "0.00", "2010-03-31": "0.00", "2009-12-31": "0.00", "2009-09-30": "0.00", "2008-12-31": "0.00"}, "return on equity": {"2020-09-30": "-0.55%", "2020-06-30": "-3.66%", "2020-03-31": "-2.40%", "2019-12-31": "2.21%", "2019-09-30": "3.37%", "2019-06-30": "3.21%", "2019-03-31": "2.70%", "2018-12-31": "1.77%", "2018-09-30": "5.33%", "2018-06-30": "5.01%", "2018-03-31": "5.35%", "2017-12-31": "5.73%", "2017-09-30": "2.29%", "2017-06-30": "2.29%", "2017-03-31": "2.55%", "2016-12-31": "8.05%", "2016-09-30": "7.49%", "2016-06-30": "13.73%", "2016-03-31": "16.08%", "2015-12-31": "5.64%", "2015-09-30": "6.00%", "2015-06-30": "1.05%", "2015-03-31": "-1.98%", "2014-12-31": "-1.05%", "2014-09-30": "-1.65%", "2014-06-30": "-3.42%", "2014-03-31": "-6.19%", "2013-12-31": "-3.30%", "2013-09-30": "-4.16%", "2013-06-30": "-6.65%", "2013-03-31": "-1.72%", "2012-12-31": "-5.70%", "2012-09-30": "-4.27%", "2012-06-30": "5.14%", "2012-03-31": "6.64%", "2011-12-31": "6.62%", "2011-09-30": "5.07%", "2011-06-30": "-3.54%", "2011-03-31": "-11.34%", "2010-12-31": "-7.53%", "2010-06-30": "inf%"}, "return on assets": {"2020-09-30": "-0.22%", "2020-06-30": "-1.50%", "2020-03-31": "-1.00%", "2019-12-31": "0.94%", "2019-09-30": "1.47%", "2019-06-30": "1.41%", "2019-03-31": "1.19%", "2018-12-31": "0.79%", "2018-09-30": "2.41%", "2018-06-30": "2.28%", "2018-03-31": "2.44%", "2017-12-31": "2.55%", "2017-09-30": "0.98%", "2017-06-30": "0.94%", "2017-03-31": "1.02%", "2016-12-31": "3.24%", "2016-09-30": "3.03%", "2016-06-30": "5.66%", "2016-03-31": "6.64%", "2015-12-31": "2.32%", "2015-09-30": "2.50%", "2015-06-30": "0.44%", "2015-03-31": "-0.83%", "2014-12-31": "-0.46%", "2014-09-30": "-0.74%", "2014-06-30": "-1.67%", "2014-03-31": "-3.30%", "2013-12-31": "-1.92%", "2013-09-30": "-2.62%", "2013-06-30": "-4.23%", "2013-03-31": "-1.11%", "2012-12-31": "-3.69%", "2012-09-30": "-2.79%", "2012-06-30": "3.41%", "2012-03-31": "4.48%", "2011-12-31": "4.52%", "2011-09-30": "3.51%", "2011-06-30": "-2.34%", "2011-03-31": "-7.34%", "2010-12-31": "-4.73%", "2010-06-30": "inf%"}, "return on investments": {"2020-09-30": "-1.70%", "2020-06-30": "-0.95%", "2020-03-31": "-0.55%", "2019-12-31": "2.18%", "2019-09-30": "3.05%", "2019-06-30": "3.04%", "2019-03-31": "2.46%", "2018-12-31": "1.70%", "2018-09-30": "1.66%", "2018-06-30": "1.40%", "2018-03-31": "2.45%", "2017-12-31": "3.79%", "2017-09-30": "3.80%", "2017-06-30": "3.50%", "2017-03-31": "4.01%", "2016-12-31": "6.28%", "2016-09-30": "6.05%", "2016-06-30": "7.00%", "2016-03-31": "6.24%", "2015-12-31": "2.62%", "2015-09-30": "2.64%", "2015-06-30": "2.42%", "2015-03-31": "4.14%", "2014-12-31": "4.23%", "2014-09-30": "4.51%", "2014-06-30": "4.49%", "2014-03-31": "3.46%", "2013-12-31": "3.50%", "2013-09-30": "3.19%", "2013-06-30": "3.42%", "2013-03-31": "2.44%", "2012-12-31": "2.48%", "2012-09-30": "2.04%", "2012-06-30": "1.51%", "2012-03-31": "1.11%", "2011-12-31": "1.04%", "2011-09-30": "-18.95%", "2011-06-30": "-21.56%", "2011-03-31": "-30.07%", "2010-12-31": "-47.51%", "2010-06-30": "inf%"}, "return on tangible equity": {"2020-09-30": "-0.55%", "2020-06-30": "-3.66%", "2020-03-31": "-2.40%", "2019-12-31": "2.21%", "2019-09-30": "3.37%", "2019-06-30": "3.21%", "2019-03-31": "2.70%", "2018-12-31": "1.77%", "2018-09-30": "5.33%", "2018-06-30": "5.01%", "2018-03-31": "5.35%", "2017-12-31": "5.73%", "2017-09-30": "2.29%", "2017-06-30": "2.29%", "2017-03-31": "2.55%", "2016-12-31": "8.05%", "2016-09-30": "7.49%", "2016-06-30": "13.73%", "2016-03-31": "16.08%", "2015-12-31": "5.64%", "2015-09-30": "6.00%", "2015-06-30": "1.05%", "2015-03-31": "-1.98%", "2014-12-31": "-1.05%", "2014-09-30": "-1.65%", "2014-06-30": "-3.42%", "2014-03-31": "-6.19%", "2013-12-31": "-3.30%", "2013-09-30": "-4.16%", "2013-06-30": "-6.65%", "2013-03-31": "-1.72%", "2012-12-31": "-5.70%", "2012-09-30": "-4.27%", "2012-06-30": "5.14%", "2012-03-31": "6.64%", "2011-12-31": "6.62%", "2011-09-30": "5.07%", "2011-06-30": "-3.54%", "2011-03-31": "-11.34%", "2010-12-31": "-7.53%", "2010-06-30": "inf%"}, "dividend yield history": {"last payout": "$0.00", "last yield": "0.00%"}}