{"ticker": "HPQ", "price": {"title": "HP Historical Annual Stock Price Data", "value": 27.38, "historical": {"2021": {"Average Stock Price": "25.4746", "Year Open": "24.1100", "Year High": "27.3800", "Year Low": "24.1100", "Year Close": "27.3800", "Annual % Change": "11.35%"}, "2020": {"Average Stock Price": "18.8406", "Year Open": "20.7900", "Year High": "24.5900", "Year Low": "13.1100", "Year Close": "24.5900", "Annual % Change": "19.66%"}, "2019": {"Average Stock Price": "19.8753", "Year Open": "20.6300", "Year High": "23.9100", "Year Low": "16.0300", "Year Close": "20.5500", "Annual % Change": "0.44%"}, "2018": {"Average Stock Price": "23.0920", "Year Open": "21.3200", "Year High": "26.4200", "Year Low": "19.3800", "Year Close": "20.4600", "Annual % Change": "-2.62%"}, "2017": {"Average Stock Price": "18.7202", "Year Open": "14.8500", "Year High": "22.4600", "Year Low": "14.5800", "Year Close": "21.0100", "Annual % Change": "41.58%"}, "2016": {"Average Stock Price": "13.1571", "Year Open": "11.6000", "Year High": "16.1600", "Year Low": "9.0200", "Year Close": "14.8400", "Annual % Change": "25.34%"}, "2015": {"Average Stock Price": "28.8259", "Year Open": "40.2400", "Year High": "40.6800", "Year Low": "11.4300", "Year Close": "11.8400", "Annual % Change": "-70.50%"}, "2014": {"Average Stock Price": "33.8838", "Year Open": "27.6600", "Year High": "40.7200", "Year Low": "27.4500", "Year Close": "40.1300", "Annual % Change": "43.42%"}, "2013": {"Average Stock Price": "22.7363", "Year Open": "15.0200", "Year High": "28.3100", "Year Low": "15.0200", "Year Close": "27.9800", "Annual % Change": "96.35%"}, "2012": {"Average Stock Price": "20.3968", "Year Open": "26.6200", "Year High": "29.8850", "Year Low": "11.7100", "Year Close": "14.2500", "Annual % Change": "-44.68%"}, "2011": {"Average Stock Price": "34.5990", "Year Open": "42.7400", "Year High": "48.9900", "Year Low": "22.2000", "Year Close": "25.7600", "Annual % Change": "-38.81%"}, "2010": {"Average Stock Price": "46.1919", "Year Open": "52.4500", "Year High": "54.5200", "Year Low": "38.0000", "Year Close": "42.1000", "Annual % Change": "-18.27%"}, "2009": {"Average Stock Price": "40.3997", "Year Open": "36.8100", "Year High": "52.9300", "Year Low": "25.5300", "Year Close": "51.5100", "Annual % Change": "41.94%"}, "2008": {"Average Stock Price": "43.3444", "Year Open": "49.6500", "Year High": "49.6500", "Year Low": "29.3400", "Year Close": "36.2900", "Annual % Change": "-28.11%"}, "2007": {"Average Stock Price": "46.1124", "Year Open": "41.6200", "Year High": "53.4100", "Year Low": "38.6700", "Year Close": "50.4800", "Annual % Change": "22.55%"}, "2006": {"Average Stock Price": "34.5137", "Year Open": "28.7700", "Year High": "41.6000", "Year Low": "28.7700", "Year Close": "41.1900", "Annual % Change": "43.87%"}, "2005": {"Average Stock Price": "24.3100", "Year Open": "21.0500", "Year High": "29.9700", "Year Low": "19.3400", "Year Close": "28.6300", "Annual % Change": "36.53%"}, "2004": {"Average Stock Price": "20.7914", "Year Open": "23.1600", "Year High": "26.1200", "Year Low": "16.5000", "Year Close": "20.9700", "Annual % Change": "-8.71%"}, "2003": {"Average Stock Price": "19.6504", "Year Open": "18.2000", "Year High": "23.5200", "Year Low": "15.0000", "Year Close": "22.9700", "Annual % Change": "32.32%"}, "2002": {"Average Stock Price": "17.1358", "Year Open": "21.6500", "Year High": "23.5300", "Year Low": "11.1600", "Year Close": "17.3600", "Annual % Change": "-15.48%"}, "2001": {"Average Stock Price": "25.8900", "Year Open": "30.2500", "Year High": "37.8000", "Year Low": "14.5000", "Year Close": "20.5400", "Annual % Change": "-34.92%"}, "2000": {"Average Stock Price": "56.0137", "Year Open": "58.7200", "Year High": "78.0000", "Year Low": "29.3800", "Year Close": "31.5600", "Annual % Change": "-44.53%"}, "1999": {"Average Stock Price": "44.0199", "Year Open": "34.4700", "Year High": "58.1500", "Year Low": "32.9400", "Year Close": "56.9000", "Annual % Change": "66.59%"}, "1998": {"Average Stock Price": "30.3988", "Year Open": "32.2800", "Year High": "40.8150", "Year Low": "24.2800", "Year Close": "34.1550", "Annual % Change": "9.51%"}, "1997": {"Average Stock Price": "29.5461", "Year Open": "25.1900", "Year High": "35.8150", "Year Low": "24.5000", "Year Close": "31.1900", "Annual % Change": "24.14%"}, "1996": {"Average Stock Price": "23.7703", "Year Open": "20.8750", "Year High": "28.4375", "Year Low": "18.8750", "Year Close": "25.1250", "Annual % Change": "20.00%"}, "1995": {"Average Stock Price": "18.1006", "Year Open": "12.2975", "Year High": "24.0000", "Year Low": "12.2975", "Year Close": "20.9375", "Annual % Change": "67.70%"}, "1994": {"Average Stock Price": "10.7258", "Year Open": "9.7188", "Year High": "12.7650", "Year Low": "9.0000", "Year Close": "12.4850", "Annual % Change": "26.43%"}, "1993": {"Average Stock Price": "9.3766", "Year Open": "8.5150", "Year High": "10.9375", "Year Low": "8.1250", "Year Close": "9.8750", "Annual % Change": "13.05%"}, "1992": {"Average Stock Price": "8.3462", "Year Open": "6.9850", "Year High": "10.4688", "Year Low": "6.4525", "Year Close": "8.7350", "Annual % Change": "22.60%"}, "1991": {"Average Stock Price": "6.0689", "Year Open": "3.9688", "Year High": "7.1250", "Year Low": "3.7975", "Year Close": "7.1250", "Annual % Change": "78.80%"}, "1990": {"Average Stock Price": "4.9856", "Year Open": "6.1725", "Year High": "6.2025", "Year Low": "3.1400", "Year Close": "3.9850", "Annual % Change": "-32.53%"}, "1989": {"Average Stock Price": "6.5028", "Year Open": "6.5313", "Year High": "7.6875", "Year Low": "5.1400", "Year Close": "5.9063", "Annual % Change": "-11.27%"}, "1988": {"Average Stock Price": "6.7765", "Year Open": "7.5000", "Year High": "8.1250", "Year Low": "5.5313", "Year Close": "6.6563", "Annual % Change": "-8.58%"}, "1987": {"Average Stock Price": "7.2446", "Year Open": "5.2975", "Year High": "9.1875", "Year Low": "4.9063", "Year Close": "7.2813", "Annual % Change": "39.09%"}, "1986": {"Average Stock Price": "5.2423", "Year Open": "4.5625", "Year High": "6.1400", "Year Low": "4.5000", "Year Close": "5.2350", "Annual % Change": "13.96%"}, "1985": {"Average Stock Price": "4.3240", "Year Open": "4.2350", "Year High": "4.8125", "Year Low": "3.6563", "Year Close": "4.5938", "Annual % Change": "8.47%"}, "1984": {"Average Stock Price": "4.5898", "Year Open": "5.2975", "Year High": "5.6250", "Year Low": "3.9525", "Year Close": "4.2350", "Annual % Change": "-20.06%"}, "1983": {"Average Stock Price": "5.1563", "Year Open": "4.4844", "Year High": "6.0000", "Year Low": "4.3438", "Year Close": "5.2975", "Annual % Change": "16.11%"}, "1982": {"Average Stock Price": "3.1083", "Year Open": "2.4844", "Year High": "5.1175", "Year Low": "2.2738", "Year Close": "4.5625", "Annual % Change": "84.25%"}, "1981": {"Average Stock Price": "2.8067", "Year Open": "2.7619", "Year High": "3.3319", "Year Low": "2.4375", "Year Close": "2.4763", "Annual % Change": "-11.46%"}, "1980": {"Average Stock Price": "2.1889", "Year Open": "1.7969", "Year High": "2.9806", "Year Low": "1.6250", "Year Close": "2.7969", "Annual % Change": "51.36%"}, "1979": {"Average Stock Price": "1.5701", "Year Open": "1.4297", "Year High": "1.9647", "Year Low": "1.3125", "Year Close": "1.8478", "Annual % Change": "31.57%"}, "1978": {"Average Stock Price": "1.2246", "Year Open": "1.1289", "Year High": "1.4453", "Year Low": "0.9669", "Year Close": "1.4044", "Annual % Change": "22.71%"}, "1977": {"Average Stock Price": "1.1857", "Year Open": "1.3536", "Year High": "1.3536", "Year Low": "1.0703", "Year Close": "1.1445", "Annual % Change": "-16.05%"}, "1976": {"Average Stock Price": "1.5821", "Year Open": "1.4766", "Year High": "1.8281", "Year Low": "1.2559", "Year Close": "1.3633", "Annual % Change": "-7.67%"}, "1975": {"Average Stock Price": "1.4957", "Year Open": "0.9570", "Year High": "1.8672", "Year Low": "0.8984", "Year Close": "1.4766", "Annual % Change": "57.19%"}, "1974": {"Average Stock Price": "1.1643", "Year Open": "1.2714", "Year High": "1.4122", "Year Low": "0.8419", "Year Close": "0.9394", "Annual % Change": "-25.66%"}, "1973": {"Average Stock Price": "1.3150", "Year Open": "1.3573", "Year High": "1.5391", "Year Low": "1.1464", "Year Close": "1.2636", "Annual % Change": "-6.51%"}, "1972": {"Average Stock Price": "1.0078", "Year Open": "0.7364", "Year High": "1.3769", "Year Low": "0.7188", "Year Close": "1.3516", "Annual % Change": "80.67%"}, "1971": {"Average Stock Price": "0.6232", "Year Open": "0.4648", "Year High": "0.7753", "Year Low": "0.4648", "Year Close": "0.7481", "Annual % Change": "59.58%"}, "1970": {"Average Stock Price": "0.6867", "Year Open": "1.5995", "Year High": "1.7148", "Year Low": "0.3027", "Year Close": "0.4688", "Annual % Change": "-70.87%"}, "1969": {"Average Stock Price": "1.4091", "Year Open": "1.2891", "Year High": "1.7813", "Year Low": "1.1797", "Year Close": "1.6094", "Annual % Change": "22.81%"}, "1968": {"Average Stock Price": "1.2006", "Year Open": "1.0898", "Year High": "1.4238", "Year Low": "0.9238", "Year Close": "1.3105", "Annual % Change": "16.89%"}, "1967": {"Average Stock Price": "1.1287", "Year Open": "0.7969", "Year High": "1.3906", "Year Low": "0.7734", "Year Close": "1.1211", "Annual % Change": "40.00%"}, "1966": {"Average Stock Price": "0.7045", "Year Open": "0.6036", "Year High": "0.8573", "Year Low": "0.5625", "Year Close": "0.8008", "Annual % Change": "43.36%"}, "1965": {"Average Stock Price": "0.4721", "Year Open": "0.3653", "Year High": "0.5919", "Year Low": "0.3653", "Year Close": "0.5586", "Annual % Change": "57.98%"}, "1964": {"Average Stock Price": "0.2998", "Year Open": "0.3028", "Year High": "0.3594", "Year Low": "0.2656", "Year Close": "0.3536", "Annual % Change": "18.34%"}, "1963": {"Average Stock Price": "0.3359", "Year Open": "0.3672", "Year High": "0.4219", "Year Low": "0.2911", "Year Close": "0.2988", "Annual % Change": "-20.74%"}}}, "market cap": {"value": "$34.94B"}, "income statement": {"Revenue": {"2020-10-31": "56639.00000", "2019-10-31": "58756.00000", "2018-10-31": "58472.00000", "2017-10-31": "52056.00000", "2016-10-31": "48238.00000", "2015-10-31": "51463.00000", "2014-10-31": "56651.00000", "2013-10-31": "112298.00000", "2012-10-31": "120357.00000", "2011-10-31": "127245.00000", "2010-10-31": "126033.00000", "2009-10-31": "114552.00000", "2008-10-31": "118364.00000", "2007-10-31": "104286.00000", "2006-10-31": "91658.00000", "2005-10-31": "86696.00000"}, "Cost Of Goods Sold": {"2020-10-31": "46202.00000", "2019-10-31": "47586.00000", "2018-10-31": "47803.00000", "2017-10-31": "42478.00000", "2016-10-31": "39240.00000", "2015-10-31": "41524.00000", "2014-10-31": "45431.00000", "2013-10-31": "86380.00000", "2012-10-31": "92385.00000", "2011-10-31": "97418.00000", "2010-10-31": "95852.00000", "2009-10-31": "87489.00000", "2008-10-31": "89699.00000", "2007-10-31": "78683.00000", "2006-10-31": "69427.00000", "2005-10-31": "66440.00000"}, "Gross Profit": {"2020-10-31": "10437.00000", "2019-10-31": "11170.00000", "2018-10-31": "10669.00000", "2017-10-31": "9578.00000", "2016-10-31": "8998.00000", "2015-10-31": "9939.00000", "2014-10-31": "11220.00000", "2013-10-31": "25918.00000", "2012-10-31": "27972.00000", "2011-10-31": "29827.00000", "2010-10-31": "30181.00000", "2009-10-31": "27063.00000", "2008-10-31": "28665.00000", "2007-10-31": "25603.00000", "2006-10-31": "22231.00000", "2005-10-31": "20256.00000"}, "Research And Development Expenses": {"2020-10-31": "1478.00000", "2019-10-31": "1499.00000", "2018-10-31": "1404.00000", "2017-10-31": "1190.00000", "2016-10-31": "1209.00000", "2015-10-31": "1191.00000", "2014-10-31": "1298.00000", "2013-10-31": "3135.00000", "2012-10-31": "3399.00000", "2011-10-31": "3254.00000", "2010-10-31": "2959.00000", "2009-10-31": "2819.00000", "2008-10-31": "3543.00000", "2007-10-31": "3611.00000", "2006-10-31": "3591.00000", "2005-10-31": "3490.00000"}, "SG&A Expenses": {"2020-10-31": "4906.00000", "2019-10-31": "5368.00000", "2018-10-31": "5099.00000", "2017-10-31": "4532.00000", "2016-10-31": "3833.00000", "2015-10-31": "4719.00000", "2014-10-31": "5361.00000", "2013-10-31": "13267.00000", "2012-10-31": "13500.00000", "2011-10-31": "13577.00000", "2010-10-31": "12822.00000", "2009-10-31": "11648.00000", "2008-10-31": "13326.00000", "2007-10-31": "12430.00000", "2006-10-31": "11266.00000", "2005-10-31": "11184.00000"}, "Other Operating Income Or Expenses": {"2020-10-31": "", "2019-10-31": "", "2018-10-31": "", "2017-10-31": "", "2016-10-31": "-179.00000", "2015-10-31": "57.00000", "2014-10-31": "", "2013-10-31": "", "2012-10-31": "", "2011-10-31": "", "2010-10-31": "", "2009-10-31": "", "2008-10-31": "", "2007-10-31": "517.00000", "2006-10-31": "", "2005-10-31": "199.00000"}, "Operating Expenses": {"2020-10-31": "53177.00000", "2019-10-31": "54879.00000", "2018-10-31": "54641.00000", "2017-10-31": "48688.00000", "2016-10-31": "44689.00000", "2015-10-31": "47543.00000", "2014-10-31": "52395.00000", "2013-10-31": "105167.00000", "2012-10-31": "131414.00000", "2011-10-31": "117568.00000", "2010-10-31": "114554.00000", "2009-10-31": "104416.00000", "2008-10-31": "107891.00000", "2007-10-31": "95567.00000", "2006-10-31": "85098.00000", "2005-10-31": "83223.00000"}, "Operating Income": {"2020-10-31": "3462.00000", "2019-10-31": "3877.00000", "2018-10-31": "3831.00000", "2017-10-31": "3368.00000", "2016-10-31": "3549.00000", "2015-10-31": "3920.00000", "2014-10-31": "4256.00000", "2013-10-31": "7131.00000", "2012-10-31": "-11057.00000", "2011-10-31": "9677.00000", "2010-10-31": "11479.00000", "2009-10-31": "10136.00000", "2008-10-31": "10473.00000", "2007-10-31": "8719.00000", "2006-10-31": "6560.00000", "2005-10-31": "3473.00000"}, "Total Non-Operating Income/Expense": {"2020-10-31": "-231.00000", "2019-10-31": "-1354.00000", "2018-10-31": "-818.00000", "2017-10-31": "-92.00000", "2016-10-31": "212.00000", "2015-10-31": "-388.00000", "2014-10-31": "-393.00000", "2013-10-31": "-621.00000", "2012-10-31": "-876.00000", "2011-10-31": "-695.00000", "2010-10-31": "-505.00000", "2009-10-31": "-721.00000", "2008-10-31": "", "2007-10-31": "458.00000", "2006-10-31": "631.00000", "2005-10-31": "70.00000"}, "Pre-Tax Income": {"2020-10-31": "3231.00000", "2019-10-31": "2523.00000", "2018-10-31": "3013.00000", "2017-10-31": "3276.00000", "2016-10-31": "3761.00000", "2015-10-31": "3532.00000", "2014-10-31": "3863.00000", "2013-10-31": "6510.00000", "2012-10-31": "-11933.00000", "2011-10-31": "8982.00000", "2010-10-31": "10974.00000", "2009-10-31": "9415.00000", "2008-10-31": "10473.00000", "2007-10-31": "9177.00000", "2006-10-31": "7191.00000", "2005-10-31": "3543.00000"}, "Income Taxes": {"2020-10-31": "387.00000", "2019-10-31": "-629.00000", "2018-10-31": "-2314.00000", "2017-10-31": "750.00000", "2016-10-31": "1095.00000", "2015-10-31": "-186.00000", "2014-10-31": "939.00000", "2013-10-31": "1397.00000", "2012-10-31": "717.00000", "2011-10-31": "1908.00000", "2010-10-31": "2213.00000", "2009-10-31": "1755.00000", "2008-10-31": "2144.00000", "2007-10-31": "1913.00000", "2006-10-31": "993.00000", "2005-10-31": "1145.00000"}, "Income After Taxes": {"2020-10-31": "2844.00000", "2019-10-31": "3152.00000", "2018-10-31": "5327.00000", "2017-10-31": "2526.00000", "2016-10-31": "2666.00000", "2015-10-31": "3718.00000", "2014-10-31": "2924.00000", "2013-10-31": "5113.00000", "2012-10-31": "-12650.00000", "2011-10-31": "7074.00000", "2010-10-31": "8761.00000", "2009-10-31": "7660.00000", "2008-10-31": "8329.00000", "2007-10-31": "7264.00000", "2006-10-31": "6198.00000", "2005-10-31": "2398.00000"}, "Other Income": {"2020-10-31": "", "2019-10-31": "", "2018-10-31": "", "2017-10-31": "", "2016-10-31": "", "2015-10-31": "", "2014-10-31": "", "2013-10-31": "", "2012-10-31": "", "2011-10-31": "", "2010-10-31": "", "2009-10-31": "", "2008-10-31": "", "2007-10-31": "", "2006-10-31": "", "2005-10-31": ""}, "Income From Continuous Operations": {"2020-10-31": "2844.00000", "2019-10-31": "3152.00000", "2018-10-31": "5327.00000", "2017-10-31": "2526.00000", "2016-10-31": "2666.00000", "2015-10-31": "3718.00000", "2014-10-31": "2924.00000", "2013-10-31": "5113.00000", "2012-10-31": "-12650.00000", "2011-10-31": "7074.00000", "2010-10-31": "8761.00000", "2009-10-31": "7660.00000", "2008-10-31": "8329.00000", "2007-10-31": "7264.00000", "2006-10-31": "6198.00000", "2005-10-31": "2398.00000"}, "Income From Discontinued Operations": {"2020-10-31": "", "2019-10-31": "", "2018-10-31": "", "2017-10-31": "", "2016-10-31": "-170.00000", "2015-10-31": "836.00000", "2014-10-31": "2089.00000", "2013-10-31": "", "2012-10-31": "", "2011-10-31": "", "2010-10-31": "", "2009-10-31": "", "2008-10-31": "", "2007-10-31": "", "2006-10-31": "", "2005-10-31": ""}, "Net Income": {"2020-10-31": "2844.00000", "2019-10-31": "3152.00000", "2018-10-31": "5327.00000", "2017-10-31": "2526.00000", "2016-10-31": "2496.00000", "2015-10-31": "4554.00000", "2014-10-31": "5013.00000", "2013-10-31": "5113.00000", "2012-10-31": "-12650.00000", "2011-10-31": "7074.00000", "2010-10-31": "8761.00000", "2009-10-31": "7660.00000", "2008-10-31": "8329.00000", "2007-10-31": "7264.00000", "2006-10-31": "6198.00000", "2005-10-31": "2398.00000"}, "EBITDA": {"2020-10-31": "4251.00000", "2019-10-31": "4621.00000", "2018-10-31": "4359.00000", "2017-10-31": "3722.00000", "2016-10-31": "3881.00000", "2015-10-31": "7981.00000", "2014-10-31": "8590.00000", "2013-10-31": "11742.00000", "2012-10-31": "12073.00000", "2011-10-31": "15546.00000", "2010-10-31": "16299.00000", "2009-10-31": "14916.00000", "2008-10-31": "13874.00000", "2007-10-31": "11424.00000", "2006-10-31": "8913.00000", "2005-10-31": "5817.00000"}, "EBIT": {"2020-10-31": "3462.00000", "2019-10-31": "3877.00000", "2018-10-31": "3831.00000", "2017-10-31": "3368.00000", "2016-10-31": "3549.00000", "2015-10-31": "3920.00000", "2014-10-31": "4256.00000", "2013-10-31": "7131.00000", "2012-10-31": "-11057.00000", "2011-10-31": "9677.00000", "2010-10-31": "11479.00000", "2009-10-31": "10136.00000", "2008-10-31": "10473.00000", "2007-10-31": "8719.00000", "2006-10-31": "6560.00000", "2005-10-31": "3473.00000"}, "Basic Shares Outstanding": {"2020-10-31": "1413.00000", "2019-10-31": "1515.00000", "2018-10-31": "1615.00000", "2017-10-31": "1688.00000", "2016-10-31": "1730.00000", "2015-10-31": "1814.00000", "2014-10-31": "1882.00000", "2013-10-31": "1934.00000", "2012-10-31": "1974.00000", "2011-10-31": "2094.00000", "2010-10-31": "2319.00000", "2009-10-31": "2388.00000", "2008-10-31": "2483.00000", "2007-10-31": "2630.00000", "2006-10-31": "2782.00000", "2005-10-31": "2879.00000"}, "Shares Outstanding": {"2020-10-31": "1420.00000", "2019-10-31": "1524.00000", "2018-10-31": "1634.00000", "2017-10-31": "1702.00000", "2016-10-31": "1743.00000", "2015-10-31": "1836.00000", "2014-10-31": "1912.00000", "2013-10-31": "1950.00000", "2012-10-31": "1974.00000", "2011-10-31": "2128.00000", "2010-10-31": "2372.00000", "2009-10-31": "2437.00000", "2008-10-31": "2567.00000", "2007-10-31": "2716.00000", "2006-10-31": "2852.00000", "2005-10-31": "2909.00000"}, "Basic EPS": {"2020-10-31": "2.01000", "2019-10-31": "2.08000", "2018-10-31": "3.30000", "2017-10-31": "1.50000", "2016-10-31": "1.44000", "2015-10-31": "2.51000", "2014-10-31": "2.66000", "2013-10-31": "2.64000", "2012-10-31": "-6.41000", "2011-10-31": "3.38000", "2010-10-31": "3.78000", "2009-10-31": "3.21000", "2008-10-31": "3.35000", "2007-10-31": "2.76000", "2006-10-31": "2.23000", "2005-10-31": "0.83000"}, "EPS - Earnings Per Share": {"2020-10-31": "2.00000", "2019-10-31": "2.07000", "2018-10-31": "3.26000", "2017-10-31": "1.48000", "2016-10-31": "1.43000", "2015-10-31": "2.48000", "2014-10-31": "2.62000", "2013-10-31": "2.62000", "2012-10-31": "-6.41000", "2011-10-31": "3.32000", "2010-10-31": "3.69000", "2009-10-31": "3.14000", "2008-10-31": "3.25000", "2007-10-31": "2.68000", "2006-10-31": "2.18000", "2005-10-31": "0.82000"}}, "income statement, quarterly": {"Revenue": {"2020-10-31": "15258.00000", "2020-07-31": "14294.00000", "2020-04-30": "12469.00000", "2020-01-31": "14618.00000", "2019-10-31": "15407.00000", "2019-07-31": "14603.00000", "2019-04-30": "14036.00000", "2019-01-31": "14710.00000", "2018-10-31": "15366.00000", "2018-07-31": "14586.00000", "2018-04-30": "14003.00000", "2018-01-31": "14517.00000", "2017-10-31": "13927.00000", "2017-07-31": "13060.00000", "2017-04-30": "12385.00000", "2017-01-31": "12684.00000", "2016-10-31": "12512.00000", "2016-07-31": "11892.00000", "2016-04-30": "11588.00000", "2016-01-31": "12246.00000", "2015-10-31": "25714.00000", "2015-07-31": "12362.00000", "2015-04-30": "12977.00000", "2015-01-31": "13858.00000", "2014-10-31": "-26397.00000", "2014-07-31": "27585.00000", "2014-04-30": "27309.00000", "2014-01-31": "28154.00000", "2013-10-31": "29131.00000", "2013-07-31": "27226.00000", "2013-04-30": "27582.00000", "2013-01-31": "28359.00000", "2012-10-31": "29959.00000", "2012-07-31": "29669.00000", "2012-04-30": "30693.00000", "2012-01-31": "30036.00000", "2011-10-31": "32122.00000", "2011-07-31": "31189.00000", "2011-04-30": "31632.00000", "2011-01-31": "32302.00000", "2010-10-31": "33278.00000", "2010-07-31": "30729.00000", "2010-04-30": "30849.00000", "2010-01-31": "31177.00000", "2009-10-31": "30777.00000", "2009-07-31": "27585.00000", "2009-04-30": "27383.00000", "2009-01-31": "28807.00000", "2008-10-31": "33603.00000", "2008-07-31": "28032.00000", "2008-04-30": "28262.00000", "2008-01-31": "28467.00000", "2007-10-31": "28293.00000", "2007-07-31": "25377.00000", "2007-04-30": "25534.00000", "2007-01-31": "25082.00000", "2006-10-31": "24555.00000", "2006-07-31": "21890.00000", "2006-04-30": "22554.00000", "2006-01-31": "22659.00000", "2005-10-31": "22913.00000", "2005-07-31": "20759.00000", "2005-04-30": "21570.00000", "2005-01-31": "21454.00000"}, "Cost Of Goods Sold": {"2020-10-31": "12579.00000", "2020-07-31": "11901.00000", "2020-04-30": "9976.00000", "2020-01-31": "11746.00000", "2019-10-31": "12483.00000", "2019-07-31": "11698.00000", "2019-04-30": "11307.00000", "2019-01-31": "12098.00000", "2018-10-31": "12669.00000", "2018-07-31": "11898.00000", "2018-04-30": "11301.00000", "2018-01-31": "11935.00000", "2017-10-31": "11407.00000", "2017-07-31": "10633.00000", "2017-04-30": "10002.00000", "2017-01-31": "10436.00000", "2016-10-31": "10221.00000", "2016-07-31": "9720.00000", "2016-04-30": "9338.00000", "2016-01-31": "9961.00000", "2015-10-31": "19363.00000", "2015-07-31": "10036.00000", "2015-04-30": "10415.00000", "2015-01-31": "11173.00000", "2014-10-31": "-17983.00000", "2014-07-31": "20974.00000", "2014-04-30": "20704.00000", "2014-01-31": "21736.00000", "2013-10-31": "22437.00000", "2013-07-31": "20859.00000", "2013-04-30": "21055.00000", "2013-01-31": "22029.00000", "2012-10-31": "22711.00000", "2012-07-31": "22820.00000", "2012-04-30": "23541.00000", "2012-01-31": "23313.00000", "2011-10-31": "25304.00000", "2011-07-31": "23901.00000", "2011-04-30": "23832.00000", "2011-01-31": "24381.00000", "2010-10-31": "24891.00000", "2010-07-31": "23365.00000", "2010-04-30": "23569.00000", "2010-01-31": "24027.00000", "2009-10-31": "23440.00000", "2009-07-31": "21031.00000", "2009-04-30": "20945.00000", "2009-01-31": "22073.00000", "2008-10-31": "25853.00000", "2008-07-31": "21197.00000", "2008-04-30": "21205.00000", "2008-01-31": "21444.00000", "2007-10-31": "21100.00000", "2007-07-31": "19164.00000", "2007-04-30": "19283.00000", "2007-01-31": "19136.00000", "2006-10-31": "18593.00000", "2006-07-31": "16472.00000", "2006-04-30": "16970.00000", "2006-01-31": "17392.00000", "2005-10-31": "17532.00000", "2005-07-31": "15942.00000", "2005-04-30": "16429.00000", "2005-01-31": "16537.00000"}, "Gross Profit": {"2020-10-31": "2679.00000", "2020-07-31": "2393.00000", "2020-04-30": "2493.00000", "2020-01-31": "2872.00000", "2019-10-31": "2924.00000", "2019-07-31": "2905.00000", "2019-04-30": "2729.00000", "2019-01-31": "2612.00000", "2018-10-31": "2697.00000", "2018-07-31": "2688.00000", "2018-04-30": "2702.00000", "2018-01-31": "2582.00000", "2017-10-31": "2520.00000", "2017-07-31": "2427.00000", "2017-04-30": "2383.00000", "2017-01-31": "2248.00000", "2016-10-31": "2291.00000", "2016-07-31": "2172.00000", "2016-04-30": "2250.00000", "2016-01-31": "2285.00000", "2015-10-31": "6351.00000", "2015-07-31": "2326.00000", "2015-04-30": "2562.00000", "2015-01-31": "2685.00000", "2014-10-31": "-8414.00000", "2014-07-31": "6611.00000", "2014-04-30": "6605.00000", "2014-01-31": "6418.00000", "2013-10-31": "6694.00000", "2013-07-31": "6367.00000", "2013-04-30": "6527.00000", "2013-01-31": "6330.00000", "2012-10-31": "7248.00000", "2012-07-31": "6849.00000", "2012-04-30": "7152.00000", "2012-01-31": "6723.00000", "2011-10-31": "6818.00000", "2011-07-31": "7288.00000", "2011-04-30": "7800.00000", "2011-01-31": "7921.00000", "2010-10-31": "8387.00000", "2010-07-31": "7364.00000", "2010-04-30": "7280.00000", "2010-01-31": "7150.00000", "2009-10-31": "7337.00000", "2009-07-31": "6554.00000", "2009-04-30": "6438.00000", "2009-01-31": "6734.00000", "2008-10-31": "7750.00000", "2008-07-31": "6835.00000", "2008-04-30": "7057.00000", "2008-01-31": "7023.00000", "2007-10-31": "7193.00000", "2007-07-31": "6213.00000", "2007-04-30": "6251.00000", "2007-01-31": "5946.00000", "2006-10-31": "5962.00000", "2006-07-31": "5418.00000", "2006-04-30": "5584.00000", "2006-01-31": "5267.00000", "2005-10-31": "5381.00000", "2005-07-31": "4817.00000", "2005-04-30": "5141.00000", "2005-01-31": "4917.00000"}, "Research And Development Expenses": {"2020-10-31": "381.00000", "2020-07-31": "359.00000", "2020-04-30": "338.00000", "2020-01-31": "400.00000", "2019-10-31": "389.00000", "2019-07-31": "413.00000", "2019-04-30": "353.00000", "2019-01-31": "344.00000", "2018-10-31": "354.00000", "2018-07-31": "347.00000", "2018-04-30": "356.00000", "2018-01-31": "347.00000", "2017-10-31": "291.00000", "2017-07-31": "289.00000", "2017-04-30": "314.00000", "2017-01-31": "296.00000", "2016-10-31": "318.00000", "2016-07-31": "298.00000", "2016-04-30": "301.00000", "2016-01-31": "292.00000", "2015-10-31": "934.00000", "2015-07-31": "300.00000", "2015-04-30": "305.00000", "2015-01-31": "304.00000", "2014-10-31": "-1273.00000", "2014-07-31": "887.00000", "2014-04-30": "873.00000", "2014-01-31": "811.00000", "2013-10-31": "729.00000", "2013-07-31": "797.00000", "2013-04-30": "815.00000", "2013-01-31": "794.00000", "2012-10-31": "909.00000", "2012-07-31": "854.00000", "2012-04-30": "850.00000", "2012-01-31": "786.00000", "2011-10-31": "829.00000", "2011-07-31": "812.00000", "2011-04-30": "815.00000", "2011-01-31": "798.00000", "2010-10-31": "814.00000", "2010-07-31": "742.00000", "2010-04-30": "722.00000", "2010-01-31": "681.00000", "2009-10-31": "704.00000", "2009-07-31": "667.00000", "2009-04-30": "716.00000", "2009-01-31": "732.00000", "2008-10-31": "842.00000", "2008-07-31": "895.00000", "2008-04-30": "908.00000", "2008-01-31": "898.00000", "2007-10-31": "914.00000", "2007-07-31": "917.00000", "2007-04-30": "903.00000", "2007-01-31": "877.00000", "2006-10-31": "870.00000", "2006-07-31": "920.00000", "2006-04-30": "930.00000", "2006-01-31": "871.00000", "2005-10-31": "859.00000", "2005-07-31": "863.00000", "2005-04-30": "890.00000", "2005-01-31": "878.00000"}, "SG&A Expenses": {"2020-10-31": "1244.00000", "2020-07-31": "1156.00000", "2020-04-30": "1216.00000", "2020-01-31": "1290.00000", "2019-10-31": "1405.00000", "2019-07-31": "1376.00000", "2019-04-30": "1339.00000", "2019-01-31": "1248.00000", "2018-10-31": "1263.00000", "2018-07-31": "1289.00000", "2018-04-30": "1318.00000", "2018-01-31": "1229.00000", "2017-10-31": "1328.00000", "2017-07-31": "1097.00000", "2017-04-30": "1090.00000", "2017-01-31": "1017.00000", "2016-10-31": "1075.00000", "2016-07-31": "719.00000", "2016-04-30": "1002.00000", "2016-01-31": "1037.00000", "2015-10-31": "3089.00000", "2015-07-31": "1058.00000", "2015-04-30": "1228.00000", "2015-01-31": "1222.00000", "2014-10-31": "-4628.00000", "2014-07-31": "3388.00000", "2014-04-30": "3391.00000", "2014-01-31": "3210.00000", "2013-10-31": "3351.00000", "2013-07-31": "3274.00000", "2013-04-30": "3342.00000", "2013-01-31": "3300.00000", "2012-10-31": "3227.00000", "2012-07-31": "3366.00000", "2012-04-30": "3540.00000", "2012-01-31": "3367.00000", "2011-10-31": "3605.00000", "2011-07-31": "3430.00000", "2011-04-30": "3425.00000", "2011-01-31": "3117.00000", "2010-10-31": "3568.00000", "2010-07-31": "3191.00000", "2010-04-30": "3096.00000", "2010-01-31": "2967.00000", "2009-10-31": "3001.00000", "2009-07-31": "2874.00000", "2009-04-30": "2880.00000", "2009-01-31": "2893.00000", "2008-10-31": "3506.00000", "2008-07-31": "3193.00000", "2008-04-30": "3331.00000", "2008-01-31": "3296.00000", "2007-10-31": "3476.00000", "2007-07-31": "3002.00000", "2007-04-30": "3044.00000", "2007-01-31": "2908.00000", "2006-10-31": "2886.00000", "2006-07-31": "2830.00000", "2006-04-30": "2858.00000", "2006-01-31": "2692.00000", "2005-10-31": "2786.00000", "2005-07-31": "2761.00000", "2005-04-30": "2933.00000", "2005-01-31": "2704.00000"}, "Other Operating Income Or Expenses": {"2020-10-31": "", "2020-07-31": "", "2020-04-30": "", "2020-01-31": "", "2019-10-31": "", "2019-07-31": "", "2019-04-30": "", "2019-01-31": "", "2018-10-31": "", "2018-07-31": "", "2018-04-30": "", "2018-01-31": "", "2017-10-31": "", "2017-07-31": "", "2017-04-30": "", "2017-01-31": "", "2016-10-31": "", "2016-07-31": "", "2016-04-30": "", "2016-01-31": "", "2015-10-31": "-563.00000", "2015-07-31": "64.00000", "2015-04-30": "", "2015-01-31": "", "2014-10-31": "", "2014-07-31": "", "2014-04-30": "", "2014-01-31": "", "2013-10-31": "", "2013-07-31": "", "2013-04-30": "", "2013-01-31": "", "2012-10-31": "", "2012-07-31": "", "2012-04-30": "", "2012-01-31": "", "2011-10-31": "", "2011-07-31": "", "2011-04-30": "", "2011-01-31": "", "2010-10-31": "", "2010-07-31": "", "2010-04-30": "", "2010-01-31": "", "2009-10-31": "", "2009-07-31": "", "2009-04-30": "", "2009-01-31": "", "2008-10-31": "", "2008-07-31": "", "2008-04-30": "", "2008-01-31": "", "2007-10-31": "", "2007-07-31": "", "2007-04-30": "508.00000", "2007-01-31": "9.00000", "2006-10-31": "", "2006-07-31": "", "2006-04-30": "", "2006-01-31": "", "2005-10-31": "", "2005-07-31": "", "2005-04-30": "", "2005-01-31": ""}, "Operating Expenses": {"2020-10-31": "14266.00000", "2020-07-31": "13515.00000", "2020-04-30": "11643.00000", "2020-01-31": "13753.00000", "2019-10-31": "14463.00000", "2019-07-31": "13524.00000", "2019-04-30": "13108.00000", "2019-01-31": "13784.00000", "2018-10-31": "14372.00000", "2018-07-31": "13568.00000", "2018-04-30": "13097.00000", "2018-01-31": "13604.00000", "2017-10-31": "13188.00000", "2017-07-31": "12105.00000", "2017-04-30": "11567.00000", "2017-01-31": "11828.00000", "2016-10-31": "11849.00000", "2016-07-31": "10775.00000", "2016-04-30": "10747.00000", "2016-01-31": "11318.00000", "2015-10-31": "24806.00000", "2015-07-31": "11355.00000", "2015-04-30": "11980.00000", "2015-01-31": "12740.00000", "2014-10-31": "-25376.00000", "2014-07-31": "26127.00000", "2014-04-30": "25487.00000", "2014-01-31": "26157.00000", "2013-10-31": "27208.00000", "2013-07-31": "25371.00000", "2013-04-30": "25981.00000", "2013-01-31": "26607.00000", "2012-10-31": "36447.00000", "2012-07-31": "38502.00000", "2012-04-30": "28471.00000", "2012-01-31": "27994.00000", "2011-10-31": "31327.00000", "2011-07-31": "28669.00000", "2011-04-30": "28664.00000", "2011-01-31": "28908.00000", "2010-10-31": "29983.00000", "2010-07-31": "28406.00000", "2010-04-30": "27991.00000", "2010-01-31": "28174.00000", "2009-10-31": "27644.00000", "2009-07-31": "25372.00000", "2009-04-30": "25090.00000", "2009-01-31": "26310.00000", "2008-10-31": "30862.00000", "2008-07-31": "25503.00000", "2008-04-30": "25672.00000", "2008-01-31": "25854.00000", "2007-10-31": "25661.00000", "2007-07-31": "23261.00000", "2007-04-30": "23406.00000", "2007-01-31": "23239.00000", "2006-10-31": "22654.00000", "2006-07-31": "20380.00000", "2006-04-30": "20897.00000", "2006-01-31": "21167.00000", "2005-10-31": "22681.00000", "2005-07-31": "19846.00000", "2005-04-30": "20407.00000", "2005-01-31": "20289.00000"}, "Operating Income": {"2020-10-31": "992.00000", "2020-07-31": "779.00000", "2020-04-30": "826.00000", "2020-01-31": "865.00000", "2019-10-31": "944.00000", "2019-07-31": "1079.00000", "2019-04-30": "928.00000", "2019-01-31": "926.00000", "2018-10-31": "994.00000", "2018-07-31": "1018.00000", "2018-04-30": "906.00000", "2018-01-31": "913.00000", "2017-10-31": "739.00000", "2017-07-31": "955.00000", "2017-04-30": "818.00000", "2017-01-31": "856.00000", "2016-10-31": "663.00000", "2016-07-31": "1117.00000", "2016-04-30": "841.00000", "2016-01-31": "928.00000", "2015-10-31": "908.00000", "2015-07-31": "1007.00000", "2015-04-30": "997.00000", "2015-01-31": "1118.00000", "2014-10-31": "-1021.00000", "2014-07-31": "1458.00000", "2014-04-30": "1822.00000", "2014-01-31": "1997.00000", "2013-10-31": "1923.00000", "2013-07-31": "1855.00000", "2013-04-30": "1601.00000", "2013-01-31": "1752.00000", "2012-10-31": "-6488.00000", "2012-07-31": "-8833.00000", "2012-04-30": "2222.00000", "2012-01-31": "2042.00000", "2011-10-31": "795.00000", "2011-07-31": "2520.00000", "2011-04-30": "2968.00000", "2011-01-31": "3394.00000", "2010-10-31": "3295.00000", "2010-07-31": "2323.00000", "2010-04-30": "2858.00000", "2010-01-31": "3003.00000", "2009-10-31": "3133.00000", "2009-07-31": "2213.00000", "2009-04-30": "2293.00000", "2009-01-31": "2497.00000", "2008-10-31": "2741.00000", "2008-07-31": "2529.00000", "2008-04-30": "2590.00000", "2008-01-31": "2613.00000", "2007-10-31": "2632.00000", "2007-07-31": "2116.00000", "2007-04-30": "2128.00000", "2007-01-31": "1843.00000", "2006-10-31": "1901.00000", "2006-07-31": "1510.00000", "2006-04-30": "1657.00000", "2006-01-31": "1492.00000", "2005-10-31": "232.00000", "2005-07-31": "913.00000", "2005-04-30": "1163.00000", "2005-01-31": "1165.00000"}, "Total Non-Operating Income/Expense": {"2020-10-31": "-216.00000", "2020-07-31": "-28.00000", "2020-04-30": "", "2020-01-31": "13.00000", "2019-10-31": "-452.00000", "2019-07-31": "-831.00000", "2019-04-30": "-45.00000", "2019-01-31": "-26.00000", "2018-10-31": "13.00000", "2018-07-31": "", "2018-04-30": "-823.00000", "2018-01-31": "-8.00000", "2017-10-31": "109.00000", "2017-07-31": "-56.00000", "2017-04-30": "-64.00000", "2017-01-31": "-81.00000", "2016-10-31": "347.00000", "2016-07-31": "-36.00000", "2016-04-30": "-5.00000", "2016-01-31": "-94.00000", "2015-10-31": "-318.00000", "2015-07-31": "-90.00000", "2015-04-30": "-78.00000", "2015-01-31": "-121.00000", "2014-10-31": "89.00000", "2014-07-31": "-145.00000", "2014-04-30": "-174.00000", "2014-01-31": "-163.00000", "2013-10-31": "-103.00000", "2013-07-31": "-146.00000", "2013-04-30": "-193.00000", "2013-01-31": "-179.00000", "2012-10-31": "-188.00000", "2012-07-31": "-224.00000", "2012-04-30": "-243.00000", "2012-01-31": "-221.00000", "2011-10-31": "-401.00000", "2011-07-31": "-121.00000", "2011-04-30": "-76.00000", "2011-01-31": "-97.00000", "2010-10-31": "-81.00000", "2010-07-31": "-134.00000", "2010-04-30": "-91.00000", "2010-01-31": "-199.00000", "2009-10-31": "-132.00000", "2009-07-31": "-177.00000", "2009-04-30": "-180.00000", "2009-01-31": "-232.00000", "2008-10-31": "", "2008-07-31": "23.00000", "2008-04-30": "3.00000", "2008-01-31": "72.00000", "2007-10-31": "67.00000", "2007-07-31": "170.00000", "2007-04-30": "100.00000", "2007-01-31": "121.00000", "2006-10-31": "204.00000", "2006-07-31": "228.00000", "2006-04-30": "163.00000", "2006-01-31": "36.00000", "2005-10-31": "149.00000", "2005-07-31": "120.00000", "2005-04-30": "-84.00000", "2005-01-31": "-115.00000"}, "Pre-Tax Income": {"2020-10-31": "776.00000", "2020-07-31": "751.00000", "2020-04-30": "826.00000", "2020-01-31": "878.00000", "2019-10-31": "492.00000", "2019-07-31": "248.00000", "2019-04-30": "883.00000", "2019-01-31": "900.00000", "2018-10-31": "1007.00000", "2018-07-31": "1018.00000", "2018-04-30": "83.00000", "2018-01-31": "905.00000", "2017-10-31": "848.00000", "2017-07-31": "899.00000", "2017-04-30": "754.00000", "2017-01-31": "775.00000", "2016-10-31": "1010.00000", "2016-07-31": "1081.00000", "2016-04-30": "836.00000", "2016-01-31": "834.00000", "2015-10-31": "590.00000", "2015-07-31": "917.00000", "2015-04-30": "919.00000", "2015-01-31": "997.00000", "2014-10-31": "-932.00000", "2014-07-31": "1313.00000", "2014-04-30": "1648.00000", "2014-01-31": "1834.00000", "2013-10-31": "1820.00000", "2013-07-31": "1709.00000", "2013-04-30": "1408.00000", "2013-01-31": "1573.00000", "2012-10-31": "-6676.00000", "2012-07-31": "-9057.00000", "2012-04-30": "1979.00000", "2012-01-31": "1821.00000", "2011-10-31": "394.00000", "2011-07-31": "2399.00000", "2011-04-30": "2892.00000", "2011-01-31": "3297.00000", "2010-10-31": "3214.00000", "2010-07-31": "2189.00000", "2010-04-30": "2767.00000", "2010-01-31": "2804.00000", "2009-10-31": "3001.00000", "2009-07-31": "2036.00000", "2009-04-30": "2113.00000", "2009-01-31": "2265.00000", "2008-10-31": "2643.00000", "2008-07-31": "2552.00000", "2008-04-30": "2593.00000", "2008-01-31": "2685.00000", "2007-10-31": "2699.00000", "2007-07-31": "2286.00000", "2007-04-30": "2228.00000", "2007-01-31": "1964.00000", "2006-10-31": "2105.00000", "2006-07-31": "1738.00000", "2006-04-30": "1820.00000", "2006-01-31": "1528.00000", "2005-10-31": "381.00000", "2005-07-31": "1033.00000", "2005-04-30": "1079.00000", "2005-01-31": "1050.00000"}, "Income Taxes": {"2020-10-31": "108.00000", "2020-07-31": "17.00000", "2020-04-30": "62.00000", "2020-01-31": "200.00000", "2019-10-31": "104.00000", "2019-07-31": "-931.00000", "2019-04-30": "101.00000", "2019-01-31": "97.00000", "2018-10-31": "-444.00000", "2018-07-31": "138.00000", "2018-04-30": "-975.00000", "2018-01-31": "-1033.00000", "2017-10-31": "188.00000", "2017-07-31": "203.00000", "2017-04-30": "195.00000", "2017-01-31": "164.00000", "2016-10-31": "497.00000", "2016-07-31": "238.00000", "2016-04-30": "176.00000", "2016-01-31": "184.00000", "2015-10-31": "-733.00000", "2015-07-31": "217.00000", "2015-04-30": "186.00000", "2015-01-31": "227.00000", "2014-10-31": "-173.00000", "2014-07-31": "328.00000", "2014-04-30": "375.00000", "2014-01-31": "409.00000", "2013-10-31": "406.00000", "2013-07-31": "319.00000", "2013-04-30": "331.00000", "2013-01-31": "341.00000", "2012-10-31": "178.00000", "2012-07-31": "-200.00000", "2012-04-30": "386.00000", "2012-01-31": "353.00000", "2011-10-31": "155.00000", "2011-07-31": "473.00000", "2011-04-30": "588.00000", "2011-01-31": "692.00000", "2010-10-31": "676.00000", "2010-07-31": "416.00000", "2010-04-30": "567.00000", "2010-01-31": "554.00000", "2009-10-31": "589.00000", "2009-07-31": "365.00000", "2009-04-30": "392.00000", "2009-01-31": "409.00000", "2008-10-31": "531.00000", "2008-07-31": "525.00000", "2008-04-30": "536.00000", "2008-01-31": "552.00000", "2007-10-31": "535.00000", "2007-07-31": "508.00000", "2007-04-30": "453.00000", "2007-01-31": "417.00000", "2006-10-31": "408.00000", "2006-07-31": "363.00000", "2006-04-30": "-79.00000", "2006-01-31": "301.00000", "2005-10-31": "-35.00000", "2005-07-31": "960.00000", "2005-04-30": "113.00000", "2005-01-31": "107.00000"}, "Income After Taxes": {"2020-10-31": "668.00000", "2020-07-31": "734.00000", "2020-04-30": "764.00000", "2020-01-31": "678.00000", "2019-10-31": "388.00000", "2019-07-31": "1179.00000", "2019-04-30": "782.00000", "2019-01-31": "803.00000", "2018-10-31": "1451.00000", "2018-07-31": "880.00000", "2018-04-30": "1058.00000", "2018-01-31": "1938.00000", "2017-10-31": "660.00000", "2017-07-31": "696.00000", "2017-04-30": "559.00000", "2017-01-31": "611.00000", "2016-10-31": "513.00000", "2016-07-31": "843.00000", "2016-04-30": "660.00000", "2016-01-31": "650.00000", "2015-10-31": "1323.00000", "2015-07-31": "700.00000", "2015-04-30": "733.00000", "2015-01-31": "770.00000", "2014-10-31": "-759.00000", "2014-07-31": "985.00000", "2014-04-30": "1273.00000", "2014-01-31": "1425.00000", "2013-10-31": "1414.00000", "2013-07-31": "1390.00000", "2013-04-30": "1077.00000", "2013-01-31": "1232.00000", "2012-10-31": "-6854.00000", "2012-07-31": "-8857.00000", "2012-04-30": "1593.00000", "2012-01-31": "1468.00000", "2011-10-31": "239.00000", "2011-07-31": "1926.00000", "2011-04-30": "2304.00000", "2011-01-31": "2605.00000", "2010-10-31": "2538.00000", "2010-07-31": "1773.00000", "2010-04-30": "2200.00000", "2010-01-31": "2250.00000", "2009-10-31": "2412.00000", "2009-07-31": "1671.00000", "2009-04-30": "1721.00000", "2009-01-31": "1856.00000", "2008-10-31": "2112.00000", "2008-07-31": "2027.00000", "2008-04-30": "2057.00000", "2008-01-31": "2133.00000", "2007-10-31": "2164.00000", "2007-07-31": "1778.00000", "2007-04-30": "1775.00000", "2007-01-31": "1547.00000", "2006-10-31": "1697.00000", "2006-07-31": "1375.00000", "2006-04-30": "1899.00000", "2006-01-31": "1227.00000", "2005-10-31": "416.00000", "2005-07-31": "73.00000", "2005-04-30": "966.00000", "2005-01-31": "943.00000"}, "Other Income": {"2020-10-31": "", "2020-07-31": "", "2020-04-30": "", "2020-01-31": "", "2019-10-31": "", "2019-07-31": "", "2019-04-30": "", "2019-01-31": "", "2018-10-31": "", "2018-07-31": "", "2018-04-30": "", "2018-01-31": "", "2017-10-31": "", "2017-07-31": "", "2017-04-30": "", "2017-01-31": "", "2016-10-31": "", "2016-07-31": "", "2016-04-30": "", "2016-01-31": "", "2015-10-31": "", "2015-07-31": "", "2015-04-30": "", "2015-01-31": "", "2014-10-31": "", "2014-07-31": "", "2014-04-30": "", "2014-01-31": "", "2013-10-31": "", "2013-07-31": "", "2013-04-30": "", "2013-01-31": "", "2012-10-31": "", "2012-07-31": "", "2012-04-30": "", "2012-01-31": "", "2011-10-31": "", "2011-07-31": "", "2011-04-30": "", "2011-01-31": "", "2010-10-31": "", "2010-07-31": "", "2010-04-30": "", "2010-01-31": "", "2009-10-31": "", "2009-07-31": "", "2009-04-30": "", "2009-01-31": "", "2008-10-31": "", "2008-07-31": "", "2008-04-30": "", "2008-01-31": "", "2007-10-31": "", "2007-07-31": "", "2007-04-30": "", "2007-01-31": "", "2006-10-31": "", "2006-07-31": "", "2006-04-30": "", "2006-01-31": "", "2005-10-31": "", "2005-07-31": "", "2005-04-30": "", "2005-01-31": ""}, "Income From Continuous Operations": {"2020-10-31": "668.00000", "2020-07-31": "734.00000", "2020-04-30": "764.00000", "2020-01-31": "678.00000", "2019-10-31": "388.00000", "2019-07-31": "1179.00000", "2019-04-30": "782.00000", "2019-01-31": "803.00000", "2018-10-31": "1451.00000", "2018-07-31": "880.00000", "2018-04-30": "1058.00000", "2018-01-31": "1938.00000", "2017-10-31": "660.00000", "2017-07-31": "696.00000", "2017-04-30": "559.00000", "2017-01-31": "611.00000", "2016-10-31": "513.00000", "2016-07-31": "843.00000", "2016-04-30": "660.00000", "2016-01-31": "650.00000", "2015-10-31": "1323.00000", "2015-07-31": "700.00000", "2015-04-30": "733.00000", "2015-01-31": "770.00000", "2014-10-31": "-759.00000", "2014-07-31": "985.00000", "2014-04-30": "1273.00000", "2014-01-31": "1425.00000", "2013-10-31": "1414.00000", "2013-07-31": "1390.00000", "2013-04-30": "1077.00000", "2013-01-31": "1232.00000", "2012-10-31": "-6854.00000", "2012-07-31": "-8857.00000", "2012-04-30": "1593.00000", "2012-01-31": "1468.00000", "2011-10-31": "239.00000", "2011-07-31": "1926.00000", "2011-04-30": "2304.00000", "2011-01-31": "2605.00000", "2010-10-31": "2538.00000", "2010-07-31": "1773.00000", "2010-04-30": "2200.00000", "2010-01-31": "2250.00000", "2009-10-31": "2412.00000", "2009-07-31": "1671.00000", "2009-04-30": "1721.00000", "2009-01-31": "1856.00000", "2008-10-31": "2112.00000", "2008-07-31": "2027.00000", "2008-04-30": "2057.00000", "2008-01-31": "2133.00000", "2007-10-31": "2164.00000", "2007-07-31": "1778.00000", "2007-04-30": "1775.00000", "2007-01-31": "1547.00000", "2006-10-31": "1697.00000", "2006-07-31": "1375.00000", "2006-04-30": "1899.00000", "2006-01-31": "1227.00000", "2005-10-31": "416.00000", "2005-07-31": "73.00000", "2005-04-30": "966.00000", "2005-01-31": "943.00000"}, "Income From Discontinued Operations": {"2020-10-31": "", "2020-07-31": "", "2020-04-30": "", "2020-01-31": "", "2019-10-31": "", "2019-07-31": "", "2019-04-30": "", "2019-01-31": "", "2018-10-31": "", "2018-07-31": "", "2018-04-30": "", "2018-01-31": "", "2017-10-31": "", "2017-07-31": "", "2017-04-30": "", "2017-01-31": "", "2016-10-31": "-21.00000", "2016-07-31": "-60.00000", "2016-04-30": "-31.00000", "2016-01-31": "-58.00000", "2015-10-31": "-192.00000", "2015-07-31": "154.00000", "2015-04-30": "278.00000", "2015-01-31": "596.00000", "2014-10-31": "", "2014-07-31": "", "2014-04-30": "", "2014-01-31": "", "2013-10-31": "", "2013-07-31": "", "2013-04-30": "", "2013-01-31": "", "2012-10-31": "", "2012-07-31": "", "2012-04-30": "", "2012-01-31": "", "2011-10-31": "", "2011-07-31": "", "2011-04-30": "", "2011-01-31": "", "2010-10-31": "", "2010-07-31": "", "2010-04-30": "", "2010-01-31": "", "2009-10-31": "", "2009-07-31": "", "2009-04-30": "", "2009-01-31": "", "2008-10-31": "", "2008-07-31": "", "2008-04-30": "", "2008-01-31": "", "2007-10-31": "", "2007-07-31": "", "2007-04-30": "", "2007-01-31": "", "2006-10-31": "", "2006-07-31": "", "2006-04-30": "", "2006-01-31": "", "2005-10-31": "", "2005-07-31": "", "2005-04-30": "", "2005-01-31": ""}, "Net Income": {"2020-10-31": "668.00000", "2020-07-31": "734.00000", "2020-04-30": "764.00000", "2020-01-31": "678.00000", "2019-10-31": "388.00000", "2019-07-31": "1179.00000", "2019-04-30": "782.00000", "2019-01-31": "803.00000", "2018-10-31": "1451.00000", "2018-07-31": "880.00000", "2018-04-30": "1058.00000", "2018-01-31": "1938.00000", "2017-10-31": "660.00000", "2017-07-31": "696.00000", "2017-04-30": "559.00000", "2017-01-31": "611.00000", "2016-10-31": "492.00000", "2016-07-31": "783.00000", "2016-04-30": "629.00000", "2016-01-31": "592.00000", "2015-10-31": "1323.00000", "2015-07-31": "854.00000", "2015-04-30": "1011.00000", "2015-01-31": "1366.00000", "2014-10-31": "1330.00000", "2014-07-31": "985.00000", "2014-04-30": "1273.00000", "2014-01-31": "1425.00000", "2013-10-31": "1414.00000", "2013-07-31": "1390.00000", "2013-04-30": "1077.00000", "2013-01-31": "1232.00000", "2012-10-31": "-6854.00000", "2012-07-31": "-8857.00000", "2012-04-30": "1593.00000", "2012-01-31": "1468.00000", "2011-10-31": "239.00000", "2011-07-31": "1926.00000", "2011-04-30": "2304.00000", "2011-01-31": "2605.00000", "2010-10-31": "2538.00000", "2010-07-31": "1773.00000", "2010-04-30": "2200.00000", "2010-01-31": "2250.00000", "2009-10-31": "2412.00000", "2009-07-31": "1671.00000", "2009-04-30": "1721.00000", "2009-01-31": "1856.00000", "2008-10-31": "2112.00000", "2008-07-31": "2027.00000", "2008-04-30": "2057.00000", "2008-01-31": "2133.00000", "2007-10-31": "2164.00000", "2007-07-31": "1778.00000", "2007-04-30": "1775.00000", "2007-01-31": "1547.00000", "2006-10-31": "1697.00000", "2006-07-31": "1375.00000", "2006-04-30": "1899.00000", "2006-01-31": "1227.00000", "2005-10-31": "416.00000", "2005-07-31": "73.00000", "2005-04-30": "966.00000", "2005-01-31": "943.00000"}, "EBITDA": {"2020-10-31": "1188.00000", "2020-07-31": "976.00000", "2020-04-30": "1024.00000", "2020-01-31": "1063.00000", "2019-10-31": "1149.00000", "2019-07-31": "1269.00000", "2019-04-30": "1109.00000", "2019-01-31": "1094.00000", "2018-10-31": "1134.00000", "2018-07-31": "1150.00000", "2018-04-30": "1033.00000", "2018-01-31": "1042.00000", "2017-10-31": "830.00000", "2017-07-31": "1045.00000", "2017-04-30": "907.00000", "2017-01-31": "940.00000", "2016-10-31": "746.00000", "2016-07-31": "1202.00000", "2016-04-30": "926.00000", "2016-01-31": "1007.00000", "2015-10-31": "1915.00000", "2015-07-31": "2030.00000", "2015-04-30": "2000.00000", "2015-01-31": "2146.00000", "2014-10-31": "54.00000", "2014-07-31": "2513.00000", "2014-04-30": "2909.00000", "2014-01-31": "3114.00000", "2013-10-31": "3043.00000", "2013-07-31": "3013.00000", "2013-04-30": "2771.00000", "2013-01-31": "2915.00000", "2012-10-31": "3560.00000", "2012-07-31": "1661.00000", "2012-04-30": "3507.00000", "2012-01-31": "3345.00000", "2011-10-31": "2942.00000", "2011-07-31": "3745.00000", "2011-04-30": "4210.00000", "2011-01-31": "4649.00000", "2010-10-31": "4559.00000", "2010-07-31": "3533.00000", "2010-04-30": "4042.00000", "2010-01-31": "4165.00000", "2009-10-31": "4367.00000", "2009-07-31": "3392.00000", "2009-04-30": "3446.00000", "2009-01-31": "3711.00000", "2008-10-31": "3874.00000", "2008-07-31": "3288.00000", "2008-04-30": "3350.00000", "2008-01-31": "3362.00000", "2007-10-31": "3331.00000", "2007-07-31": "2801.00000", "2007-04-30": "2806.00000", "2007-01-31": "2486.00000", "2006-10-31": "2497.00000", "2006-07-31": "2108.00000", "2006-04-30": "2253.00000", "2006-01-31": "2055.00000", "2005-10-31": "777.00000", "2005-07-31": "1501.00000", "2005-04-30": "1762.00000", "2005-01-31": "1777.00000"}, "EBIT": {"2020-10-31": "992.00000", "2020-07-31": "779.00000", "2020-04-30": "826.00000", "2020-01-31": "865.00000", "2019-10-31": "944.00000", "2019-07-31": "1079.00000", "2019-04-30": "928.00000", "2019-01-31": "926.00000", "2018-10-31": "994.00000", "2018-07-31": "1018.00000", "2018-04-30": "906.00000", "2018-01-31": "913.00000", "2017-10-31": "739.00000", "2017-07-31": "955.00000", "2017-04-30": "818.00000", "2017-01-31": "856.00000", "2016-10-31": "663.00000", "2016-07-31": "1117.00000", "2016-04-30": "841.00000", "2016-01-31": "928.00000", "2015-10-31": "908.00000", "2015-07-31": "1007.00000", "2015-04-30": "997.00000", "2015-01-31": "1118.00000", "2014-10-31": "-1021.00000", "2014-07-31": "1458.00000", "2014-04-30": "1822.00000", "2014-01-31": "1997.00000", "2013-10-31": "1923.00000", "2013-07-31": "1855.00000", "2013-04-30": "1601.00000", "2013-01-31": "1752.00000", "2012-10-31": "-6488.00000", "2012-07-31": "-8833.00000", "2012-04-30": "2222.00000", "2012-01-31": "2042.00000", "2011-10-31": "795.00000", "2011-07-31": "2520.00000", "2011-04-30": "2968.00000", "2011-01-31": "3394.00000", "2010-10-31": "3295.00000", "2010-07-31": "2323.00000", "2010-04-30": "2858.00000", "2010-01-31": "3003.00000", "2009-10-31": "3133.00000", "2009-07-31": "2213.00000", "2009-04-30": "2293.00000", "2009-01-31": "2497.00000", "2008-10-31": "2741.00000", "2008-07-31": "2529.00000", "2008-04-30": "2590.00000", "2008-01-31": "2613.00000", "2007-10-31": "2632.00000", "2007-07-31": "2116.00000", "2007-04-30": "2128.00000", "2007-01-31": "1843.00000", "2006-10-31": "1901.00000", "2006-07-31": "1510.00000", "2006-04-30": "1657.00000", "2006-01-31": "1492.00000", "2005-10-31": "232.00000", "2005-07-31": "913.00000", "2005-04-30": "1163.00000", "2005-01-31": "1165.00000"}, "Basic Shares Outstanding": {"2020-10-31": "1413.00000", "2020-07-31": "1417.00000", "2020-04-30": "1435.00000", "2020-01-31": "1454.00000", "2019-10-31": "1515.00000", "2019-07-31": "1499.00000", "2019-04-30": "1529.00000", "2019-01-31": "1556.00000", "2018-10-31": "1615.00000", "2018-07-31": "1601.00000", "2018-04-30": "1630.00000", "2018-01-31": "1650.00000", "2017-10-31": "1688.00000", "2017-07-31": "1681.00000", "2017-04-30": "1688.00000", "2017-01-31": "1704.00000", "2016-10-31": "1730.00000", "2016-07-31": "1711.00000", "2016-04-30": "1720.00000", "2016-01-31": "1776.00000", "2015-10-31": "1802.00000", "2015-07-31": "1805.00000", "2015-04-30": "1814.00000", "2015-01-31": "1833.00000", "2014-10-31": "1882.00000", "2014-07-31": "1870.00000", "2014-04-30": "1890.00000", "2014-01-31": "1907.00000", "2013-10-31": "1934.00000", "2013-07-31": "1929.00000", "2013-04-30": "1935.00000", "2013-01-31": "1953.00000", "2012-10-31": "1974.00000", "2012-07-31": "1971.00000", "2012-04-30": "1979.00000", "2012-01-31": "1981.00000", "2011-10-31": "2094.00000", "2011-07-31": "2054.00000", "2011-04-30": "2150.00000", "2011-01-31": "2182.00000", "2010-10-31": "2319.00000", "2010-07-31": "2322.00000", "2010-04-30": "2345.00000", "2010-01-31": "2358.00000", "2009-10-31": "2388.00000", "2009-07-31": "2382.00000", "2009-04-30": "2394.00000", "2009-01-31": "2410.00000", "2008-10-31": "2483.00000", "2008-07-31": "2459.00000", "2008-04-30": "2473.00000", "2008-01-31": "2560.00000", "2007-10-31": "2630.00000", "2007-07-31": "2600.00000", "2007-04-30": "2638.00000", "2007-01-31": "2705.00000", "2006-10-31": "2782.00000", "2006-07-31": "2768.00000", "2006-04-30": "2809.00000", "2006-01-31": "2822.00000", "2005-10-31": "2879.00000", "2005-07-31": "2873.00000", "2005-04-30": "2886.00000", "2005-01-31": "2908.00000"}, "Shares Outstanding": {"2020-10-31": "1420.00000", "2020-07-31": "1423.00000", "2020-04-30": "1440.00000", "2020-01-31": "1460.00000", "2019-10-31": "1524.00000", "2019-07-31": "1508.00000", "2019-04-30": "1536.00000", "2019-01-31": "1567.00000", "2018-10-31": "1634.00000", "2018-07-31": "1618.00000", "2018-04-30": "1646.00000", "2018-01-31": "1669.00000", "2017-10-31": "1702.00000", "2017-07-31": "1695.00000", "2017-04-30": "1709.00000", "2017-01-31": "1721.00000", "2016-10-31": "1743.00000", "2016-07-31": "1725.00000", "2016-04-30": "1731.00000", "2016-01-31": "1785.00000", "2015-10-31": "1821.00000", "2015-07-31": "1828.00000", "2015-04-30": "1836.00000", "2015-01-31": "1861.00000", "2014-10-31": "1912.00000", "2014-07-31": "1899.00000", "2014-04-30": "1916.00000", "2014-01-31": "1935.00000", "2013-10-31": "1950.00000", "2013-07-31": "1948.00000", "2013-04-30": "1947.00000", "2013-01-31": "1956.00000", "2012-10-31": "1974.00000", "2012-07-31": "1971.00000", "2012-04-30": "1987.00000", "2012-01-31": "1998.00000", "2011-10-31": "2128.00000", "2011-07-31": "2080.00000", "2011-04-30": "2184.00000", "2011-01-31": "2226.00000", "2010-10-31": "2372.00000", "2010-07-31": "2376.00000", "2010-04-30": "2406.00000", "2010-01-31": "2427.00000", "2009-10-31": "2437.00000", "2009-07-31": "2436.00000", "2009-04-30": "2438.00000", "2009-01-31": "2464.00000", "2008-10-31": "2567.00000", "2008-07-31": "2533.00000", "2008-04-30": "2557.00000", "2008-01-31": "2655.00000", "2007-10-31": "2716.00000", "2007-07-31": "2697.00000", "2007-04-30": "2731.00000", "2007-01-31": "2801.00000", "2006-10-31": "2852.00000", "2006-07-31": "2839.00000", "2006-04-30": "2887.00000", "2006-01-31": "2893.00000", "2005-10-31": "2909.00000", "2005-07-31": "2907.00000", "2005-04-30": "2917.00000", "2005-01-31": "2936.00000"}, "Basic EPS": {"2020-10-31": "0.49000", "2020-07-31": "0.52000", "2020-04-30": "0.53000", "2020-01-31": "0.47000", "2019-10-31": "0.26000", "2019-07-31": "0.79000", "2019-04-30": "0.51000", "2019-01-31": "0.52000", "2018-10-31": "0.93000", "2018-07-31": "0.55000", "2018-04-30": "0.65000", "2018-01-31": "1.17000", "2017-10-31": "0.40000", "2017-07-31": "0.41000", "2017-04-30": "0.33000", "2017-01-31": "0.36000", "2016-10-31": "0.28000", "2016-07-31": "0.46000", "2016-04-30": "0.37000", "2016-01-31": "0.33000", "2015-10-31": "0.73000", "2015-07-31": "0.47000", "2015-04-30": "0.56000", "2015-01-31": "0.75000", "2014-10-31": "0.71000", "2014-07-31": "0.53000", "2014-04-30": "0.67000", "2014-01-31": "0.75000", "2013-10-31": "0.73000", "2013-07-31": "0.72000", "2013-04-30": "0.56000", "2013-01-31": "0.63000", "2012-10-31": "-3.46000", "2012-07-31": "-4.49000", "2012-04-30": "0.80000", "2012-01-31": "0.74000", "2011-10-31": "0.18000", "2011-07-31": "0.94000", "2011-04-30": "1.07000", "2011-01-31": "1.19000", "2010-10-31": "1.13000", "2010-07-31": "0.76000", "2010-04-30": "0.94000", "2010-01-31": "0.95000", "2009-10-31": "1.02000", "2009-07-31": "0.70000", "2009-04-30": "0.72000", "2009-01-31": "0.77000", "2008-10-31": "0.87000", "2008-07-31": "0.82000", "2008-04-30": "0.83000", "2008-01-31": "0.83000", "2007-10-31": "0.84000", "2007-07-31": "0.68000", "2007-04-30": "0.67000", "2007-01-31": "0.57000", "2006-10-31": "0.62000", "2006-07-31": "0.50000", "2006-04-30": "0.68000", "2006-01-31": "0.43000", "2005-10-31": "0.15000", "2005-07-31": "0.03000", "2005-04-30": "0.33000", "2005-01-31": "0.32000"}, "EPS - Earnings Per Share": {"2020-10-31": "0.49000", "2020-07-31": "0.52000", "2020-04-30": "0.53000", "2020-01-31": "0.46000", "2019-10-31": "0.27000", "2019-07-31": "0.78000", "2019-04-30": "0.51000", "2019-01-31": "0.51000", "2018-10-31": "0.92000", "2018-07-31": "0.54000", "2018-04-30": "0.64000", "2018-01-31": "1.16000", "2017-10-31": "0.38000", "2017-07-31": "0.41000", "2017-04-30": "0.33000", "2017-01-31": "0.36000", "2016-10-31": "0.29000", "2016-07-31": "0.45000", "2016-04-30": "0.36000", "2016-01-31": "0.33000", "2015-10-31": "0.73000", "2015-07-31": "0.47000", "2015-04-30": "0.55000", "2015-01-31": "0.73000", "2014-10-31": "0.70000", "2014-07-31": "0.52000", "2014-04-30": "0.66000", "2014-01-31": "0.74000", "2013-10-31": "0.73000", "2013-07-31": "0.71000", "2013-04-30": "0.55000", "2013-01-31": "0.63000", "2012-10-31": "-3.45000", "2012-07-31": "-4.49000", "2012-04-30": "0.80000", "2012-01-31": "0.73000", "2011-10-31": "0.17000", "2011-07-31": "0.93000", "2011-04-30": "1.05000", "2011-01-31": "1.17000", "2010-10-31": "1.10000", "2010-07-31": "0.75000", "2010-04-30": "0.91000", "2010-01-31": "0.93000", "2009-10-31": "0.99000", "2009-07-31": "0.69000", "2009-04-30": "0.71000", "2009-01-31": "0.75000", "2008-10-31": "0.85000", "2008-07-31": "0.80000", "2008-04-30": "0.80000", "2008-01-31": "0.80000", "2007-10-31": "0.82000", "2007-07-31": "0.66000", "2007-04-30": "0.65000", "2007-01-31": "0.55000", "2006-10-31": "0.62000", "2006-07-31": "0.48000", "2006-04-30": "0.66000", "2006-01-31": "0.42000", "2005-10-31": "0.14000", "2005-07-31": "0.03000", "2005-04-30": "0.33000", "2005-01-31": "0.32000"}}, "balance sheet": {"Cash On Hand": {"2020-10-31": "4864.00000", "2019-10-31": "4537.00000", "2018-10-31": "5166.00000", "2017-10-31": "6997.00000", "2016-10-31": "6288.00000", "2015-10-31": "7584.00000", "2014-10-31": "15133.00000", "2013-10-31": "12163.00000", "2012-10-31": "11301.00000", "2011-10-31": "8043.00000", "2010-10-31": "10929.00000", "2009-10-31": "13334.00000", "2008-10-31": "10246.00000", "2007-10-31": "11445.00000", "2006-10-31": "16422.00000", "2005-10-31": "13929.00000"}, "Receivables": {"2020-10-31": "5381.00000", "2019-10-31": "6031.00000", "2018-10-31": "5113.00000", "2017-10-31": "4414.00000", "2016-10-31": "4114.00000", "2015-10-31": "4825.00000", "2014-10-31": "16778.00000", "2013-10-31": "19020.00000", "2012-10-31": "19659.00000", "2011-10-31": "21386.00000", "2010-10-31": "21467.00000", "2009-10-31": "19212.00000", "2008-10-31": "19242.00000", "2007-10-31": "15927.00000", "2006-10-31": "13313.00000", "2005-10-31": "12454.00000"}, "Inventory": {"2020-10-31": "5963.00000", "2019-10-31": "5734.00000", "2018-10-31": "6062.00000", "2017-10-31": "5786.00000", "2016-10-31": "4484.00000", "2015-10-31": "4288.00000", "2014-10-31": "6415.00000", "2013-10-31": "6046.00000", "2012-10-31": "6317.00000", "2011-10-31": "7490.00000", "2010-10-31": "6466.00000", "2009-10-31": "6128.00000", "2008-10-31": "7879.00000", "2007-10-31": "8033.00000", "2006-10-31": "7750.00000", "2005-10-31": "6877.00000"}, "Pre-Paid Expenses": {"2020-10-31": "", "2019-10-31": "", "2018-10-31": "", "2017-10-31": "", "2016-10-31": "", "2015-10-31": "", "2014-10-31": "", "2013-10-31": "", "2012-10-31": "", "2011-10-31": "", "2010-10-31": "", "2009-10-31": "", "2008-10-31": "", "2007-10-31": "", "2006-10-31": "", "2005-10-31": ""}, "Other Current Assets": {"2020-10-31": "4440.00000", "2019-10-31": "3875.00000", "2018-10-31": "5046.00000", "2017-10-31": "5121.00000", "2016-10-31": "3582.00000", "2015-10-31": "4498.00000", "2014-10-31": "11819.00000", "2013-10-31": "13135.00000", "2012-10-31": "13360.00000", "2011-10-31": "14102.00000", "2010-10-31": "15322.00000", "2009-10-31": "13865.00000", "2008-10-31": "14361.00000", "2007-10-31": "11997.00000", "2006-10-31": "10779.00000", "2005-10-31": "10074.00000"}, "Total Current Assets": {"2020-10-31": "20648.00000", "2019-10-31": "20177.00000", "2018-10-31": "21387.00000", "2017-10-31": "22318.00000", "2016-10-31": "18468.00000", "2015-10-31": "51787.00000", "2014-10-31": "50145.00000", "2013-10-31": "50364.00000", "2012-10-31": "50637.00000", "2011-10-31": "51021.00000", "2010-10-31": "54184.00000", "2009-10-31": "52539.00000", "2008-10-31": "51728.00000", "2007-10-31": "47402.00000", "2006-10-31": "48264.00000", "2005-10-31": "43334.00000"}, "Property, Plant, And Equipment": {"2020-10-31": "2627.00000", "2019-10-31": "2794.00000", "2018-10-31": "2198.00000", "2017-10-31": "1878.00000", "2016-10-31": "1736.00000", "2015-10-31": "1492.00000", "2014-10-31": "11340.00000", "2013-10-31": "11463.00000", "2012-10-31": "11954.00000", "2011-10-31": "12292.00000", "2010-10-31": "11763.00000", "2009-10-31": "11262.00000", "2008-10-31": "10838.00000", "2007-10-31": "7798.00000", "2006-10-31": "6863.00000", "2005-10-31": "6451.00000"}, "Long-Term Investments": {"2020-10-31": "", "2019-10-31": "", "2018-10-31": "", "2017-10-31": "", "2016-10-31": "", "2015-10-31": "", "2014-10-31": "", "2013-10-31": "", "2012-10-31": "", "2011-10-31": "", "2010-10-31": "", "2009-10-31": "", "2008-10-31": "", "2007-10-31": "", "2006-10-31": "", "2005-10-31": ""}, "Goodwill And Intangible Assets": {"2020-10-31": "6380.00000", "2019-10-31": "6372.00000", "2018-10-31": "5968.00000", "2017-10-31": "5622.00000", "2016-10-31": "5622.00000", "2015-10-31": "5680.00000", "2014-10-31": "33267.00000", "2013-10-31": "34293.00000", "2012-10-31": "35584.00000", "2011-10-31": "55449.00000", "2010-10-31": "46331.00000", "2009-10-31": "39709.00000", "2008-10-31": "40297.00000", "2007-10-31": "25852.00000", "2006-10-31": "20205.00000", "2005-10-31": "20030.00000"}, "Other Long-Term Assets": {"2020-10-31": "5026.00000", "2019-10-31": "4124.00000", "2018-10-31": "5069.00000", "2017-10-31": "3095.00000", "2016-10-31": "3161.00000", "2015-10-31": "1592.00000", "2014-10-31": "", "2013-10-31": "", "2012-10-31": "", "2011-10-31": "", "2010-10-31": "", "2009-10-31": "", "2008-10-31": "", "2007-10-31": "", "2006-10-31": "", "2005-10-31": ""}, "Total Long-Term Assets": {"2020-10-31": "14033.00000", "2019-10-31": "13290.00000", "2018-10-31": "13235.00000", "2017-10-31": "10595.00000", "2016-10-31": "10519.00000", "2015-10-31": "55095.00000", "2014-10-31": "53061.00000", "2013-10-31": "55312.00000", "2012-10-31": "58131.00000", "2011-10-31": "78496.00000", "2010-10-31": "70319.00000", "2009-10-31": "62260.00000", "2008-10-31": "61603.00000", "2007-10-31": "41297.00000", "2006-10-31": "33717.00000", "2005-10-31": "33983.00000"}, "Total Assets": {"2020-10-31": "34681.00000", "2019-10-31": "33467.00000", "2018-10-31": "34622.00000", "2017-10-31": "32913.00000", "2016-10-31": "28987.00000", "2015-10-31": "106882.00000", "2014-10-31": "103206.00000", "2013-10-31": "105676.00000", "2012-10-31": "108768.00000", "2011-10-31": "129517.00000", "2010-10-31": "124503.00000", "2009-10-31": "114799.00000", "2008-10-31": "113331.00000", "2007-10-31": "88699.00000", "2006-10-31": "81981.00000", "2005-10-31": "77317.00000"}, "Total Current Liabilities": {"2020-10-31": "26220.00000", "2019-10-31": "25293.00000", "2018-10-31": "25131.00000", "2017-10-31": "22412.00000", "2016-10-31": "18808.00000", "2015-10-31": "42191.00000", "2014-10-31": "43735.00000", "2013-10-31": "45521.00000", "2012-10-31": "46666.00000", "2011-10-31": "50442.00000", "2010-10-31": "49403.00000", "2009-10-31": "43003.00000", "2008-10-31": "52939.00000", "2007-10-31": "39260.00000", "2006-10-31": "35850.00000", "2005-10-31": "31460.00000"}, "Long Term Debt": {"2020-10-31": "5543.00000", "2019-10-31": "4780.00000", "2018-10-31": "4524.00000", "2017-10-31": "6747.00000", "2016-10-31": "6735.00000", "2015-10-31": "6677.00000", "2014-10-31": "16039.00000", "2013-10-31": "16608.00000", "2012-10-31": "21789.00000", "2011-10-31": "22551.00000", "2010-10-31": "15258.00000", "2009-10-31": "13980.00000", "2008-10-31": "7676.00000", "2007-10-31": "4997.00000", "2006-10-31": "2490.00000", "2005-10-31": "3392.00000"}, "Other Non-Current Liabilities": {"2020-10-31": "5146.00000", "2019-10-31": "4587.00000", "2018-10-31": "5606.00000", "2017-10-31": "7162.00000", "2016-10-31": "7333.00000", "2015-10-31": "7414.00000", "2014-10-31": "16305.00000", "2013-10-31": "15891.00000", "2012-10-31": "17480.00000", "2011-10-31": "17520.00000", "2010-10-31": "19061.00000", "2009-10-31": "17052.00000", "2008-10-31": "13774.00000", "2007-10-31": "5916.00000", "2006-10-31": "5497.00000", "2005-10-31": "5289.00000"}, "Total Long Term Liabilities": {"2020-10-31": "10689.00000", "2019-10-31": "9367.00000", "2018-10-31": "10130.00000", "2017-10-31": "13909.00000", "2016-10-31": "14068.00000", "2015-10-31": "36540.00000", "2014-10-31": "32344.00000", "2013-10-31": "32499.00000", "2012-10-31": "39269.00000", "2011-10-31": "40071.00000", "2010-10-31": "34319.00000", "2009-10-31": "31032.00000", "2008-10-31": "21450.00000", "2007-10-31": "10913.00000", "2006-10-31": "7987.00000", "2005-10-31": "8681.00000"}, "Total Liabilities": {"2020-10-31": "36909.00000", "2019-10-31": "34660.00000", "2018-10-31": "35261.00000", "2017-10-31": "36321.00000", "2016-10-31": "32876.00000", "2015-10-31": "78731.00000", "2014-10-31": "76079.00000", "2013-10-31": "78020.00000", "2012-10-31": "85935.00000", "2011-10-31": "90513.00000", "2010-10-31": "83722.00000", "2009-10-31": "74035.00000", "2008-10-31": "74389.00000", "2007-10-31": "50173.00000", "2006-10-31": "43837.00000", "2005-10-31": "40141.00000"}, "Common Stock Net": {"2020-10-31": "13.00000", "2019-10-31": "15.00000", "2018-10-31": "16.00000", "2017-10-31": "16.00000", "2016-10-31": "17.00000", "2015-10-31": "18.00000", "2014-10-31": "18.00000", "2013-10-31": "19.00000", "2012-10-31": "20.00000", "2011-10-31": "20.00000", "2010-10-31": "22.00000", "2009-10-31": "24.00000", "2008-10-31": "24.00000", "2007-10-31": "26.00000", "2006-10-31": "27.00000", "2005-10-31": "28.00000"}, "Retained Earnings (Accumulated Deficit)": {"2020-10-31": "-1961.00000", "2019-10-31": "-818.00000", "2018-10-31": "-473.00000", "2017-10-31": "-2386.00000", "2016-10-31": "-3498.00000", "2015-10-31": "32089.00000", "2014-10-31": "29164.00000", "2013-10-31": "25563.00000", "2012-10-31": "21521.00000", "2011-10-31": "35266.00000", "2010-10-31": "32695.00000", "2009-10-31": "29936.00000", "2008-10-31": "24971.00000", "2007-10-31": "21560.00000", "2006-10-31": "20729.00000", "2005-10-31": "16679.00000"}, "Comprehensive Income": {"2020-10-31": "-1243.00000", "2019-10-31": "-1225.00000", "2018-10-31": "-845.00000", "2017-10-31": "-1418.00000", "2016-10-31": "-1438.00000", "2015-10-31": "-6302.00000", "2014-10-31": "-5881.00000", "2013-10-31": "-3778.00000", "2012-10-31": "-5559.00000", "2011-10-31": "-3498.00000", "2010-10-31": "-3837.00000", "2009-10-31": "-3247.00000", "2008-10-31": "-65.00000", "2007-10-31": "559.00000", "2006-10-31": "18.00000", "2005-10-31": "-21.00000"}, "Other Share Holders Equity": {"2020-10-31": "", "2019-10-31": "", "2018-10-31": "", "2017-10-31": "", "2016-10-31": "", "2015-10-31": "", "2014-10-31": "", "2013-10-31": "", "2012-10-31": "", "2011-10-31": "", "2010-10-31": "", "2009-10-31": "", "2008-10-31": "", "2007-10-31": "", "2006-10-31": "-596.00000", "2005-10-31": ""}, "Share Holder Equity": {"2020-10-31": "-2228.00000", "2019-10-31": "-1193.00000", "2018-10-31": "-639.00000", "2017-10-31": "-3408.00000", "2016-10-31": "-3889.00000", "2015-10-31": "28151.00000", "2014-10-31": "27127.00000", "2013-10-31": "27656.00000", "2012-10-31": "22833.00000", "2011-10-31": "39004.00000", "2010-10-31": "40781.00000", "2009-10-31": "40764.00000", "2008-10-31": "38942.00000", "2007-10-31": "38526.00000", "2006-10-31": "38144.00000", "2005-10-31": "37176.00000"}, "Total Liabilities And Share Holders Equity": {"2020-10-31": "34681.00000", "2019-10-31": "33467.00000", "2018-10-31": "34622.00000", "2017-10-31": "32913.00000", "2016-10-31": "28987.00000", "2015-10-31": "106882.00000", "2014-10-31": "103206.00000", "2013-10-31": "105676.00000", "2012-10-31": "108768.00000", "2011-10-31": "129517.00000", "2010-10-31": "124503.00000", "2009-10-31": "114799.00000", "2008-10-31": "113331.00000", "2007-10-31": "88699.00000", "2006-10-31": "81981.00000", "2005-10-31": "77317.00000"}}, "balance sheet, quarterly": {"Cash On Hand": {"2020-10-31": "4864.00000", "2020-07-31": "4679.00000", "2020-04-30": "4054.00000", "2020-01-31": "4205.00000", "2019-10-31": "4537.00000", "2019-07-31": "4919.00000", "2019-04-30": "3556.00000", "2019-01-31": "3367.00000", "2018-10-31": "5166.00000", "2018-07-31": "6195.00000", "2018-04-30": "4247.00000", "2018-01-31": "5475.00000", "2017-10-31": "6997.00000", "2017-07-31": "6967.00000", "2017-04-30": "6223.00000", "2017-01-31": "6331.00000", "2016-10-31": "6288.00000", "2016-07-31": "5636.00000", "2016-04-30": "4636.00000", "2016-01-31": "3688.00000", "2015-10-31": "7584.00000", "2015-07-31": "17171.00000", "2015-04-30": "14768.00000", "2015-01-31": "12919.00000", "2014-10-31": "15133.00000", "2014-07-31": "14474.00000", "2014-04-30": "15096.00000", "2014-01-31": "16165.00000", "2013-10-31": "12163.00000", "2013-07-31": "13251.00000", "2013-04-30": "13240.00000", "2013-01-31": "12589.00000", "2012-10-31": "11301.00000", "2012-07-31": "9509.00000", "2012-04-30": "8311.00000", "2012-01-31": "8113.00000", "2011-10-31": "8043.00000", "2011-07-31": "12953.00000", "2011-04-30": "12738.00000", "2011-01-31": "9934.00000", "2010-10-31": "10929.00000", "2010-07-31": "14723.00000", "2010-04-30": "14170.00000", "2010-01-31": "13607.00000", "2009-10-31": "13334.00000", "2009-07-31": "13587.00000", "2009-04-30": "12916.00000", "2009-01-31": "11255.00000", "2008-10-31": "10246.00000", "2008-07-31": "14847.00000", "2008-04-30": "11647.00000", "2008-01-31": "9976.00000", "2007-10-31": "11445.00000", "2007-07-31": "12490.00000", "2007-04-30": "12310.00000", "2007-01-31": "10363.00000", "2006-10-31": "16422.00000", "2006-07-31": "15995.00000", "2006-04-30": "14044.00000", "2006-01-31": "11946.00000", "2005-10-31": "13929.00000", "2005-07-31": "14544.00000", "2005-04-30": "14483.00000", "2005-01-31": "13600.00000"}, "Receivables": {"2020-10-31": "5381.00000", "2020-07-31": "5269.00000", "2020-04-30": "5146.00000", "2020-01-31": "4857.00000", "2019-10-31": "6031.00000", "2019-07-31": "5295.00000", "2019-04-30": "5414.00000", "2019-01-31": "5113.00000", "2018-10-31": "5113.00000", "2018-07-31": "4615.00000", "2018-04-30": "4605.00000", "2018-01-31": "4396.00000", "2017-10-31": "4414.00000", "2017-07-31": "4233.00000", "2017-04-30": "3771.00000", "2017-01-31": "3478.00000", "2016-10-31": "4114.00000", "2016-07-31": "4008.00000", "2016-04-30": "3884.00000", "2016-01-31": "4114.00000", "2015-10-31": "4825.00000", "2015-07-31": "15557.00000", "2015-04-30": "15162.00000", "2015-01-31": "15202.00000", "2014-10-31": "16778.00000", "2014-07-31": "17328.00000", "2014-04-30": "17400.00000", "2014-01-31": "16546.00000", "2013-10-31": "19020.00000", "2013-07-31": "17449.00000", "2013-04-30": "17818.00000", "2013-01-31": "17552.00000", "2012-10-31": "19659.00000", "2012-07-31": "18802.00000", "2012-04-30": "19748.00000", "2012-01-31": "19015.00000", "2011-10-31": "21386.00000", "2011-07-31": "21288.00000", "2011-04-30": "21800.00000", "2011-01-31": "19534.00000", "2010-10-31": "21467.00000", "2010-07-31": "18420.00000", "2010-04-30": "17548.00000", "2010-01-31": "17268.00000", "2009-10-31": "19212.00000", "2009-07-31": "17267.00000", "2009-04-30": "17018.00000", "2009-01-31": "17085.00000", "2008-10-31": "19242.00000", "2008-07-31": "16348.00000", "2008-04-30": "16147.00000", "2008-01-31": "14945.00000", "2007-10-31": "15927.00000", "2007-07-31": "14321.00000", "2007-04-30": "14109.00000", "2007-01-31": "12914.00000", "2006-10-31": "13313.00000", "2006-07-31": "12192.00000", "2006-04-30": "12323.00000", "2006-01-31": "11221.00000", "2005-10-31": "12454.00000", "2005-07-31": "11342.00000", "2005-04-30": "11986.00000", "2005-01-31": "11475.00000"}, "Inventory": {"2020-10-31": "5963.00000", "2020-07-31": "5896.00000", "2020-04-30": "6354.00000", "2020-01-31": "4946.00000", "2019-10-31": "5734.00000", "2019-07-31": "5716.00000", "2019-04-30": "5394.00000", "2019-01-31": "5649.00000", "2018-10-31": "6062.00000", "2018-07-31": "6091.00000", "2018-04-30": "5557.00000", "2018-01-31": "5655.00000", "2017-10-31": "5786.00000", "2017-07-31": "5184.00000", "2017-04-30": "4756.00000", "2017-01-31": "4555.00000", "2016-10-31": "4484.00000", "2016-07-31": "3961.00000", "2016-04-30": "3547.00000", "2016-01-31": "4052.00000", "2015-10-31": "4288.00000", "2015-07-31": "6700.00000", "2015-04-30": "6227.00000", "2015-01-31": "6575.00000", "2014-10-31": "6415.00000", "2014-07-31": "6249.00000", "2014-04-30": "5840.00000", "2014-01-31": "6004.00000", "2013-10-31": "6046.00000", "2013-07-31": "6540.00000", "2013-04-30": "5999.00000", "2013-01-31": "6374.00000", "2012-10-31": "6317.00000", "2012-07-31": "7292.00000", "2012-04-30": "7306.00000", "2012-01-31": "7271.00000", "2011-10-31": "7490.00000", "2011-07-31": "7427.00000", "2011-04-30": "6778.00000", "2011-01-31": "6747.00000", "2010-10-31": "6466.00000", "2010-07-31": "7206.00000", "2010-04-30": "6436.00000", "2010-01-31": "6630.00000", "2009-10-31": "6128.00000", "2009-07-31": "5850.00000", "2009-04-30": "5746.00000", "2009-01-31": "7629.00000", "2008-10-31": "7879.00000", "2008-07-31": "8160.00000", "2008-04-30": "7678.00000", "2008-01-31": "7938.00000", "2007-10-31": "8033.00000", "2007-07-31": "8006.00000", "2007-04-30": "7278.00000", "2007-01-31": "8380.00000", "2006-10-31": "7750.00000", "2006-07-31": "7464.00000", "2006-04-30": "6768.00000", "2006-01-31": "6731.00000", "2005-10-31": "6877.00000", "2005-07-31": "6644.00000", "2005-04-30": "6464.00000", "2005-01-31": "7120.00000"}, "Pre-Paid Expenses": {"2020-10-31": "", "2020-07-31": "", "2020-04-30": "", "2020-01-31": "", "2019-10-31": "", "2019-07-31": "", "2019-04-30": "", "2019-01-31": "", "2018-10-31": "", "2018-07-31": "", "2018-04-30": "", "2018-01-31": "", "2017-10-31": "", "2017-07-31": "", "2017-04-30": "", "2017-01-31": "", "2016-10-31": "", "2016-07-31": "", "2016-04-30": "", "2016-01-31": "", "2015-10-31": "", "2015-07-31": "", "2015-04-30": "", "2015-01-31": "", "2014-10-31": "", "2014-07-31": "", "2014-04-30": "", "2014-01-31": "", "2013-10-31": "", "2013-07-31": "", "2013-04-30": "", "2013-01-31": "", "2012-10-31": "", "2012-07-31": "", "2012-04-30": "", "2012-01-31": "", "2011-10-31": "", "2011-07-31": "", "2011-04-30": "", "2011-01-31": "", "2010-10-31": "", "2010-07-31": "", "2010-04-30": "", "2010-01-31": "", "2009-10-31": "", "2009-07-31": "", "2009-04-30": "", "2009-01-31": "", "2008-10-31": "", "2008-07-31": "", "2008-04-30": "", "2008-01-31": "", "2007-10-31": "", "2007-07-31": "", "2007-04-30": "", "2007-01-31": "", "2006-10-31": "", "2006-07-31": "", "2006-04-30": "", "2006-01-31": "", "2005-10-31": "", "2005-07-31": "", "2005-04-30": "", "2005-01-31": ""}, "Other Current Assets": {"2020-10-31": "4440.00000", "2020-07-31": "4425.00000", "2020-04-30": "4106.00000", "2020-01-31": "3469.00000", "2019-10-31": "3875.00000", "2019-07-31": "3753.00000", "2019-04-30": "3921.00000", "2019-01-31": "4807.00000", "2018-10-31": "5046.00000", "2018-07-31": "4875.00000", "2018-04-30": "5024.00000", "2018-01-31": "5691.00000", "2017-10-31": "5121.00000", "2017-07-31": "5059.00000", "2017-04-30": "3552.00000", "2017-01-31": "3411.00000", "2016-10-31": "3582.00000", "2016-07-31": "3797.00000", "2016-04-30": "3318.00000", "2016-01-31": "3301.00000", "2015-10-31": "4498.00000", "2015-07-31": "12570.00000", "2015-04-30": "12726.00000", "2015-01-31": "13502.00000", "2014-10-31": "11819.00000", "2014-07-31": "11236.00000", "2014-04-30": "11547.00000", "2014-01-31": "11969.00000", "2013-10-31": "13135.00000", "2013-07-31": "12718.00000", "2013-04-30": "12514.00000", "2013-01-31": "13037.00000", "2012-10-31": "13360.00000", "2012-07-31": "14634.00000", "2012-04-30": "14324.00000", "2012-01-31": "14350.00000", "2011-10-31": "14102.00000", "2011-07-31": "14611.00000", "2011-04-30": "14759.00000", "2011-01-31": "15189.00000", "2010-10-31": "15322.00000", "2010-07-31": "14016.00000", "2010-04-30": "13541.00000", "2010-01-31": "14192.00000", "2009-10-31": "13865.00000", "2009-07-31": "12138.00000", "2009-04-30": "11506.00000", "2009-01-31": "12912.00000", "2008-10-31": "14361.00000", "2008-07-31": "11681.00000", "2008-04-30": "11577.00000", "2008-01-31": "11767.00000", "2007-10-31": "11997.00000", "2007-07-31": "10544.00000", "2007-04-30": "10177.00000", "2007-01-31": "10862.00000", "2006-10-31": "10779.00000", "2006-07-31": "8674.00000", "2006-04-30": "9073.00000", "2006-01-31": "9280.00000", "2005-10-31": "10074.00000", "2005-07-31": "9172.00000", "2005-04-30": "9543.00000", "2005-01-31": "9520.00000"}, "Total Current Assets": {"2020-10-31": "20648.00000", "2020-07-31": "20269.00000", "2020-04-30": "19660.00000", "2020-01-31": "17477.00000", "2019-10-31": "20177.00000", "2019-07-31": "19683.00000", "2019-04-30": "18285.00000", "2019-01-31": "18936.00000", "2018-10-31": "21387.00000", "2018-07-31": "21776.00000", "2018-04-30": "19433.00000", "2018-01-31": "21217.00000", "2017-10-31": "22318.00000", "2017-07-31": "21443.00000", "2017-04-30": "18302.00000", "2017-01-31": "17775.00000", "2016-10-31": "18468.00000", "2016-07-31": "17402.00000", "2016-04-30": "15385.00000", "2016-01-31": "15155.00000", "2015-10-31": "51787.00000", "2015-07-31": "51998.00000", "2015-04-30": "48883.00000", "2015-01-31": "48198.00000", "2014-10-31": "50145.00000", "2014-07-31": "49287.00000", "2014-04-30": "49883.00000", "2014-01-31": "50684.00000", "2013-10-31": "50364.00000", "2013-07-31": "49958.00000", "2013-04-30": "49571.00000", "2013-01-31": "49552.00000", "2012-10-31": "50637.00000", "2012-07-31": "50237.00000", "2012-04-30": "49689.00000", "2012-01-31": "48749.00000", "2011-10-31": "51021.00000", "2011-07-31": "56279.00000", "2011-04-30": "56075.00000", "2011-01-31": "51404.00000", "2010-10-31": "54184.00000", "2010-07-31": "54365.00000", "2010-04-30": "51695.00000", "2010-01-31": "51697.00000", "2009-10-31": "52539.00000", "2009-07-31": "48842.00000", "2009-04-30": "47186.00000", "2009-01-31": "48881.00000", "2008-10-31": "51728.00000", "2008-07-31": "51036.00000", "2008-04-30": "47049.00000", "2008-01-31": "44626.00000", "2007-10-31": "47402.00000", "2007-07-31": "45361.00000", "2007-04-30": "43874.00000", "2007-01-31": "42519.00000", "2006-10-31": "48264.00000", "2006-07-31": "44325.00000", "2006-04-30": "42208.00000", "2006-01-31": "39178.00000", "2005-10-31": "43334.00000", "2005-07-31": "41702.00000", "2005-04-30": "42476.00000", "2005-01-31": "41715.00000"}, "Property, Plant, And Equipment": {"2020-10-31": "2627.00000", "2020-07-31": "2658.00000", "2020-04-30": "2714.00000", "2020-01-31": "2756.00000", "2019-10-31": "2794.00000", "2019-07-31": "2462.00000", "2019-04-30": "2412.00000", "2019-01-31": "2312.00000", "2018-10-31": "2198.00000", "2018-07-31": "2112.00000", "2018-04-30": "2061.00000", "2018-01-31": "2026.00000", "2017-10-31": "1878.00000", "2017-07-31": "1707.00000", "2017-04-30": "1661.00000", "2017-01-31": "1730.00000", "2016-10-31": "1736.00000", "2016-07-31": "1607.00000", "2016-04-30": "1572.00000", "2016-01-31": "1529.00000", "2015-10-31": "1492.00000", "2015-07-31": "11028.00000", "2015-04-30": "11014.00000", "2015-01-31": "11030.00000", "2014-10-31": "11340.00000", "2014-07-31": "11434.00000", "2014-04-30": "11350.00000", "2014-01-31": "11259.00000", "2013-10-31": "11463.00000", "2013-07-31": "11328.00000", "2013-04-30": "11476.00000", "2013-01-31": "11686.00000", "2012-10-31": "11954.00000", "2012-07-31": "12069.00000", "2012-04-30": "12236.00000", "2012-01-31": "12122.00000", "2011-10-31": "12292.00000", "2011-07-31": "11959.00000", "2011-04-30": "11890.00000", "2011-01-31": "11575.00000", "2010-10-31": "11763.00000", "2010-07-31": "11477.00000", "2010-04-30": "11242.00000", "2010-01-31": "11164.00000", "2009-10-31": "11262.00000", "2009-07-31": "11194.00000", "2009-04-30": "10807.00000", "2009-01-31": "10774.00000", "2008-10-31": "10838.00000", "2008-07-31": "7971.00000", "2008-04-30": "7906.00000", "2008-01-31": "7804.00000", "2007-10-31": "7798.00000", "2007-07-31": "7479.00000", "2007-04-30": "7339.00000", "2007-01-31": "7045.00000", "2006-10-31": "6863.00000", "2006-07-31": "6369.00000", "2006-04-30": "6351.00000", "2006-01-31": "6346.00000", "2005-10-31": "6451.00000", "2005-07-31": "6430.00000", "2005-04-30": "6669.00000", "2005-01-31": "6690.00000"}, "Long-Term Investments": {"2020-10-31": "", "2020-07-31": "", "2020-04-30": "", "2020-01-31": "", "2019-10-31": "", "2019-07-31": "", "2019-04-30": "", "2019-01-31": "", "2018-10-31": "", "2018-07-31": "", "2018-04-30": "", "2018-01-31": "", "2017-10-31": "", "2017-07-31": "", "2017-04-30": "", "2017-01-31": "", "2016-10-31": "", "2016-07-31": "", "2016-04-30": "", "2016-01-31": "", "2015-10-31": "", "2015-07-31": "", "2015-04-30": "", "2015-01-31": "", "2014-10-31": "", "2014-07-31": "", "2014-04-30": "", "2014-01-31": "", "2013-10-31": "", "2013-07-31": "9913.00000", "2013-04-30": "", "2013-01-31": "", "2012-10-31": "", "2012-07-31": "10479.00000", "2012-04-30": "11018.00000", "2012-01-31": "11057.00000", "2011-10-31": "", "2011-07-31": "11178.00000", "2011-04-30": "11320.00000", "2011-01-31": "", "2010-10-31": "", "2010-07-31": "", "2010-04-30": "", "2010-01-31": "", "2009-10-31": "", "2009-07-31": "", "2009-04-30": "", "2009-01-31": "", "2008-10-31": "", "2008-07-31": "", "2008-04-30": "", "2008-01-31": "", "2007-10-31": "", "2007-07-31": "", "2007-04-30": "", "2007-01-31": "", "2006-10-31": "", "2006-07-31": "", "2006-04-30": "", "2006-01-31": "", "2005-10-31": "", "2005-07-31": "", "2005-04-30": "", "2005-01-31": ""}, "Goodwill And Intangible Assets": {"2020-10-31": "6380.00000", "2020-07-31": "6386.00000", "2020-04-30": "6370.00000", "2020-01-31": "6387.00000", "2019-10-31": "6372.00000", "2019-07-31": "6330.00000", "2019-04-30": "6349.00000", "2019-01-31": "6343.00000", "2018-10-31": "5968.00000", "2018-07-31": "5930.00000", "2018-04-30": "5941.00000", "2018-01-31": "5935.00000", "2017-10-31": "5622.00000", "2017-07-31": "5622.00000", "2017-04-30": "5622.00000", "2017-01-31": "5622.00000", "2016-10-31": "5622.00000", "2016-07-31": "5618.00000", "2016-04-30": "5672.00000", "2016-01-31": "5680.00000", "2015-10-31": "5680.00000", "2015-07-31": "35274.00000", "2015-04-30": "32947.00000", "2015-01-31": "33014.00000", "2014-10-31": "33267.00000", "2014-07-31": "33468.00000", "2014-04-30": "33696.00000", "2014-01-31": "33951.00000", "2013-10-31": "34293.00000", "2013-07-31": "34601.00000", "2013-04-30": "35002.00000", "2013-01-31": "35214.00000", "2012-10-31": "35584.00000", "2012-07-31": "44771.00000", "2012-04-30": "54746.00000", "2012-01-31": "54668.00000", "2011-10-31": "55449.00000", "2011-07-31": "45501.00000", "2011-04-30": "45842.00000", "2011-01-31": "45937.00000", "2010-10-31": "46331.00000", "2010-07-31": "42494.00000", "2010-04-30": "41331.00000", "2010-01-31": "39334.00000", "2009-10-31": "39709.00000", "2009-07-31": "40179.00000", "2009-04-30": "40112.00000", "2009-01-31": "39868.00000", "2008-10-31": "40297.00000", "2008-07-31": "26581.00000", "2008-04-30": "26531.00000", "2008-01-31": "25817.00000", "2007-10-31": "25852.00000", "2007-07-31": "24309.00000", "2007-04-30": "24449.00000", "2007-01-31": "24358.00000", "2006-10-31": "20205.00000", "2006-07-31": "20344.00000", "2006-04-30": "20430.00000", "2006-01-31": "20573.00000", "2005-10-31": "20030.00000", "2005-07-31": "19853.00000", "2005-04-30": "19897.00000", "2005-01-31": "19789.00000"}, "Other Long-Term Assets": {"2020-10-31": "5026.00000", "2020-07-31": "4931.00000", "2020-04-30": "5029.00000", "2020-01-31": "5036.00000", "2019-10-31": "4124.00000", "2019-07-31": "3930.00000", "2019-04-30": "4900.00000", "2019-01-31": "4899.00000", "2018-10-31": "5069.00000", "2018-07-31": "4436.00000", "2018-04-30": "4652.00000", "2018-01-31": "6067.00000", "2017-10-31": "3095.00000", "2017-07-31": "3162.00000", "2017-04-30": "3101.00000", "2017-01-31": "3065.00000", "2016-10-31": "3161.00000", "2016-07-31": "2597.00000", "2016-04-30": "2894.00000", "2016-01-31": "3153.00000", "2015-10-31": "1592.00000", "2015-07-31": "", "2015-04-30": "", "2015-01-31": "", "2014-10-31": "", "2014-07-31": "", "2014-04-30": "", "2014-01-31": "", "2013-10-31": "", "2013-07-31": "", "2013-04-30": "", "2013-01-31": "", "2012-10-31": "", "2012-07-31": "", "2012-04-30": "", "2012-01-31": "", "2011-10-31": "", "2011-07-31": "", "2011-04-30": "", "2011-01-31": "", "2010-10-31": "", "2010-07-31": "", "2010-04-30": "", "2010-01-31": "", "2009-10-31": "", "2009-07-31": "", "2009-04-30": "", "2009-01-31": "", "2008-10-31": "", "2008-07-31": "", "2008-04-30": "", "2008-01-31": "", "2007-10-31": "", "2007-07-31": "", "2007-04-30": "", "2007-01-31": "", "2006-10-31": "", "2006-07-31": "", "2006-04-30": "", "2006-01-31": "", "2005-10-31": "", "2005-07-31": "", "2005-04-30": "", "2005-01-31": ""}, "Total Long-Term Assets": {"2020-10-31": "14033.00000", "2020-07-31": "13975.00000", "2020-04-30": "14113.00000", "2020-01-31": "14179.00000", "2019-10-31": "13290.00000", "2019-07-31": "12722.00000", "2019-04-30": "13661.00000", "2019-01-31": "13554.00000", "2018-10-31": "13235.00000", "2018-07-31": "12478.00000", "2018-04-30": "12654.00000", "2018-01-31": "14028.00000", "2017-10-31": "10595.00000", "2017-07-31": "10491.00000", "2017-04-30": "10384.00000", "2017-01-31": "10417.00000", "2016-10-31": "10519.00000", "2016-07-31": "9822.00000", "2016-04-30": "10138.00000", "2016-01-31": "10362.00000", "2015-10-31": "55095.00000", "2015-07-31": "55035.00000", "2015-04-30": "52513.00000", "2015-01-31": "52663.00000", "2014-10-31": "53061.00000", "2014-07-31": "53883.00000", "2014-04-30": "54089.00000", "2014-01-31": "54341.00000", "2013-10-31": "55312.00000", "2013-07-31": "55842.00000", "2013-04-30": "56683.00000", "2013-01-31": "57149.00000", "2012-10-31": "58131.00000", "2012-07-31": "67319.00000", "2012-04-30": "78000.00000", "2012-01-31": "77847.00000", "2011-10-31": "78496.00000", "2011-07-31": "68638.00000", "2011-04-30": "69052.00000", "2011-01-31": "68529.00000", "2010-10-31": "70319.00000", "2010-07-31": "65652.00000", "2010-04-30": "64299.00000", "2010-01-31": "61921.00000", "2009-10-31": "62260.00000", "2009-07-31": "62230.00000", "2009-04-30": "61329.00000", "2009-01-31": "60753.00000", "2008-10-31": "61603.00000", "2008-07-31": "44858.00000", "2008-04-30": "44755.00000", "2008-01-31": "43946.00000", "2007-10-31": "41297.00000", "2007-07-31": "39780.00000", "2007-04-30": "39539.00000", "2007-01-31": "38795.00000", "2006-10-31": "33717.00000", "2006-07-31": "34867.00000", "2006-04-30": "34975.00000", "2006-01-31": "35235.00000", "2005-10-31": "33983.00000", "2005-07-31": "33714.00000", "2005-04-30": "33872.00000", "2005-01-31": "33428.00000"}, "Total Assets": {"2020-10-31": "34681.00000", "2020-07-31": "34244.00000", "2020-04-30": "33773.00000", "2020-01-31": "31656.00000", "2019-10-31": "33467.00000", "2019-07-31": "32405.00000", "2019-04-30": "31946.00000", "2019-01-31": "32490.00000", "2018-10-31": "34622.00000", "2018-07-31": "34254.00000", "2018-04-30": "32087.00000", "2018-01-31": "35245.00000", "2017-10-31": "32913.00000", "2017-07-31": "31934.00000", "2017-04-30": "28686.00000", "2017-01-31": "28192.00000", "2016-10-31": "28987.00000", "2016-07-31": "27224.00000", "2016-04-30": "25523.00000", "2016-01-31": "25517.00000", "2015-10-31": "106882.00000", "2015-07-31": "107033.00000", "2015-04-30": "101396.00000", "2015-01-31": "100861.00000", "2014-10-31": "103206.00000", "2014-07-31": "103170.00000", "2014-04-30": "103972.00000", "2014-01-31": "105025.00000", "2013-10-31": "105676.00000", "2013-07-31": "105800.00000", "2013-04-30": "106254.00000", "2013-01-31": "106701.00000", "2012-10-31": "108768.00000", "2012-07-31": "117556.00000", "2012-04-30": "127689.00000", "2012-01-31": "126596.00000", "2011-10-31": "129517.00000", "2011-07-31": "124917.00000", "2011-04-30": "125127.00000", "2011-01-31": "119933.00000", "2010-10-31": "124503.00000", "2010-07-31": "120017.00000", "2010-04-30": "115994.00000", "2010-01-31": "113618.00000", "2009-10-31": "114799.00000", "2009-07-31": "111072.00000", "2009-04-30": "108515.00000", "2009-01-31": "109634.00000", "2008-10-31": "113331.00000", "2008-07-31": "95894.00000", "2008-04-30": "91804.00000", "2008-01-31": "88572.00000", "2007-10-31": "88699.00000", "2007-07-31": "85141.00000", "2007-04-30": "83413.00000", "2007-01-31": "81314.00000", "2006-10-31": "81981.00000", "2006-07-31": "79192.00000", "2006-04-30": "77183.00000", "2006-01-31": "74413.00000", "2005-10-31": "77317.00000", "2005-07-31": "75416.00000", "2005-04-30": "76348.00000", "2005-01-31": "75143.00000"}, "Total Current Liabilities": {"2020-10-31": "26220.00000", "2020-07-31": "25026.00000", "2020-04-30": "25276.00000", "2020-01-31": "23867.00000", "2019-10-31": "25293.00000", "2019-07-31": "24579.00000", "2019-04-30": "23203.00000", "2019-01-31": "24199.00000", "2018-10-31": "25131.00000", "2018-07-31": "25506.00000", "2018-04-30": "23127.00000", "2018-01-31": "23349.00000", "2017-10-31": "22412.00000", "2017-07-31": "22060.00000", "2017-04-30": "18604.00000", "2017-01-31": "18587.00000", "2016-10-31": "18808.00000", "2016-07-31": "18114.00000", "2016-04-30": "16862.00000", "2016-01-31": "16761.00000", "2015-10-31": "42191.00000", "2015-07-31": "49033.00000", "2015-04-30": "43186.00000", "2015-01-31": "42529.00000", "2014-10-31": "43735.00000", "2014-07-31": "42476.00000", "2014-04-30": "43280.00000", "2014-01-31": "43611.00000", "2013-10-31": "45521.00000", "2013-07-31": "46012.00000", "2013-04-30": "44658.00000", "2013-01-31": "44386.00000", "2012-10-31": "46666.00000", "2012-07-31": "44919.00000", "2012-04-30": "42799.00000", "2012-01-31": "44293.00000", "2011-10-31": "50442.00000", "2011-07-31": "48938.00000", "2011-04-30": "51370.00000", "2011-01-31": "43610.00000", "2010-10-31": "49403.00000", "2010-07-31": "49288.00000", "2010-04-30": "42271.00000", "2010-01-31": "40873.00000", "2009-10-31": "43003.00000", "2009-07-31": "41810.00000", "2009-04-30": "41583.00000", "2009-01-31": "46987.00000", "2008-10-31": "52939.00000", "2008-07-31": "41900.00000", "2008-04-30": "37146.00000", "2008-01-31": "36658.00000", "2007-10-31": "39260.00000", "2007-07-31": "37305.00000", "2007-04-30": "36913.00000", "2007-01-31": "35044.00000", "2006-10-31": "35850.00000", "2006-07-31": "34982.00000", "2006-04-30": "32457.00000", "2006-01-31": "30677.00000", "2005-10-31": "31460.00000", "2005-07-31": "29175.00000", "2005-04-30": "28415.00000", "2005-01-31": "27573.00000"}, "Long Term Debt": {"2020-10-31": "5543.00000", "2020-07-31": "5981.00000", "2020-04-30": "3941.00000", "2020-01-31": "3932.00000", "2019-10-31": "4780.00000", "2019-07-31": "4730.00000", "2019-04-30": "4749.00000", "2019-01-31": "4706.00000", "2018-10-31": "4524.00000", "2018-07-31": "4503.00000", "2018-04-30": "4494.00000", "2018-01-31": "6340.00000", "2017-10-31": "6747.00000", "2017-07-31": "6744.00000", "2017-04-30": "6710.00000", "2017-01-31": "6688.00000", "2016-10-31": "6735.00000", "2016-07-31": "6760.00000", "2016-04-30": "6708.00000", "2016-01-31": "6683.00000", "2015-10-31": "6677.00000", "2015-07-31": "14468.00000", "2015-04-30": "15464.00000", "2015-01-31": "15552.00000", "2014-10-31": "16039.00000", "2014-07-31": "17128.00000", "2014-04-30": "17190.00000", "2014-01-31": "17971.00000", "2013-10-31": "16608.00000", "2013-07-31": "17124.00000", "2013-04-30": "19863.00000", "2013-01-31": "21752.00000", "2012-10-31": "21789.00000", "2012-07-31": "24063.00000", "2012-04-30": "25825.00000", "2012-01-31": "25462.00000", "2011-10-31": "22551.00000", "2011-07-31": "19030.00000", "2011-04-30": "14512.00000", "2011-01-31": "17022.00000", "2010-10-31": "15258.00000", "2010-07-31": "12204.00000", "2010-04-30": "13728.00000", "2010-01-31": "14009.00000", "2009-10-31": "13980.00000", "2009-07-31": "13892.00000", "2009-04-30": "12978.00000", "2009-01-31": "10259.00000", "2008-10-31": "7676.00000", "2008-07-31": "6628.00000", "2008-04-30": "7688.00000", "2008-01-31": "5099.00000", "2007-10-31": "4997.00000", "2007-07-31": "4945.00000", "2007-04-30": "3977.00000", "2007-01-31": "2438.00000", "2006-10-31": "2490.00000", "2006-07-31": "2451.00000", "2006-04-30": "2406.00000", "2006-01-31": "2416.00000", "2005-10-31": "3392.00000", "2005-07-31": "3397.00000", "2005-04-30": "4397.00000", "2005-01-31": "4408.00000"}, "Other Non-Current Liabilities": {"2020-10-31": "5146.00000", "2020-07-31": "5223.00000", "2020-04-30": "5299.00000", "2020-01-31": "5491.00000", "2019-10-31": "4587.00000", "2019-07-31": "4227.00000", "2019-04-30": "5481.00000", "2019-01-31": "5422.00000", "2018-10-31": "5606.00000", "2018-07-31": "6012.00000", "2018-04-30": "6329.00000", "2018-01-31": "8298.00000", "2017-10-31": "7162.00000", "2017-07-31": "7469.00000", "2017-04-30": "7327.00000", "2017-01-31": "7244.00000", "2016-10-31": "7333.00000", "2016-07-31": "6276.00000", "2016-04-30": "6739.00000", "2016-01-31": "6982.00000", "2015-10-31": "7414.00000", "2015-07-31": "16089.00000", "2015-04-30": "15577.00000", "2015-01-31": "15876.00000", "2014-10-31": "16305.00000", "2014-07-31": "14664.00000", "2014-04-30": "14920.00000", "2014-01-31": "15294.00000", "2013-10-31": "15891.00000", "2013-07-31": "17686.00000", "2013-04-30": "17801.00000", "2013-01-31": "17273.00000", "2012-10-31": "17480.00000", "2012-07-31": "16564.00000", "2012-04-30": "17368.00000", "2012-01-31": "17269.00000", "2011-10-31": "17520.00000", "2011-07-31": "17731.00000", "2011-04-30": "17450.00000", "2011-01-31": "17754.00000", "2010-10-31": "19061.00000", "2010-07-31": "15690.00000", "2010-04-30": "16183.00000", "2010-01-31": "16845.00000", "2009-10-31": "17052.00000", "2009-07-31": "13835.00000", "2009-04-30": "13412.00000", "2009-01-31": "12801.00000", "2008-10-31": "13774.00000", "2008-07-31": "8871.00000", "2008-04-30": "8817.00000", "2008-01-31": "8871.00000", "2007-10-31": "5916.00000", "2007-07-31": "5954.00000", "2007-04-30": "6037.00000", "2007-01-31": "5789.00000", "2006-10-31": "5497.00000", "2006-07-31": "5411.00000", "2006-04-30": "5266.00000", "2006-01-31": "5514.00000", "2005-10-31": "5289.00000", "2005-07-31": "5458.00000", "2005-04-30": "5363.00000", "2005-01-31": "5436.00000"}, "Total Long Term Liabilities": {"2020-10-31": "10689.00000", "2020-07-31": "11204.00000", "2020-04-30": "9240.00000", "2020-01-31": "9423.00000", "2019-10-31": "9367.00000", "2019-07-31": "8957.00000", "2019-04-30": "10230.00000", "2019-01-31": "10128.00000", "2018-10-31": "10130.00000", "2018-07-31": "10515.00000", "2018-04-30": "10823.00000", "2018-01-31": "14638.00000", "2017-10-31": "13909.00000", "2017-07-31": "14213.00000", "2017-04-30": "14037.00000", "2017-01-31": "13932.00000", "2016-10-31": "14068.00000", "2016-07-31": "13036.00000", "2016-04-30": "13447.00000", "2016-01-31": "13665.00000", "2015-10-31": "36540.00000", "2015-07-31": "30557.00000", "2015-04-30": "31041.00000", "2015-01-31": "31428.00000", "2014-10-31": "32344.00000", "2014-07-31": "31792.00000", "2014-04-30": "32110.00000", "2014-01-31": "33265.00000", "2013-10-31": "32499.00000", "2013-07-31": "34810.00000", "2013-04-30": "37664.00000", "2013-01-31": "39025.00000", "2012-10-31": "39269.00000", "2012-07-31": "40627.00000", "2012-04-30": "43193.00000", "2012-01-31": "42731.00000", "2011-10-31": "40071.00000", "2011-07-31": "36761.00000", "2011-04-30": "31962.00000", "2011-01-31": "34776.00000", "2010-10-31": "34319.00000", "2010-07-31": "27894.00000", "2010-04-30": "29911.00000", "2010-01-31": "30854.00000", "2009-10-31": "31032.00000", "2009-07-31": "27727.00000", "2009-04-30": "26390.00000", "2009-01-31": "23060.00000", "2008-10-31": "21450.00000", "2008-07-31": "15499.00000", "2008-04-30": "16505.00000", "2008-01-31": "13970.00000", "2007-10-31": "10913.00000", "2007-07-31": "10899.00000", "2007-04-30": "10014.00000", "2007-01-31": "8227.00000", "2006-10-31": "7987.00000", "2006-07-31": "7862.00000", "2006-04-30": "7672.00000", "2006-01-31": "7930.00000", "2005-10-31": "8681.00000", "2005-07-31": "8855.00000", "2005-04-30": "9760.00000", "2005-01-31": "9844.00000"}, "Total Liabilities": {"2020-10-31": "36909.00000", "2020-07-31": "36230.00000", "2020-04-30": "34516.00000", "2020-01-31": "33290.00000", "2019-10-31": "34660.00000", "2019-07-31": "33536.00000", "2019-04-30": "33433.00000", "2019-01-31": "34327.00000", "2018-10-31": "35261.00000", "2018-07-31": "36021.00000", "2018-04-30": "33950.00000", "2018-01-31": "37987.00000", "2017-10-31": "36321.00000", "2017-07-31": "36273.00000", "2017-04-30": "32641.00000", "2017-01-31": "32519.00000", "2016-10-31": "32876.00000", "2016-07-31": "31150.00000", "2016-04-30": "30309.00000", "2016-01-31": "30426.00000", "2015-10-31": "78731.00000", "2015-07-31": "79590.00000", "2015-04-30": "74227.00000", "2015-01-31": "73957.00000", "2014-10-31": "76079.00000", "2014-07-31": "74268.00000", "2014-04-30": "75390.00000", "2014-01-31": "76876.00000", "2013-10-31": "78020.00000", "2013-07-31": "80822.00000", "2013-04-30": "82322.00000", "2013-01-31": "83411.00000", "2012-10-31": "85935.00000", "2012-07-31": "85546.00000", "2012-04-30": "85992.00000", "2012-01-31": "87024.00000", "2011-10-31": "90513.00000", "2011-07-31": "85699.00000", "2011-04-30": "83332.00000", "2011-01-31": "78386.00000", "2010-10-31": "83722.00000", "2010-07-31": "77182.00000", "2010-04-30": "72182.00000", "2010-01-31": "71727.00000", "2009-10-31": "74035.00000", "2009-07-31": "69537.00000", "2009-04-30": "67973.00000", "2009-01-31": "70047.00000", "2008-10-31": "74389.00000", "2008-07-31": "57399.00000", "2008-04-30": "53651.00000", "2008-01-31": "50628.00000", "2007-10-31": "50173.00000", "2007-07-31": "48204.00000", "2007-04-30": "46927.00000", "2007-01-31": "43271.00000", "2006-10-31": "43837.00000", "2006-07-31": "42844.00000", "2006-04-30": "40129.00000", "2006-01-31": "38607.00000", "2005-10-31": "40141.00000", "2005-07-31": "38030.00000", "2005-04-30": "38175.00000", "2005-01-31": "37417.00000"}, "Common Stock Net": {"2020-10-31": "13.00000", "2020-07-31": "14.00000", "2020-04-30": "14.00000", "2020-01-31": "14.00000", "2019-10-31": "15.00000", "2019-07-31": "15.00000", "2019-04-30": "15.00000", "2019-01-31": "15.00000", "2018-10-31": "16.00000", "2018-07-31": "16.00000", "2018-04-30": "16.00000", "2018-01-31": "16.00000", "2017-10-31": "16.00000", "2017-07-31": "17.00000", "2017-04-30": "17.00000", "2017-01-31": "17.00000", "2016-10-31": "17.00000", "2016-07-31": "17.00000", "2016-04-30": "17.00000", "2016-01-31": "17.00000", "2015-10-31": "18.00000", "2015-07-31": "18.00000", "2015-04-30": "18.00000", "2015-01-31": "18.00000", "2014-10-31": "18.00000", "2014-07-31": "19.00000", "2014-04-30": "19.00000", "2014-01-31": "19.00000", "2013-10-31": "19.00000", "2013-07-31": "19.00000", "2013-04-30": "19.00000", "2013-01-31": "20.00000", "2012-10-31": "20.00000", "2012-07-31": "20.00000", "2012-04-30": "20.00000", "2012-01-31": "20.00000", "2011-10-31": "20.00000", "2011-07-31": "20.00000", "2011-04-30": "21.00000", "2011-01-31": "22.00000", "2010-10-31": "22.00000", "2010-07-31": "23.00000", "2010-04-30": "23.00000", "2010-01-31": "23.00000", "2009-10-31": "24.00000", "2009-07-31": "24.00000", "2009-04-30": "24.00000", "2009-01-31": "24.00000", "2008-10-31": "24.00000", "2008-07-31": "24.00000", "2008-04-30": "25.00000", "2008-01-31": "25.00000", "2007-10-31": "26.00000", "2007-07-31": "26.00000", "2007-04-30": "26.00000", "2007-01-31": "27.00000", "2006-10-31": "27.00000", "2006-07-31": "27.00000", "2006-04-30": "28.00000", "2006-01-31": "28.00000", "2005-10-31": "28.00000", "2005-07-31": "29.00000", "2005-04-30": "29.00000", "2005-01-31": "29.00000"}, "Retained Earnings (Accumulated Deficit)": {"2020-10-31": "-1961.00000", "2020-07-31": "-1353.00000", "2020-04-30": "-633.00000", "2020-01-31": "-1306.00000", "2019-10-31": "-818.00000", "2019-07-31": "-1068.00000", "2019-04-30": "-1325.00000", "2019-01-31": "-1431.00000", "2018-10-31": "-473.00000", "2018-07-31": "-1039.00000", "2018-04-30": "-1075.00000", "2018-01-31": "-1346.00000", "2017-10-31": "-2386.00000", "2017-07-31": "-2526.00000", "2017-04-30": "-2779.00000", "2017-01-31": "-3339.00000", "2016-10-31": "-3498.00000", "2016-07-31": "-3982.00000", "2016-04-30": "-1266.00000", "2016-01-31": "-5026.00000", "2015-10-31": "32089.00000", "2015-07-31": "30764.00000", "2015-04-30": "30565.00000", "2015-01-31": "29626.00000", "2014-10-31": "29164.00000", "2014-07-31": "27984.00000", "2014-04-30": "27658.00000", "2014-01-31": "26436.00000", "2013-10-31": "25563.00000", "2013-07-31": "24149.00000", "2013-04-30": "23319.00000", "2013-01-31": "22239.00000", "2012-10-31": "21521.00000", "2012-07-31": "28379.00000", "2012-04-30": "37758.00000", "2012-01-31": "36183.00000", "2011-10-31": "35266.00000", "2011-07-31": "35099.00000", "2011-04-30": "35152.00000", "2011-01-31": "34005.00000", "2010-10-31": "32695.00000", "2010-07-31": "31784.00000", "2010-04-30": "31631.00000", "2010-01-31": "30391.00000", "2009-10-31": "29936.00000", "2009-07-31": "28509.00000", "2009-04-30": "27594.00000", "2009-01-31": "26165.00000", "2008-10-31": "24971.00000", "2008-07-31": "23727.00000", "2008-04-30": "23049.00000", "2008-01-31": "22132.00000", "2007-10-31": "21560.00000", "2007-07-31": "20506.00000", "2007-04-30": "20629.00000", "2007-01-31": "20604.00000", "2006-10-31": "20729.00000", "2006-07-31": "19522.00000", "2006-04-30": "18793.00000", "2006-01-31": "17111.00000", "2005-10-31": "16679.00000", "2005-07-31": "16407.00000", "2005-04-30": "16950.00000", "2005-01-31": "16011.00000"}, "Comprehensive Income": {"2020-10-31": "-1243.00000", "2020-07-31": "-1605.00000", "2020-04-30": "-1050.00000", "2020-01-31": "-1208.00000", "2019-10-31": "-1225.00000", "2019-07-31": "-863.00000", "2019-04-30": "-900.00000", "2019-01-31": "-1087.00000", "2018-10-31": "-845.00000", "2018-07-31": "-1330.00000", "2018-04-30": "-1314.00000", "2018-01-31": "-1829.00000", "2017-10-31": "-1418.00000", "2017-07-31": "-2118.00000", "2017-04-30": "-1714.00000", "2017-01-31": "-1669.00000", "2016-10-31": "-1438.00000", "2016-07-31": "-947.00000", "2016-04-30": "-4504.00000", "2016-01-31": "-1122.00000", "2015-10-31": "-6302.00000", "2015-07-31": "-5848.00000", "2015-04-30": "-6002.00000", "2015-01-31": "-5675.00000", "2014-10-31": "-5881.00000", "2014-07-31": "-3610.00000", "2014-04-30": "-3829.00000", "2014-01-31": "-3667.00000", "2013-10-31": "-3778.00000", "2013-07-31": "-5433.00000", "2013-04-30": "-5522.00000", "2013-01-31": "-5672.00000", "2012-10-31": "-5559.00000", "2012-07-31": "-3276.00000", "2012-04-30": "-3066.00000", "2012-01-31": "-3507.00000", "2011-10-31": "-3498.00000", "2011-07-31": "-3274.00000", "2011-04-30": "-3592.00000", "2011-01-31": "-3698.00000", "2010-10-31": "-3837.00000", "2010-07-31": "-2940.00000", "2010-04-30": "-2756.00000", "2010-01-31": "-2944.00000", "2009-10-31": "-3247.00000", "2009-07-31": "-796.00000", "2009-04-30": "-926.00000", "2009-01-31": "-580.00000", "2008-10-31": "-65.00000", "2008-07-31": "596.00000", "2008-04-30": "583.00000", "2008-01-31": "614.00000", "2007-10-31": "559.00000", "2007-07-31": "79.00000", "2007-04-30": "-26.00000", "2007-01-31": "8.00000", "2006-10-31": "18.00000", "2006-07-31": "29.00000", "2006-04-30": "-28.00000", "2006-01-31": "-5.00000", "2005-10-31": "-21.00000", "2005-07-31": "-166.00000", "2005-04-30": "-175.00000", "2005-01-31": "-163.00000"}, "Other Share Holders Equity": {"2020-10-31": "", "2020-07-31": "", "2020-04-30": "", "2020-01-31": "", "2019-10-31": "", "2019-07-31": "", "2019-04-30": "", "2019-01-31": "", "2018-10-31": "", "2018-07-31": "", "2018-04-30": "", "2018-01-31": "", "2017-10-31": "", "2017-07-31": "", "2017-04-30": "", "2017-01-31": "", "2016-10-31": "", "2016-07-31": "", "2016-04-30": "", "2016-01-31": "", "2015-10-31": "", "2015-07-31": "", "2015-04-30": "", "2015-01-31": "", "2014-10-31": "", "2014-07-31": "", "2014-04-30": "", "2014-01-31": "", "2013-10-31": "", "2013-07-31": "", "2013-04-30": "", "2013-01-31": "", "2012-10-31": "", "2012-07-31": "", "2012-04-30": "", "2012-01-31": "", "2011-10-31": "", "2011-07-31": "", "2011-04-30": "", "2011-01-31": "", "2010-10-31": "", "2010-07-31": "", "2010-04-30": "", "2010-01-31": "", "2009-10-31": "", "2009-07-31": "", "2009-04-30": "", "2009-01-31": "", "2008-10-31": "", "2008-07-31": "", "2008-04-30": "", "2008-01-31": "", "2007-10-31": "", "2007-07-31": "", "2007-04-30": "", "2007-01-31": "-165.00000", "2006-10-31": "-596.00000", "2006-07-31": "-1060.00000", "2006-04-30": "-1490.00000", "2006-01-31": "-1722.00000", "2005-10-31": "", "2005-07-31": "", "2005-04-30": "", "2005-01-31": ""}, "Share Holder Equity": {"2020-10-31": "-2228.00000", "2020-07-31": "-1986.00000", "2020-04-30": "-743.00000", "2020-01-31": "-1634.00000", "2019-10-31": "-1193.00000", "2019-07-31": "-1131.00000", "2019-04-30": "-1487.00000", "2019-01-31": "-1837.00000", "2018-10-31": "-639.00000", "2018-07-31": "-1767.00000", "2018-04-30": "-1863.00000", "2018-01-31": "-2742.00000", "2017-10-31": "-3408.00000", "2017-07-31": "-4339.00000", "2017-04-30": "-3955.00000", "2017-01-31": "-4327.00000", "2016-10-31": "-3889.00000", "2016-07-31": "-3926.00000", "2016-04-30": "-4786.00000", "2016-01-31": "-4909.00000", "2015-10-31": "28151.00000", "2015-07-31": "27443.00000", "2015-04-30": "27169.00000", "2015-01-31": "26904.00000", "2014-10-31": "27127.00000", "2014-07-31": "28902.00000", "2014-04-30": "28582.00000", "2014-01-31": "28149.00000", "2013-10-31": "27656.00000", "2013-07-31": "24978.00000", "2013-04-30": "23932.00000", "2013-01-31": "23290.00000", "2012-10-31": "22833.00000", "2012-07-31": "32010.00000", "2012-04-30": "41697.00000", "2012-01-31": "39572.00000", "2011-10-31": "39004.00000", "2011-07-31": "39218.00000", "2011-04-30": "41795.00000", "2011-01-31": "41547.00000", "2010-10-31": "40781.00000", "2010-07-31": "42835.00000", "2010-04-30": "43812.00000", "2010-01-31": "41891.00000", "2009-10-31": "40764.00000", "2009-07-31": "41535.00000", "2009-04-30": "40542.00000", "2009-01-31": "39587.00000", "2008-10-31": "38942.00000", "2008-07-31": "38495.00000", "2008-04-30": "38153.00000", "2008-01-31": "37944.00000", "2007-10-31": "38526.00000", "2007-07-31": "36937.00000", "2007-04-30": "36486.00000", "2007-01-31": "38043.00000", "2006-10-31": "38144.00000", "2006-07-31": "36348.00000", "2006-04-30": "37054.00000", "2006-01-31": "35806.00000", "2005-10-31": "37176.00000", "2005-07-31": "37386.00000", "2005-04-30": "38173.00000", "2005-01-31": "37726.00000"}, "Total Liabilities And Share Holders Equity": {"2020-10-31": "34681.00000", "2020-07-31": "34244.00000", "2020-04-30": "33773.00000", "2020-01-31": "31656.00000", "2019-10-31": "33467.00000", "2019-07-31": "32405.00000", "2019-04-30": "31946.00000", "2019-01-31": "32490.00000", "2018-10-31": "34622.00000", "2018-07-31": "34254.00000", "2018-04-30": "32087.00000", "2018-01-31": "35245.00000", "2017-10-31": "32913.00000", "2017-07-31": "31934.00000", "2017-04-30": "28686.00000", "2017-01-31": "28192.00000", "2016-10-31": "28987.00000", "2016-07-31": "27224.00000", "2016-04-30": "25523.00000", "2016-01-31": "25517.00000", "2015-10-31": "106882.00000", "2015-07-31": "107033.00000", "2015-04-30": "101396.00000", "2015-01-31": "100861.00000", "2014-10-31": "103206.00000", "2014-07-31": "103170.00000", "2014-04-30": "103972.00000", "2014-01-31": "105025.00000", "2013-10-31": "105676.00000", "2013-07-31": "105800.00000", "2013-04-30": "106254.00000", "2013-01-31": "106701.00000", "2012-10-31": "108768.00000", "2012-07-31": "117556.00000", "2012-04-30": "127689.00000", "2012-01-31": "126596.00000", "2011-10-31": "129517.00000", "2011-07-31": "124917.00000", "2011-04-30": "125127.00000", "2011-01-31": "119933.00000", "2010-10-31": "124503.00000", "2010-07-31": "120017.00000", "2010-04-30": "115994.00000", "2010-01-31": "113618.00000", "2009-10-31": "114799.00000", "2009-07-31": "111072.00000", "2009-04-30": "108515.00000", "2009-01-31": "109634.00000", "2008-10-31": "113331.00000", "2008-07-31": "95894.00000", "2008-04-30": "91804.00000", "2008-01-31": "88572.00000", "2007-10-31": "88699.00000", "2007-07-31": "85141.00000", "2007-04-30": "83413.00000", "2007-01-31": "81314.00000", "2006-10-31": "81981.00000", "2006-07-31": "79192.00000", "2006-04-30": "77183.00000", "2006-01-31": "74413.00000", "2005-10-31": "77317.00000", "2005-07-31": "75416.00000", "2005-04-30": "76348.00000", "2005-01-31": "75143.00000"}}, "cash flow statement": {"Net Income/Loss": {"2020-10-31": "2844.00000", "2019-10-31": "3152.00000", "2018-10-31": "5327.00000", "2017-10-31": "2526.00000", "2016-10-31": "2496.00000", "2015-10-31": "4554.00000", "2014-10-31": "5013.00000", "2013-10-31": "5113.00000", "2012-10-31": "-12650.00000", "2011-10-31": "7074.00000", "2010-10-31": "8761.00000", "2009-10-31": "7660.00000", "2008-10-31": "8329.00000", "2007-10-31": "7264.00000", "2006-10-31": "6198.00000", "2005-10-31": "2398.00000"}, "Total Depreciation And Amortization - Cash Flow": {"2020-10-31": "789.00000", "2019-10-31": "744.00000", "2018-10-31": "528.00000", "2017-10-31": "354.00000", "2016-10-31": "332.00000", "2015-10-31": "4061.00000", "2014-10-31": "4334.00000", "2013-10-31": "4611.00000", "2012-10-31": "23130.00000", "2011-10-31": "5869.00000", "2010-10-31": "4820.00000", "2009-10-31": "4780.00000", "2008-10-31": "3401.00000", "2007-10-31": "2705.00000", "2006-10-31": "2353.00000", "2005-10-31": "2344.00000"}, "Other Non-Cash Items": {"2020-10-31": "1024.00000", "2019-10-31": "705.00000", "2018-10-31": "-3253.00000", "2017-10-31": "824.00000", "2016-10-31": "783.00000", "2015-10-31": "1026.00000", "2014-10-31": "2353.00000", "2013-10-31": "1414.00000", "2012-10-31": "2597.00000", "2011-10-31": "1631.00000", "2010-10-31": "2060.00000", "2009-10-31": "2058.00000", "2008-10-31": "1845.00000", "2007-10-31": "543.00000", "2006-10-31": "1434.00000", "2005-10-31": "1818.00000"}, "Total Non-Cash Items": {"2020-10-31": "1813.00000", "2019-10-31": "1449.00000", "2018-10-31": "-2725.00000", "2017-10-31": "1178.00000", "2016-10-31": "1115.00000", "2015-10-31": "5087.00000", "2014-10-31": "6687.00000", "2013-10-31": "6025.00000", "2012-10-31": "25727.00000", "2011-10-31": "7500.00000", "2010-10-31": "6880.00000", "2009-10-31": "6838.00000", "2008-10-31": "5246.00000", "2007-10-31": "3248.00000", "2006-10-31": "3787.00000", "2005-10-31": "4162.00000"}, "Change In Accounts Receivable": {"2020-10-31": "575.00000", "2019-10-31": "-761.00000", "2018-10-31": "-491.00000", "2017-10-31": "-453.00000", "2016-10-31": "565.00000", "2015-10-31": "572.00000", "2014-10-31": "2017.00000", "2013-10-31": "1014.00000", "2012-10-31": "1687.00000", "2011-10-31": "448.00000", "2010-10-31": "-2398.00000", "2009-10-31": "-549.00000", "2008-10-31": "-264.00000", "2007-10-31": "-2808.00000", "2006-10-31": "-882.00000", "2005-10-31": "666.00000"}, "Change In Inventories": {"2020-10-31": "-386.00000", "2019-10-31": "-68.00000", "2018-10-31": "-136.00000", "2017-10-31": "-1346.00000", "2016-10-31": "-291.00000", "2015-10-31": "-330.00000", "2014-10-31": "-580.00000", "2013-10-31": "-4.00000", "2012-10-31": "890.00000", "2011-10-31": "-1252.00000", "2010-10-31": "-270.00000", "2009-10-31": "1532.00000", "2008-10-31": "89.00000", "2007-10-31": "-633.00000", "2006-10-31": "-1109.00000", "2005-10-31": "-208.00000"}, "Change In Accounts Payable": {"2020-10-31": "-35.00000", "2019-10-31": "-53.00000", "2018-10-31": "1429.00000", "2017-10-31": "2161.00000", "2016-10-31": "928.00000", "2015-10-31": "31.00000", "2014-10-31": "1912.00000", "2013-10-31": "541.00000", "2012-10-31": "-1414.00000", "2011-10-31": "275.00000", "2010-10-31": "-698.00000", "2009-10-31": "-153.00000", "2008-10-31": "1749.00000", "2007-10-31": "-346.00000", "2006-10-31": "1879.00000", "2005-10-31": "846.00000"}, "Change In Assets/Liabilities": {"2020-10-31": "-673.00000", "2019-10-31": "1532.00000", "2018-10-31": "416.00000", "2017-10-31": "-596.00000", "2016-10-31": "-1635.00000", "2015-10-31": "-4177.00000", "2014-10-31": "-3107.00000", "2013-10-31": "-1941.00000", "2012-10-31": "-3614.00000", "2011-10-31": "-1970.00000", "2010-10-31": "-1245.00000", "2009-10-31": "-2704.00000", "2008-10-31": "-732.00000", "2007-10-31": "1997.00000", "2006-10-31": "1975.00000", "2005-10-31": "-502.00000"}, "Total Change In Assets/Liabilities": {"2020-10-31": "-666.00000", "2019-10-31": "-201.00000", "2018-10-31": "1607.00000", "2017-10-31": "-161.00000", "2016-10-31": "-327.00000", "2015-10-31": "-4041.00000", "2014-10-31": "552.00000", "2013-10-31": "27.00000", "2012-10-31": "-2771.00000", "2011-10-31": "-1889.00000", "2010-10-31": "-3888.00000", "2009-10-31": "-1141.00000", "2008-10-31": "1077.00000", "2007-10-31": "-759.00000", "2006-10-31": "1350.00000", "2005-10-31": "1550.00000"}, "Cash Flow From Operating Activities": {"2020-10-31": "4316.00000", "2019-10-31": "4654.00000", "2018-10-31": "4528.00000", "2017-10-31": "3677.00000", "2016-10-31": "3252.00000", "2015-10-31": "7026.00000", "2014-10-31": "12333.00000", "2013-10-31": "11608.00000", "2012-10-31": "10571.00000", "2011-10-31": "12639.00000", "2010-10-31": "11922.00000", "2009-10-31": "13379.00000", "2008-10-31": "14591.00000", "2007-10-31": "9615.00000", "2006-10-31": "11353.00000", "2005-10-31": "8028.00000"}, "Net Change In Property, Plant, And Equipment": {"2020-10-31": "-577.00000", "2019-10-31": "-671.00000", "2018-10-31": "-374.00000", "2017-10-31": "-333.00000", "2016-10-31": "-427.00000", "2015-10-31": "-3179.00000", "2014-10-31": "-3010.00000", "2013-10-31": "-2546.00000", "2012-10-31": "-3089.00000", "2011-10-31": "-3540.00000", "2010-10-31": "-3531.00000", "2009-10-31": "-3200.00000", "2008-10-31": "-2565.00000", "2007-10-31": "-2472.00000", "2006-10-31": "-1980.00000", "2005-10-31": "-1453.00000"}, "Net Change In Intangible Assets": {"2020-10-31": "", "2019-10-31": "", "2018-10-31": "", "2017-10-31": "", "2016-10-31": "", "2015-10-31": "", "2014-10-31": "", "2013-10-31": "", "2012-10-31": "", "2011-10-31": "", "2010-10-31": "", "2009-10-31": "", "2008-10-31": "", "2007-10-31": "", "2006-10-31": "", "2005-10-31": ""}, "Net Acquisitions/Divestitures": {"2020-10-31": "", "2019-10-31": "-458.00000", "2018-10-31": "-1036.00000", "2017-10-31": "", "2016-10-31": "468.00000", "2015-10-31": "-2398.00000", "2014-10-31": "-43.00000", "2013-10-31": "-167.00000", "2012-10-31": "-54.00000", "2011-10-31": "-10391.00000", "2010-10-31": "-7977.00000", "2009-10-31": "-391.00000", "2008-10-31": "-11248.00000", "2007-10-31": "-6793.00000", "2006-10-31": "-855.00000", "2005-10-31": "-641.00000"}, "Net Change In Short-term Investments": {"2020-10-31": "417.00000", "2019-10-31": "771.00000", "2018-10-31": "847.00000", "2017-10-31": "231.00000", "2016-10-31": "133.00000", "2015-10-31": "302.00000", "2014-10-31": "1347.00000", "2013-10-31": "", "2012-10-31": "662.00000", "2011-10-31": "68.00000", "2010-10-31": "200.00000", "2009-10-31": "171.00000", "2008-10-31": "280.00000", "2007-10-31": "425.00000", "2006-10-31": "94.00000", "2005-10-31": "2066.00000"}, "Net Change In Long-Term Investments": {"2020-10-31": "-693.00000", "2019-10-31": "-80.00000", "2018-10-31": "-367.00000", "2017-10-31": "-1400.00000", "2016-10-31": "-126.00000", "2015-10-31": "-259.00000", "2014-10-31": "-1086.00000", "2013-10-31": "-90.00000", "2012-10-31": "-972.00000", "2011-10-31": "-96.00000", "2010-10-31": "-51.00000", "2009-10-31": "-160.00000", "2008-10-31": "-178.00000", "2007-10-31": "-283.00000", "2006-10-31": "-46.00000", "2005-10-31": "-1729.00000"}, "Net Change In Investments - Total": {"2020-10-31": "-276.00000", "2019-10-31": "691.00000", "2018-10-31": "480.00000", "2017-10-31": "-1169.00000", "2016-10-31": "7.00000", "2015-10-31": "43.00000", "2014-10-31": "261.00000", "2013-10-31": "-90.00000", "2012-10-31": "-310.00000", "2011-10-31": "-28.00000", "2010-10-31": "149.00000", "2009-10-31": "11.00000", "2008-10-31": "102.00000", "2007-10-31": "142.00000", "2006-10-31": "48.00000", "2005-10-31": "337.00000"}, "Investing Activities - Other": {"2020-10-31": "-163.00000", "2019-10-31": "", "2018-10-31": "214.00000", "2017-10-31": "-215.00000", "2016-10-31": "", "2015-10-31": "", "2014-10-31": "", "2013-10-31": "", "2012-10-31": "", "2011-10-31": "", "2010-10-31": "", "2009-10-31": "", "2008-10-31": "", "2007-10-31": "", "2006-10-31": "", "2005-10-31": ""}, "Cash Flow From Investing Activities": {"2020-10-31": "-1016.00000", "2019-10-31": "-438.00000", "2018-10-31": "-716.00000", "2017-10-31": "-1717.00000", "2016-10-31": "48.00000", "2015-10-31": "-5534.00000", "2014-10-31": "-2792.00000", "2013-10-31": "-2803.00000", "2012-10-31": "-3453.00000", "2011-10-31": "-13959.00000", "2010-10-31": "-11359.00000", "2009-10-31": "-3580.00000", "2008-10-31": "-13711.00000", "2007-10-31": "-9123.00000", "2006-10-31": "-2787.00000", "2005-10-31": "-1757.00000"}, "Net Long-Term Debt": {"2020-10-31": "1232.00000", "2019-10-31": "-553.00000", "2018-10-31": "-2098.00000", "2017-10-31": "-79.00000", "2016-10-31": "-2184.00000", "2015-10-31": "5164.00000", "2014-10-31": "-3162.00000", "2013-10-31": "-5442.00000", "2012-10-31": "821.00000", "2011-10-31": "9606.00000", "2010-10-31": "1833.00000", "2009-10-31": "4090.00000", "2008-10-31": "1278.00000", "2007-10-31": "687.00000", "2006-10-31": "-138.00000", "2005-10-31": "-1743.00000"}, "Net Current Debt": {"2020-10-31": "27.00000", "2019-10-31": "-856.00000", "2018-10-31": "-141.00000", "2017-10-31": "1086.00000", "2016-10-31": "97.00000", "2015-10-31": "-199.00000", "2014-10-31": "148.00000", "2013-10-31": "-154.00000", "2012-10-31": "-2775.00000", "2011-10-31": "-1270.00000", "2010-10-31": "4156.00000", "2009-10-31": "-6856.00000", "2008-10-31": "5015.00000", "2007-10-31": "1863.00000", "2006-10-31": "-55.00000", "2005-10-31": "-1.00000"}, "Debt Issuance/Retirement Net - Total": {"2020-10-31": "1259.00000", "2019-10-31": "-1409.00000", "2018-10-31": "-2239.00000", "2017-10-31": "1007.00000", "2016-10-31": "-2087.00000", "2015-10-31": "4965.00000", "2014-10-31": "-3014.00000", "2013-10-31": "-5596.00000", "2012-10-31": "-1954.00000", "2011-10-31": "8336.00000", "2010-10-31": "5989.00000", "2009-10-31": "-2766.00000", "2008-10-31": "6293.00000", "2007-10-31": "2550.00000", "2006-10-31": "-193.00000", "2005-10-31": "-1744.00000"}, "Net Common Equity Issued/Repurchased": {"2020-10-31": "-3107.00000", "2019-10-31": "-2405.00000", "2018-10-31": "-2557.00000", "2017-10-31": "-1412.00000", "2016-10-31": "-1161.00000", "2015-10-31": "-2883.00000", "2014-10-31": "-2431.00000", "2013-10-31": "-1244.00000", "2012-10-31": "-903.00000", "2011-10-31": "-9221.00000", "2010-10-31": "-8425.00000", "2009-10-31": "-3303.00000", "2008-10-31": "-7810.00000", "2007-10-31": "-7784.00000", "2006-10-31": "-5241.00000", "2005-10-31": "-2353.00000"}, "Net Total Equity Issued/Repurchased": {"2020-10-31": "-3107.00000", "2019-10-31": "-2405.00000", "2018-10-31": "-2557.00000", "2017-10-31": "-1412.00000", "2016-10-31": "-1161.00000", "2015-10-31": "-2883.00000", "2014-10-31": "-2431.00000", "2013-10-31": "-1244.00000", "2012-10-31": "-903.00000", "2011-10-31": "-9221.00000", "2010-10-31": "-8425.00000", "2009-10-31": "-3303.00000", "2008-10-31": "-7810.00000", "2007-10-31": "-7784.00000", "2006-10-31": "-5241.00000", "2005-10-31": "-2353.00000"}, "Total Common And Preferred Stock Dividends Paid": {"2020-10-31": "-997.00000", "2019-10-31": "-970.00000", "2018-10-31": "-899.00000", "2017-10-31": "-894.00000", "2016-10-31": "-858.00000", "2015-10-31": "-1250.00000", "2014-10-31": "-1184.00000", "2013-10-31": "-1105.00000", "2012-10-31": "-1015.00000", "2011-10-31": "-844.00000", "2010-10-31": "-771.00000", "2009-10-31": "-766.00000", "2008-10-31": "-796.00000", "2007-10-31": "-846.00000", "2006-10-31": "-894.00000", "2005-10-31": "-926.00000"}, "Financial Activities - Other": {"2020-10-31": "-128.00000", "2019-10-31": "-61.00000", "2018-10-31": "52.00000", "2017-10-31": "48.00000", "2016-10-31": "-10339.00000", "2015-10-31": "-24.00000", "2014-10-31": "58.00000", "2013-10-31": "2.00000", "2012-10-31": "12.00000", "2011-10-31": "163.00000", "2010-10-31": "294.00000", "2009-10-31": "162.00000", "2008-10-31": "293.00000", "2007-10-31": "481.00000", "2006-10-31": "251.00000", "2005-10-31": ""}, "Cash Flow From Financial Activities": {"2020-10-31": "-2973.00000", "2019-10-31": "-4845.00000", "2018-10-31": "-5643.00000", "2017-10-31": "-1251.00000", "2016-10-31": "-14445.00000", "2015-10-31": "808.00000", "2014-10-31": "-6571.00000", "2013-10-31": "-7943.00000", "2012-10-31": "-3860.00000", "2011-10-31": "-1566.00000", "2010-10-31": "-2913.00000", "2009-10-31": "-6673.00000", "2008-10-31": "-2020.00000", "2007-10-31": "-5599.00000", "2006-10-31": "-6077.00000", "2005-10-31": "-5023.00000"}, "Net Cash Flow": {"2020-10-31": "327.00000", "2019-10-31": "-629.00000", "2018-10-31": "-1831.00000", "2017-10-31": "709.00000", "2016-10-31": "-11145.00000", "2015-10-31": "2300.00000", "2014-10-31": "2970.00000", "2013-10-31": "862.00000", "2012-10-31": "3258.00000", "2011-10-31": "-2886.00000", "2010-10-31": "-2350.00000", "2009-10-31": "3126.00000", "2008-10-31": "-1140.00000", "2007-10-31": "-5107.00000", "2006-10-31": "2489.00000", "2005-10-31": "1248.00000"}, "Stock-Based Compensation": {"2020-10-31": "278.00000", "2019-10-31": "297.00000", "2018-10-31": "268.00000", "2017-10-31": "224.00000", "2016-10-31": "182.00000", "2015-10-31": "709.00000", "2014-10-31": "560.00000", "2013-10-31": "500.00000", "2012-10-31": "635.00000", "2011-10-31": "685.00000", "2010-10-31": "668.00000", "2009-10-31": "635.00000", "2008-10-31": "606.00000", "2007-10-31": "629.00000", "2006-10-31": "536.00000", "2005-10-31": "104.00000"}, "Common Stock Dividends Paid": {"2020-10-31": "-997.00000", "2019-10-31": "-970.00000", "2018-10-31": "-899.00000", "2017-10-31": "-894.00000", "2016-10-31": "-858.00000", "2015-10-31": "-1250.00000", "2014-10-31": "-1184.00000", "2013-10-31": "-1105.00000", "2012-10-31": "-1015.00000", "2011-10-31": "-844.00000", "2010-10-31": "-771.00000", "2009-10-31": "-766.00000", "2008-10-31": "-796.00000", "2007-10-31": "-846.00000", "2006-10-31": "-894.00000", "2005-10-31": "-926.00000"}}, "cash flow statement, quarterly": {"Net Income/Loss": {"2020-10-31": 668, "2020-07-31": 734, "2020-04-30": 764, "2020-01-31": "678.00000", "2019-10-31": 388, "2019-07-31": 1179, "2019-04-30": 782, "2019-01-31": "803.00000", "2018-10-31": 1451, "2018-07-31": 880, "2018-04-30": 1058, "2018-01-31": "1938.00000", "2017-10-31": 660, "2017-07-31": 696, "2017-04-30": 559, "2017-01-31": "611.00000", "2016-10-31": 492, "2016-07-31": 783, "2016-04-30": 629, "2016-01-31": "592.00000", "2015-10-31": 1323, "2015-07-31": 854, "2015-04-30": 1011, "2015-01-31": "1366.00000", "2014-10-31": 1330, "2014-07-31": 985, "2014-04-30": 1273, "2014-01-31": "1425.00000", "2013-10-31": 1414, "2013-07-31": 1390, "2013-04-30": 1077, "2013-01-31": "1232.00000", "2012-10-31": -6854, "2012-07-31": -8857, "2012-04-30": 1593, "2012-01-31": "1468.00000", "2011-10-31": 239, "2011-07-31": 1926, "2011-04-30": 2304, "2011-01-31": "2605.00000", "2010-10-31": 2538, "2010-07-31": 1773, "2010-04-30": 2200, "2010-01-31": "2250.00000", "2009-10-31": 2412, "2009-07-31": 1671, "2009-04-30": 1721, "2009-01-31": "1856.00000", "2008-10-31": 2112, "2008-07-31": 2027, "2008-04-30": 2057, "2008-01-31": "2133.00000", "2007-10-31": 2164, "2007-07-31": 1778, "2007-04-30": 1775, "2007-01-31": "1547.00000", "2006-10-31": 1697, "2006-07-31": 1375, "2006-04-30": 1899, "2006-01-31": "1227.00000", "2005-10-31": 416, "2005-07-31": 73, "2005-04-30": 966, "2005-01-31": "943.00000"}, "Total Depreciation And Amortization - Cash Flow": {"2020-10-31": 196, "2020-07-31": 197, "2020-04-30": 198, "2020-01-31": "198.00000", "2019-10-31": 205, "2019-07-31": 190, "2019-04-30": 181, "2019-01-31": "168.00000", "2018-10-31": 140, "2018-07-31": 132, "2018-04-30": 127, "2018-01-31": "129.00000", "2017-10-31": 91, "2017-07-31": 90, "2017-04-30": 89, "2017-01-31": "84.00000", "2016-10-31": 83, "2016-07-31": 85, "2016-04-30": 85, "2016-01-31": "79.00000", "2015-10-31": 1007, "2015-07-31": 1023, "2015-04-30": 1003, "2015-01-31": "1028.00000", "2014-10-31": 1075, "2014-07-31": 1055, "2014-04-30": 1087, "2014-01-31": "1117.00000", "2013-10-31": 1120, "2013-07-31": 1158, "2013-04-30": 1170, "2013-01-31": "1163.00000", "2012-10-31": 10048, "2012-07-31": 10494, "2012-04-30": 1285, "2012-01-31": "1303.00000", "2011-10-31": 2147, "2011-07-31": 1225, "2011-04-30": 1242, "2011-01-31": "1255.00000", "2010-10-31": 1264, "2010-07-31": 1210, "2010-04-30": 1184, "2010-01-31": "1162.00000", "2009-10-31": 1234, "2009-07-31": 1179, "2009-04-30": 1153, "2009-01-31": "1214.00000", "2008-10-31": 1133, "2008-07-31": 759, "2008-04-30": 760, "2008-01-31": "749.00000", "2007-10-31": 699, "2007-07-31": 685, "2007-04-30": 678, "2007-01-31": "643.00000", "2006-10-31": 596, "2006-07-31": 598, "2006-04-30": 596, "2006-01-31": "563.00000", "2005-10-31": 545, "2005-07-31": 588, "2005-04-30": 599, "2005-01-31": "612.00000"}, "Other Non-Cash Items": {"2020-10-31": 226, "2020-07-31": 140, "2020-04-30": 141, "2020-01-31": "517.00000", "2019-10-31": 6, "2019-07-31": 284, "2019-04-30": 150, "2019-01-31": "265.00000", "2018-10-31": -381, "2018-07-31": 208, "2018-04-30": 517, "2018-01-31": "-3597.00000", "2017-10-31": -6, "2017-07-31": 299, "2017-04-30": 326, "2017-01-31": "205.00000", "2016-10-31": -486, "2016-07-31": 448, "2016-04-30": 169, "2016-01-31": "652.00000", "2015-10-31": -915, "2015-07-31": 1178, "2015-04-30": 650, "2015-01-31": "113.00000", "2014-10-31": 880, "2014-07-31": 818, "2014-04-30": 332, "2014-01-31": "323.00000", "2013-10-31": -409, "2013-07-31": 305, "2013-04-30": 580, "2013-01-31": "938.00000", "2012-10-31": 663, "2012-07-31": 1517, "2012-04-30": 271, "2012-01-31": "146.00000", "2011-10-31": -162, "2011-07-31": 567, "2011-04-30": 234, "2011-01-31": "992.00000", "2010-10-31": 829, "2010-07-31": 895, "2010-04-30": 252, "2010-01-31": "84.00000", "2009-10-31": 282, "2009-07-31": 807, "2009-04-30": 565, "2009-01-31": "404.00000", "2008-10-31": 118, "2008-07-31": 383, "2008-04-30": 826, "2008-01-31": "518.00000", "2007-10-31": -197, "2007-07-31": 113, "2007-04-30": 279, "2007-01-31": "348.00000", "2006-10-31": 598, "2006-07-31": 247, "2006-04-30": 286, "2006-01-31": "303.00000", "2005-10-31": 1531, "2005-07-31": -97, "2005-04-30": 25, "2005-01-31": "359.00000"}, "Total Non-Cash Items": {"2020-10-31": 422, "2020-07-31": 337, "2020-04-30": 339, "2020-01-31": "715.00000", "2019-10-31": 211, "2019-07-31": 474, "2019-04-30": 331, "2019-01-31": "433.00000", "2018-10-31": -241, "2018-07-31": 340, "2018-04-30": 644, "2018-01-31": "-3468.00000", "2017-10-31": 85, "2017-07-31": 389, "2017-04-30": 415, "2017-01-31": "289.00000", "2016-10-31": -403, "2016-07-31": 533, "2016-04-30": 254, "2016-01-31": "731.00000", "2015-10-31": 92, "2015-07-31": 2201, "2015-04-30": 1653, "2015-01-31": "1141.00000", "2014-10-31": 1955, "2014-07-31": 1873, "2014-04-30": 1419, "2014-01-31": "1440.00000", "2013-10-31": 711, "2013-07-31": 1463, "2013-04-30": 1750, "2013-01-31": "2101.00000", "2012-10-31": 10711, "2012-07-31": 12011, "2012-04-30": 1556, "2012-01-31": "1449.00000", "2011-10-31": 1985, "2011-07-31": 1792, "2011-04-30": 1476, "2011-01-31": "2247.00000", "2010-10-31": 2093, "2010-07-31": 2105, "2010-04-30": 1436, "2010-01-31": "1246.00000", "2009-10-31": 1516, "2009-07-31": 1986, "2009-04-30": 1718, "2009-01-31": "1618.00000", "2008-10-31": 1251, "2008-07-31": 1142, "2008-04-30": 1586, "2008-01-31": "1267.00000", "2007-10-31": 502, "2007-07-31": 798, "2007-04-30": 957, "2007-01-31": "991.00000", "2006-10-31": 1194, "2006-07-31": 845, "2006-04-30": 882, "2006-01-31": "866.00000", "2005-10-31": 2076, "2005-07-31": 491, "2005-04-30": 624, "2005-01-31": "971.00000"}, "Change In Accounts Receivable": {"2020-10-31": -124, "2020-07-31": -157, "2020-04-30": -311, "2020-01-31": "1167.00000", "2019-10-31": -739, "2019-07-31": 81, "2019-04-30": -314, "2019-01-31": "211.00000", "2018-10-31": -514, "2018-07-31": -15, "2018-04-30": -234, "2018-01-31": "272.00000", "2017-10-31": -238, "2017-07-31": -504, "2017-04-30": -325, "2017-01-31": "614.00000", "2016-10-31": -163, "2016-07-31": -166, "2016-04-30": 190, "2016-01-31": "704.00000", "2015-10-31": -627, "2015-07-31": -295, "2015-04-30": -46, "2015-01-31": "1540.00000", "2014-10-31": 355, "2014-07-31": 72, "2014-04-30": -801, "2014-01-31": "2391.00000", "2013-10-31": -1058, "2013-07-31": 273, "2013-04-30": -349, "2013-01-31": "2148.00000", "2012-10-31": -748, "2012-07-31": 956, "2012-04-30": -832, "2012-01-31": "2311.00000", "2011-10-31": 668, "2011-07-31": 388, "2011-04-30": -2360, "2011-01-31": "1752.00000", "2010-10-31": -3243, "2010-07-31": -864, "2010-04-30": -166, "2010-01-31": "1875.00000", "2009-10-31": -2184, "2009-07-31": -141, "2009-04-30": -4, "2009-01-31": "1780.00000", "2008-10-31": 173, "2008-07-31": -239, "2008-04-30": -1205, "2008-01-31": "1007.00000", "2007-10-31": -1843, "2007-07-31": -310, "2007-04-30": -1203, "2007-01-31": "548.00000", "2006-10-31": -1246, "2006-07-31": 226, "2006-04-30": -1055, "2006-01-31": "1193.00000", "2005-10-31": -1129, "2005-07-31": 635, "2005-04-30": -438, "2005-01-31": "1598.00000"}, "Change In Inventories": {"2020-10-31": -139, "2020-07-31": 398, "2020-04-30": -1406, "2020-01-31": "761.00000", "2019-10-31": -44, "2019-07-31": -386, "2019-04-30": 171, "2019-01-31": "191.00000", "2018-10-31": -15, "2018-07-31": -571, "2018-04-30": 86, "2018-01-31": "364.00000", "2017-10-31": -615, "2017-07-31": -459, "2017-04-30": -203, "2017-01-31": "-69.00000", "2016-10-31": -542, "2016-07-31": -471, "2016-04-30": 520, "2016-01-31": "202.00000", "2015-10-31": 137, "2015-07-31": -520, "2015-04-30": 277, "2015-01-31": "-224.00000", "2014-10-31": -211, "2014-07-31": -476, "2014-04-30": 126, "2014-01-31": "-19.00000", "2013-10-31": 441, "2013-07-31": -585, "2013-04-30": 289, "2013-01-31": "-149.00000", "2012-10-31": 892, "2012-07-31": -91, "2012-04-30": -91, "2012-01-31": "180.00000", "2011-10-31": -113, "2011-07-31": -724, "2011-04-30": -82, "2011-01-31": "-333.00000", "2010-10-31": 711, "2010-07-31": -791, "2010-04-30": 353, "2010-01-31": "-543.00000", "2009-10-31": -311, "2009-07-31": -144, "2009-04-30": 1831, "2009-01-31": "156.00000", "2008-10-31": 344, "2008-07-31": -541, "2008-04-30": 232, "2008-01-31": "54.00000", "2007-10-31": -130, "2007-07-31": -800, "2007-04-30": 995, "2007-01-31": "-698.00000", "2006-10-31": -381, "2006-07-31": -732, "2006-04-30": -85, "2006-01-31": "89.00000", "2005-10-31": -383, "2005-07-31": -279, "2005-04-30": 608, "2005-01-31": "-154.00000"}, "Change In Accounts Payable": {"2020-10-31": 398, "2020-07-31": 85, "2020-04-30": 1401, "2020-01-31": "-1919.00000", "2019-10-31": 85, "2019-07-31": 825, "2019-04-30": -779, "2019-01-31": "-184.00000", "2018-10-31": 519, "2018-07-31": 1187, "2018-04-30": 201, "2018-01-31": "-478.00000", "2017-10-31": 423, "2017-07-31": 1712, "2017-04-30": 142, "2017-01-31": "-116.00000", "2016-10-31": 690, "2016-07-31": 1301, "2016-04-30": 41, "2016-01-31": "-1104.00000", "2015-10-31": 389, "2015-07-31": 534, "2015-04-30": -40, "2015-01-31": "-852.00000", "2014-10-31": 716, "2014-07-31": 1596, "2014-04-30": 765, "2014-01-31": "-1165.00000", "2013-10-31": 611, "2013-07-31": 980, "2013-04-30": 640, "2013-01-31": "-1690.00000", "2012-10-31": 782, "2012-07-31": -345, "2012-04-30": 525, "2012-01-31": "-2376.00000", "2011-10-31": 153, "2011-07-31": 265, "2011-04-30": 769, "2011-01-31": "-912.00000", "2010-10-31": -570, "2010-07-31": 1420, "2010-04-30": -280, "2010-01-31": "-1268.00000", "2009-10-31": 2075, "2009-07-31": 1278, "2009-04-30": -417, "2009-01-31": "-3089.00000", "2008-10-31": -422, "2008-07-31": 1617, "2008-04-30": 1213, "2008-01-31": "-659.00000", "2007-10-31": 100, "2007-07-31": 168, "2007-04-30": 145, "2007-01-31": "-759.00000", "2006-10-31": 1407, "2006-07-31": 618, "2006-04-30": 1145, "2006-01-31": "-1291.00000", "2005-10-31": 1153, "2005-07-31": 487, "2005-04-30": 349, "2005-01-31": "-1143.00000"}, "Change In Assets/Liabilities": {"2020-10-31": 514, "2020-07-31": 231, "2020-04-30": -1274, "2020-01-31": "-144.00000", "2019-10-31": 337, "2019-07-31": 1230, "2019-04-30": 563, "2019-01-31": "-598.00000", "2018-10-31": 95, "2018-07-31": -209, "2018-04-30": 638, "2018-01-31": "-108.00000", "2017-10-31": -18, "2017-07-31": -39, "2017-04-30": -33, "2017-01-31": "-506.00000", "2016-10-31": -611, "2016-07-31": -293, "2016-04-30": -53, "2016-01-31": "-678.00000", "2015-10-31": 142, "2015-07-31": -319, "2015-04-30": -1342, "2015-01-31": "-2658.00000", "2014-10-31": -1478, "2014-07-31": -593, "2014-04-30": 183, "2014-01-31": "-1219.00000", "2013-10-31": -340, "2013-07-31": -870, "2013-04-30": 93, "2013-01-31": "-824.00000", "2012-10-31": -379, "2012-07-31": -932, "2012-04-30": -432, "2012-01-31": "-1871.00000", "2011-10-31": -1047, "2011-07-31": -535, "2011-04-30": 1555, "2011-01-31": "-1943.00000", "2010-10-31": 1564, "2010-07-31": -329, "2010-04-30": -761, "2010-01-31": "-1719.00000", "2009-10-31": 43, "2009-07-31": -702, "2009-04-30": -584, "2009-01-31": "-1461.00000", "2008-10-31": -650, "2008-07-31": -742, "2008-04-30": 1189, "2008-01-31": "-529.00000", "2007-10-31": 1980, "2007-07-31": 283, "2007-04-30": 1503, "2007-01-31": "-1769.00000", "2006-10-31": 618, "2006-07-31": 334, "2006-04-30": 1266, "2006-01-31": "-243.00000", "2005-10-31": -173, "2005-07-31": -351, "2005-04-30": 396, "2005-01-31": "-374.00000"}, "Total Change In Assets/Liabilities": {"2020-10-31": 740, "2020-07-31": 468, "2020-04-30": -1712, "2020-01-31": "-162.00000", "2019-10-31": -89, "2019-07-31": 627, "2019-04-30": -370, "2019-01-31": "-369.00000", "2018-10-31": -327, "2018-07-31": 258, "2018-04-30": -837, "2018-01-31": "2513.00000", "2017-10-31": -130, "2017-07-31": 642, "2017-04-30": -521, "2017-01-31": "-152.00000", "2016-10-31": 357, "2016-07-31": -1, "2016-04-30": 727, "2016-01-31": "-1410.00000", "2015-10-31": 979, "2015-07-31": -1760, "2015-04-30": -1359, "2015-01-31": "-1901.00000", "2014-10-31": -600, "2014-07-31": 738, "2014-04-30": 256, "2014-01-31": "158.00000", "2013-10-31": 591, "2013-07-31": -296, "2013-04-30": 670, "2013-01-31": "-938.00000", "2012-10-31": 267, "2012-07-31": -398, "2012-04-30": -872, "2012-01-31": "-1768.00000", "2011-10-31": 20, "2011-07-31": -448, "2011-04-30": 217, "2011-01-31": "-1678.00000", "2010-10-31": -1456, "2010-07-31": -649, "2010-04-30": -607, "2010-01-31": "-1176.00000", "2009-10-31": -470, "2009-07-31": 213, "2009-04-30": 1467, "2009-01-31": "-2351.00000", "2008-10-31": -51, "2008-07-31": 196, "2008-04-30": 1151, "2008-01-31": "-219.00000", "2007-10-31": 957, "2007-07-31": -629, "2007-04-30": 1460, "2007-01-31": "-2547.00000", "2006-10-31": 364, "2006-07-31": 485, "2006-04-30": 825, "2006-01-31": "-324.00000", "2005-10-31": -662, "2005-07-31": 1729, "2005-04-30": 837, "2005-01-31": "-354.00000"}, "Cash Flow From Operating Activities": {"2020-10-31": 1874, "2020-07-31": 1667, "2020-04-30": -510, "2020-01-31": "1285.00000", "2019-10-31": 588, "2019-07-31": 2343, "2019-04-30": 861, "2019-01-31": "862.00000", "2018-10-31": 968, "2018-07-31": 1514, "2018-04-30": 1050, "2018-01-31": "996.00000", "2017-10-31": 680, "2017-07-31": 1775, "2017-04-30": 455, "2017-01-31": "767.00000", "2016-10-31": 704, "2016-07-31": 1071, "2016-04-30": 1579, "2016-01-31": "-102.00000", "2015-10-31": 3145, "2015-07-31": 1673, "2015-04-30": 1464, "2015-01-31": "744.00000", "2014-10-31": 2701, "2014-07-31": 3647, "2014-04-30": 2995, "2014-01-31": "2990.00000", "2013-10-31": 2816, "2013-07-31": 2674, "2013-04-30": 3556, "2013-01-31": "2562.00000", "2012-10-31": 4059, "2012-07-31": 2846, "2012-04-30": 2473, "2012-01-31": "1193.00000", "2011-10-31": 2400, "2011-07-31": 3207, "2011-04-30": 3962, "2011-01-31": "3070.00000", "2010-10-31": 3151, "2010-07-31": 3273, "2010-04-30": 3091, "2010-01-31": "2407.00000", "2009-10-31": 3433, "2009-07-31": 3856, "2009-04-30": 4964, "2009-01-31": "1126.00000", "2008-10-31": 3276, "2008-07-31": 3363, "2008-04-30": 4765, "2008-01-31": "3187.00000", "2007-10-31": 3609, "2007-07-31": 1867, "2007-04-30": 4161, "2007-01-31": "-22.00000", "2006-10-31": 3244, "2006-07-31": 2629, "2006-04-30": 3634, "2006-01-31": "1846.00000", "2005-10-31": 1886, "2005-07-31": 2210, "2005-04-30": 2374, "2005-01-31": "1558.00000"}, "Net Change In Property, Plant, And Equipment": {"2020-10-31": -116, "2020-07-31": -117, "2020-04-30": -146, "2020-01-31": "-198.00000", "2019-10-31": -196, "2019-07-31": -172, "2019-04-30": -114, "2019-01-31": "-189.00000", "2018-10-31": -125, "2018-07-31": -117, "2018-04-30": -113, "2018-01-31": "-19.00000", "2017-10-31": -165, "2017-07-31": -61, "2017-04-30": -75, "2017-01-31": "-32.00000", "2016-10-31": -140, "2016-07-31": -81, "2016-04-30": -86, "2016-01-31": "-120.00000", "2015-10-31": -847, "2015-07-31": -817, "2015-04-30": -698, "2015-01-31": "-817.00000", "2014-10-31": -815, "2014-07-31": -928, "2014-04-30": -720, "2014-01-31": "-547.00000", "2013-10-31": -773, "2013-07-31": -647, "2013-04-30": -620, "2013-01-31": "-506.00000", "2012-10-31": -577, "2012-07-31": -773, "2012-04-30": -952, "2012-01-31": "-787.00000", "2011-10-31": -1168, "2011-07-31": -979, "2011-04-30": -1010, "2011-01-31": "-383.00000", "2010-10-31": -983, "2010-07-31": -1045, "2010-04-30": -794, "2010-01-31": "-709.00000", "2009-10-31": -852, "2009-07-31": -940, "2009-04-30": -744, "2009-01-31": "-664.00000", "2008-10-31": -870, "2008-07-31": -573, "2008-04-30": -599, "2008-01-31": "-523.00000", "2007-10-31": -748, "2007-07-31": -548, "2007-04-30": -597, "2007-01-31": "-579.00000", "2006-10-31": -868, "2006-07-31": -389, "2006-04-30": -401, "2006-01-31": "-322.00000", "2005-10-31": -446, "2005-07-31": -208, "2005-04-30": -380, "2005-01-31": "-419.00000"}, "Net Change In Intangible Assets": {"2020-10-31": 0, "2020-07-31": 0, "2020-04-30": 0, "2020-01-31": "", "2019-10-31": 0, "2019-07-31": 0, "2019-04-30": 0, "2019-01-31": "", "2018-10-31": 0, "2018-07-31": 0, "2018-04-30": 0, "2018-01-31": "", "2017-10-31": 0, "2017-07-31": 0, "2017-04-30": 0, "2017-01-31": "", "2016-10-31": 0, "2016-07-31": 0, "2016-04-30": 0, "2016-01-31": "", "2015-10-31": 0, "2015-07-31": 0, "2015-04-30": 0, "2015-01-31": "", "2014-10-31": 0, "2014-07-31": 0, "2014-04-30": 0, "2014-01-31": "", "2013-10-31": 0, "2013-07-31": 0, "2013-04-30": 0, "2013-01-31": "", "2012-10-31": 0, "2012-07-31": 0, "2012-04-30": 0, "2012-01-31": "", "2011-10-31": 0, "2011-07-31": 0, "2011-04-30": 0, "2011-01-31": "", "2010-10-31": 0, "2010-07-31": 0, "2010-04-30": 0, "2010-01-31": "", "2009-10-31": 0, "2009-07-31": 0, "2009-04-30": 0, "2009-01-31": "", "2008-10-31": 0, "2008-07-31": 0, "2008-04-30": 0, "2008-01-31": "", "2007-10-31": 0, "2007-07-31": 0, "2007-04-30": 0, "2007-01-31": "", "2006-10-31": 0, "2006-07-31": 0, "2006-04-30": 0, "2006-01-31": "", "2005-10-31": 0, "2005-07-31": 0, "2005-04-30": 0, "2005-01-31": ""}, "Net Acquisitions/Divestitures": {"2020-10-31": 0, "2020-07-31": 36, "2020-04-30": -36, "2020-01-31": "", "2019-10-31": -31, "2019-07-31": -23, "2019-04-30": 0, "2019-01-31": "-404.00000", "2018-10-31": 0, "2018-07-31": -16, "2018-04-30": 0, "2018-01-31": "-1020.00000", "2017-10-31": 0, "2017-07-31": 0, "2017-04-30": 0, "2017-01-31": "", "2016-10-31": 308, "2016-07-31": 99, "2016-04-30": 61, "2016-01-31": "", "2015-10-31": 63, "2015-07-31": -2322, "2015-04-30": -138, "2015-01-31": "-1.00000", "2014-10-31": -23, "2014-07-31": 0, "2014-04-30": -20, "2014-01-31": "", "2013-10-31": 0, "2013-07-31": 0, "2013-04-30": -167, "2013-01-31": "", "2012-10-31": 0, "2012-07-31": 6, "2012-04-30": 0, "2012-01-31": "-60.00000", "2011-10-31": -10211, "2011-07-31": 66, "2011-04-30": -232, "2011-01-31": "-14.00000", "2010-10-31": -4085, "2010-07-31": -1380, "2010-04-30": -2519, "2010-01-31": "7.00000", "2009-10-31": -43, "2009-07-31": 0, "2009-04-30": -3, "2009-01-31": "-345.00000", "2008-10-31": -9770, "2008-07-31": -213, "2008-04-30": -1001, "2008-01-31": "-264.00000", "2007-10-31": -1900, "2007-07-31": -57, "2007-04-30": -372, "2007-01-31": "-4464.00000", "2006-10-31": -32, "2006-07-31": -63, "2006-04-30": -107, "2006-01-31": "-653.00000", "2005-10-31": -302, "2005-07-31": -7, "2005-04-30": -325, "2005-01-31": "-7.00000"}, "Net Change In Short-term Investments": {"2020-10-31": 114, "2020-07-31": 0, "2020-04-30": 292, "2020-01-31": "11.00000", "2019-10-31": 0, "2019-07-31": 17, "2019-04-30": 410, "2019-01-31": "344.00000", "2018-10-31": 259, "2018-07-31": 243, "2018-04-30": 206, "2018-01-31": "139.00000", "2017-10-31": 229, "2017-07-31": 2, "2017-04-30": -2, "2017-01-31": "2.00000", "2016-10-31": 0, "2016-07-31": 121, "2016-04-30": 3, "2016-01-31": "9.00000", "2015-10-31": 56, "2015-07-31": 123, "2015-04-30": 93, "2015-01-31": "30.00000", "2014-10-31": 123, "2014-07-31": 680, "2014-04-30": 79, "2014-01-31": "465.00000", "2013-10-31": -874, "2013-07-31": 282, "2013-04-30": 431, "2013-01-31": "161.00000", "2012-10-31": 146, "2012-07-31": 170, "2012-04-30": 250, "2012-01-31": "96.00000", "2011-10-31": 9, "2011-07-31": 2, "2011-04-30": 4, "2011-01-31": "53.00000", "2010-10-31": 3, "2010-07-31": 94, "2010-04-30": 103, "2010-01-31": "0.00000", "2009-10-31": 171, "2009-07-31": 0, "2009-04-30": -46, "2009-01-31": "46.00000", "2008-10-31": 280, "2008-07-31": 0, "2008-04-30": -106, "2008-01-31": "106.00000", "2007-10-31": 22, "2007-07-31": 403, "2007-04-30": 0, "2007-01-31": "", "2006-10-31": 94, "2006-07-31": 0, "2006-04-30": -21, "2006-01-31": "21.00000", "2005-10-31": 2066, "2005-07-31": -1904, "2005-04-30": 211, "2005-01-31": "1693.00000"}, "Net Change In Long-Term Investments": {"2020-10-31": -160, "2020-07-31": -230, "2020-04-30": 8, "2020-01-31": "-311.00000", "2019-10-31": 0, "2019-07-31": -11, "2019-04-30": 0, "2019-01-31": "-69.00000", "2018-10-31": -47, "2018-07-31": -16, "2018-04-30": -36, "2018-01-31": "-268.00000", "2017-10-31": -362, "2017-07-31": -1037, "2017-04-30": 1, "2017-01-31": "-2.00000", "2016-10-31": -4, "2016-07-31": 0, "2016-04-30": -122, "2016-01-31": "", "2015-10-31": -79, "2015-07-31": -72, "2015-04-30": -58, "2015-01-31": "-50.00000", "2014-10-31": -79, "2014-07-31": -556, "2014-04-30": -316, "2014-01-31": "-135.00000", "2013-10-31": 703, "2013-07-31": -296, "2013-04-30": -198, "2013-01-31": "-299.00000", "2012-10-31": -179, "2012-07-31": -228, "2012-04-30": -565, "2012-01-31": "", "2011-10-31": -96, "2011-07-31": 0, "2011-04-30": 19, "2011-01-31": "-19.00000", "2010-10-31": -1, "2010-07-31": -22, "2010-04-30": -19, "2010-01-31": "-9.00000", "2009-10-31": -158, "2009-07-31": -50, "2009-04-30": 48, "2009-01-31": "", "2008-10-31": -304, "2008-07-31": 13, "2008-04-30": 133, "2008-01-31": "-20.00000", "2007-10-31": -247, "2007-07-31": -365, "2007-04-30": 250, "2007-01-31": "79.00000", "2006-10-31": -75, "2006-07-31": 11, "2006-04-30": 31, "2006-01-31": "-13.00000", "2005-10-31": -1952, "2005-07-31": 1926, "2005-04-30": -25, "2005-01-31": "-1678.00000"}, "Net Change In Investments - Total": {"2020-10-31": -46, "2020-07-31": -230, "2020-04-30": 300, "2020-01-31": "-300.00000", "2019-10-31": 0, "2019-07-31": 6, "2019-04-30": 410, "2019-01-31": "275.00000", "2018-10-31": 212, "2018-07-31": 227, "2018-04-30": 170, "2018-01-31": "-129.00000", "2017-10-31": -133, "2017-07-31": -1035, "2017-04-30": -1, "2017-01-31": "", "2016-10-31": -4, "2016-07-31": 121, "2016-04-30": -119, "2016-01-31": "9.00000", "2015-10-31": -23, "2015-07-31": 51, "2015-04-30": 35, "2015-01-31": "-20.00000", "2014-10-31": 44, "2014-07-31": 124, "2014-04-30": -237, "2014-01-31": "330.00000", "2013-10-31": -171, "2013-07-31": -14, "2013-04-30": 233, "2013-01-31": "-138.00000", "2012-10-31": -33, "2012-07-31": -58, "2012-04-30": -315, "2012-01-31": "96.00000", "2011-10-31": -87, "2011-07-31": 2, "2011-04-30": 23, "2011-01-31": "34.00000", "2010-10-31": 2, "2010-07-31": 72, "2010-04-30": 84, "2010-01-31": "-9.00000", "2009-10-31": 13, "2009-07-31": -50, "2009-04-30": 2, "2009-01-31": "46.00000", "2008-10-31": -24, "2008-07-31": 13, "2008-04-30": 27, "2008-01-31": "86.00000", "2007-10-31": -225, "2007-07-31": 38, "2007-04-30": 250, "2007-01-31": "79.00000", "2006-10-31": 19, "2006-07-31": 11, "2006-04-30": 10, "2006-01-31": "8.00000", "2005-10-31": 114, "2005-07-31": 22, "2005-04-30": 186, "2005-01-31": "15.00000"}, "Investing Activities - Other": {"2020-10-31": 77, "2020-07-31": -240, "2020-04-30": 0, "2020-01-31": "", "2019-10-31": 0, "2019-07-31": 0, "2019-04-30": 0, "2019-01-31": "", "2018-10-31": 0, "2018-07-31": 205, "2018-04-30": 564, "2018-01-31": "-555.00000", "2017-10-31": 304, "2017-07-31": -386, "2017-04-30": -79, "2017-01-31": "-54.00000", "2016-10-31": 0, "2016-07-31": 0, "2016-04-30": 0, "2016-01-31": "", "2015-10-31": 0, "2015-07-31": 0, "2015-04-30": 0, "2015-01-31": "", "2014-10-31": 0, "2014-07-31": 0, "2014-04-30": 0, "2014-01-31": "", "2013-10-31": 0, "2013-07-31": 0, "2013-04-30": 0, "2013-01-31": "", "2012-10-31": 0, "2012-07-31": 0, "2012-04-30": 0, "2012-01-31": "", "2011-10-31": 0, "2011-07-31": 0, "2011-04-30": 0, "2011-01-31": "", "2010-10-31": 0, "2010-07-31": 0, "2010-04-30": 0, "2010-01-31": "", "2009-10-31": 0, "2009-07-31": 0, "2009-04-30": 0, "2009-01-31": "", "2008-10-31": 0, "2008-07-31": 0, "2008-04-30": 0, "2008-01-31": "", "2007-10-31": 0, "2007-07-31": 0, "2007-04-30": 0, "2007-01-31": "", "2006-10-31": 0, "2006-07-31": 0, "2006-04-30": 0, "2006-01-31": "", "2005-10-31": 0, "2005-07-31": 0, "2005-04-30": 0, "2005-01-31": ""}, "Cash Flow From Investing Activities": {"2020-10-31": -85, "2020-07-31": -551, "2020-04-30": 118, "2020-01-31": "-498.00000", "2019-10-31": -227, "2019-07-31": -189, "2019-04-30": 296, "2019-01-31": "-318.00000", "2018-10-31": 87, "2018-07-31": 299, "2018-04-30": 621, "2018-01-31": "-1723.00000", "2017-10-31": 6, "2017-07-31": -1482, "2017-04-30": -155, "2017-01-31": "-86.00000", "2016-10-31": 164, "2016-07-31": 139, "2016-04-30": -144, "2016-01-31": "-111.00000", "2015-10-31": -807, "2015-07-31": -3088, "2015-04-30": -801, "2015-01-31": "-838.00000", "2014-10-31": -794, "2014-07-31": -804, "2014-04-30": -977, "2014-01-31": "-217.00000", "2013-10-31": -944, "2013-07-31": -661, "2013-04-30": -554, "2013-01-31": "-644.00000", "2012-10-31": -610, "2012-07-31": -825, "2012-04-30": -1267, "2012-01-31": "-751.00000", "2011-10-31": -11466, "2011-07-31": -911, "2011-04-30": -1219, "2011-01-31": "-363.00000", "2010-10-31": -5066, "2010-07-31": -2353, "2010-04-30": -3229, "2010-01-31": "-711.00000", "2009-10-31": -882, "2009-07-31": -990, "2009-04-30": -745, "2009-01-31": "-963.00000", "2008-10-31": -10664, "2008-07-31": -773, "2008-04-30": -1573, "2008-01-31": "-701.00000", "2007-10-31": -2873, "2007-07-31": -567, "2007-04-30": -719, "2007-01-31": "-4964.00000", "2006-10-31": -881, "2006-07-31": -441, "2006-04-30": -498, "2006-01-31": "-967.00000", "2005-10-31": -634, "2005-07-31": -193, "2005-04-30": -519, "2005-01-31": "-411.00000"}, "Net Long-Term Debt": {"2020-10-31": -31, "2020-07-31": 1331, "2020-04-30": -10, "2020-01-31": "-58.00000", "2019-10-31": -43, "2019-07-31": -36, "2019-04-30": -38, "2019-01-31": "-436.00000", "2018-10-31": -39, "2018-07-31": -33, "2018-04-30": -1985, "2018-01-31": "-41.00000", "2017-10-31": -22, "2017-07-31": -21, "2017-04-30": -17, "2017-01-31": "-19.00000", "2016-10-31": -30, "2016-07-31": 0, "2016-04-30": -3, "2016-01-31": "-2151.00000", "2015-10-31": 1813, "2015-07-31": 3659, "2015-04-30": 304, "2015-01-31": "-612.00000", "2014-10-31": -314, "2014-07-31": -2738, "2014-04-30": -2070, "2014-01-31": "1960.00000", "2013-10-31": -2223, "2013-07-31": -1750, "2013-04-30": -1400, "2013-01-31": "-69.00000", "2012-10-31": -1057, "2012-07-31": -513, "2012-04-30": -544, "2012-01-31": "2935.00000", "2011-10-31": 4579, "2011-07-31": 3265, "2011-04-30": -217, "2011-01-31": "1979.00000", "2010-10-31": 2986, "2010-07-31": -959, "2010-04-30": -143, "2010-01-31": "-51.00000", "2009-10-31": -1507, "2009-07-31": 929, "2009-04-30": 2733, "2009-01-31": "1935.00000", "2008-10-31": -725, "2008-07-31": -7, "2008-04-30": 2099, "2008-01-31": "-89.00000", "2007-10-31": -37, "2007-07-31": 14, "2007-04-30": 1697, "2007-01-31": "-987.00000", "2006-10-31": -12, "2006-07-31": 40, "2006-04-30": -16, "2006-01-31": "-150.00000", "2005-10-31": -241, "2005-07-31": -1491, "2005-04-30": 0, "2005-01-31": "-11.00000"}, "Net Current Debt": {"2020-10-31": 8, "2020-07-31": -605, "2020-04-30": 622, "2020-01-31": "2.00000", "2019-10-31": 0, "2019-07-31": 0, "2019-04-30": -1, "2019-01-31": "-855.00000", "2018-10-31": -1246, "2018-07-31": 1055, "2018-04-30": 74, "2018-01-31": "-24.00000", "2017-10-31": 43, "2017-07-31": 972, "2017-04-30": 39, "2017-01-31": "32.00000", "2016-10-31": 25, "2016-07-31": 33, "2016-04-30": 13, "2016-01-31": "26.00000", "2015-10-31": -2832, "2015-07-31": 775, "2015-04-30": 1781, "2015-01-31": "77.00000", "2014-10-31": 62, "2014-07-31": 26, "2014-04-30": 58, "2014-01-31": "2.00000", "2013-10-31": 16, "2013-07-31": -37, "2013-04-30": -28, "2013-01-31": "-105.00000", "2012-10-31": -222, "2012-07-31": 239, "2012-04-30": -185, "2012-01-31": "-2607.00000", "2011-10-31": 262, "2011-07-31": -534, "2011-04-30": 2712, "2011-01-31": "-3710.00000", "2010-10-31": -837, "2010-07-31": 3138, "2010-04-30": 1777, "2010-01-31": "78.00000", "2009-10-31": 10, "2009-07-31": -2417, "2009-04-30": -4506, "2009-01-31": "57.00000", "2008-10-31": 5036, "2008-07-31": 1877, "2008-04-30": -999, "2008-01-31": "-899.00000", "2007-10-31": -461, "2007-07-31": 278, "2007-04-30": 783, "2007-01-31": "1263.00000", "2006-10-31": -1611, "2006-07-31": 1665, "2006-04-30": -41, "2006-01-31": "-68.00000", "2005-10-31": -280, "2005-07-31": 202, "2005-04-30": -34, "2005-01-31": "111.00000"}, "Debt Issuance/Retirement Net - Total": {"2020-10-31": -23, "2020-07-31": 726, "2020-04-30": 612, "2020-01-31": "-56.00000", "2019-10-31": -43, "2019-07-31": -36, "2019-04-30": -39, "2019-01-31": "-1291.00000", "2018-10-31": -1285, "2018-07-31": 1022, "2018-04-30": -1911, "2018-01-31": "-65.00000", "2017-10-31": 21, "2017-07-31": 951, "2017-04-30": 22, "2017-01-31": "13.00000", "2016-10-31": -5, "2016-07-31": 33, "2016-04-30": 10, "2016-01-31": "-2125.00000", "2015-10-31": -1019, "2015-07-31": 4434, "2015-04-30": 2085, "2015-01-31": "-535.00000", "2014-10-31": -252, "2014-07-31": -2712, "2014-04-30": -2012, "2014-01-31": "1962.00000", "2013-10-31": -2207, "2013-07-31": -1787, "2013-04-30": -1428, "2013-01-31": "-174.00000", "2012-10-31": -1279, "2012-07-31": -274, "2012-04-30": -729, "2012-01-31": "328.00000", "2011-10-31": 4841, "2011-07-31": 2731, "2011-04-30": 2495, "2011-01-31": "-1731.00000", "2010-10-31": 2149, "2010-07-31": 2179, "2010-04-30": 1634, "2010-01-31": "27.00000", "2009-10-31": -1497, "2009-07-31": -1488, "2009-04-30": -1773, "2009-01-31": "1992.00000", "2008-10-31": 4311, "2008-07-31": 1870, "2008-04-30": 1100, "2008-01-31": "-988.00000", "2007-10-31": -498, "2007-07-31": 292, "2007-04-30": 2480, "2007-01-31": "276.00000", "2006-10-31": -1623, "2006-07-31": 1705, "2006-04-30": -57, "2006-01-31": "-218.00000", "2005-10-31": -521, "2005-07-31": -1289, "2005-04-30": -34, "2005-01-31": "100.00000"}, "Net Common Equity Issued/Repurchased": {"2020-10-31": -1340, "2020-07-31": -953, "2020-04-30": -123, "2020-01-31": "-691.00000", "2019-10-31": -461, "2019-07-31": -533, "2019-04-30": -691, "2019-01-31": "-720.00000", "2018-10-31": -598, "2018-07-31": -696, "2018-04-30": -801, "2018-01-31": "-462.00000", "2017-10-31": -501, "2017-07-31": -302, "2017-04-30": -223, "2017-01-31": "-386.00000", "2016-10-31": -2, "2016-07-31": -57, "2016-04-30": -305, "2016-01-31": "-797.00000", "2015-10-31": -604, "2015-07-31": -272, "2015-04-30": -617, "2015-01-31": "-1390.00000", "2014-10-31": -696, "2014-07-31": -470, "2014-04-30": -783, "2014-01-31": "-482.00000", "2013-10-31": -470, "2013-07-31": 64, "2013-04-30": -640, "2013-01-31": "-198.00000", "2012-10-31": -118, "2012-07-31": -289, "2012-04-30": -29, "2012-01-31": "-467.00000", "2011-10-31": -449, "2011-07-31": -4570, "2011-04-30": -2342, "2011-01-31": "-1860.00000", "2010-10-31": -3853, "2010-07-31": -2327, "2010-04-30": -851, "2010-01-31": "-1394.00000", "2009-10-31": -1201, "2009-07-31": -556, "2009-04-30": -607, "2009-01-31": "-939.00000", "2008-10-31": -1437, "2008-07-31": -1121, "2008-04-30": -2482, "2008-01-31": "-2770.00000", "2007-10-31": -1330, "2007-07-31": -1334, "2007-04-30": -3605, "2007-01-31": "-1515.00000", "2006-10-31": -194, "2006-07-31": -1758, "2006-04-30": -813, "2006-01-31": "-2476.00000", "2005-10-31": -1036, "2005-07-31": -414, "2005-04-30": -528, "2005-01-31": "-375.00000"}, "Net Total Equity Issued/Repurchased": {"2020-10-31": -1340, "2020-07-31": -953, "2020-04-30": -123, "2020-01-31": "-691.00000", "2019-10-31": -461, "2019-07-31": -533, "2019-04-30": -691, "2019-01-31": "-720.00000", "2018-10-31": -598, "2018-07-31": -696, "2018-04-30": -801, "2018-01-31": "-462.00000", "2017-10-31": -501, "2017-07-31": -302, "2017-04-30": -223, "2017-01-31": "-386.00000", "2016-10-31": -2, "2016-07-31": -57, "2016-04-30": -305, "2016-01-31": "-797.00000", "2015-10-31": -604, "2015-07-31": -272, "2015-04-30": -617, "2015-01-31": "-1390.00000", "2014-10-31": -696, "2014-07-31": -470, "2014-04-30": -783, "2014-01-31": "-482.00000", "2013-10-31": -470, "2013-07-31": 64, "2013-04-30": -640, "2013-01-31": "-198.00000", "2012-10-31": -118, "2012-07-31": -289, "2012-04-30": -29, "2012-01-31": "-467.00000", "2011-10-31": -449, "2011-07-31": -4570, "2011-04-30": -2342, "2011-01-31": "-1860.00000", "2010-10-31": -3853, "2010-07-31": -2327, "2010-04-30": -851, "2010-01-31": "-1394.00000", "2009-10-31": -1201, "2009-07-31": -556, "2009-04-30": -607, "2009-01-31": "-939.00000", "2008-10-31": -1437, "2008-07-31": -1121, "2008-04-30": -2482, "2008-01-31": "-2770.00000", "2007-10-31": -1330, "2007-07-31": -1334, "2007-04-30": -3605, "2007-01-31": "-1515.00000", "2006-10-31": -194, "2006-07-31": -1758, "2006-04-30": -813, "2006-01-31": "-2476.00000", "2005-10-31": -1036, "2005-07-31": -414, "2005-04-30": -528, "2005-01-31": "-375.00000"}, "Total Common And Preferred Stock Dividends Paid": {"2020-10-31": -238, "2020-07-31": -251, "2020-04-30": -252, "2020-01-31": "-256.00000", "2019-10-31": -236, "2019-07-31": -240, "2019-04-30": -245, "2019-01-31": "-249.00000", "2018-10-31": -219, "2018-07-31": -223, "2018-04-30": -227, "2018-01-31": "-230.00000", "2017-10-31": -221, "2017-07-31": -222, "2017-04-30": -224, "2017-01-31": "-227.00000", "2016-10-31": -212, "2016-07-31": -212, "2016-04-30": -213, "2016-01-31": "-221.00000", "2015-10-31": -337, "2015-07-31": -318, "2015-04-30": -291, "2015-01-31": "-304.00000", "2014-10-31": -309, "2014-07-31": -299, "2014-04-30": -298, "2014-01-31": "-278.00000", "2013-10-31": -284, "2013-07-31": -280, "2013-04-30": -283, "2013-01-31": "-258.00000", "2012-10-31": -260, "2012-07-31": -260, "2012-04-30": -251, "2012-01-31": "-244.00000", "2011-10-31": -239, "2011-07-31": -248, "2011-04-30": -182, "2011-01-31": "-175.00000", "2010-10-31": -181, "2010-07-31": -205, "2010-04-30": -196, "2010-01-31": "-189.00000", "2009-10-31": -190, "2009-07-31": -191, "2009-04-30": -192, "2009-01-31": "-193.00000", "2008-10-31": -196, "2008-07-31": -197, "2008-04-30": -197, "2008-01-31": "-206.00000", "2007-10-31": -206, "2007-07-31": -209, "2007-04-30": -213, "2007-01-31": "-218.00000", "2006-10-31": -219, "2006-07-31": -222, "2006-04-30": -226, "2006-01-31": "-227.00000", "2005-10-31": -229, "2005-07-31": -231, "2005-04-30": -233, "2005-01-31": "-233.00000"}, "Financial Activities - Other": {"2020-10-31": -3, "2020-07-31": -13, "2020-04-30": 4, "2020-01-31": "-116.00000", "2019-10-31": -3, "2019-07-31": 18, "2019-04-30": 7, "2019-01-31": "-83.00000", "2018-10-31": 18, "2018-07-31": 32, "2018-04-30": 40, "2018-01-31": "-38.00000", "2017-10-31": 45, "2017-07-31": 24, "2017-04-30": 17, "2017-01-31": "-38.00000", "2016-10-31": 3, "2016-07-31": 26, "2016-04-30": 21, "2016-01-31": "-10389.00000", "2015-10-31": -116, "2015-07-31": -26, "2015-04-30": 9, "2015-01-31": "109.00000", "2014-10-31": 9, "2014-07-31": 16, "2014-04-30": 6, "2014-01-31": "27.00000", "2013-10-31": 1, "2013-07-31": 1, "2013-04-30": 0, "2013-01-31": "", "2012-10-31": 0, "2012-07-31": 0, "2012-04-30": 1, "2012-01-31": "11.00000", "2011-10-31": 3, "2011-07-31": 6, "2011-04-30": 90, "2011-01-31": "64.00000", "2010-10-31": 11, "2010-07-31": 20, "2010-04-30": 135, "2010-01-31": "128.00000", "2009-10-31": 95, "2009-07-31": 39, "2009-04-30": 15, "2009-01-31": "13.00000", "2008-10-31": 80, "2008-07-31": 50, "2008-04-30": 75, "2008-01-31": "88.00000", "2007-10-31": 141, "2007-07-31": 165, "2007-04-30": 75, "2007-01-31": "100.00000", "2006-10-31": 92, "2006-07-31": 36, "2006-04-30": 58, "2006-01-31": "65.00000", "2005-10-31": 0, "2005-07-31": 0, "2005-04-30": 0, "2005-01-31": ""}, "Cash Flow From Financial Activities": {"2020-10-31": -1604, "2020-07-31": -491, "2020-04-30": 241, "2020-01-31": "-1119.00000", "2019-10-31": -743, "2019-07-31": -791, "2019-04-30": -968, "2019-01-31": "-2343.00000", "2018-10-31": -2084, "2018-07-31": 135, "2018-04-30": -2899, "2018-01-31": "-795.00000", "2017-10-31": -656, "2017-07-31": 451, "2017-04-30": -408, "2017-01-31": "-638.00000", "2016-10-31": -216, "2016-07-31": -210, "2016-04-30": -487, "2016-01-31": "-13532.00000", "2015-10-31": -2076, "2015-07-31": 3818, "2015-04-30": 1186, "2015-01-31": "-2120.00000", "2014-10-31": -1248, "2014-07-31": -3465, "2014-04-30": -3087, "2014-01-31": "1229.00000", "2013-10-31": -2960, "2013-07-31": -2002, "2013-04-30": -2351, "2013-01-31": "-630.00000", "2012-10-31": -1657, "2012-07-31": -823, "2012-04-30": -1008, "2012-01-31": "-372.00000", "2011-10-31": 4156, "2011-07-31": -2081, "2011-04-30": 61, "2011-01-31": "-3702.00000", "2010-10-31": -1874, "2010-07-31": -333, "2010-04-30": 722, "2010-01-31": "-1428.00000", "2009-10-31": -2793, "2009-07-31": -2196, "2009-04-30": -2557, "2009-01-31": "873.00000", "2008-10-31": 2758, "2008-07-31": 602, "2008-04-30": -1504, "2008-01-31": "-3876.00000", "2007-10-31": -1893, "2007-07-31": -1086, "2007-04-30": -1263, "2007-01-31": "-1357.00000", "2006-10-31": -1944, "2006-07-31": -239, "2006-04-30": -1038, "2006-01-31": "-2856.00000", "2005-10-31": -1786, "2005-07-31": -1934, "2005-04-30": -795, "2005-01-31": "-508.00000"}, "Net Cash Flow": {"2020-10-31": 185, "2020-07-31": 625, "2020-04-30": -151, "2020-01-31": "-332.00000", "2019-10-31": -382, "2019-07-31": 1363, "2019-04-30": 189, "2019-01-31": "-1799.00000", "2018-10-31": -1029, "2018-07-31": 1948, "2018-04-30": -1228, "2018-01-31": "-1522.00000", "2017-10-31": 30, "2017-07-31": 744, "2017-04-30": -108, "2017-01-31": "43.00000", "2016-10-31": 652, "2016-07-31": 1000, "2016-04-30": 948, "2016-01-31": "-13745.00000", "2015-10-31": 262, "2015-07-31": 2403, "2015-04-30": 1849, "2015-01-31": "-2214.00000", "2014-10-31": 659, "2014-07-31": -622, "2014-04-30": -1069, "2014-01-31": "4002.00000", "2013-10-31": -1088, "2013-07-31": 11, "2013-04-30": 651, "2013-01-31": "1288.00000", "2012-10-31": 1792, "2012-07-31": 1198, "2012-04-30": 198, "2012-01-31": "70.00000", "2011-10-31": -4910, "2011-07-31": 215, "2011-04-30": 2804, "2011-01-31": "-995.00000", "2010-10-31": -3789, "2010-07-31": 587, "2010-04-30": 584, "2010-01-31": "268.00000", "2009-10-31": -242, "2009-07-31": 670, "2009-04-30": 1662, "2009-01-31": "1036.00000", "2008-10-31": -4630, "2008-07-31": 3192, "2008-04-30": 1688, "2008-01-31": "-1390.00000", "2007-10-31": -1157, "2007-07-31": 214, "2007-04-30": 2179, "2007-01-31": "-6343.00000", "2006-10-31": 419, "2006-07-31": 1949, "2006-04-30": 2098, "2006-01-31": "-1977.00000", "2005-10-31": -534, "2005-07-31": 83, "2005-04-30": 1060, "2005-01-31": "639.00000"}, "Stock-Based Compensation": {"2020-10-31": 57, "2020-07-31": 49, "2020-04-30": 63, "2020-01-31": "109.00000", "2019-10-31": 64, "2019-07-31": 60, "2019-04-30": 66, "2019-01-31": "107.00000", "2018-10-31": 65, "2018-07-31": 55, "2018-04-30": 63, "2018-01-31": "85.00000", "2017-10-31": 55, "2017-07-31": 46, "2017-04-30": 48, "2017-01-31": "75.00000", "2016-10-31": 42, "2016-07-31": 39, "2016-04-30": 40, "2016-01-31": "61.00000", "2015-10-31": 233, "2015-07-31": 160, "2015-04-30": 129, "2015-01-31": "187.00000", "2014-10-31": 128, "2014-07-31": 132, "2014-04-30": 130, "2014-01-31": "170.00000", "2013-10-31": 102, "2013-07-31": 107, "2013-04-30": 107, "2013-01-31": "184.00000", "2012-10-31": 141, "2012-07-31": 150, "2012-04-30": 169, "2012-01-31": "175.00000", "2011-10-31": 210, "2011-07-31": 148, "2011-04-30": 147, "2011-01-31": "180.00000", "2010-10-31": 121, "2010-07-31": 166, "2010-04-30": 200, "2010-01-31": "181.00000", "2009-10-31": 134, "2009-07-31": 150, "2009-04-30": 191, "2009-01-31": "160.00000", "2008-10-31": 157, "2008-07-31": 140, "2008-04-30": 152, "2008-01-31": "157.00000", "2007-10-31": 168, "2007-07-31": 144, "2007-04-30": 154, "2007-01-31": "163.00000", "2006-10-31": 141, "2006-07-31": 127, "2006-04-30": 124, "2006-01-31": "144.00000", "2005-10-31": 28, "2005-07-31": 32, "2005-04-30": 31, "2005-01-31": "13.00000"}, "Common Stock Dividends Paid": {"2020-10-31": -238, "2020-07-31": -251, "2020-04-30": -252, "2020-01-31": "-256.00000", "2019-10-31": -236, "2019-07-31": -240, "2019-04-30": -245, "2019-01-31": "-249.00000", "2018-10-31": -219, "2018-07-31": -223, "2018-04-30": -227, "2018-01-31": "-230.00000", "2017-10-31": -221, "2017-07-31": -222, "2017-04-30": -224, "2017-01-31": "-227.00000", "2016-10-31": -212, "2016-07-31": -212, "2016-04-30": -213, "2016-01-31": "-221.00000", "2015-10-31": -337, "2015-07-31": -318, "2015-04-30": -291, "2015-01-31": "-304.00000", "2014-10-31": -309, "2014-07-31": -299, "2014-04-30": -298, "2014-01-31": "-278.00000", "2013-10-31": -284, "2013-07-31": -280, "2013-04-30": -283, "2013-01-31": "-258.00000", "2012-10-31": -260, "2012-07-31": -260, "2012-04-30": -251, "2012-01-31": "-244.00000", "2011-10-31": -239, "2011-07-31": -248, "2011-04-30": -182, "2011-01-31": "-175.00000", "2010-10-31": -181, "2010-07-31": -205, "2010-04-30": -196, "2010-01-31": "-189.00000", "2009-10-31": -190, "2009-07-31": -191, "2009-04-30": -192, "2009-01-31": "-193.00000", "2008-10-31": -196, "2008-07-31": -197, "2008-04-30": -197, "2008-01-31": "-206.00000", "2007-10-31": -206, "2007-07-31": -209, "2007-04-30": -213, "2007-01-31": "-218.00000", "2006-10-31": -219, "2006-07-31": -222, "2006-04-30": -226, "2006-01-31": "-227.00000", "2005-10-31": -229, "2005-07-31": -231, "2005-04-30": -233, "2005-01-31": "-233.00000"}}, "financial ratios": {"Current Ratio": {"2020-10-31": "0.78750", "2019-10-31": "0.79770", "2018-10-31": "0.85100", "2017-10-31": "0.99580", "2016-10-31": "0.98190", "2015-10-31": "1.22740", "2014-10-31": "1.14660", "2013-10-31": "1.10640", "2012-10-31": "1.08510", "2011-10-31": "1.01150", "2010-10-31": "1.09680", "2009-10-31": "1.22180", "2008-10-31": "0.97710", "2007-10-31": "1.20740", "2006-10-31": "1.34630", "2005-10-31": "1.37740"}, "Long-term Debt / Capital": {"2020-10-31": "1.67210", "2019-10-31": "1.33260", "2018-10-31": "1.16450", "2017-10-31": "2.02070", "2016-10-31": "2.36650", "2015-10-31": "0.19170", "2014-10-31": "0.37160", "2013-10-31": "0.37520", "2012-10-31": "0.48830", "2011-10-31": "0.36640", "2010-10-31": "0.27230", "2009-10-31": "0.25540", "2008-10-31": "0.16470", "2007-10-31": "0.11480", "2006-10-31": "0.06130", "2005-10-31": "0.08360"}, "Debt/Equity Ratio": {"2020-10-31": "-2.79040", "2019-10-31": "-4.30600", "2018-10-31": "-9.36930", "2017-10-31": "-2.29430", "2016-10-31": "-1.75190", "2015-10-31": "0.31510", "2014-10-31": "0.71980", "2013-10-31": "0.81670", "2012-10-31": "1.24540", "2011-10-31": "0.78540", "2010-10-31": "0.54690", "2009-10-31": "0.38830", "2008-10-31": "0.45840", "2007-10-31": "0.21240", "2006-10-31": "0.13620", "2005-10-31": "0.14050"}, "Gross Margin": {"2020-10-31": "18.42720", "2019-10-31": "19.01080", "2018-10-31": "18.24630", "2017-10-31": "18.39940", "2016-10-31": "18.65330", "2015-10-31": "19.31290", "2014-10-31": "19.80550", "2013-10-31": "23.07970", "2012-10-31": "23.24090", "2011-10-31": "23.44060", "2010-10-31": "23.94690", "2009-10-31": "23.62510", "2008-10-31": "24.21770", "2007-10-31": "24.55080", "2006-10-31": "24.25430", "2005-10-31": "23.36440"}, "Operating Margin": {"2020-10-31": "6.11240", "2019-10-31": "6.59850", "2018-10-31": "6.55190", "2017-10-31": "6.47000", "2016-10-31": "7.35730", "2015-10-31": "7.61710", "2014-10-31": "7.51270", "2013-10-31": "6.35010", "2012-10-31": "-9.18680", "2011-10-31": "7.60500", "2010-10-31": "9.10790", "2009-10-31": "8.84840", "2008-10-31": "8.84810", "2007-10-31": "8.36070", "2006-10-31": "7.15700", "2005-10-31": "4.00600"}, "EBIT Margin": {"2020-10-31": "6.11240", "2019-10-31": "6.59850", "2018-10-31": "6.55190", "2017-10-31": "6.47000", "2016-10-31": "7.35730", "2015-10-31": "7.61710", "2014-10-31": "7.51270", "2013-10-31": "6.35010", "2012-10-31": "-9.18680", "2011-10-31": "7.60500", "2010-10-31": "9.10790", "2009-10-31": "8.84840", "2008-10-31": "8.84810", "2007-10-31": "8.36070", "2006-10-31": "7.15700", "2005-10-31": "4.00600"}, "EBITDA Margin": {"2020-10-31": "7.50540", "2019-10-31": "7.86470", "2018-10-31": "7.45490", "2017-10-31": "7.15000", "2016-10-31": "8.04550", "2015-10-31": "15.50820", "2014-10-31": "15.16300", "2013-10-31": "10.45610", "2012-10-31": "10.03100", "2011-10-31": "12.21740", "2010-10-31": "12.93230", "2009-10-31": "13.02120", "2008-10-31": "11.72150", "2007-10-31": "10.95450", "2006-10-31": "9.72420", "2005-10-31": "6.70970"}, "Pre-Tax Profit Margin": {"2020-10-31": "5.70460", "2019-10-31": "4.29400", "2018-10-31": "5.15290", "2017-10-31": "6.29320", "2016-10-31": "7.79680", "2015-10-31": "6.86320", "2014-10-31": "6.81890", "2013-10-31": "5.79710", "2012-10-31": "-9.91470", "2011-10-31": "7.05880", "2010-10-31": "8.70720", "2009-10-31": "8.21900", "2008-10-31": "8.84810", "2007-10-31": "8.79980", "2006-10-31": "7.84550", "2005-10-31": "4.08670"}, "Net Profit Margin": {"2020-10-31": "5.02130", "2019-10-31": "5.36460", "2018-10-31": "9.11030", "2017-10-31": "4.85250", "2016-10-31": "5.17430", "2015-10-31": "8.84910", "2014-10-31": "8.84890", "2013-10-31": "4.55310", "2012-10-31": "-10.51040", "2011-10-31": "5.55940", "2010-10-31": "6.95140", "2009-10-31": "6.68690", "2008-10-31": "7.03680", "2007-10-31": "6.96550", "2006-10-31": "6.76210", "2005-10-31": "2.76600"}, "Asset Turnover": {"2020-10-31": "1.63310", "2019-10-31": "1.75560", "2018-10-31": "1.68890", "2017-10-31": "1.58160", "2016-10-31": "1.66410", "2015-10-31": "0.48150", "2014-10-31": "0.54890", "2013-10-31": "1.06270", "2012-10-31": "1.10650", "2011-10-31": "0.98250", "2010-10-31": "1.01230", "2009-10-31": "0.99780", "2008-10-31": "1.04440", "2007-10-31": "1.17570", "2006-10-31": "1.11800", "2005-10-31": "1.12130"}, "Inventory Turnover Ratio": {"2020-10-31": "7.74810", "2019-10-31": "8.29890", "2018-10-31": "7.88570", "2017-10-31": "7.34150", "2016-10-31": "8.75110", "2015-10-31": "9.68380", "2014-10-31": "7.08200", "2013-10-31": "14.28710", "2012-10-31": "14.62480", "2011-10-31": "13.00640", "2010-10-31": "14.82400", "2009-10-31": "14.27690", "2008-10-31": "11.38460", "2007-10-31": "9.79500", "2006-10-31": "8.95830", "2005-10-31": "9.66120"}, "Receiveable Turnover": {"2020-10-31": "10.52570", "2019-10-31": "9.74230", "2018-10-31": "11.43600", "2017-10-31": "11.79340", "2016-10-31": "11.72530", "2015-10-31": "10.66590", "2014-10-31": "3.37650", "2013-10-31": "5.90420", "2012-10-31": "6.12220", "2011-10-31": "5.94990", "2010-10-31": "5.87100", "2009-10-31": "5.96250", "2008-10-31": "6.15130", "2007-10-31": "6.54770", "2006-10-31": "6.88490", "2005-10-31": "6.96130"}, "Days Sales In Receivables": {"2020-10-31": "34.67690", "2019-10-31": "37.46540", "2018-10-31": "31.91690", "2017-10-31": "30.94960", "2016-10-31": "31.12920", "2015-10-31": "34.22120", "2014-10-31": "108.09990", "2013-10-31": "61.82030", "2012-10-31": "59.61880", "2011-10-31": "61.34540", "2010-10-31": "62.16990", "2009-10-31": "61.21570", "2008-10-31": "59.33670", "2007-10-31": "55.74440", "2006-10-31": "53.01500", "2005-10-31": "52.43280"}, "ROE - Return On Equity": {"2020-10-31": "-127.64810", "2019-10-31": "-264.20790", "2018-10-31": "-833.64630", "2017-10-31": "-74.11970", "2016-10-31": "-68.55230", "2015-10-31": "13.20740", "2014-10-31": "10.77890", "2013-10-31": "18.48790", "2012-10-31": "-55.40230", "2011-10-31": "18.13660", "2010-10-31": "21.48300", "2009-10-31": "18.79110", "2008-10-31": "21.38820", "2007-10-31": "18.85480", "2006-10-31": "16.24900", "2005-10-31": "6.45040"}, "Return On Tangible Equity": {"2020-10-31": "-33.03900", "2019-10-31": "-41.66560", "2018-10-31": "-80.62660", "2017-10-31": "-27.97340", "2016-10-31": "-28.03070", "2015-10-31": "16.54580", "2014-10-31": "-47.62220", "2013-10-31": "-77.03780", "2012-10-31": "99.20790", "2011-10-31": "-43.01610", "2010-10-31": "-157.85590", "2009-10-31": "726.06630", "2008-10-31": "-614.68630", "2007-10-31": "57.31420", "2006-10-31": "34.55040", "2005-10-31": "13.98580"}, "ROA - Return On Assets": {"2020-10-31": "8.20050", "2019-10-31": "9.41820", "2018-10-31": "15.38620", "2017-10-31": "7.67480", "2016-10-31": "9.19720", "2015-10-31": "3.47860", "2014-10-31": "2.83320", "2013-10-31": "4.83840", "2012-10-31": "-11.63030", "2011-10-31": "5.46180", "2010-10-31": "7.03680", "2009-10-31": "6.67250", "2008-10-31": "7.34930", "2007-10-31": "8.18950", "2006-10-31": "7.56030", "2005-10-31": "3.10150"}, "ROI - Return On Investment": {"2020-10-31": "85.79190", "2019-10-31": "87.87290", "2018-10-31": "137.11710", "2017-10-31": "75.65140", "2016-10-31": "93.67530", "2015-10-31": "10.67530", "2014-10-31": "6.77380", "2013-10-31": "11.55120", "2012-10-31": "-28.34930", "2011-10-31": "11.49220", "2010-10-31": "15.63380", "2009-10-31": "13.99240", "2008-10-31": "17.86650", "2007-10-31": "16.69000", "2006-10-31": "15.25320", "2005-10-31": "5.91110"}, "Book Value Per Share": {"2020-10-31": "-1.70860", "2019-10-31": "-0.81820", "2018-10-31": "-0.40960", "2017-10-31": "-2.06550", "2016-10-31": "-2.27160", "2015-10-31": "15.60480", "2014-10-31": "14.75100", "2013-10-31": "14.49480", "2012-10-31": "11.63170", "2011-10-31": "19.59020", "2010-10-31": "18.50320", "2009-10-31": "17.23640", "2008-10-31": "16.12510", "2007-10-31": "14.93260", "2006-10-31": "13.96190", "2005-10-31": "13.10400"}, "Operating Cash Flow Per Share": {"2020-10-31": -0.0144, "2019-10-31": 0.2827, "2018-10-31": 0.6107, "2017-10-31": 0.2947, "2016-10-31": -1.9611, "2015-10-31": -2.6235, "2014-10-31": 0.4975, "2013-10-31": 0.5977, "2012-10-31": -0.5843, "2011-10-31": 0.9133, "2010-10-31": -0.4638, "2009-10-31": -0.1942, "2008-10-31": 2.144, "2007-10-31": -0.4406, "2006-10-31": 1.221, "2005-10-31": 2.7597}, "Free Cash Flow Per Share": {"2020-10-31": 0.0196, "2019-10-31": 0.0713, "2018-10-31": 0.5775, "2017-10-31": 0.3439, "2016-10-31": -0.4745, "2015-10-31": -2.7807, "2014-10-31": 0.2288, "2013-10-31": 0.8569, "2012-10-31": -0.4855, "2011-10-31": 0.7383, "2010-10-31": -0.6394, "2009-10-31": -0.5079, "2008-10-31": 2.0548, "2007-10-31": -0.6565, "2006-10-31": 1.0263, "2005-10-31": 2.2602}}, "financial ratios, quarterly": {"Current Ratio": {"2020-10-31": "0.78750", "2020-07-31": "0.80990", "2020-04-30": "0.77780", "2020-01-31": "0.73230", "2019-10-31": "0.79770", "2019-07-31": "0.80080", "2019-04-30": "0.78800", "2019-01-31": "0.78250", "2018-10-31": "0.85100", "2018-07-31": "0.85380", "2018-04-30": "0.84030", "2018-01-31": "0.90870", "2017-10-31": "0.99580", "2017-07-31": "0.97200", "2017-04-30": "0.98380", "2017-01-31": "0.95630", "2016-10-31": "0.98190", "2016-07-31": "0.96070", "2016-04-30": "0.91240", "2016-01-31": "0.90420", "2015-10-31": "1.22740", "2015-07-31": "1.06050", "2015-04-30": "1.13190", "2015-01-31": "1.13330", "2014-10-31": "1.14660", "2014-07-31": "1.16030", "2014-04-30": "1.15260", "2014-01-31": "1.16220", "2013-10-31": "1.10640", "2013-07-31": "1.08580", "2013-04-30": "1.11000", "2013-01-31": "1.11640", "2012-10-31": "1.08510", "2012-07-31": "1.11840", "2012-04-30": "1.16100", "2012-01-31": "1.10060", "2011-10-31": "1.01150", "2011-07-31": "1.15000", "2011-04-30": "1.09160", "2011-01-31": "1.17870", "2010-10-31": "1.09680", "2010-07-31": "1.10300", "2010-04-30": "1.22290", "2010-01-31": "1.26480", "2009-10-31": "1.22180", "2009-07-31": "1.16820", "2009-04-30": "1.13470", "2009-01-31": "1.04030", "2008-10-31": "0.97710", "2008-07-31": "1.21800", "2008-04-30": "1.26660", "2008-01-31": "1.21740", "2007-10-31": "1.20740", "2007-07-31": "1.21600", "2007-04-30": "1.18860", "2007-01-31": "1.21330", "2006-10-31": "1.34630", "2006-07-31": "1.26710", "2006-04-30": "1.30040", "2006-01-31": "1.27710", "2005-10-31": "1.37740", "2005-07-31": "1.42940", "2005-04-30": "1.49480", "2005-01-31": "1.51290"}, "Long-term Debt / Capital": {"2020-10-31": "1.67210", "2020-07-31": "1.49710", "2020-04-30": "1.23230", "2020-01-31": "1.71110", "2019-10-31": "1.33260", "2019-07-31": "1.31430", "2019-04-30": "1.45590", "2019-01-31": "1.64030", "2018-10-31": "1.16450", "2018-07-31": "1.64580", "2018-04-30": "1.70810", "2018-01-31": "1.76210", "2017-10-31": "2.02070", "2017-07-31": "2.80420", "2017-04-30": "2.43560", "2017-01-31": "2.83270", "2016-10-31": "2.36650", "2016-07-31": "2.38530", "2016-04-30": "3.49010", "2016-01-31": "3.76720", "2015-10-31": "0.19170", "2015-07-31": "0.34520", "2015-04-30": "0.36270", "2015-01-31": "0.36630", "2014-10-31": "0.37160", "2014-07-31": "0.37210", "2014-04-30": "0.37560", "2014-01-31": "0.38970", "2013-10-31": "0.37520", "2013-07-31": "0.40670", "2013-04-30": "0.45350", "2013-01-31": "0.48290", "2012-10-31": "0.48830", "2012-07-31": "0.42910", "2012-04-30": "0.38250", "2012-01-31": "0.39150", "2011-10-31": "0.36640", "2011-07-31": "0.32670", "2011-04-30": "0.25770", "2011-01-31": "0.29060", "2010-10-31": "0.27230", "2010-07-31": "0.22170", "2010-04-30": "0.23860", "2010-01-31": "0.25060", "2009-10-31": "0.25540", "2009-07-31": "0.25060", "2009-04-30": "0.24250", "2009-01-31": "0.20580", "2008-10-31": "0.16470", "2008-07-31": "0.14690", "2008-04-30": "0.16770", "2008-01-31": "0.11850", "2007-10-31": "0.11480", "2007-07-31": "0.11810", "2007-04-30": "0.09830", "2007-01-31": "0.06020", "2006-10-31": "0.06130", "2006-07-31": "0.06320", "2006-04-30": "0.06100", "2006-01-31": "0.06320", "2005-10-31": "0.08360", "2005-07-31": "0.08330", "2005-04-30": "0.10330", "2005-01-31": "0.10460"}, "Debt/Equity Ratio": {"2020-10-31": "-2.79040", "2020-07-31": "-3.15060", "2020-04-30": "-7.39170", "2020-01-31": "-2.97120", "2019-10-31": "-4.30600", "2019-07-31": "-4.47210", "2019-04-30": "-3.38870", "2019-01-31": "-2.72350", "2018-10-31": "-9.36930", "2018-07-31": "-4.06560", "2018-04-30": "-3.28020", "2018-01-31": "-2.86980", "2017-10-31": "-2.29430", "2017-07-31": "-1.79900", "2017-04-30": "-1.72440", "2017-01-31": "-1.56880", "2016-10-31": "-1.75190", "2016-07-31": "-1.74100", "2016-04-30": "-1.41500", "2016-01-31": "-1.37140", "2015-10-31": "0.31510", "2015-07-31": "0.92930", "2015-04-30": "0.77510", "2015-01-31": "0.70850", "2014-10-31": "0.71980", "2014-07-31": "0.68620", "2014-04-30": "0.79020", "2014-01-31": "0.87360", "2013-10-31": "0.81670", "2013-07-31": "0.99080", "2013-04-30": "1.11950", "2013-01-31": "1.21200", "2012-10-31": "1.24540", "2012-07-31": "0.92920", "2012-04-30": "0.72130", "2012-01-31": "0.78090", "2011-10-31": "0.78540", "2011-07-31": "0.65520", "2011-04-30": "0.54830", "2011-01-31": "0.49110", "2010-10-31": "0.54690", "2010-07-31": "0.46800", "2010-04-30": "0.40310", "2010-01-31": "0.37890", "2009-10-31": "0.38830", "2009-07-31": "0.41360", "2009-04-30": "0.46080", "2009-01-31": "0.51680", "2008-10-31": "0.45840", "2008-07-31": "0.26550", "2008-04-30": "0.22010", "2008-01-31": "0.19270", "2007-10-31": "0.21240", "2007-07-31": "0.23320", "2007-04-30": "0.22850", "2007-01-31": "0.15180", "2006-10-31": "0.13620", "2006-07-31": "0.18620", "2006-04-30": "0.13530", "2006-01-31": "0.14100", "2005-10-31": "0.14050", "2005-07-31": "0.15440", "2005-04-30": "0.18730", "2005-01-31": "0.19110"}, "Gross Margin": {"2020-10-31": "17.55800", "2020-07-31": "16.74130", "2020-04-30": "19.99360", "2020-01-31": "19.64700", "2019-10-31": "18.97840", "2019-07-31": "19.89320", "2019-04-30": "19.44290", "2019-01-31": "17.75660", "2018-10-31": "17.55170", "2018-07-31": "18.42860", "2018-04-30": "19.29590", "2018-01-31": "17.78600", "2017-10-31": "18.09440", "2017-07-31": "18.58350", "2017-04-30": "19.24100", "2017-01-31": "17.72310", "2016-10-31": "18.31040", "2016-07-31": "18.26440", "2016-04-30": "19.41660", "2016-01-31": "18.65920", "2015-10-31": "24.69860", "2015-07-31": "18.81570", "2015-04-30": "19.74260", "2015-01-31": "19.37510", "2014-10-31": "31.87480", "2014-07-31": "23.96590", "2014-04-30": "24.18620", "2014-01-31": "22.79610", "2013-10-31": "22.97900", "2013-07-31": "23.38570", "2013-04-30": "23.66400", "2013-01-31": "22.32100", "2012-10-31": "24.19310", "2012-07-31": "23.08470", "2012-04-30": "23.30170", "2012-01-31": "22.38310", "2011-10-31": "21.22530", "2011-07-31": "23.36720", "2011-04-30": "24.65860", "2011-01-31": "24.52170", "2010-10-31": "25.20280", "2010-07-31": "23.96430", "2010-04-30": "23.59880", "2010-01-31": "22.93360", "2009-10-31": "23.83920", "2009-07-31": "23.75930", "2009-04-30": "23.51090", "2009-01-31": "23.37630", "2008-10-31": "23.06340", "2008-07-31": "24.38290", "2008-04-30": "24.96990", "2008-01-31": "24.67070", "2007-10-31": "25.42330", "2007-07-31": "24.48280", "2007-04-30": "24.48110", "2007-01-31": "23.70620", "2006-10-31": "24.28020", "2006-07-31": "24.75100", "2006-04-30": "24.75840", "2006-01-31": "23.24460", "2005-10-31": "23.48450", "2005-07-31": "23.20440", "2005-04-30": "23.83400", "2005-01-31": "22.91880"}, "Operating Margin": {"2020-10-31": "6.50150", "2020-07-31": "5.44980", "2020-04-30": "6.62440", "2020-01-31": "5.91740", "2019-10-31": "6.12710", "2019-07-31": "7.38890", "2019-04-30": "6.61160", "2019-01-31": "6.29500", "2018-10-31": "6.46880", "2018-07-31": "6.97930", "2018-04-30": "6.47000", "2018-01-31": "6.28920", "2017-10-31": "5.30620", "2017-07-31": "7.31240", "2017-04-30": "6.60480", "2017-01-31": "6.74870", "2016-10-31": "5.29890", "2016-07-31": "9.39290", "2016-04-30": "7.25750", "2016-01-31": "7.57800", "2015-10-31": "3.53120", "2015-07-31": "8.14590", "2015-04-30": "7.68280", "2015-01-31": "8.06750", "2014-10-31": "3.86790", "2014-07-31": "5.28550", "2014-04-30": "6.67180", "2014-01-31": "7.09310", "2013-10-31": "6.60120", "2013-07-31": "6.81330", "2013-04-30": "5.80450", "2013-01-31": "6.17790", "2012-10-31": "-21.65630", "2012-07-31": "-29.77180", "2012-04-30": "7.23940", "2012-01-31": "6.79850", "2011-10-31": "2.47490", "2011-07-31": "8.07980", "2011-04-30": "9.38290", "2011-01-31": "10.50710", "2010-10-31": "9.90140", "2010-07-31": "7.55960", "2010-04-30": "9.26450", "2010-01-31": "9.63210", "2009-10-31": "10.17970", "2009-07-31": "8.02250", "2009-04-30": "8.37380", "2009-01-31": "8.66800", "2008-10-31": "8.15700", "2008-07-31": "9.02180", "2008-04-30": "9.16420", "2008-01-31": "9.17900", "2007-10-31": "9.30270", "2007-07-31": "8.33830", "2007-04-30": "8.33400", "2007-01-31": "7.34790", "2006-10-31": "7.74180", "2006-07-31": "6.89810", "2006-04-30": "7.34680", "2006-01-31": "6.58460", "2005-10-31": "1.01250", "2005-07-31": "4.39810", "2005-04-30": "5.39170", "2005-01-31": "5.43020"}, "EBIT Margin": {"2020-10-31": "6.50150", "2020-07-31": "5.44980", "2020-04-30": "6.62440", "2020-01-31": "5.91740", "2019-10-31": "6.12710", "2019-07-31": "7.38890", "2019-04-30": "6.61160", "2019-01-31": "6.29500", "2018-10-31": "6.46880", "2018-07-31": "6.97930", "2018-04-30": "6.47000", "2018-01-31": "6.28920", "2017-10-31": "5.30620", "2017-07-31": "7.31240", "2017-04-30": "6.60480", "2017-01-31": "6.74870", "2016-10-31": "5.29890", "2016-07-31": "9.39290", "2016-04-30": "7.25750", "2016-01-31": "7.57800", "2015-10-31": "3.53120", "2015-07-31": "8.14590", "2015-04-30": "7.68280", "2015-01-31": "8.06750", "2014-10-31": "3.86790", "2014-07-31": "5.28550", "2014-04-30": "6.67180", "2014-01-31": "7.09310", "2013-10-31": "6.60120", "2013-07-31": "6.81330", "2013-04-30": "5.80450", "2013-01-31": "6.17790", "2012-10-31": "-21.65630", "2012-07-31": "-29.77180", "2012-04-30": "7.23940", "2012-01-31": "6.79850", "2011-10-31": "2.47490", "2011-07-31": "8.07980", "2011-04-30": "9.38290", "2011-01-31": "10.50710", "2010-10-31": "9.90140", "2010-07-31": "7.55960", "2010-04-30": "9.26450", "2010-01-31": "9.63210", "2009-10-31": "10.17970", "2009-07-31": "8.02250", "2009-04-30": "8.37380", "2009-01-31": "8.66800", "2008-10-31": "8.15700", "2008-07-31": "9.02180", "2008-04-30": "9.16420", "2008-01-31": "9.17900", "2007-10-31": "9.30270", "2007-07-31": "8.33830", "2007-04-30": "8.33400", "2007-01-31": "7.34790", "2006-10-31": "7.74180", "2006-07-31": "6.89810", "2006-04-30": "7.34680", "2006-01-31": "6.58460", "2005-10-31": "1.01250", "2005-07-31": "4.39810", "2005-04-30": "5.39170", "2005-01-31": "5.43020"}, "EBITDA Margin": {"2020-10-31": "", "2020-07-31": "", "2020-04-30": "", "2020-01-31": "", "2019-10-31": "", "2019-07-31": "", "2019-04-30": "", "2019-01-31": "", "2018-10-31": "", "2018-07-31": "", "2018-04-30": "", "2018-01-31": "", "2017-10-31": "", "2017-07-31": "", "2017-04-30": "", "2017-01-31": "", "2016-10-31": "", "2016-07-31": "", "2016-04-30": "", "2016-01-31": "", "2015-10-31": "", "2015-07-31": "", "2015-04-30": "", "2015-01-31": "", "2014-10-31": "", "2014-07-31": "", "2014-04-30": "", "2014-01-31": "", "2013-10-31": "", "2013-07-31": "", "2013-04-30": "", "2013-01-31": "", "2012-10-31": "", "2012-07-31": "", "2012-04-30": "", "2012-01-31": "", "2011-10-31": "", "2011-07-31": "", "2011-04-30": "", "2011-01-31": "", "2010-10-31": "", "2010-07-31": "", "2010-04-30": "", "2010-01-31": "", "2009-10-31": "", "2009-07-31": "", "2009-04-30": "", "2009-01-31": "", "2008-10-31": "", "2008-07-31": "", "2008-04-30": "", "2008-01-31": "", "2007-10-31": "", "2007-07-31": "", "2007-04-30": "", "2007-01-31": "", "2006-10-31": "", "2006-07-31": "", "2006-04-30": "", "2006-01-31": "", "2005-10-31": "", "2005-07-31": "", "2005-04-30": "", "2005-01-31": ""}, "Pre-Tax Profit Margin": {"2020-10-31": "5.08590", "2020-07-31": "5.25400", "2020-04-30": "6.62440", "2020-01-31": "6.00630", "2019-10-31": "3.19340", "2019-07-31": "1.69830", "2019-04-30": "6.29100", "2019-01-31": "6.11830", "2018-10-31": "6.55340", "2018-07-31": "6.97930", "2018-04-30": "0.59270", "2018-01-31": "6.23410", "2017-10-31": "6.08890", "2017-07-31": "6.88360", "2017-04-30": "6.08800", "2017-01-31": "6.11010", "2016-10-31": "8.07230", "2016-07-31": "9.09010", "2016-04-30": "7.21440", "2016-01-31": "6.81040", "2015-10-31": "2.29450", "2015-07-31": "7.41790", "2015-04-30": "7.08180", "2015-01-31": "7.19440", "2014-10-31": "3.53070", "2014-07-31": "4.75980", "2014-04-30": "6.03460", "2014-01-31": "6.51420", "2013-10-31": "6.24760", "2013-07-31": "6.27710", "2013-04-30": "5.10480", "2013-01-31": "5.54670", "2012-10-31": "-22.28380", "2012-07-31": "-30.52680", "2012-04-30": "6.44770", "2012-01-31": "6.06270", "2011-10-31": "1.22660", "2011-07-31": "7.69180", "2011-04-30": "9.14260", "2011-01-31": "10.20680", "2010-10-31": "9.65800", "2010-07-31": "7.12360", "2010-04-30": "8.96950", "2010-01-31": "8.99380", "2009-10-31": "9.75080", "2009-07-31": "7.38080", "2009-04-30": "7.71650", "2009-01-31": "7.86270", "2008-10-31": "7.86540", "2008-07-31": "9.10390", "2008-04-30": "9.17490", "2008-01-31": "9.43200", "2007-10-31": "9.53950", "2007-07-31": "9.00820", "2007-04-30": "8.72560", "2007-01-31": "7.83030", "2006-10-31": "8.57260", "2006-07-31": "7.93970", "2006-04-30": "8.06950", "2006-01-31": "6.74350", "2005-10-31": "1.66280", "2005-07-31": "4.97620", "2005-04-30": "5.00230", "2005-01-31": "4.89420"}, "Net Profit Margin": {"2020-10-31": "4.37800", "2020-07-31": "5.13500", "2020-04-30": "6.12720", "2020-01-31": "4.63810", "2019-10-31": "2.51830", "2019-07-31": "8.07370", "2019-04-30": "5.57140", "2019-01-31": "5.45890", "2018-10-31": "9.44290", "2018-07-31": "6.03320", "2018-04-30": "7.55550", "2018-01-31": "13.34990", "2017-10-31": "4.73900", "2017-07-31": "5.32930", "2017-04-30": "4.51350", "2017-01-31": "4.81710", "2016-10-31": "3.93220", "2016-07-31": "6.58430", "2016-04-30": "5.42800", "2016-01-31": "4.83420", "2015-10-31": "5.14510", "2015-07-31": "6.90830", "2015-04-30": "7.79070", "2015-01-31": "9.85710", "2014-10-31": "-5.03850", "2014-07-31": "3.57080", "2014-04-30": "4.66150", "2014-01-31": "5.06140", "2013-10-31": "4.85390", "2013-07-31": "5.10540", "2013-04-30": "3.90470", "2013-01-31": "4.34430", "2012-10-31": "-22.87790", "2012-07-31": "-29.85270", "2012-04-30": "5.19010", "2012-01-31": "4.88750", "2011-10-31": "0.74400", "2011-07-31": "6.17530", "2011-04-30": "7.28380", "2011-01-31": "8.06450", "2010-10-31": "7.62670", "2010-07-31": "5.76980", "2010-04-30": "7.13150", "2010-01-31": "7.21690", "2009-10-31": "7.83700", "2009-07-31": "6.05760", "2009-04-30": "6.28490", "2009-01-31": "6.44290", "2008-10-31": "6.28520", "2008-07-31": "7.23100", "2008-04-30": "7.27830", "2008-01-31": "7.49290", "2007-10-31": "7.64850", "2007-07-31": "7.00630", "2007-04-30": "6.95150", "2007-01-31": "6.16780", "2006-10-31": "6.91100", "2006-07-31": "6.28140", "2006-04-30": "8.41980", "2006-01-31": "5.41510", "2005-10-31": "1.81560", "2005-07-31": "0.35170", "2005-04-30": "4.47840", "2005-01-31": "4.39550"}, "Asset Turnover": {"2020-10-31": "0.44000", "2020-07-31": "0.41740", "2020-04-30": "0.36920", "2020-01-31": "0.46180", "2019-10-31": "0.46040", "2019-07-31": "0.45060", "2019-04-30": "0.43940", "2019-01-31": "0.45280", "2018-10-31": "0.44380", "2018-07-31": "0.42580", "2018-04-30": "0.43640", "2018-01-31": "0.41190", "2017-10-31": "0.42310", "2017-07-31": "0.40900", "2017-04-30": "0.43170", "2017-01-31": "0.44990", "2016-10-31": "0.43160", "2016-07-31": "0.43680", "2016-04-30": "0.45400", "2016-01-31": "0.47990", "2015-10-31": "0.24060", "2015-07-31": "0.11550", "2015-04-30": "0.12800", "2015-01-31": "0.13740", "2014-10-31": "-0.25580", "2014-07-31": "0.26740", "2014-04-30": "0.26270", "2014-01-31": "0.26810", "2013-10-31": "0.27570", "2013-07-31": "0.25730", "2013-04-30": "0.25960", "2013-01-31": "0.26580", "2012-10-31": "0.27540", "2012-07-31": "0.25240", "2012-04-30": "0.24040", "2012-01-31": "0.23730", "2011-10-31": "0.24800", "2011-07-31": "0.24970", "2011-04-30": "0.25280", "2011-01-31": "0.26930", "2010-10-31": "0.26730", "2010-07-31": "0.25600", "2010-04-30": "0.26600", "2010-01-31": "0.27440", "2009-10-31": "0.26810", "2009-07-31": "0.24840", "2009-04-30": "0.25230", "2009-01-31": "0.26280", "2008-10-31": "0.29650", "2008-07-31": "0.29230", "2008-04-30": "0.30790", "2008-01-31": "0.32140", "2007-10-31": "0.31900", "2007-07-31": "0.29810", "2007-04-30": "0.30610", "2007-01-31": "0.30850", "2006-10-31": "0.29950", "2006-07-31": "0.27640", "2006-04-30": "0.29220", "2006-01-31": "0.30450", "2005-10-31": "0.29640", "2005-07-31": "0.27530", "2005-04-30": "0.28250", "2005-01-31": "0.28550"}, "Inventory Turnover Ratio": {"2020-10-31": "2.10950", "2020-07-31": "2.01850", "2020-04-30": "1.57000", "2020-01-31": "2.37480", "2019-10-31": "2.17700", "2019-07-31": "2.04650", "2019-04-30": "2.09620", "2019-01-31": "2.14160", "2018-10-31": "2.08990", "2018-07-31": "1.95340", "2018-04-30": "2.03370", "2018-01-31": "2.11050", "2017-10-31": "1.97150", "2017-07-31": "2.05110", "2017-04-30": "2.10300", "2017-01-31": "2.29110", "2016-10-31": "2.27940", "2016-07-31": "2.45390", "2016-04-30": "2.63260", "2016-01-31": "2.45830", "2015-10-31": "4.51560", "2015-07-31": "1.49790", "2015-04-30": "1.67260", "2015-01-31": "1.69930", "2014-10-31": "-2.80330", "2014-07-31": "3.35640", "2014-04-30": "3.54520", "2014-01-31": "3.62030", "2013-10-31": "3.71100", "2013-07-31": "3.18950", "2013-04-30": "3.50980", "2013-01-31": "3.45610", "2012-10-31": "3.59520", "2012-07-31": "3.12950", "2012-04-30": "3.22210", "2012-01-31": "3.20630", "2011-10-31": "3.37840", "2011-07-31": "3.21810", "2011-04-30": "3.51610", "2011-01-31": "3.61360", "2010-10-31": "3.84950", "2010-07-31": "3.24240", "2010-04-30": "3.66210", "2010-01-31": "3.62400", "2009-10-31": "3.82510", "2009-07-31": "3.59500", "2009-04-30": "3.64510", "2009-01-31": "2.89330", "2008-10-31": "3.28130", "2008-07-31": "2.59770", "2008-04-30": "2.76180", "2008-01-31": "2.70140", "2007-10-31": "2.62670", "2007-07-31": "2.39370", "2007-04-30": "2.64950", "2007-01-31": "2.28350", "2006-10-31": "2.39910", "2006-07-31": "2.20690", "2006-04-30": "2.50740", "2006-01-31": "2.58390", "2005-10-31": "2.54940", "2005-07-31": "2.39950", "2005-04-30": "2.54160", "2005-01-31": "2.32260"}, "Receiveable Turnover": {"2020-10-31": "2.83550", "2020-07-31": "2.71280", "2020-04-30": "2.42300", "2020-01-31": "3.00970", "2019-10-31": "2.55460", "2019-07-31": "2.75790", "2019-04-30": "2.59250", "2019-01-31": "2.87700", "2018-10-31": "3.00530", "2018-07-31": "3.16060", "2018-04-30": "3.04080", "2018-01-31": "3.30230", "2017-10-31": "3.15520", "2017-07-31": "3.08530", "2017-04-30": "3.28430", "2017-01-31": "3.64690", "2016-10-31": "3.04130", "2016-07-31": "2.96710", "2016-04-30": "2.98350", "2016-01-31": "2.97670", "2015-10-31": "5.32930", "2015-07-31": "0.79460", "2015-04-30": "0.85590", "2015-01-31": "0.91160", "2014-10-31": "-1.57330", "2014-07-31": "1.59190", "2014-04-30": "1.56950", "2014-01-31": "1.70160", "2013-10-31": "1.53160", "2013-07-31": "1.56030", "2013-04-30": "1.54800", "2013-01-31": "1.61570", "2012-10-31": "1.52390", "2012-07-31": "1.57800", "2012-04-30": "1.55420", "2012-01-31": "1.57960", "2011-10-31": "1.50200", "2011-07-31": "1.46510", "2011-04-30": "1.45100", "2011-01-31": "1.65360", "2010-10-31": "1.55020", "2010-07-31": "1.66820", "2010-04-30": "1.75800", "2010-01-31": "1.80550", "2009-10-31": "1.60200", "2009-07-31": "1.59760", "2009-04-30": "1.60910", "2009-01-31": "1.68610", "2008-10-31": "1.74630", "2008-07-31": "1.71470", "2008-04-30": "1.75030", "2008-01-31": "1.90480", "2007-10-31": "1.77640", "2007-07-31": "1.77200", "2007-04-30": "1.80980", "2007-01-31": "1.94220", "2006-10-31": "1.84440", "2006-07-31": "1.79540", "2006-04-30": "1.83020", "2006-01-31": "2.01930", "2005-10-31": "1.83980", "2005-07-31": "1.83030", "2005-04-30": "1.79960", "2005-01-31": "1.86960"}, "Days Sales In Receivables": {"2020-10-31": "31.74010", "2020-07-31": "33.17550", "2020-04-30": "37.14330", "2020-01-31": "29.90350", "2019-10-31": "35.23010", "2019-07-31": "32.63370", "2019-04-30": "34.71500", "2019-01-31": "31.28280", "2018-10-31": "29.94730", "2018-07-31": "28.47590", "2018-04-30": "29.59720", "2018-01-31": "27.25360", "2017-10-31": "28.52450", "2017-07-31": "29.17080", "2017-04-30": "27.40330", "2017-01-31": "24.67830", "2016-10-31": "29.59240", "2016-07-31": "30.33300", "2016-04-30": "30.16570", "2016-01-31": "30.23520", "2015-10-31": "16.88770", "2015-07-31": "113.26080", "2015-04-30": "105.15370", "2015-01-31": "98.72850", "2014-10-31": "-57.20420", "2014-07-31": "56.53510", "2014-04-30": "57.34370", "2014-01-31": "52.89270", "2013-10-31": "58.76210", "2013-07-31": "57.68050", "2013-04-30": "58.14010", "2013-01-31": "55.70300", "2012-10-31": "59.05770", "2012-07-31": "57.03530", "2012-04-30": "57.90640", "2012-01-31": "56.97660", "2011-10-31": "59.91970", "2011-07-31": "61.42940", "2011-04-30": "62.02580", "2011-01-31": "54.42570", "2010-10-31": "58.05730", "2010-07-31": "53.94900", "2010-04-30": "51.19520", "2010-01-31": "49.84830", "2009-10-31": "56.18090", "2009-07-31": "56.33610", "2009-04-30": "55.93320", "2009-01-31": "53.37770", "2008-10-31": "51.53650", "2008-07-31": "52.48720", "2008-04-30": "51.41990", "2008-01-31": "47.24950", "2007-10-31": "50.66380", "2007-07-31": "50.78970", "2007-04-30": "49.73020", "2007-01-31": "46.33840", "2006-10-31": "48.79540", "2006-07-31": "50.12700", "2006-04-30": "49.17400", "2006-01-31": "44.56900", "2005-10-31": "48.91810", "2005-07-31": "49.17290", "2005-04-30": "50.01110", "2005-01-31": "48.13790"}, "ROE - Return On Equity": {"2020-10-31": "-29.98210", "2020-07-31": "-36.95870", "2020-04-30": "-102.82640", "2020-01-31": "-41.49330", "2019-10-31": "-32.52310", "2019-07-31": "-104.24400", "2019-04-30": "-52.58910", "2019-01-31": "-43.71260", "2018-10-31": "-227.07350", "2018-07-31": "-49.80190", "2018-04-30": "-56.79010", "2018-01-31": "-70.67830", "2017-10-31": "-19.36620", "2017-07-31": "-16.04060", "2017-04-30": "-14.13400", "2017-01-31": "-14.12060", "2016-10-31": "-13.19110", "2016-07-31": "-21.47220", "2016-04-30": "-13.79020", "2016-01-31": "-13.24100", "2015-10-31": "4.69970", "2015-07-31": "2.55070", "2015-04-30": "2.69790", "2015-01-31": "2.86200", "2014-10-31": "-2.79800", "2014-07-31": "3.40810", "2014-04-30": "4.45390", "2014-01-31": "5.06230", "2013-10-31": "5.11280", "2013-07-31": "5.56490", "2013-04-30": "4.50030", "2013-01-31": "5.28980", "2012-10-31": "-30.01800", "2012-07-31": "-27.66950", "2012-04-30": "3.82040", "2012-01-31": "3.70970", "2011-10-31": "0.61280", "2011-07-31": "4.91100", "2011-04-30": "5.51260", "2011-01-31": "6.27000", "2010-10-31": "6.22350", "2010-07-31": "4.13910", "2010-04-30": "5.02150", "2010-01-31": "5.37110", "2009-10-31": "5.91700", "2009-07-31": "4.02310", "2009-04-30": "4.24500", "2009-01-31": "4.68840", "2008-10-31": "5.42350", "2008-07-31": "5.26560", "2008-04-30": "5.39150", "2008-01-31": "5.62140", "2007-10-31": "5.61700", "2007-07-31": "4.81360", "2007-04-30": "4.86490", "2007-01-31": "4.06650", "2006-10-31": "4.44890", "2006-07-31": "3.78290", "2006-04-30": "5.12500", "2006-01-31": "3.42680", "2005-10-31": "1.11900", "2005-07-31": "0.19530", "2005-04-30": "2.53060", "2005-01-31": "2.49960"}, "Return On Tangible Equity": {"2020-10-31": "-7.76020", "2020-07-31": "-8.76730", "2020-04-30": "-10.74090", "2020-01-31": "-8.45280", "2019-10-31": "-5.12890", "2019-07-31": "-15.80220", "2019-04-30": "-9.97960", "2019-01-31": "-9.81660", "2018-10-31": "-21.96160", "2018-07-31": "-11.43300", "2018-04-30": "-13.55720", "2018-01-31": "-22.33490", "2017-10-31": "-7.30900", "2017-07-31": "-6.98730", "2017-04-30": "-5.83690", "2017-01-31": "-6.14130", "2016-10-31": "-5.39380", "2016-07-31": "-8.83280", "2016-04-30": "-6.31100", "2016-01-31": "-6.13840", "2015-10-31": "5.88760", "2015-07-31": "-8.93880", "2015-04-30": "-12.68610", "2015-01-31": "-12.60230", "2014-10-31": "12.36160", "2014-07-31": "-21.57250", "2014-04-30": "-24.89250", "2014-01-31": "-24.56050", "2013-10-31": "-21.30480", "2013-07-31": "-14.44460", "2013-04-30": "-9.72900", "2013-01-31": "-10.33210", "2012-10-31": "53.75270", "2012-07-31": "69.40680", "2012-04-30": "-12.20780", "2012-01-31": "-9.72440", "2011-10-31": "-1.45330", "2011-07-31": "-30.65420", "2011-04-30": "-56.93110", "2011-01-31": "-59.33940", "2010-10-31": "-45.72970", "2010-07-31": "519.94130", "2010-04-30": "88.67390", "2010-01-31": "87.99370", "2009-10-31": "228.62560", "2009-07-31": "123.23010", "2009-04-30": "400.23250", "2009-01-31": "-660.49820", "2008-10-31": "-155.86720", "2008-07-31": "17.01360", "2008-04-30": "17.69920", "2008-01-31": "17.58890", "2007-10-31": "17.07430", "2007-07-31": "14.07980", "2007-04-30": "14.74620", "2007-01-31": "11.30440", "2006-10-31": "9.45980", "2006-07-31": "8.59160", "2006-04-30": "11.42320", "2006-01-31": "8.05490", "2005-10-31": "2.42620", "2005-07-31": "0.41640", "2005-04-30": "5.28560", "2005-01-31": "5.25730"}, "ROA - Return On Assets": {"2020-10-31": "1.92610", "2020-07-31": "2.14340", "2020-04-30": "2.26220", "2020-01-31": "2.14180", "2019-10-31": "1.15940", "2019-07-31": "3.63830", "2019-04-30": "2.44790", "2019-01-31": "2.47150", "2018-10-31": "4.19100", "2018-07-31": "2.56900", "2018-04-30": "3.29730", "2018-01-31": "5.49870", "2017-10-31": "2.00530", "2017-07-31": "2.17950", "2017-04-30": "1.94870", "2017-01-31": "2.16730", "2016-10-31": "1.76980", "2016-07-31": "3.09650", "2016-04-30": "2.58590", "2016-01-31": "2.54730", "2015-10-31": "1.23780", "2015-07-31": "0.65400", "2015-04-30": "0.72290", "2015-01-31": "0.76340", "2014-10-31": "-0.73540", "2014-07-31": "0.95470", "2014-04-30": "1.22440", "2014-01-31": "1.35680", "2013-10-31": "1.33810", "2013-07-31": "1.31380", "2013-04-30": "1.01360", "2013-01-31": "1.15460", "2012-10-31": "-6.30150", "2012-07-31": "-7.53430", "2012-04-30": "1.24760", "2012-01-31": "1.15960", "2011-10-31": "0.18450", "2011-07-31": "1.54180", "2011-04-30": "1.84130", "2011-01-31": "2.17200", "2010-10-31": "2.03850", "2010-07-31": "1.47730", "2010-04-30": "1.89670", "2010-01-31": "1.98030", "2009-10-31": "2.10110", "2009-07-31": "1.50440", "2009-04-30": "1.58600", "2009-01-31": "1.69290", "2008-10-31": "1.86360", "2008-07-31": "2.11380", "2008-04-30": "2.24060", "2008-01-31": "2.40820", "2007-10-31": "2.43970", "2007-07-31": "2.08830", "2007-04-30": "2.12800", "2007-01-31": "1.90250", "2006-10-31": "2.07000", "2006-07-31": "1.73630", "2006-04-30": "2.46040", "2006-01-31": "1.64890", "2005-10-31": "0.53800", "2005-07-31": "0.09680", "2005-04-30": "1.26530", "2005-01-31": "1.25490"}, "ROI - Return On Investment": {"2020-10-31": "20.15080", "2020-07-31": "18.37300", "2020-04-30": "23.88990", "2020-01-31": "29.50390", "2019-10-31": "10.81680", "2019-07-31": "32.75910", "2019-04-30": "23.97300", "2019-01-31": "27.98890", "2018-10-31": "37.34880", "2018-07-31": "32.16370", "2018-04-30": "40.21280", "2018-01-31": "53.86330", "2017-10-31": "19.76640", "2017-07-31": "28.93970", "2017-04-30": "20.29040", "2017-01-31": "25.87890", "2016-10-31": "18.02530", "2016-07-31": "29.74590", "2016-04-30": "34.33920", "2016-01-31": "36.64040", "2015-10-31": "3.79870", "2015-07-31": "1.67020", "2015-04-30": "1.71930", "2015-01-31": "1.81360", "2014-10-31": "-1.75830", "2014-07-31": "2.13990", "2014-04-30": "2.78120", "2014-01-31": "3.08980", "2013-10-31": "3.19450", "2013-07-31": "3.30150", "2013-04-30": "2.45920", "2013-01-31": "2.73520", "2012-10-31": "-15.36010", "2012-07-31": "-15.79550", "2012-04-30": "2.35920", "2012-01-31": "2.25730", "2011-10-31": "0.38830", "2011-07-31": "3.30660", "2011-04-30": "4.09190", "2011-01-31": "4.44770", "2010-10-31": "4.52900", "2010-07-31": "3.22140", "2010-04-30": "3.82340", "2010-01-31": "4.02500", "2009-10-31": "4.40600", "2009-07-31": "3.01480", "2009-04-30": "3.21560", "2009-01-31": "3.72350", "2008-10-31": "4.53040", "2008-07-31": "4.49220", "2008-04-30": "4.48720", "2008-01-31": "4.95550", "2007-10-31": "4.97210", "2007-07-31": "4.24530", "2007-04-30": "4.38670", "2007-01-31": "3.82150", "2006-10-31": "4.17630", "2006-07-31": "3.54390", "2006-04-30": "4.81250", "2006-01-31": "3.21020", "2005-10-31": "1.02540", "2005-07-31": "0.17900", "2005-04-30": "2.26920", "2005-01-31": "2.23810"}, "Book Value Per Share": {"2020-10-31": "-1.70860", "2020-07-31": "-1.44650", "2020-04-30": "-0.51960", "2020-01-31": "-1.14030", "2019-10-31": "-0.81820", "2019-07-31": "-0.76320", "2019-04-30": "-0.98740", "2019-01-31": "-1.19360", "2018-10-31": "-0.40960", "2018-07-31": "-1.11690", "2018-04-30": "-1.15640", "2018-01-31": "-1.67090", "2017-10-31": "-2.06550", "2017-07-31": "-2.59820", "2017-04-30": "-2.35000", "2017-01-31": "-2.55580", "2016-10-31": "-2.27160", "2016-07-31": "-2.29460", "2016-04-30": "-2.79720", "2016-01-31": "-2.82610", "2015-10-31": "15.60480", "2015-07-31": "15.23770", "2015-04-30": "15.03540", "2015-01-31": "14.76620", "2014-10-31": "14.75100", "2014-07-31": "15.49710", "2014-04-30": "15.24370", "2014-01-31": "14.82310", "2013-10-31": "14.49480", "2013-07-31": "12.94870", "2013-04-30": "12.43220", "2013-01-31": "11.92520", "2012-10-31": "11.63170", "2012-07-31": "16.27350", "2012-04-30": "21.08040", "2012-01-31": "20.00610", "2011-10-31": "19.59020", "2011-07-31": "19.58940", "2011-04-30": "19.65900", "2011-01-31": "19.11090", "2010-10-31": "18.50320", "2010-07-31": "18.65640", "2010-04-30": "18.68320", "2010-01-31": "17.83360", "2009-10-31": "17.23640", "2009-07-31": "17.43700", "2009-04-30": "16.95610", "2009-01-31": "16.46030", "2008-10-31": "16.12510", "2008-07-31": "15.73790", "2008-04-30": "15.42780", "2008-01-31": "15.09310", "2007-10-31": "14.93260", "2007-07-31": "14.22300", "2007-04-30": "13.97400", "2007-01-31": "14.13190", "2006-10-31": "13.96190", "2006-07-31": "13.28510", "2006-04-30": "13.22410", "2006-01-31": "12.67470", "2005-10-31": "13.10400", "2005-07-31": "13.03560", "2005-04-30": "13.25910", "2005-01-31": "13.00000"}, "Operating Cash Flow Per Share": {"2020-10-31": 1.3233, "2020-07-31": 1.1779, "2020-04-30": -0.3419, "2020-01-31": "0.88010", "2019-10-31": 0.3575, "2019-07-31": 1.5746, "2019-04-30": 0.5716, "2019-01-31": "0.55010", "2018-10-31": 0.5709, "2018-07-31": 0.9572, "2018-04-30": 0.6462, "2018-01-31": "0.59680", "2017-10-31": 0.3923, "2017-07-31": 1.0531, "2017-04-30": 0.2693, "2017-01-31": "0.44570", "2016-10-31": 0.3886, "2016-07-31": 0.6238, "2016-04-30": 0.9104, "2016-01-31": "-0.05710", "2015-10-31": 1.7352, "2015-07-31": 0.9205, "2015-04-30": 0.8028, "2015-01-31": "0.39980", "2014-10-31": 1.3782, "2014-07-31": 1.9484, "2014-04-30": 1.5785, "2014-01-31": "1.54520", "2013-10-31": 1.4395, "2013-07-31": 1.371, "2013-04-30": 1.8325, "2013-01-31": "1.30980", "2012-10-31": 2.0512, "2012-07-31": 1.4589, "2012-04-30": 1.2479, "2012-01-31": "0.59710", "2011-10-31": 1.0168, "2011-07-31": 1.7028, "2011-04-30": 1.8406, "2011-01-31": "1.37920", "2010-10-31": 1.3346, "2010-07-31": 1.4064, "2010-04-30": 1.2933, "2010-01-31": "0.99180", "2009-10-31": 1.407, "2009-07-31": 1.585, "2009-04-30": 2.0409, "2009-01-31": "0.45700", "2008-10-31": 1.2171, "2008-07-31": 1.3571, "2008-04-30": 1.9095, "2008-01-31": "1.20040", "2007-10-31": 1.3132, "2007-07-31": 0.7113, "2007-04-30": 1.5235, "2007-01-31": "-0.00790", "2006-10-31": 1.1244, "2006-07-31": 0.9581, "2006-04-30": 1.2601, "2006-01-31": "0.63810", "2005-10-31": 0.6469, "2005-07-31": 0.7648, "2005-04-30": 0.8173, "2005-01-31": "0.53070"}, "Free Cash Flow Per Share": {"2020-10-31": 1.241, "2020-07-31": 1.0928, "2020-04-30": -0.4452, "2020-01-31": "0.74450", "2019-10-31": 0.2322, "2019-07-31": 1.4568, "2019-04-30": 0.495, "2019-01-31": "0.42950", "2018-10-31": 0.4958, "2018-07-31": 0.8836, "2018-04-30": 0.5774, "2018-01-31": "0.58540", "2017-10-31": 0.2957, "2017-07-31": 1.0166, "2017-04-30": 0.2253, "2017-01-31": "0.42710", "2016-10-31": 0.3101, "2016-07-31": 0.5764, "2016-04-30": 0.8587, "2016-01-31": "-0.12440", "2015-10-31": 1.2652, "2015-07-31": 0.4699, "2015-04-30": 0.4167, "2015-01-31": "-0.03920", "2014-10-31": 0.9597, "2014-07-31": 1.4539, "2014-04-30": 1.1999, "2014-01-31": "1.26250", "2013-10-31": 1.044, "2013-07-31": 1.0393, "2013-04-30": 1.5128, "2013-01-31": "1.05110", "2012-10-31": 1.7609, "2012-07-31": 1.0596, "2012-04-30": 0.7666, "2012-01-31": "0.20320", "2011-10-31": 0.4936, "2011-07-31": 1.2002, "2011-04-30": 1.3749, "2011-01-31": "1.20710", "2010-10-31": 0.9184, "2010-07-31": 0.9587, "2010-04-30": 0.9608, "2010-01-31": "0.69960", "2009-10-31": 1.0579, "2009-07-31": 1.1986, "2009-04-30": 1.7329, "2009-01-31": "0.18750", "2008-10-31": 0.8869, "2008-07-31": 1.1268, "2008-04-30": 1.6677, "2008-01-31": "1.00340", "2007-10-31": 1.0423, "2007-07-31": 0.5027, "2007-04-30": 1.2996, "2007-01-31": "-0.21460", "2006-10-31": 0.8219, "2006-07-31": 0.8169, "2006-04-30": 1.1209, "2006-01-31": "0.52680", "2005-10-31": 0.4938, "2005-07-31": 0.6924, "2005-04-30": 0.6861, "2005-01-31": "0.38790"}}, "revenue": {"HP Annual Revenue (Millions of US $)": {"2020": "$56,639", "2019": "$58,756", "2018": "$58,472", "2017": "$52,056", "2016": "$48,238", "2015": "$51,463", "2014": "$56,651", "2013": "$112,298", "2012": "$120,357", "2011": "$127,245", "2010": "$126,033", "2009": "$114,552", "2008": "$118,364", "2007": "$104,286", "2006": "$91,658", "2005": "$86,696"}, "HP Quarterly Revenue (Millions of US $)": {"2020-10-31": "$15,258", "2020-07-31": "$14,294", "2020-04-30": "$12,469", "2020-01-31": "$14,618", "2019-10-31": "$15,407", "2019-07-31": "$14,603", "2019-04-30": "$14,036", "2019-01-31": "$14,710", "2018-10-31": "$15,366", "2018-07-31": "$14,586", "2018-04-30": "$14,003", "2018-01-31": "$14,517", "2017-10-31": "$13,927", "2017-07-31": "$13,060", "2017-04-30": "$12,385", "2017-01-31": "$12,684", "2016-10-31": "$12,512", "2016-07-31": "$11,892", "2016-04-30": "$11,588", "2016-01-31": "$12,246", "2015-10-31": "$25,714", "2015-07-31": "$12,362", "2015-04-30": "$12,977", "2015-01-31": "$13,858", "2014-10-31": "$-26,397", "2014-07-31": "$27,585", "2014-04-30": "$27,309", "2014-01-31": "$28,154", "2013-10-31": "$29,131", "2013-07-31": "$27,226", "2013-04-30": "$27,582", "2013-01-31": "$28,359", "2012-10-31": "$29,959", "2012-07-31": "$29,669", "2012-04-30": "$30,693", "2012-01-31": "$30,036", "2011-10-31": "$32,122", "2011-07-31": "$31,189", "2011-04-30": "$31,632", "2011-01-31": "$32,302", "2010-10-31": "$33,278", "2010-07-31": "$30,729", "2010-04-30": "$30,849", "2010-01-31": "$31,177", "2009-10-31": "$30,777", "2009-07-31": "$27,585", "2009-04-30": "$27,383", "2009-01-31": "$28,807", "2008-10-31": "$33,603", "2008-07-31": "$28,032", "2008-04-30": "$28,262", "2008-01-31": "$28,467", "2007-10-31": "$28,293", "2007-07-31": "$25,377", "2007-04-30": "$25,534", "2007-01-31": "$25,082", "2006-10-31": "$24,555", "2006-07-31": "$21,890", "2006-04-30": "$22,554", "2006-01-31": "$22,659", "2005-10-31": "$22,913", "2005-07-31": "$20,759", "2005-04-30": "$21,570", "2005-01-31": "$21,454"}}, "gross-profit": {"HP Annual Gross Profit (Millions of US $)": {"2020": "$10,437", "2019": "$11,170", "2018": "$10,669", "2017": "$9,578", "2016": "$8,998", "2015": "$9,939", "2014": "$11,220", "2013": "$25,918", "2012": "$27,972", "2011": "$29,827", "2010": "$30,181", "2009": "$27,063", "2008": "$28,665", "2007": "$25,603", "2006": "$22,231", "2005": "$20,256"}, "HP Quarterly Gross Profit (Millions of US $)": {"2020-10-31": "$2,679", "2020-07-31": "$2,393", "2020-04-30": "$2,493", "2020-01-31": "$2,872", "2019-10-31": "$2,924", "2019-07-31": "$2,905", "2019-04-30": "$2,729", "2019-01-31": "$2,612", "2018-10-31": "$2,697", "2018-07-31": "$2,688", "2018-04-30": "$2,702", "2018-01-31": "$2,582", "2017-10-31": "$2,520", "2017-07-31": "$2,427", "2017-04-30": "$2,383", "2017-01-31": "$2,248", "2016-10-31": "$2,291", "2016-07-31": "$2,172", "2016-04-30": "$2,250", "2016-01-31": "$2,285", "2015-10-31": "$6,351", "2015-07-31": "$2,326", "2015-04-30": "$2,562", "2015-01-31": "$2,685", "2014-10-31": "$-8,414", "2014-07-31": "$6,611", "2014-04-30": "$6,605", "2014-01-31": "$6,418", "2013-10-31": "$6,694", "2013-07-31": "$6,367", "2013-04-30": "$6,527", "2013-01-31": "$6,330", "2012-10-31": "$7,248", "2012-07-31": "$6,849", "2012-04-30": "$7,152", "2012-01-31": "$6,723", "2011-10-31": "$6,818", "2011-07-31": "$7,288", "2011-04-30": "$7,800", "2011-01-31": "$7,921", "2010-10-31": "$8,387", "2010-07-31": "$7,364", "2010-04-30": "$7,280", "2010-01-31": "$7,150", "2009-10-31": "$7,337", "2009-07-31": "$6,554", "2009-04-30": "$6,438", "2009-01-31": "$6,734", "2008-10-31": "$7,750", "2008-07-31": "$6,835", "2008-04-30": "$7,057", "2008-01-31": "$7,023", "2007-10-31": "$7,193", "2007-07-31": "$6,213", "2007-04-30": "$6,251", "2007-01-31": "$5,946", "2006-10-31": "$5,962", "2006-07-31": "$5,418", "2006-04-30": "$5,584", "2006-01-31": "$5,267", "2005-10-31": "$5,381", "2005-07-31": "$4,817", "2005-04-30": "$5,141", "2005-01-31": "$4,917"}}, "operating-income": {"HP Annual Operating Income (Millions of US $)": {"2020": "$3,462", "2019": "$3,877", "2018": "$3,831", "2017": "$3,368", "2016": "$3,549", "2015": "$3,920", "2014": "$4,256", "2013": "$7,131", "2012": "$-11,057", "2011": "$9,677", "2010": "$11,479", "2009": "$10,136", "2008": "$10,473", "2007": "$8,719", "2006": "$6,560", "2005": "$3,473"}, "HP Quarterly Operating Income (Millions of US $)": {"2020-10-31": "$992", "2020-07-31": "$779", "2020-04-30": "$826", "2020-01-31": "$865", "2019-10-31": "$944", "2019-07-31": "$1,079", "2019-04-30": "$928", "2019-01-31": "$926", "2018-10-31": "$994", "2018-07-31": "$1,018", "2018-04-30": "$906", "2018-01-31": "$913", "2017-10-31": "$739", "2017-07-31": "$955", "2017-04-30": "$818", "2017-01-31": "$856", "2016-10-31": "$663", "2016-07-31": "$1,117", "2016-04-30": "$841", "2016-01-31": "$928", "2015-10-31": "$908", "2015-07-31": "$1,007", "2015-04-30": "$997", "2015-01-31": "$1,118", "2014-10-31": "$-1,021", "2014-07-31": "$1,458", "2014-04-30": "$1,822", "2014-01-31": "$1,997", "2013-10-31": "$1,923", "2013-07-31": "$1,855", "2013-04-30": "$1,601", "2013-01-31": "$1,752", "2012-10-31": "$-6,488", "2012-07-31": "$-8,833", "2012-04-30": "$2,222", "2012-01-31": "$2,042", "2011-10-31": "$795", "2011-07-31": "$2,520", "2011-04-30": "$2,968", "2011-01-31": "$3,394", "2010-10-31": "$3,295", "2010-07-31": "$2,323", "2010-04-30": "$2,858", "2010-01-31": "$3,003", "2009-10-31": "$3,133", "2009-07-31": "$2,213", "2009-04-30": "$2,293", "2009-01-31": "$2,497", "2008-10-31": "$2,741", "2008-07-31": "$2,529", "2008-04-30": "$2,590", "2008-01-31": "$2,613", "2007-10-31": "$2,632", "2007-07-31": "$2,116", "2007-04-30": "$2,128", "2007-01-31": "$1,843", "2006-10-31": "$1,901", "2006-07-31": "$1,510", "2006-04-30": "$1,657", "2006-01-31": "$1,492", "2005-10-31": "$232", "2005-07-31": "$913", "2005-04-30": "$1,163", "2005-01-31": "$1,165"}}, "ebitda": {"HP Annual EBITDA (Millions of US $)": {"2020": "$4,251", "2019": "$4,621", "2018": "$4,359", "2017": "$3,722", "2016": "$3,881", "2015": "$7,981", "2014": "$8,590", "2013": "$11,742", "2012": "$12,073", "2011": "$15,546", "2010": "$16,299", "2009": "$14,916", "2008": "$13,874", "2007": "$11,424", "2006": "$8,913", "2005": "$5,817"}, "HP Quarterly EBITDA (Millions of US $)": {"2020-10-31": "$1,188", "2020-07-31": "$976", "2020-04-30": "$1,024", "2020-01-31": "$1,063", "2019-10-31": "$1,149", "2019-07-31": "$1,269", "2019-04-30": "$1,109", "2019-01-31": "$1,094", "2018-10-31": "$1,134", "2018-07-31": "$1,150", "2018-04-30": "$1,033", "2018-01-31": "$1,042", "2017-10-31": "$830", "2017-07-31": "$1,045", "2017-04-30": "$907", "2017-01-31": "$940", "2016-10-31": "$746", "2016-07-31": "$1,202", "2016-04-30": "$926", "2016-01-31": "$1,007", "2015-10-31": "$1,915", "2015-07-31": "$2,030", "2015-04-30": "$2,000", "2015-01-31": "$2,146", "2014-10-31": "$54", "2014-07-31": "$2,513", "2014-04-30": "$2,909", "2014-01-31": "$3,114", "2013-10-31": "$3,043", "2013-07-31": "$3,013", "2013-04-30": "$2,771", "2013-01-31": "$2,915", "2012-10-31": "$3,560", "2012-07-31": "$1,661", "2012-04-30": "$3,507", "2012-01-31": "$3,345", "2011-10-31": "$2,942", "2011-07-31": "$3,745", "2011-04-30": "$4,210", "2011-01-31": "$4,649", "2010-10-31": "$4,559", "2010-07-31": "$3,533", "2010-04-30": "$4,042", "2010-01-31": "$4,165", "2009-10-31": "$4,367", "2009-07-31": "$3,392", "2009-04-30": "$3,446", "2009-01-31": "$3,711", "2008-10-31": "$3,874", "2008-07-31": "$3,288", "2008-04-30": "$3,350", "2008-01-31": "$3,362", "2007-10-31": "$3,331", "2007-07-31": "$2,801", "2007-04-30": "$2,806", "2007-01-31": "$2,486", "2006-10-31": "$2,497", "2006-07-31": "$2,108", "2006-04-30": "$2,253", "2006-01-31": "$2,055", "2005-10-31": "$777", "2005-07-31": "$1,501", "2005-04-30": "$1,762", "2005-01-31": "$1,777"}}, "net-income": {"HP Annual Net Income (Millions of US $)": {"2020": "$2,844", "2019": "$3,152", "2018": "$5,327", "2017": "$2,526", "2016": "$2,496", "2015": "$4,554", "2014": "$5,013", "2013": "$5,113", "2012": "$-12,650", "2011": "$7,074", "2010": "$8,761", "2009": "$7,660", "2008": "$8,329", "2007": "$7,264", "2006": "$6,198", "2005": "$2,398"}, "HP Quarterly Net Income (Millions of US $)": {"2020-10-31": "$668", "2020-07-31": "$734", "2020-04-30": "$764", "2020-01-31": "$678", "2019-10-31": "$388", "2019-07-31": "$1,179", "2019-04-30": "$782", "2019-01-31": "$803", "2018-10-31": "$1,451", "2018-07-31": "$880", "2018-04-30": "$1,058", "2018-01-31": "$1,938", "2017-10-31": "$660", "2017-07-31": "$696", "2017-04-30": "$559", "2017-01-31": "$611", "2016-10-31": "$492", "2016-07-31": "$783", "2016-04-30": "$629", "2016-01-31": "$592", "2015-10-31": "$1,323", "2015-07-31": "$854", "2015-04-30": "$1,011", "2015-01-31": "$1,366", "2014-10-31": "$1,330", "2014-07-31": "$985", "2014-04-30": "$1,273", "2014-01-31": "$1,425", "2013-10-31": "$1,414", "2013-07-31": "$1,390", "2013-04-30": "$1,077", "2013-01-31": "$1,232", "2012-10-31": "$-6,854", "2012-07-31": "$-8,857", "2012-04-30": "$1,593", "2012-01-31": "$1,468", "2011-10-31": "$239", "2011-07-31": "$1,926", "2011-04-30": "$2,304", "2011-01-31": "$2,605", "2010-10-31": "$2,538", "2010-07-31": "$1,773", "2010-04-30": "$2,200", "2010-01-31": "$2,250", "2009-10-31": "$2,412", "2009-07-31": "$1,671", "2009-04-30": "$1,721", "2009-01-31": "$1,856", "2008-10-31": "$2,112", "2008-07-31": "$2,027", "2008-04-30": "$2,057", "2008-01-31": "$2,133", "2007-10-31": "$2,164", "2007-07-31": "$1,778", "2007-04-30": "$1,775", "2007-01-31": "$1,547", "2006-10-31": "$1,697", "2006-07-31": "$1,375", "2006-04-30": "$1,899", "2006-01-31": "$1,227", "2005-10-31": "$416", "2005-07-31": "$73", "2005-04-30": "$966", "2005-01-31": "$943"}}, "eps-earnings-per-share-diluted": {"HP Annual EPS": {"2020": "$2.00", "2019": "$2.07", "2018": "$3.26", "2017": "$1.48", "2016": "$1.43", "2015": "$2.48", "2014": "$2.62", "2013": "$2.62", "2012": "$-6.41", "2011": "$3.32", "2010": "$3.69", "2009": "$3.14", "2008": "$3.25", "2007": "$2.68", "2006": "$2.18", "2005": "$0.82"}, "HP Quarterly EPS": {"2020-10-31": "$0.49", "2020-07-31": "$0.52", "2020-04-30": "$0.53", "2020-01-31": "$0.46", "2019-10-31": "$0.27", "2019-07-31": "$0.78", "2019-04-30": "$0.51", "2019-01-31": "$0.51", "2018-10-31": "$0.92", "2018-07-31": "$0.54", "2018-04-30": "$0.64", "2018-01-31": "$1.16", "2017-10-31": "$0.38", "2017-07-31": "$0.41", "2017-04-30": "$0.33", "2017-01-31": "$0.36", "2016-10-31": "$0.29", "2016-07-31": "$0.45", "2016-04-30": "$0.36", "2016-01-31": "$0.33", "2015-10-31": "$0.73", "2015-07-31": "$0.47", "2015-04-30": "$0.55", "2015-01-31": "$0.73", "2014-10-31": "$0.70", "2014-07-31": "$0.52", "2014-04-30": "$0.66", "2014-01-31": "$0.74", "2013-10-31": "$0.73", "2013-07-31": "$0.71", "2013-04-30": "$0.55", "2013-01-31": "$0.63", "2012-10-31": "$-3.45", "2012-07-31": "$-4.49", "2012-04-30": "$0.80", "2012-01-31": "$0.73", "2011-10-31": "$0.17", "2011-07-31": "$0.93", "2011-04-30": "$1.05", "2011-01-31": "$1.17", "2010-10-31": "$1.10", "2010-07-31": "$0.75", "2010-04-30": "$0.91", "2010-01-31": "$0.93", "2009-10-31": "$0.99", "2009-07-31": "$0.69", "2009-04-30": "$0.71", "2009-01-31": "$0.75", "2008-10-31": "$0.85", "2008-07-31": "$0.80", "2008-04-30": "$0.80", "2008-01-31": "$0.80", "2007-10-31": "$0.82", "2007-07-31": "$0.66", "2007-04-30": "$0.65", "2007-01-31": "$0.55", "2006-10-31": "$0.62", "2006-07-31": "$0.48", "2006-04-30": "$0.66", "2006-01-31": "$0.42", "2005-10-31": "$0.14", "2005-07-31": "$0.03", "2005-04-30": "$0.33", "2005-01-31": "$0.32"}}, "shares-outstanding": {"HP Annual Shares Outstanding (Millions of Shares)": {"2020": "1,420", "2019": "1,524", "2018": "1,634", "2017": "1,702", "2016": "1,743", "2015": "1,836", "2014": "1,912", "2013": "1,950", "2012": "1,974", "2011": "2,128", "2010": "2,372", "2009": "2,437", "2008": "2,567", "2007": "2,716", "2006": "2,852", "2005": "2,909"}, "HP Quarterly Shares Outstanding (Millions of Shares)": {"2020-10-31": "1,420", "2020-07-31": "1,423", "2020-04-30": "1,440", "2020-01-31": "1,460", "2019-10-31": "1,524", "2019-07-31": "1,508", "2019-04-30": "1,536", "2019-01-31": "1,567", "2018-10-31": "1,634", "2018-07-31": "1,618", "2018-04-30": "1,646", "2018-01-31": "1,669", "2017-10-31": "1,702", "2017-07-31": "1,695", "2017-04-30": "1,709", "2017-01-31": "1,721", "2016-10-31": "1,743", "2016-07-31": "1,725", "2016-04-30": "1,731", "2016-01-31": "1,785", "2015-10-31": "1,821", "2015-07-31": "1,828", "2015-04-30": "1,836", "2015-01-31": "1,861", "2014-10-31": "1,912", "2014-07-31": "1,899", "2014-04-30": "1,916", "2014-01-31": "1,935", "2013-10-31": "1,950", "2013-07-31": "1,948", "2013-04-30": "1,947", "2013-01-31": "1,956", "2012-10-31": "1,974", "2012-07-31": "1,971", "2012-04-30": "1,987", "2012-01-31": "1,998", "2011-10-31": "2,128", "2011-07-31": "2,080", "2011-04-30": "2,184", "2011-01-31": "2,226", "2010-10-31": "2,372", "2010-07-31": "2,376", "2010-04-30": "2,406", "2010-01-31": "2,427", "2009-10-31": "2,437", "2009-07-31": "2,436", "2009-04-30": "2,438", "2009-01-31": "2,464", "2008-10-31": "2,567", "2008-07-31": "2,533", "2008-04-30": "2,557", "2008-01-31": "2,655", "2007-10-31": "2,716", "2007-07-31": "2,697", "2007-04-30": "2,731", "2007-01-31": "2,801", "2006-10-31": "2,852", "2006-07-31": "2,839", "2006-04-30": "2,887", "2006-01-31": "2,893", "2005-10-31": "2,909", "2005-07-31": "2,907", "2005-04-30": "2,917", "2005-01-31": "2,936"}}, "total-assets": {"HP Annual Total Assets (Millions of US $)": {"2020": "$34,681", "2019": "$33,467", "2018": "$34,622", "2017": "$32,913", "2016": "$28,987", "2015": "$106,882", "2014": "$103,206", "2013": "$105,676", "2012": "$108,768", "2011": "$129,517", "2010": "$124,503", "2009": "$114,799", "2008": "$113,331", "2007": "$88,699", "2006": "$81,981", "2005": "$77,317"}, "HP Quarterly Total Assets (Millions of US $)": {"2020-10-31": "$34,681", "2020-07-31": "$34,244", "2020-04-30": "$33,773", "2020-01-31": "$31,656", "2019-10-31": "$33,467", "2019-07-31": "$32,405", "2019-04-30": "$31,946", "2019-01-31": "$32,490", "2018-10-31": "$34,622", "2018-07-31": "$34,254", "2018-04-30": "$32,087", "2018-01-31": "$35,245", "2017-10-31": "$32,913", "2017-07-31": "$31,934", "2017-04-30": "$28,686", "2017-01-31": "$28,192", "2016-10-31": "$28,987", "2016-07-31": "$27,224", "2016-04-30": "$25,523", "2016-01-31": "$25,517", "2015-10-31": "$106,882", "2015-07-31": "$107,033", "2015-04-30": "$101,396", "2015-01-31": "$100,861", "2014-10-31": "$103,206", "2014-07-31": "$103,170", "2014-04-30": "$103,972", "2014-01-31": "$105,025", "2013-10-31": "$105,676", "2013-07-31": "$105,800", "2013-04-30": "$106,254", "2013-01-31": "$106,701", "2012-10-31": "$108,768", "2012-07-31": "$117,556", "2012-04-30": "$127,689", "2012-01-31": "$126,596", "2011-10-31": "$129,517", "2011-07-31": "$124,917", "2011-04-30": "$125,127", "2011-01-31": "$119,933", "2010-10-31": "$124,503", "2010-07-31": "$120,017", "2010-04-30": "$115,994", "2010-01-31": "$113,618", "2009-10-31": "$114,799", "2009-07-31": "$111,072", "2009-04-30": "$108,515", "2009-01-31": "$109,634", "2008-10-31": "$113,331", "2008-07-31": "$95,894", "2008-04-30": "$91,804", "2008-01-31": "$88,572", "2007-10-31": "$88,699", "2007-07-31": "$85,141", "2007-04-30": "$83,413", "2007-01-31": "$81,314", "2006-10-31": "$81,981", "2006-07-31": "$79,192", "2006-04-30": "$77,183", "2006-01-31": "$74,413", "2005-10-31": "$77,317", "2005-07-31": "$75,416", "2005-04-30": "$76,348", "2005-01-31": "$75,143"}}, "cash-on-hand": {"HP Annual Cash on Hand (Millions of US $)": {"2020": "$4,864", "2019": "$4,537", "2018": "$5,166", "2017": "$6,997", "2016": "$6,288", "2015": "$7,584", "2014": "$15,133", "2013": "$12,163", "2012": "$11,301", "2011": "$8,043", "2010": "$10,929", "2009": "$13,334", "2008": "$10,246", "2007": "$11,445", "2006": "$16,422", "2005": "$13,929"}, "HP Quarterly Cash on Hand (Millions of US $)": {"2020-10-31": "$4,864", "2020-07-31": "$4,679", "2020-04-30": "$4,054", "2020-01-31": "$4,205", "2019-10-31": "$4,537", "2019-07-31": "$4,919", "2019-04-30": "$3,556", "2019-01-31": "$3,367", "2018-10-31": "$5,166", "2018-07-31": "$6,195", "2018-04-30": "$4,247", "2018-01-31": "$5,475", "2017-10-31": "$6,997", "2017-07-31": "$6,967", "2017-04-30": "$6,223", "2017-01-31": "$6,331", "2016-10-31": "$6,288", "2016-07-31": "$5,636", "2016-04-30": "$4,636", "2016-01-31": "$3,688", "2015-10-31": "$7,584", "2015-07-31": "$17,171", "2015-04-30": "$14,768", "2015-01-31": "$12,919", "2014-10-31": "$15,133", "2014-07-31": "$14,474", "2014-04-30": "$15,096", "2014-01-31": "$16,165", "2013-10-31": "$12,163", "2013-07-31": "$13,251", "2013-04-30": "$13,240", "2013-01-31": "$12,589", "2012-10-31": "$11,301", "2012-07-31": "$9,509", "2012-04-30": "$8,311", "2012-01-31": "$8,113", "2011-10-31": "$8,043", "2011-07-31": "$12,953", "2011-04-30": "$12,738", "2011-01-31": "$9,934", "2010-10-31": "$10,929", "2010-07-31": "$14,723", "2010-04-30": "$14,170", "2010-01-31": "$13,607", "2009-10-31": "$13,334", "2009-07-31": "$13,587", "2009-04-30": "$12,916", "2009-01-31": "$11,255", "2008-10-31": "$10,246", "2008-07-31": "$14,847", "2008-04-30": "$11,647", "2008-01-31": "$9,976", "2007-10-31": "$11,445", "2007-07-31": "$12,490", "2007-04-30": "$12,310", "2007-01-31": "$10,363", "2006-10-31": "$16,422", "2006-07-31": "$15,995", "2006-04-30": "$14,044", "2006-01-31": "$11,946", "2005-10-31": "$13,929", "2005-07-31": "$14,544", "2005-04-30": "$14,483", "2005-01-31": "$13,600"}}, "long-term-debt": {"HP Annual Long Term Debt (Millions of US $)": {"2020": "$5,543", "2019": "$4,780", "2018": "$4,524", "2017": "$6,747", "2016": "$6,735", "2015": "$6,677", "2014": "$16,039", "2013": "$16,608", "2012": "$21,789", "2011": "$22,551", "2010": "$15,258", "2009": "$13,980", "2008": "$7,676", "2007": "$4,997", "2006": "$2,490", "2005": "$3,392"}, "HP Quarterly Long Term Debt (Millions of US $)": {"2020-10-31": "$5,543", "2020-07-31": "$5,981", "2020-04-30": "$3,941", "2020-01-31": "$3,932", "2019-10-31": "$4,780", "2019-07-31": "$4,730", "2019-04-30": "$4,749", "2019-01-31": "$4,706", "2018-10-31": "$4,524", "2018-07-31": "$4,503", "2018-04-30": "$4,494", "2018-01-31": "$6,340", "2017-10-31": "$6,747", "2017-07-31": "$6,744", "2017-04-30": "$6,710", "2017-01-31": "$6,688", "2016-10-31": "$6,735", "2016-07-31": "$6,760", "2016-04-30": "$6,708", "2016-01-31": "$6,683", "2015-10-31": "$6,677", "2015-07-31": "$14,468", "2015-04-30": "$15,464", "2015-01-31": "$15,552", "2014-10-31": "$16,039", "2014-07-31": "$17,128", "2014-04-30": "$17,190", "2014-01-31": "$17,971", "2013-10-31": "$16,608", "2013-07-31": "$17,124", "2013-04-30": "$19,863", "2013-01-31": "$21,752", "2012-10-31": "$21,789", "2012-07-31": "$24,063", "2012-04-30": "$25,825", "2012-01-31": "$25,462", "2011-10-31": "$22,551", "2011-07-31": "$19,030", "2011-04-30": "$14,512", "2011-01-31": "$17,022", "2010-10-31": "$15,258", "2010-07-31": "$12,204", "2010-04-30": "$13,728", "2010-01-31": "$14,009", "2009-10-31": "$13,980", "2009-07-31": "$13,892", "2009-04-30": "$12,978", "2009-01-31": "$10,259", "2008-10-31": "$7,676", "2008-07-31": "$6,628", "2008-04-30": "$7,688", "2008-01-31": "$5,099", "2007-10-31": "$4,997", "2007-07-31": "$4,945", "2007-04-30": "$3,977", "2007-01-31": "$2,438", "2006-10-31": "$2,490", "2006-07-31": "$2,451", "2006-04-30": "$2,406", "2006-01-31": "$2,416", "2005-10-31": "$3,392", "2005-07-31": "$3,397", "2005-04-30": "$4,397", "2005-01-31": "$4,408"}}, "total-liabilities": {"HP Annual Total Liabilities (Millions of US $)": {"2020": "$36,909", "2019": "$34,660", "2018": "$35,261", "2017": "$36,321", "2016": "$32,876", "2015": "$78,731", "2014": "$76,079", "2013": "$78,020", "2012": "$85,935", "2011": "$90,513", "2010": "$83,722", "2009": "$74,035", "2008": "$74,389", "2007": "$50,173", "2006": "$43,837", "2005": "$40,141"}, "HP Quarterly Total Liabilities (Millions of US $)": {"2020-10-31": "$36,909", "2020-07-31": "$36,230", "2020-04-30": "$34,516", "2020-01-31": "$33,290", "2019-10-31": "$34,660", "2019-07-31": "$33,536", "2019-04-30": "$33,433", "2019-01-31": "$34,327", "2018-10-31": "$35,261", "2018-07-31": "$36,021", "2018-04-30": "$33,950", "2018-01-31": "$37,987", "2017-10-31": "$36,321", "2017-07-31": "$36,273", "2017-04-30": "$32,641", "2017-01-31": "$32,519", "2016-10-31": "$32,876", "2016-07-31": "$31,150", "2016-04-30": "$30,309", "2016-01-31": "$30,426", "2015-10-31": "$78,731", "2015-07-31": "$79,590", "2015-04-30": "$74,227", "2015-01-31": "$73,957", "2014-10-31": "$76,079", "2014-07-31": "$74,268", "2014-04-30": "$75,390", "2014-01-31": "$76,876", "2013-10-31": "$78,020", "2013-07-31": "$80,822", "2013-04-30": "$82,322", "2013-01-31": "$83,411", "2012-10-31": "$85,935", "2012-07-31": "$85,546", "2012-04-30": "$85,992", "2012-01-31": "$87,024", "2011-10-31": "$90,513", "2011-07-31": "$85,699", "2011-04-30": "$83,332", "2011-01-31": "$78,386", "2010-10-31": "$83,722", "2010-07-31": "$77,182", "2010-04-30": "$72,182", "2010-01-31": "$71,727", "2009-10-31": "$74,035", "2009-07-31": "$69,537", "2009-04-30": "$67,973", "2009-01-31": "$70,047", "2008-10-31": "$74,389", "2008-07-31": "$57,399", "2008-04-30": "$53,651", "2008-01-31": "$50,628", "2007-10-31": "$50,173", "2007-07-31": "$48,204", "2007-04-30": "$46,927", "2007-01-31": "$43,271", "2006-10-31": "$43,837", "2006-07-31": "$42,844", "2006-04-30": "$40,129", "2006-01-31": "$38,607", "2005-10-31": "$40,141", "2005-07-31": "$38,030", "2005-04-30": "$38,175", "2005-01-31": "$37,417"}}, "total-share-holder-equity": {"HP Annual Share Holder Equity (Millions of US $)": {"2020": "$-2,228", "2019": "$-1,193", "2018": "$-639", "2017": "$-3,408", "2016": "$-3,889", "2015": "$28,151", "2014": "$27,127", "2013": "$27,656", "2012": "$22,833", "2011": "$39,004", "2010": "$40,781", "2009": "$40,764", "2008": "$38,942", "2007": "$38,526", "2006": "$38,144", "2005": "$37,176"}, "HP Quarterly Share Holder Equity (Millions of US $)": {"2020-10-31": "$-2,228", "2020-07-31": "$-1,986", "2020-04-30": "$-743", "2020-01-31": "$-1,634", "2019-10-31": "$-1,193", "2019-07-31": "$-1,131", "2019-04-30": "$-1,487", "2019-01-31": "$-1,837", "2018-10-31": "$-639", "2018-07-31": "$-1,767", "2018-04-30": "$-1,863", "2018-01-31": "$-2,742", "2017-10-31": "$-3,408", "2017-07-31": "$-4,339", "2017-04-30": "$-3,955", "2017-01-31": "$-4,327", "2016-10-31": "$-3,889", "2016-07-31": "$-3,926", "2016-04-30": "$-4,786", "2016-01-31": "$-4,909", "2015-10-31": "$28,151", "2015-07-31": "$27,443", "2015-04-30": "$27,169", "2015-01-31": "$26,904", "2014-10-31": "$27,127", "2014-07-31": "$28,902", "2014-04-30": "$28,582", "2014-01-31": "$28,149", "2013-10-31": "$27,656", "2013-07-31": "$24,978", "2013-04-30": "$23,932", "2013-01-31": "$23,290", "2012-10-31": "$22,833", "2012-07-31": "$32,010", "2012-04-30": "$41,697", "2012-01-31": "$39,572", "2011-10-31": "$39,004", "2011-07-31": "$39,218", "2011-04-30": "$41,795", "2011-01-31": "$41,547", "2010-10-31": "$40,781", "2010-07-31": "$42,835", "2010-04-30": "$43,812", "2010-01-31": "$41,891", "2009-10-31": "$40,764", "2009-07-31": "$41,535", "2009-04-30": "$40,542", "2009-01-31": "$39,587", "2008-10-31": "$38,942", "2008-07-31": "$38,495", "2008-04-30": "$38,153", "2008-01-31": "$37,944", "2007-10-31": "$38,526", "2007-07-31": "$36,937", "2007-04-30": "$36,486", "2007-01-31": "$38,043", "2006-10-31": "$38,144", "2006-07-31": "$36,348", "2006-04-30": "$37,054", "2006-01-31": "$35,806", "2005-10-31": "$37,176", "2005-07-31": "$37,386", "2005-04-30": "$38,173", "2005-01-31": "$37,726"}}, "profit-margins": {"current": "5.02%"}, "gross margin": {"2020-10-31": "18.43%", "2020-07-31": "18.81%", "2020-04-30": "19.61%", "2020-01-31": "19.48%", "2019-10-31": "19.01%", "2019-07-31": "18.64%", "2019-04-30": "18.27%", "2019-01-31": "18.24%", "2018-10-31": "18.25%", "2018-07-31": "18.40%", "2018-04-30": "18.43%", "2018-01-31": "18.39%", "2017-10-31": "18.40%", "2017-07-31": "18.46%", "2017-04-30": "18.38%", "2017-01-31": "18.41%", "2016-10-31": "18.65%", "2016-07-31": "21.25%", "2016-04-30": "21.34%", "2016-01-31": "21.37%", "2015-10-31": "21.45%", "2015-07-31": "-6.57%", "2015-04-30": "12.29%", "2015-01-31": "17.68%", "2014-10-31": "19.81%", "2014-07-31": "23.47%", "2014-04-30": "23.33%", "2014-01-31": "23.20%", "2013-10-31": "23.08%", "2013-07-31": "23.40%", "2013-04-30": "23.32%", "2013-01-31": "23.24%", "2012-10-31": "23.24%", "2012-07-31": "22.48%", "2012-04-30": "22.56%", "2012-01-31": "22.91%", "2011-10-31": "23.44%", "2011-07-31": "24.45%", "2011-04-30": "24.60%", "2011-01-31": "24.34%", "2010-10-31": "23.95%", "2010-07-31": "23.58%", "2010-04-30": "23.52%", "2010-01-31": "23.50%", "2009-10-31": "23.63%", "2009-07-31": "23.41%", "2009-04-30": "23.56%", "2009-01-31": "23.90%", "2008-10-31": "24.22%", "2008-07-31": "24.86%", "2008-04-30": "24.90%", "2008-01-31": "24.78%", "2007-10-31": "24.55%", "2007-07-31": "24.24%", "2007-04-30": "24.29%", "2007-01-31": "24.35%", "2006-10-31": "24.25%", "2006-07-31": "24.05%", "2006-04-30": "23.68%", "2006-01-31": "23.44%", "2005-10-31": "23.36%"}, "operating margin": {"2020-10-31": "6.11%", "2020-07-31": "6.01%", "2020-04-30": "6.50%", "2020-01-31": "6.50%", "2019-10-31": "6.60%", "2019-07-31": "6.69%", "2019-04-30": "6.59%", "2019-01-31": "6.55%", "2018-10-31": "6.55%", "2018-07-31": "6.27%", "2018-04-30": "6.33%", "2018-01-31": "6.36%", "2017-10-31": "6.47%", "2017-07-31": "6.50%", "2017-04-30": "6.98%", "2017-01-31": "7.14%", "2016-10-31": "7.36%", "2016-07-31": "6.18%", "2016-04-30": "5.95%", "2016-01-31": "6.07%", "2015-10-31": "6.21%", "2015-07-31": "16.41%", "2015-04-30": "9.11%", "2015-01-31": "7.97%", "2014-10-31": "7.51%", "2014-07-31": "6.42%", "2014-04-30": "6.79%", "2014-01-31": "6.58%", "2013-10-31": "6.35%", "2013-07-31": "-1.13%", "2013-04-30": "-10.36%", "2013-01-31": "-9.56%", "2012-10-31": "-9.19%", "2012-07-31": "-3.08%", "2012-04-30": "6.11%", "2012-01-31": "6.66%", "2011-10-31": "7.61%", "2011-07-31": "9.48%", "2011-04-30": "9.36%", "2011-01-31": "9.33%", "2010-10-31": "9.11%", "2010-07-31": "9.16%", "2010-04-30": "9.31%", "2010-01-31": "9.10%", "2009-10-31": "8.85%", "2009-07-31": "8.30%", "2009-04-30": "8.54%", "2009-01-31": "8.73%", "2008-10-31": "8.85%", "2008-07-31": "9.17%", "2008-04-30": "9.01%", "2008-01-31": "8.81%", "2007-10-31": "8.36%", "2007-07-31": "7.94%", "2007-04-30": "7.61%", "2007-01-31": "7.35%", "2006-10-31": "7.16%", "2006-07-31": "5.43%", "2006-04-30": "4.83%", "2006-01-31": "4.32%", "2005-10-31": "4.01%"}, "ebitda margin": {"2020-10-31": "7.51%", "2020-07-31": "7.42%", "2020-04-30": "7.89%", "2020-01-31": "7.82%", "2019-10-31": "7.86%", "2019-07-31": "7.84%", "2019-04-30": "7.64%", "2019-01-31": "7.52%", "2018-10-31": "7.45%", "2018-07-31": "7.11%", "2018-04-30": "7.12%", "2018-01-31": "7.10%", "2017-10-31": "7.15%", "2017-07-31": "7.18%", "2017-04-30": "7.67%", "2017-01-31": "7.84%", "2016-10-31": "8.05%", "2016-07-31": "8.22%", "2016-04-30": "9.49%", "2016-01-31": "10.98%", "2015-10-31": "12.46%", "2015-07-31": "48.67%", "2015-04-30": "23.96%", "2015-01-31": "18.00%", "2014-10-31": "15.16%", "2014-07-31": "10.32%", "2014-04-30": "10.80%", "2014-01-31": "10.65%", "2013-10-31": "10.46%", "2013-07-31": "10.84%", "2013-04-30": "9.44%", "2013-01-31": "9.81%", "2012-10-31": "10.03%", "2012-07-31": "9.35%", "2012-04-30": "10.92%", "2012-01-31": "11.40%", "2011-10-31": "12.22%", "2011-07-31": "13.37%", "2011-04-30": "13.25%", "2011-01-31": "13.20%", "2010-10-31": "12.93%", "2010-07-31": "13.04%", "2010-04-30": "13.26%", "2010-01-31": "13.15%", "2009-10-31": "13.02%", "2009-07-31": "12.29%", "2009-04-30": "12.15%", "2009-01-31": "11.98%", "2008-10-31": "11.72%", "2008-07-31": "11.79%", "2008-04-30": "11.63%", "2008-01-31": "11.42%", "2007-10-31": "10.95%", "2007-07-31": "10.53%", "2007-04-30": "10.20%", "2007-01-31": "9.93%", "2006-10-31": "9.72%", "2006-07-31": "7.99%", "2006-04-30": "7.41%", "2006-01-31": "6.93%", "2005-10-31": "6.71%"}, "pre tax profit margin": {"2020-10-31": "5.70%", "2020-07-31": "5.19%", "2020-04-30": "4.28%", "2020-01-31": "4.26%", "2019-10-31": "4.29%", "2019-07-31": "5.17%", "2019-04-30": "6.49%", "2019-01-31": "5.13%", "2018-10-31": "5.15%", "2018-07-31": "5.00%", "2018-04-30": "4.93%", "2018-01-31": "6.32%", "2017-10-31": "6.29%", "2017-07-31": "6.79%", "2017-04-30": "7.32%", "2017-01-31": "7.61%", "2016-10-31": "7.80%", "2016-07-31": "5.44%", "2016-04-30": "5.13%", "2016-01-31": "5.15%", "2015-10-31": "5.27%", "2015-07-31": "14.85%", "2015-04-30": "8.20%", "2015-01-31": "7.14%", "2014-10-31": "6.82%", "2014-07-31": "5.90%", "2014-04-30": "6.27%", "2014-01-31": "6.04%", "2013-10-31": "5.80%", "2013-07-31": "-1.76%", "2013-04-30": "-11.03%", "2013-01-31": "-10.26%", "2012-10-31": "-9.91%", "2012-07-31": "-3.97%", "2012-04-30": "5.32%", "2012-01-31": "6.01%", "2011-10-31": "7.06%", "2011-07-31": "9.19%", "2011-04-30": "9.06%", "2011-01-31": "9.02%", "2010-10-31": "8.71%", "2010-07-31": "8.71%", "2010-04-30": "8.81%", "2010-01-31": "8.51%", "2009-10-31": "8.22%", "2009-07-31": "7.72%", "2009-04-30": "8.12%", "2009-01-31": "8.47%", "2008-10-31": "8.85%", "2008-07-31": "9.31%", "2008-04-30": "9.30%", "2008-01-31": "9.19%", "2007-10-31": "8.80%", "2007-07-31": "8.54%", "2007-04-30": "8.28%", "2007-01-31": "8.11%", "2006-10-31": "7.85%", "2006-07-31": "6.07%", "2006-04-30": "5.36%", "2006-01-31": "4.57%", "2005-10-31": "4.09%"}, "net profit margin": {"2020-10-31": "5.02%", "2020-07-31": "4.52%", "2020-04-30": "5.27%", "2020-01-31": "5.16%", "2019-10-31": "5.36%", "2019-07-31": "7.18%", "2019-04-30": "6.67%", "2019-01-31": "7.15%", "2018-10-31": "9.11%", "2018-07-31": "7.95%", "2018-04-30": "7.84%", "2018-01-31": "7.15%", "2017-10-31": "4.85%", "2017-07-31": "4.66%", "2017-04-30": "4.94%", "2017-01-31": "5.17%", "2016-10-31": "5.17%", "2016-07-31": "5.42%", "2016-04-30": "5.49%", "2016-01-31": "5.97%", "2015-10-31": "7.02%", "2015-07-31": "35.63%", "2015-04-30": "16.74%", "2015-01-31": "11.70%", "2014-10-31": "8.85%", "2014-07-31": "4.54%", "2014-04-30": "4.92%", "2014-01-31": "4.73%", "2013-10-31": "4.55%", "2013-07-31": "-2.79%", "2013-04-30": "-11.60%", "2013-01-31": "-10.86%", "2012-10-31": "-10.51%", "2012-07-31": "-4.54%", "2012-04-30": "4.21%", "2012-01-31": "4.75%", "2011-10-31": "5.56%", "2011-07-31": "7.30%", "2011-04-30": "7.21%", "2011-01-31": "7.17%", "2010-10-31": "6.95%", "2010-07-31": "6.99%", "2010-04-30": "7.09%", "2010-01-31": "6.89%", "2009-10-31": "6.69%", "2009-07-31": "6.27%", "2009-04-30": "6.55%", "2009-01-31": "6.78%", "2008-10-31": "7.04%", "2008-07-31": "7.41%", "2008-04-30": "7.37%", "2008-01-31": "7.29%", "2007-10-31": "6.97%", "2007-07-31": "6.76%", "2007-04-30": "6.59%", "2007-01-31": "6.93%", "2006-10-31": "6.76%", "2006-07-31": "5.46%", "2006-04-30": "4.07%", "2006-01-31": "3.05%", "2005-10-31": "2.77%"}, "pe ratio": {"current": "11.93", "2021-02-11": "13.69", "2020-10-31": "8.91", "2020-07-31": "9.76", "2020-04-30": "7.44", "2020-01-31": "10.23", "2019-10-31": "8.06", "2019-07-31": "7.36", "2019-04-30": "7.60", "2019-01-31": "7.97", "2018-10-31": "6.94", "2018-07-31": "7.85", "2018-04-30": "7.63", "2018-01-31": "9.35", "2017-10-31": "13.19", "2017-07-31": "12.53", "2017-04-30": "11.91", "2017-01-31": "9.26", "2016-10-31": "9.03", "2016-07-31": "6.57", "2016-04-30": "5.64", "2016-01-31": "4.01", "2015-10-31": "4.20", "2015-07-31": "4.78", "2015-04-30": "5.04", "2015-01-31": "5.26", "2014-10-31": "5.18", "2014-07-31": "5.06", "2014-04-30": "4.37", "2014-01-31": "3.96", "2013-10-31": "3.45", "2013-07-31": "0.00", "2013-04-30": "0.00", "2013-01-31": "0.00", "2012-10-31": "0.00", "2012-07-31": "0.00", "2012-04-30": "3.42", "2012-01-31": "3.50", "2011-10-31": "2.87", "2011-07-31": "2.90", "2011-04-30": "3.47", "2011-01-31": "4.06", "2010-10-31": "3.94", "2010-07-31": "4.43", "2010-04-30": "5.11", "2010-01-31": "4.91", "2009-10-31": "5.28", "2009-07-31": "5.05", "2009-04-30": "4.01", "2009-01-31": "3.74", "2008-10-31": "4.05", "2008-07-31": "4.78", "2008-04-30": "5.16", "2008-01-31": "5.11", "2007-10-31": "6.59", "2007-07-31": "6.36", "2007-04-30": "6.27", "2007-01-31": "6.85", "2006-10-31": "6.51"}, "price sales": {"2021-02-11": "0.69", "2020-10-31": "0.45", "2020-07-31": "0.45", "2020-04-30": "0.39", "2020-01-31": "0.53", "2019-10-31": "0.43", "2019-07-31": "0.53", "2019-04-30": "0.51", "2019-01-31": "0.57", "2018-10-31": "0.63", "2018-07-31": "0.62", "2018-04-30": "0.60", "2018-01-31": "0.67", "2017-10-31": "0.64", "2017-07-31": "0.59", "2017-04-30": "0.59", "2017-01-31": "0.48", "2016-10-31": "0.46", "2016-07-31": "0.36", "2016-04-30": "0.31", "2016-01-31": "0.24", "2015-10-31": "0.29", "2015-07-31": "1.57", "2015-04-30": "0.83", "2015-01-31": "0.61", "2014-10-31": "0.46", "2014-07-31": "0.23", "2014-04-30": "0.21", "2014-01-31": "0.19", "2013-10-31": "0.16", "2013-07-31": "0.16", "2013-04-30": "0.13", "2013-01-31": "0.10", "2012-10-31": "0.08", "2012-07-31": "0.11", "2012-04-30": "0.15", "2012-01-31": "0.17", "2011-10-31": "0.16", "2011-07-31": "0.21", "2011-04-30": "0.25", "2011-01-31": "0.29", "2010-10-31": "0.28", "2010-07-31": "0.31", "2010-04-30": "0.36", "2010-01-31": "0.34", "2009-10-31": "0.35", "2009-07-31": "0.32", "2009-04-30": "0.26", "2009-01-31": "0.25", "2008-10-31": "0.29", "2008-07-31": "0.35", "2008-04-30": "0.38", "2008-01-31": "0.37", "2007-10-31": "0.46", "2007-07-31": "0.43", "2007-04-30": "0.41", "2007-01-31": "0.44", "2006-10-31": "0.41"}, "price book": {"current": "0.00", "2021-02-11": "0.00", "2020-10-31": "-10.43", "2020-07-31": "-11.95", "2020-04-30": "-29.05", "2020-01-31": "-18.03", "2019-10-31": "-20.30", "2019-07-31": "-26.14", "2019-04-30": "-19.00", "2019-01-31": "-17.36", "2018-10-31": "-55.04", "2018-07-31": "-19.19", "2018-04-30": "-17.16", "2018-01-31": "-12.81", "2017-10-31": "-9.51", "2017-07-31": "-6.66", "2017-04-30": "-7.20", "2017-01-31": "-5.25", "2016-10-31": "-5.64", "2016-07-31": "-5.36", "2016-04-30": "-3.81", "2016-01-31": "-2.95", "2015-10-31": "0.67", "2015-07-31": "0.77", "2015-04-30": "0.84", "2015-01-31": "0.93", "2014-10-31": "0.92", "2014-07-31": "0.87", "2014-04-30": "0.81", "2014-01-31": "0.73", "2013-10-31": "0.62", "2013-07-31": "0.73", "2013-04-30": "0.61", "2013-01-31": "0.50", "2012-10-31": "0.43", "2012-07-31": "0.40", "2012-04-30": "0.42", "2012-01-31": "0.50", "2011-10-31": "0.48", "2011-07-31": "0.63", "2011-04-30": "0.72", "2011-01-31": "0.83", "2010-10-31": "0.79", "2010-07-31": "0.86", "2010-04-30": "0.97", "2010-01-31": "0.91", "2009-10-31": "0.95", "2009-07-31": "0.86", "2009-04-30": "0.73", "2009-01-31": "0.73", "2008-10-31": "0.81", "2008-07-31": "0.97", "2008-04-30": "1.03", "2008-01-31": "0.99", "2007-10-31": "1.18", "2007-07-31": "1.10", "2007-04-30": "1.02", "2007-01-31": "1.04", "2006-10-31": "0.94", "2006-07-31": "0.81", "2006-04-30": "0.83", "2006-01-31": "0.83"}, "price fcf": {"2021-02-11": "", "2020-10-31": "$2.63", "2020-07-31": "$1.62", "2020-04-30": "$1.99", "2020-01-31": "$2.93", "2019-10-31": "$2.61", "2019-07-31": "$2.88", "2019-04-30": "$2.30", "2019-01-31": "$2.39", "2018-10-31": "$2.54", "2018-07-31": "$2.34", "2018-04-30": "$2.48", "2018-01-31": "$2.12", "2017-10-31": "$1.96", "2017-07-31": "$1.98", "2017-04-30": "$1.54", "2017-01-31": "$2.17", "2016-10-31": "$1.62", "2016-07-31": "$2.58", "2016-04-30": "$2.47", "2016-01-31": "$2.03", "2015-10-31": "$2.11", "2015-07-31": "$1.81", "2015-04-30": "$2.79", "2015-01-31": "$3.57", "2014-10-31": "$4.88", "2014-07-31": "$4.96", "2014-04-30": "$4.55", "2014-01-31": "$4.86", "2013-10-31": "$4.65", "2013-07-31": "$5.36", "2013-04-30": "$5.38", "2013-01-31": "$4.64", "2012-10-31": "$3.79", "2012-07-31": "$2.52", "2012-04-30": "$2.66", "2012-01-31": "$3.27", "2011-10-31": "$4.28", "2011-07-31": "$4.70", "2011-04-30": "$4.46", "2011-01-31": "$4.05", "2010-10-31": "$3.54", "2010-07-31": "$3.68", "2010-04-30": "$3.92", "2010-01-31": "$4.69", "2009-10-31": "$4.18", "2009-07-31": "$4.01", "2009-04-30": "$3.93", "2009-01-31": "$3.87", "2008-10-31": "$4.68", "2008-07-31": "$4.84", "2008-04-30": "$4.22", "2008-01-31": "$3.85", "2007-10-31": "$2.63", "2007-07-31": "$2.41", "2007-04-30": "$2.72", "2007-01-31": "$2.55", "2006-10-31": "$3.29"}, "net worth": {"value": "$34.94B"}, "current ratio": {"current": "0.79", "2020-10-31": "0.79", "2020-07-31": "0.81", "2020-04-30": "0.78", "2020-01-31": "0.73", "2019-10-31": "0.80", "2019-07-31": "0.80", "2019-04-30": "0.79", "2019-01-31": "0.78", "2018-10-31": "0.85", "2018-07-31": "0.85", "2018-04-30": "0.84", "2018-01-31": "0.91", "2017-10-31": "1.00", "2017-07-31": "0.97", "2017-04-30": "0.98", "2017-01-31": "0.96", "2016-10-31": "0.98", "2016-07-31": "0.96", "2016-04-30": "0.91", "2016-01-31": "0.90", "2015-10-31": "1.23", "2015-07-31": "1.06", "2015-04-30": "1.13", "2015-01-31": "1.13", "2014-10-31": "1.15", "2014-07-31": "1.16", "2014-04-30": "1.15", "2014-01-31": "1.16", "2013-10-31": "1.11", "2013-07-31": "1.09", "2013-04-30": "1.11", "2013-01-31": "1.12", "2012-10-31": "1.09", "2012-07-31": "1.12", "2012-04-30": "1.16", "2012-01-31": "1.10", "2011-10-31": "1.01", "2011-07-31": "1.15", "2011-04-30": "1.09", "2011-01-31": "1.18", "2010-10-31": "1.10", "2010-07-31": "1.10", "2010-04-30": "1.22", "2010-01-31": "1.27", "2009-10-31": "1.22", "2009-07-31": "1.17", "2009-04-30": "1.14", "2009-01-31": "1.04", "2008-10-31": "0.98", "2008-07-31": "1.22", "2008-04-30": "1.27", "2008-01-31": "1.22", "2007-10-31": "1.21", "2007-07-31": "1.22", "2007-04-30": "1.19", "2007-01-31": "1.21", "2006-10-31": "1.35", "2006-07-31": "1.27", "2006-04-30": "1.30", "2006-01-31": "1.28", "2005-10-31": "1.38", "2005-07-31": "1.43", "2005-04-30": "1.50", "2005-01-31": "1.51"}, "quick ratio": {"2020-10-31": "0.56", "2020-07-31": "0.57", "2020-04-30": "0.53", "2020-01-31": "0.53", "2019-10-31": "0.57", "2019-07-31": "0.57", "2019-04-30": "0.56", "2019-01-31": "0.55", "2018-10-31": "0.61", "2018-07-31": "0.62", "2018-04-30": "0.60", "2018-01-31": "0.67", "2017-10-31": "0.74", "2017-07-31": "0.74", "2017-04-30": "0.73", "2017-01-31": "0.71", "2016-10-31": "0.74", "2016-07-31": "0.74", "2016-04-30": "0.70", "2016-01-31": "0.66", "2015-10-31": "1.13", "2015-07-31": "0.92", "2015-04-30": "0.99", "2015-01-31": "0.98", "2014-10-31": "1.00", "2014-07-31": "1.01", "2014-04-30": "1.02", "2014-01-31": "1.03", "2013-10-31": "0.97", "2013-07-31": "0.94", "2013-04-30": "0.98", "2013-01-31": "0.97", "2012-10-31": "0.95", "2012-07-31": "0.96", "2012-04-30": "0.99", "2012-01-31": "0.94", "2011-10-31": "0.86", "2011-07-31": "1.00", "2011-04-30": "0.96", "2011-01-31": "1.02", "2010-10-31": "0.97", "2010-07-31": "0.96", "2010-04-30": "1.07", "2010-01-31": "1.10", "2009-10-31": "1.08", "2009-07-31": "1.03", "2009-04-30": "1.00", "2009-01-31": "0.88", "2008-10-31": "0.83", "2008-07-31": "1.02", "2008-04-30": "1.06", "2008-01-31": "1.00", "2007-10-31": "1.00", "2007-07-31": "1.00", "2007-04-30": "0.99", "2007-01-31": "0.97", "2006-10-31": "1.13", "2006-07-31": "1.05", "2006-04-30": "1.09", "2006-01-31": "1.06", "2005-10-31": "1.16", "2005-07-31": "1.20", "2005-04-30": "1.27", "2005-01-31": "1.26"}, "debt equity ratio": {"current": "0.00", "2020-10-31": "-16.57", "2020-07-31": "-18.24", "2020-04-30": "-46.46", "2020-01-31": "-20.37", "2019-10-31": "-29.05", "2019-07-31": "-29.65", "2019-04-30": "-22.48", "2019-01-31": "-18.69", "2018-10-31": "-55.18", "2018-07-31": "-20.39", "2018-04-30": "-18.22", "2018-01-31": "-13.85", "2017-10-31": "-10.66", "2017-07-31": "-8.36", "2017-04-30": "-8.25", "2017-01-31": "-7.52", "2016-10-31": "-8.45", "2016-07-31": "-7.93", "2016-04-30": "-6.33", "2016-01-31": "-6.20", "2015-10-31": "2.80", "2015-07-31": "2.90", "2015-04-30": "2.73", "2015-01-31": "2.75", "2014-10-31": "2.81", "2014-07-31": "2.57", "2014-04-30": "2.64", "2014-01-31": "2.73", "2013-10-31": "2.82", "2013-07-31": "3.24", "2013-04-30": "3.44", "2013-01-31": "3.58", "2012-10-31": "3.76", "2012-07-31": "2.67", "2012-04-30": "2.06", "2012-01-31": "2.20", "2011-10-31": "2.32", "2011-07-31": "2.19", "2011-04-30": "1.99", "2011-01-31": "1.89", "2010-10-31": "2.05", "2010-07-31": "1.80", "2010-04-30": "1.65", "2010-01-31": "1.71", "2009-10-31": "1.82", "2009-07-31": "1.67", "2009-04-30": "1.68", "2009-01-31": "1.77", "2008-10-31": "1.91", "2008-07-31": "1.49", "2008-04-30": "1.41", "2008-01-31": "1.33", "2007-10-31": "1.30", "2007-07-31": "1.31", "2007-04-30": "1.29", "2007-01-31": "1.14", "2006-10-31": "1.15", "2006-07-31": "1.18", "2006-04-30": "1.08", "2006-01-31": "1.08", "2005-10-31": "1.08", "2005-07-31": "1.02", "2005-04-30": "1.00", "2005-01-31": "0.99"}, "return on equity": {"2020-10-31": "-172.60%", "2020-07-31": "-184.59%", "2020-04-30": "-256.03%", "2020-01-31": "-222.37%", "2019-10-31": "-223.23%", "2019-07-31": "-330.98%", "2019-04-30": "-273.37%", "2019-01-31": "-274.62%", "2018-10-31": "-303.92%", "2018-07-31": "-185.52%", "2018-04-30": "-140.93%", "2018-01-31": "-106.70%", "2017-10-31": "-63.04%", "2017-07-31": "-57.13%", "2017-04-30": "-60.76%", "2017-01-31": "-59.43%", "2016-10-31": "-57.02%", "2016-07-31": "91.59%", "2016-04-30": "29.61%", "2016-01-31": "19.42%", "2015-10-31": "16.61%", "2015-07-31": "16.79%", "2015-04-30": "17.05%", "2015-01-31": "17.77%", "2014-10-31": "17.78%", "2014-07-31": "18.00%", "2014-04-30": "20.12%", "2014-01-31": "20.27%", "2013-10-31": "20.48%", "2013-07-31": "-13.28%", "2013-04-30": "-52.52%", "2013-01-31": "-43.01%", "2012-10-31": "-37.18%", "2012-07-31": "-14.60%", "2012-04-30": "13.11%", "2012-01-31": "14.88%", "2011-10-31": "17.51%", "2011-07-31": "22.95%", "2011-04-30": "22.09%", "2011-01-31": "21.58%", "2010-10-31": "20.70%", "2010-07-31": "20.40%", "2010-04-30": "20.32%", "2010-01-31": "19.56%", "2009-10-31": "18.86%", "2009-07-31": "18.33%", "2009-04-30": "19.59%", "2009-01-31": "20.76%", "2008-10-31": "21.70%", "2008-07-31": "21.89%", "2008-04-30": "21.46%", "2008-01-31": "20.95%", "2007-10-31": "19.37%", "2007-07-31": "18.17%", "2007-04-30": "17.16%", "2007-01-31": "17.43%", "2006-10-31": "16.83%", "2006-07-31": "13.44%", "2006-04-30": "9.81%", "2006-01-31": "7.22%", "2005-10-31": "6.38%"}, "return on assets": {"2020-10-31": "8.47%", "2020-07-31": "7.70%", "2020-04-30": "9.17%", "2020-01-31": "9.35%", "2019-10-31": "9.68%", "2019-07-31": "12.82%", "2019-04-30": "11.75%", "2019-01-31": "12.56%", "2018-10-31": "15.64%", "2018-07-31": "13.49%", "2018-04-30": "13.17%", "2018-01-31": "11.97%", "2017-10-31": "8.30%", "2017-07-31": "8.01%", "2017-04-30": "8.65%", "2017-01-31": "9.15%", "2016-10-31": "9.31%", "2016-07-31": "7.19%", "2016-04-30": "5.13%", "2016-01-31": "4.44%", "2015-10-31": "4.38%", "2015-07-31": "4.42%", "2015-04-30": "4.59%", "2015-01-31": "4.82%", "2014-10-31": "4.83%", "2014-07-31": "4.88%", "2014-04-30": "5.23%", "2014-01-31": "5.02%", "2013-10-31": "4.82%", "2013-07-31": "-2.95%", "2013-04-30": "-12.20%", "2013-01-31": "-11.19%", "2012-10-31": "-10.53%", "2012-07-31": "-4.43%", "2012-04-30": "4.11%", "2012-01-31": "4.69%", "2011-10-31": "5.66%", "2011-07-31": "7.58%", "2011-04-30": "7.53%", "2011-01-31": "7.59%", "2010-10-31": "7.39%", "2010-07-31": "7.44%", "2010-04-30": "7.49%", "2010-01-31": "7.19%", "2009-10-31": "6.90%", "2009-07-31": "6.65%", "2009-04-30": "7.22%", "2009-01-31": "7.84%", "2008-10-31": "8.55%", "2008-07-31": "9.19%", "2008-04-30": "9.18%", "2008-01-31": "9.08%", "2007-10-31": "8.58%", "2007-07-31": "8.19%", "2007-04-30": "7.85%", "2007-01-31": "8.16%", "2006-10-31": "7.93%", "2006-07-31": "6.38%", "2006-04-30": "4.75%", "2006-01-31": "3.53%", "2005-10-31": "3.15%"}, "return on investments": {"2020-10-31": "108.14%", "2020-07-31": "104.42%", "2020-04-30": "117.14%", "2020-01-31": "119.76%", "2019-10-31": "116.45%", "2019-07-31": "115.37%", "2019-04-30": "121.27%", "2019-01-31": "126.85%", "2018-10-31": "119.25%", "2018-07-31": "116.25%", "2018-04-30": "117.36%", "2018-01-31": "113.25%", "2017-10-31": "124.05%", "2017-07-31": "127.02%", "2017-04-30": "127.97%", "2017-01-31": "139.60%", "2016-10-31": "151.41%", "2016-07-31": "36.69%", "2016-04-30": "18.32%", "2016-01-31": "12.68%", "2015-10-31": "9.96%", "2015-07-31": "4.94%", "2015-04-30": "5.86%", "2015-01-31": "7.61%", "2014-10-31": "9.40%", "2014-07-31": "15.81%", "2014-04-30": "17.05%", "2014-01-31": "16.74%", "2013-10-31": "16.28%", "2013-07-31": "-2.92%", "2013-04-30": "-25.26%", "2013-01-31": "-21.28%", "2012-10-31": "-18.96%", "2012-07-31": "-6.03%", "2012-04-30": "12.01%", "2012-01-31": "13.81%", "2011-10-31": "16.49%", "2011-07-31": "21.25%", "2011-04-30": "21.21%", "2011-01-31": "20.90%", "2010-10-31": "20.45%", "2010-07-31": "20.28%", "2010-04-30": "20.05%", "2010-01-31": "19.39%", "2009-10-31": "18.99%", "2009-07-31": "18.97%", "2009-04-30": "20.62%", "2009-01-31": "22.10%", "2008-10-31": "23.19%", "2008-07-31": "23.35%", "2008-04-30": "22.84%", "2008-01-31": "22.47%", "2007-10-31": "20.97%", "2007-07-31": "19.55%", "2007-04-30": "18.41%", "2007-01-31": "17.35%", "2006-10-31": "16.70%", "2006-07-31": "12.46%", "2006-04-30": "10.80%", "2006-01-31": "9.37%", "2005-10-31": "8.37%"}, "return on tangible equity": {"2020-10-31": "-35.42%", "2020-07-31": "-33.01%", "2020-04-30": "-39.91%", "2020-01-31": "-39.21%", "2019-10-31": "-40.62%", "2019-07-31": "-56.04%", "2019-04-30": "-51.66%", "2019-01-31": "-55.36%", "2018-10-31": "-69.22%", "2018-07-31": "-54.64%", "2018-04-30": "-49.08%", "2018-01-31": "-41.38%", "2017-10-31": "-26.23%", "2017-07-31": "-24.19%", "2017-04-30": "-25.35%", "2017-01-31": "-25.49%", "2016-10-31": "-24.90%", "2016-07-31": "-163.89%", "2016-04-30": "-212.14%", "2016-01-31": "-875.51%", "2015-10-31": "661.92%", "2015-07-31": "-70.55%", "2015-04-30": "-83.07%", "2015-01-31": "-90.36%", "2014-10-31": "-92.74%", "2014-07-31": "-92.17%", "2014-04-30": "-80.98%", "2014-01-31": "-64.06%", "2013-10-31": "-52.10%", "2013-07-31": "27.82%", "2013-04-30": "110.52%", "2013-01-31": "102.10%", "2012-10-31": "94.30%", "2012-07-31": "38.76%", "2012-04-30": "-41.09%", "2012-01-31": "-56.72%", "2011-10-31": "-90.79%", "2011-07-31": "-184.96%", "2011-04-30": "-270.26%", "2011-01-31": "-512.28%", "2010-10-31": "-20493.57%", "2010-07-31": "536.84%", "2010-04-30": "458.21%", "2010-01-31": "596.81%", "2009-10-31": "1196.88%", "2009-07-31": "19626.67%", "2009-04-30": "288.23%", "2009-01-31": "147.07%", "2008-10-31": "97.11%", "2008-07-31": "69.35%", "2008-04-30": "66.31%", "2008-01-31": "63.48%", "2007-10-31": "56.95%", "2007-07-31": "48.30%", "2007-04-30": "42.87%", "2007-01-31": "40.58%", "2006-10-31": "37.68%", "2006-07-31": "30.26%", "2006-04-30": "21.73%", "2006-01-31": "15.73%", "2005-10-31": "13.53%"}, "dividend yield history": {"last payout": "$0.78", "last yield": "2.86%"}}