{"ticker": "HRL", "price": {"title": "Hormel Foods Historical Annual Stock Price Data", "value": 48.18, "historical": {"2021": {"Average Stock Price": "46.8079", "Year Open": "46.3100", "Year High": "50.5000", "Year Low": "43.9700", "Year Close": "48.1800", "Annual % Change": "3.37%"}, "2020": {"Average Stock Price": "48.0693", "Year Open": "44.3100", "Year High": "52.7100", "Year Low": "40.0800", "Year Close": "46.6100", "Annual % Change": "3.33%"}, "2019": {"Average Stock Price": "42.0934", "Year Open": "41.3300", "Year High": "45.7600", "Year Low": "38.8000", "Year Close": "45.1100", "Annual % Change": "5.69%"}, "2018": {"Average Stock Price": "37.8173", "Year Open": "36.3600", "Year High": "45.8900", "Year Low": "32.2100", "Year Close": "42.6800", "Annual % Change": "17.28%"}, "2017": {"Average Stock Price": "34.1046", "Year Open": "35.2900", "Year High": "37.8700", "Year Low": "30.1500", "Year Close": "36.3900", "Annual % Change": "4.54%"}, "2016": {"Average Stock Price": "38.0425", "Year Open": "39.1100", "Year High": "44.4700", "Year Low": "33.2900", "Year Close": "34.8100", "Annual % Change": "-11.96%"}, "2015": {"Average Stock Price": "30.3434", "Year Open": "25.8100", "Year High": "40.2550", "Year Low": "25.1600", "Year Close": "39.5400", "Annual % Change": "51.79%"}, "2014": {"Average Stock Price": "24.5113", "Year Open": "22.3150", "Year High": "27.6450", "Year Low": "21.5500", "Year Close": "26.0500", "Annual % Change": "15.34%"}, "2013": {"Average Stock Price": "20.4047", "Year Open": "16.0050", "Year High": "23.0000", "Year Low": "16.0050", "Year Close": "22.5850", "Annual % Change": "44.73%"}, "2012": {"Average Stock Price": "14.6419", "Year Open": "14.5900", "Year High": "15.7700", "Year Low": "13.7400", "Year Close": "15.6050", "Annual % Change": "6.56%"}, "2011": {"Average Stock Price": "14.0678", "Year Open": "12.7950", "Year High": "15.1850", "Year Low": "12.3400", "Year Close": "14.6450", "Annual % Change": "14.28%"}, "2010": {"Average Stock Price": "10.7769", "Year Open": "9.5700", "Year High": "12.9525", "Year Low": "9.5150", "Year Close": "12.8150", "Annual % Change": "33.32%"}, "2009": {"Average Stock Price": "8.6187", "Year Open": "7.8875", "Year High": "9.7450", "Year Low": "7.3500", "Year Close": "9.6125", "Annual % Change": "23.71%"}, "2008": {"Average Stock Price": "9.0207", "Year Open": "10.0550", "Year High": "10.6175", "Year Low": "6.2525", "Year Close": "7.7700", "Annual % Change": "-23.22%"}, "2007": {"Average Stock Price": "9.2760", "Year Open": "9.5375", "Year High": "10.4250", "Year Low": "7.9400", "Year Close": "10.1200", "Annual % Change": "8.41%"}, "2006": {"Average Stock Price": "8.8896", "Year Open": "8.2625", "Year High": "9.6775", "Year Low": "8.2475", "Year Close": "9.3350", "Annual % Change": "14.26%"}, "2005": {"Average Stock Price": "7.8437", "Year Open": "7.6500", "Year High": "8.8125", "Year Low": "7.3275", "Year Close": "8.1700", "Annual % Change": "4.24%"}, "2004": {"Average Stock Price": "7.1868", "Year Open": "6.4125", "Year High": "7.9675", "Year Low": "6.2500", "Year Close": "7.8375", "Annual % Change": "21.46%"}, "2003": {"Average Stock Price": "5.8135", "Year Open": "5.8925", "Year High": "6.8625", "Year Low": "5.0450", "Year Close": "6.4525", "Annual % Change": "10.63%"}, "2002": {"Average Stock Price": "6.0414", "Year Open": "6.6625", "Year High": "7.0075", "Year Low": "5.1250", "Year Close": "5.8325", "Annual % Change": "-13.17%"}, "2001": {"Average Stock Price": "5.6946", "Year Open": "4.6575", "Year High": "6.7850", "Year Low": "4.2975", "Year Close": "6.7175", "Annual % Change": "44.23%"}, "2000": {"Average Stock Price": "4.2508", "Year Open": "5.0313", "Year High": "5.1725", "Year Low": "3.5325", "Year Close": "4.6575", "Annual % Change": "-8.30%"}, "1999": {"Average Stock Price": "4.8742", "Year Open": "4.0625", "Year High": "5.6563", "Year Low": "3.9538", "Year Close": "5.0788", "Annual % Change": "24.06%"}, "1998": {"Average Stock Price": "4.0937", "Year Open": "4.1175", "Year High": "4.8750", "Year Low": "3.2738", "Year Close": "4.0938", "Annual % Change": "0.00%"}, "1997": {"Average Stock Price": "3.4673", "Year Open": "3.3600", "Year High": "4.0938", "Year Low": "2.9850", "Year Close": "4.0938", "Annual % Change": "21.84%"}, "1996": {"Average Stock Price": "3.0786", "Year Open": "3.1563", "Year High": "3.4850", "Year Low": "2.5625", "Year Close": "3.3600", "Annual % Change": "9.13%"}, "1995": {"Average Stock Price": "3.1658", "Year Open": "3.0625", "Year High": "3.4850", "Year Low": "2.8600", "Year Close": "3.0788", "Annual % Change": "-0.48%"}, "1994": {"Average Stock Price": "2.7358", "Year Open": "2.7663", "Year High": "3.3125", "Year Low": "2.3750", "Year Close": "3.0938", "Annual % Change": "11.84%"}, "1993": {"Average Stock Price": "2.7667", "Year Open": "2.8913", "Year High": "3.1563", "Year Low": "2.5475", "Year Close": "2.7663", "Annual % Change": "-5.83%"}, "1992": {"Average Stock Price": "2.5101", "Year Open": "2.6100", "Year High": "3.0625", "Year Low": "2.0938", "Year Close": "2.9375", "Annual % Change": "9.92%"}, "1991": {"Average Stock Price": "2.4861", "Year Open": "2.3288", "Year High": "2.8750", "Year Low": "2.0625", "Year Close": "2.6725", "Annual % Change": "11.76%"}}}, "market cap": {"value": "$26.72B"}, "income statement": {"Revenue": {"2020-10-31": "9608.46200", "2019-10-31": "9497.31700", "2018-10-31": "9545.70000", "2017-10-31": "9167.51900", "2016-10-31": "9523.22400", "2015-10-31": "9263.86300", "2014-10-31": "9316.25600", "2013-10-31": "8751.65400", "2012-10-31": "8230.67000", "2011-10-31": "7895.08900", "2010-10-31": "7220.71900", "2009-10-31": "6533.67100", "2008-10-31": "6754.90300", "2007-10-31": "6193.03200", "2006-10-31": "5745.48100", "2005-10-31": "5413.99700"}, "Cost Of Goods Sold": {"2020-10-31": "7782.49800", "2019-10-31": "7612.66900", "2018-10-31": "7566.22700", "2017-10-31": "7170.88300", "2016-10-31": "7365.04900", "2015-10-31": "7455.28200", "2014-10-31": "7751.27300", "2013-10-31": "7338.83800", "2012-10-31": "6898.81900", "2011-10-31": "6560.97600", "2010-10-31": "5981.97700", "2009-10-31": "5434.80000", "2008-10-31": "5692.97400", "2007-10-31": "5190.23100", "2006-10-31": "4362.29100", "2005-10-31": "4129.54900"}, "Gross Profit": {"2020-10-31": "1825.96400", "2019-10-31": "1884.64800", "2018-10-31": "1979.47300", "2017-10-31": "1996.63600", "2016-10-31": "2158.17500", "2015-10-31": "1808.58100", "2014-10-31": "1564.98300", "2013-10-31": "1412.81600", "2012-10-31": "1331.85100", "2011-10-31": "1334.11300", "2010-10-31": "1238.74200", "2009-10-31": "1098.87100", "2008-10-31": "1061.92900", "2007-10-31": "1002.80100", "2006-10-31": "1383.19000", "2005-10-31": "1284.44800"}, "Research And Development Expenses": {"2020-10-31": "", "2019-10-31": "", "2018-10-31": "", "2017-10-31": "", "2016-10-31": "", "2015-10-31": "", "2014-10-31": "", "2013-10-31": "", "2012-10-31": "", "2011-10-31": "", "2010-10-31": "", "2009-10-31": "", "2008-10-31": "", "2007-10-31": "", "2006-10-31": "", "2005-10-31": ""}, "SG&A Expenses": {"2020-10-31": "761.31500", "2019-10-31": "727.58400", "2018-10-31": "841.20500", "2017-10-31": "759.30400", "2016-10-31": "871.97400", "2015-10-31": "743.61100", "2014-10-31": "650.94800", "2013-10-31": "627.34000", "2012-10-31": "605.86800", "2011-10-31": "618.58600", "2010-10-31": "605.29300", "2009-10-31": "567.08500", "2008-10-31": "552.50300", "2007-10-31": "522.35100", "2006-10-31": "937.03400", "2005-10-31": "864.03400"}, "Other Operating Income Or Expenses": {"2020-10-31": "", "2019-10-31": "", "2018-10-31": "", "2017-10-31": "", "2016-10-31": "", "2015-10-31": "", "2014-10-31": "", "2013-10-31": "", "2012-10-31": "", "2011-10-31": "", "2010-10-31": "", "2009-10-31": "", "2008-10-31": "", "2007-10-31": "", "2006-10-31": "", "2005-10-31": ""}, "Operating Expenses": {"2020-10-31": "8508.24100", "2019-10-31": "8301.05200", "2018-10-31": "8365.73800", "2017-10-31": "7890.77700", "2016-10-31": "8199.32900", "2015-10-31": "8196.54300", "2014-10-31": "8384.63600", "2013-10-31": "7945.66500", "2012-10-31": "7465.99600", "2011-10-31": "7152.80500", "2010-10-31": "6574.14400", "2009-10-31": "5997.09200", "2008-10-31": "6238.10700", "2007-10-31": "5709.11200", "2006-10-31": "5294.77200", "2005-10-31": "4988.05800"}, "Operating Income": {"2020-10-31": "1100.22100", "2019-10-31": "1196.26600", "2018-10-31": "1179.96200", "2017-10-31": "1276.74100", "2016-10-31": "1323.89500", "2015-10-31": "1067.32000", "2014-10-31": "931.62010", "2013-10-31": "805.98970", "2012-10-31": "764.67380", "2011-10-31": "742.28370", "2010-10-31": "646.57520", "2009-10-31": "536.57910", "2008-10-31": "516.79590", "2007-10-31": "483.92040", "2006-10-31": "450.70900", "2005-10-31": "425.93900"}, "Total Non-Operating Income/Expense": {"2020-10-31": "14.52700", "2019-10-31": "13.45000", "2018-10-31": "1.32300", "2017-10-31": "1.90300", "2016-10-31": "-6.68000", "2015-10-31": "-10.17700", "2014-10-31": "-9.46800", "2013-10-31": "-7.48200", "2012-10-31": "-6.33900", "2011-10-31": "-23.44800", "2010-10-31": "-22.02400", "2009-10-31": "-8.43200", "2008-10-31": "-56.12500", "2007-10-31": "-14.08300", "2006-10-31": "-20.16600", "2005-10-31": "-19.21300"}, "Pre-Tax Income": {"2020-10-31": "1114.74700", "2019-10-31": "1209.71500", "2018-10-31": "1181.28400", "2017-10-31": "1278.64500", "2016-10-31": "1317.21500", "2015-10-31": "1057.14300", "2014-10-31": "922.15200", "2013-10-31": "798.50700", "2012-10-31": "758.33500", "2011-10-31": "718.83600", "2010-10-31": "624.55100", "2009-10-31": "528.14700", "2008-10-31": "460.67100", "2007-10-31": "469.83700", "2006-10-31": "430.54300", "2005-10-31": "406.72600"}, "Income Taxes": {"2020-10-31": "206.39300", "2019-10-31": "230.56700", "2018-10-31": "168.70200", "2017-10-31": "431.54200", "2016-10-31": "426.69800", "2015-10-31": "369.87900", "2014-10-31": "316.12600", "2013-10-31": "268.43100", "2012-10-31": "253.37400", "2011-10-31": "239.64000", "2010-10-31": "224.77500", "2009-10-31": "182.16900", "2008-10-31": "172.03600", "2007-10-31": "167.94500", "2006-10-31": "144.40400", "2005-10-31": "152.12300"}, "Income After Taxes": {"2020-10-31": "908.35390", "2019-10-31": "979.14790", "2018-10-31": "1012.58200", "2017-10-31": "847.10300", "2016-10-31": "890.51700", "2015-10-31": "687.26390", "2014-10-31": "606.02600", "2013-10-31": "530.07600", "2012-10-31": "504.96100", "2011-10-31": "479.19600", "2010-10-31": "399.77600", "2009-10-31": "345.97800", "2008-10-31": "288.63500", "2007-10-31": "301.89200", "2006-10-31": "286.13900", "2005-10-31": "254.60300"}, "Other Income": {"2020-10-31": "", "2019-10-31": "", "2018-10-31": "", "2017-10-31": "", "2016-10-31": "", "2015-10-31": "", "2014-10-31": "", "2013-10-31": "", "2012-10-31": "", "2011-10-31": "", "2010-10-31": "", "2009-10-31": "", "2008-10-31": "", "2007-10-31": "", "2006-10-31": "", "2005-10-31": ""}, "Income From Continuous Operations": {"2020-10-31": "908.35390", "2019-10-31": "979.14790", "2018-10-31": "1012.58200", "2017-10-31": "847.10300", "2016-10-31": "890.51700", "2015-10-31": "687.26390", "2014-10-31": "606.02600", "2013-10-31": "530.07600", "2012-10-31": "504.96100", "2011-10-31": "479.19600", "2010-10-31": "399.77600", "2009-10-31": "345.97800", "2008-10-31": "288.63500", "2007-10-31": "301.89200", "2006-10-31": "286.13900", "2005-10-31": "254.60300"}, "Income From Discontinued Operations": {"2020-10-31": "", "2019-10-31": "", "2018-10-31": "", "2017-10-31": "", "2016-10-31": "", "2015-10-31": "", "2014-10-31": "", "2013-10-31": "", "2012-10-31": "", "2011-10-31": "", "2010-10-31": "", "2009-10-31": "", "2008-10-31": "", "2007-10-31": "", "2006-10-31": "", "2005-10-31": ""}, "Net Income": {"2020-10-31": "908.08200", "2019-10-31": "978.80600", "2018-10-31": "1012.14000", "2017-10-31": "846.73500", "2016-10-31": "890.05200", "2015-10-31": "686.08800", "2014-10-31": "602.67700", "2013-10-31": "526.21100", "2012-10-31": "500.05000", "2011-10-31": "474.19500", "2010-10-31": "395.58700", "2009-10-31": "342.81300", "2008-10-31": "285.50000", "2007-10-31": "301.89200", "2006-10-31": "286.13900", "2005-10-31": "254.60300"}, "EBITDA": {"2020-10-31": "1341.57400", "2019-10-31": "1400.67600", "2018-10-31": "1418.07100", "2017-10-31": "1447.48800", "2016-10-31": "1495.53900", "2015-10-31": "1246.17800", "2014-10-31": "1079.24900", "2013-10-31": "951.35280", "2012-10-31": "922.85880", "2011-10-31": "893.20570", "2010-10-31": "785.29220", "2009-10-31": "668.51010", "2008-10-31": "650.35490", "2007-10-31": "614.12840", "2006-10-31": "576.36300", "2005-10-31": "546.65300"}, "EBIT": {"2020-10-31": "1135.79300", "2019-10-31": "1235.46700", "2018-10-31": "1238.93400", "2017-10-31": "1316.33100", "2016-10-31": "1362.58000", "2015-10-31": "1091.20700", "2014-10-31": "949.20510", "2013-10-31": "826.50270", "2012-10-31": "803.36480", "2011-10-31": "769.04070", "2010-10-31": "659.70120", "2009-10-31": "541.37210", "2008-10-31": "524.16590", "2007-10-31": "487.39040", "2006-10-31": "455.26200", "2005-10-31": "431.46400"}, "Basic Shares Outstanding": {"2020-10-31": "538.00700", "2019-10-31": "534.57800", "2018-10-31": "530.74200", "2017-10-31": "528.36300", "2016-10-31": "529.29000", "2015-10-31": "528.14300", "2014-10-31": "527.62400", "2013-10-31": "528.63400", "2012-10-31": "526.93200", "2011-10-31": "532.78800", "2010-10-31": "533.46400", "2009-10-31": "536.90800", "2008-10-31": "541.44000", "2007-10-31": "548.86400", "2006-10-31": "551.38000", "2005-10-31": "552.16000"}, "Shares Outstanding": {"2020-10-31": "546.59200", "2019-10-31": "545.23200", "2018-10-31": "543.86900", "2017-10-31": "539.11600", "2016-10-31": "542.47300", "2015-10-31": "541.00200", "2014-10-31": "540.43100", "2013-10-31": "540.44800", "2012-10-31": "537.78200", "2011-10-31": "543.83000", "2010-10-31": "541.39600", "2009-10-31": "541.95800", "2008-10-31": "548.51200", "2007-10-31": "556.60400", "2006-10-31": "558.24400", "2005-10-31": "558.30800"}, "Basic EPS": {"2020-10-31": "1.69000", "2019-10-31": "1.83000", "2018-10-31": "1.91000", "2017-10-31": "1.60000", "2016-10-31": "1.68000", "2015-10-31": "1.30000", "2014-10-31": "1.14000", "2013-10-31": "0.99500", "2012-10-31": "0.95000", "2011-10-31": "0.89000", "2010-10-31": "0.74000", "2009-10-31": "0.64000", "2008-10-31": "0.52750", "2007-10-31": "0.55000", "2006-10-31": "0.52000", "2005-10-31": "0.46000"}, "EPS - Earnings Per Share": {"2020-10-31": "1.66000", "2019-10-31": "1.80000", "2018-10-31": "1.86000", "2017-10-31": "1.57000", "2016-10-31": "1.64000", "2015-10-31": "1.27000", "2014-10-31": "1.12000", "2013-10-31": "0.97500", "2012-10-31": "0.93000", "2011-10-31": "0.87000", "2010-10-31": "0.73000", "2009-10-31": "0.63500", "2008-10-31": "0.52000", "2007-10-31": "0.54250", "2006-10-31": "0.51250", "2005-10-31": "0.45500"}}, "income statement, quarterly": {"Revenue": {"2020-10-31": "2420.10600", "2020-07-31": "2381.45700", "2020-04-30": "2422.46500", "2020-01-31": "2384.43400", "2019-10-31": "2501.51300", "2019-07-31": "2290.70500", "2019-04-30": "2344.74400", "2019-01-31": "2360.35500", "2018-10-31": "2524.69700", "2018-07-31": "2359.14200", "2018-04-30": "2330.56800", "2018-01-31": "2331.29300", "2017-10-31": "2492.60700", "2017-07-31": "2207.37500", "2017-04-30": "2187.30900", "2017-01-31": "2280.22700", "2016-10-31": "2627.94000", "2016-07-31": "2302.37600", "2016-04-30": "2300.23500", "2016-01-31": "2292.67200", "2015-10-31": "2400.85900", "2015-07-31": "2188.58700", "2015-04-30": "2279.34500", "2015-01-31": "2395.07300", "2014-10-31": "2543.77000", "2014-07-31": "2284.94700", "2014-04-30": "2244.86600", "2014-01-31": "2242.67200", "2013-10-31": "2323.20200", "2013-07-31": "2159.52500", "2013-04-30": "2152.68600", "2013-01-31": "2116.24100", "2012-10-31": "2170.18400", "2012-07-31": "2008.18800", "2012-04-30": "2012.85900", "2012-01-31": "2039.43900", "2011-10-31": "2103.89800", "2011-07-31": "1910.59200", "2011-04-30": "1959.04100", "2011-01-31": "1921.55800", "2010-10-31": "2063.03900", "2010-07-31": "1730.45100", "2010-04-30": "1699.78200", "2010-01-31": "1727.44700", "2009-10-31": "1675.10200", "2009-07-31": "1574.44000", "2009-04-30": "1595.04300", "2009-01-31": "1689.08600", "2008-10-31": "1861.51200", "2008-07-31": "1678.14200", "2008-04-30": "1594.08400", "2008-01-31": "1621.16500", "2007-10-31": "1664.34700", "2007-07-31": "1520.00500", "2007-04-30": "1504.59700", "2007-01-31": "1504.08300", "2006-10-31": "1557.30900", "2006-07-31": "1406.89400", "2006-04-30": "1365.34500", "2006-01-31": "1415.93300", "2005-10-31": "1477.90800", "2005-07-31": "1355.02100", "2005-04-30": "1309.63700", "2005-01-31": "1271.43100"}, "Cost Of Goods Sold": {"2020-10-31": "1962.33900", "2020-07-31": "1959.03200", "2020-04-30": "1945.11300", "2020-01-31": "1916.01400", "2019-10-31": "2007.79000", "2019-07-31": "1857.26300", "2019-04-30": "1875.59500", "2019-01-31": "1872.02100", "2018-10-31": "1991.36900", "2018-07-31": "1904.09600", "2018-04-30": "1837.76500", "2018-01-31": "1832.99700", "2017-10-31": "1987.58100", "2017-07-31": "1754.96600", "2017-04-30": "1700.38900", "2017-01-31": "1727.94700", "2016-10-31": "2029.42100", "2016-07-31": "1827.09100", "2016-04-30": "1773.87600", "2016-01-31": "1734.66100", "2015-10-31": "1905.82800", "2015-07-31": "1779.19700", "2015-04-30": "1819.78900", "2015-01-31": "1950.46800", "2014-10-31": "2120.18700", "2014-07-31": "1920.94800", "2014-04-30": "1866.10800", "2014-01-31": "1844.03000", "2013-10-31": "1937.68600", "2013-07-31": "1829.21900", "2013-04-30": "1799.88500", "2013-01-31": "1772.04800", "2012-10-31": "1818.40500", "2012-07-31": "1701.13200", "2012-04-30": "1677.25200", "2012-01-31": "1702.03000", "2011-10-31": "1767.87200", "2011-07-31": "1612.73700", "2011-04-30": "1632.81400", "2011-01-31": "1547.55300", "2010-10-31": "1708.06600", "2010-07-31": "1445.53600", "2010-04-30": "1419.31500", "2010-01-31": "1409.06000", "2009-10-31": "1370.90800", "2009-07-31": "1314.11600", "2009-04-30": "1333.00500", "2009-01-31": "1416.77100", "2008-10-31": "1585.27200", "2008-07-31": "1449.09600", "2008-04-30": "1330.13200", "2008-01-31": "1328.47400", "2007-10-31": "1690.25000", "2007-07-31": "1196.62400", "2007-04-30": "1158.71100", "2007-01-31": "1144.64600", "2006-10-31": "1180.74700", "2006-07-31": "1084.74000", "2006-04-30": "1033.86600", "2006-01-31": "1062.93800", "2005-10-31": "1109.74700", "2005-07-31": "1053.74800", "2005-04-30": "1006.69100", "2005-01-31": "959.36300"}, "Gross Profit": {"2020-10-31": "457.76720", "2020-07-31": "422.42500", "2020-04-30": "477.35210", "2020-01-31": "468.42000", "2019-10-31": "493.72290", "2019-07-31": "433.44210", "2019-04-30": "469.14890", "2019-01-31": "488.33400", "2018-10-31": "533.32850", "2018-07-31": "455.04610", "2018-04-30": "492.80310", "2018-01-31": "498.29600", "2017-10-31": "505.02660", "2017-07-31": "452.40910", "2017-04-30": "486.92000", "2017-01-31": "552.28000", "2016-10-31": "598.51920", "2016-07-31": "475.28500", "2016-04-30": "526.35910", "2016-01-31": "558.01110", "2015-10-31": "495.03080", "2015-07-31": "409.38990", "2015-04-30": "459.55600", "2015-01-31": "444.60500", "2014-10-31": "423.58300", "2014-07-31": "363.99900", "2014-04-30": "378.75790", "2014-01-31": "398.64210", "2013-10-31": "385.51620", "2013-07-31": "330.30590", "2013-04-30": "352.80100", "2013-01-31": "344.19300", "2012-10-31": "351.77910", "2012-07-31": "307.05600", "2012-04-30": "335.60710", "2012-01-31": "337.40890", "2011-10-31": "336.02560", "2011-07-31": "297.85500", "2011-04-30": "326.22710", "2011-01-31": "374.00500", "2010-10-31": "354.97310", "2010-07-31": "284.91500", "2010-04-30": "280.46700", "2010-01-31": "318.38700", "2009-10-31": "304.19420", "2009-07-31": "260.32400", "2009-04-30": "262.03800", "2009-01-31": "272.31510", "2008-10-31": "276.23960", "2008-07-31": "229.04600", "2008-04-30": "263.95200", "2008-01-31": "292.69100", "2007-10-31": "-25.90280", "2007-07-31": "323.38100", "2007-04-30": "345.88600", "2007-01-31": "359.43700", "2006-10-31": "376.56190", "2006-07-31": "322.15410", "2006-04-30": "331.47900", "2006-01-31": "352.99500", "2005-10-31": "368.16130", "2005-07-31": "301.27290", "2005-04-30": "302.94600", "2005-01-31": "312.06810"}, "Research And Development Expenses": {"2020-10-31": "", "2020-07-31": "", "2020-04-30": "", "2020-01-31": "", "2019-10-31": "", "2019-07-31": "", "2019-04-30": "", "2019-01-31": "", "2018-10-31": "", "2018-07-31": "", "2018-04-30": "", "2018-01-31": "", "2017-10-31": "", "2017-07-31": "", "2017-04-30": "", "2017-01-31": "", "2016-10-31": "", "2016-07-31": "", "2016-04-30": "", "2016-01-31": "", "2015-10-31": "", "2015-07-31": "", "2015-04-30": "", "2015-01-31": "", "2014-10-31": "", "2014-07-31": "", "2014-04-30": "", "2014-01-31": "", "2013-10-31": "", "2013-07-31": "", "2013-04-30": "", "2013-01-31": "", "2012-10-31": "", "2012-07-31": "", "2012-04-30": "", "2012-01-31": "", "2011-10-31": "", "2011-07-31": "", "2011-04-30": "", "2011-01-31": "", "2010-10-31": "", "2010-07-31": "", "2010-04-30": "", "2010-01-31": "", "2009-10-31": "", "2009-07-31": "", "2009-04-30": "", "2009-01-31": "", "2008-10-31": "", "2008-07-31": "", "2008-04-30": "", "2008-01-31": "", "2007-10-31": "", "2007-07-31": "", "2007-04-30": "", "2007-01-31": "", "2006-10-31": "", "2006-07-31": "", "2006-04-30": "", "2006-01-31": "", "2005-10-31": "", "2005-07-31": "", "2005-04-30": "", "2005-01-31": ""}, "SG&A Expenses": {"2020-10-31": "190.79700", "2020-07-31": "181.08500", "2020-04-30": "193.91200", "2020-01-31": "195.52100", "2019-10-31": "183.79500", "2019-07-31": "180.16900", "2019-04-30": "170.07600", "2019-01-31": "193.54400", "2018-10-31": "205.28700", "2018-07-31": "211.49700", "2018-04-30": "204.54900", "2018-01-31": "219.87200", "2017-10-31": "191.41800", "2017-07-31": "176.66000", "2017-04-30": "181.00900", "2017-01-31": "210.21700", "2016-10-31": "244.00600", "2016-07-31": "206.87600", "2016-04-30": "211.14400", "2016-01-31": "209.94800", "2015-10-31": "188.95200", "2015-07-31": "184.62700", "2015-04-30": "189.73300", "2015-01-31": "180.29900", "2014-10-31": "165.93900", "2014-07-31": "153.03500", "2014-04-30": "165.78500", "2014-01-31": "166.18900", "2013-10-31": "147.44400", "2013-07-31": "150.99900", "2013-04-30": "173.06600", "2013-01-31": "155.83100", "2012-10-31": "159.68500", "2012-07-31": "145.02200", "2012-04-30": "148.68400", "2012-01-31": "152.47700", "2011-10-31": "156.69400", "2011-07-31": "156.59500", "2011-04-30": "160.13600", "2011-01-31": "145.16100", "2010-10-31": "166.45600", "2010-07-31": "146.52300", "2010-04-30": "146.78200", "2010-01-31": "145.53200", "2009-10-31": "142.70400", "2009-07-31": "142.01000", "2009-04-30": "139.84600", "2009-01-31": "142.52500", "2008-10-31": "132.93600", "2008-07-31": "135.25600", "2008-04-30": "140.22000", "2008-01-31": "144.09100", "2007-10-31": "-180.19700", "2007-07-31": "229.05400", "2007-04-30": "232.94000", "2007-01-31": "240.55400", "2006-10-31": "232.08600", "2006-07-31": "227.41500", "2006-04-30": "227.78800", "2006-01-31": "249.74500", "2005-10-31": "229.29900", "2005-07-31": "215.68600", "2005-04-30": "208.91000", "2005-01-31": "210.13900"}, "Other Operating Income Or Expenses": {"2020-10-31": "", "2020-07-31": "", "2020-04-30": "", "2020-01-31": "", "2019-10-31": "", "2019-07-31": "", "2019-04-30": "", "2019-01-31": "", "2018-10-31": "", "2018-07-31": "", "2018-04-30": "", "2018-01-31": "", "2017-10-31": "", "2017-07-31": "", "2017-04-30": "", "2017-01-31": "", "2016-10-31": "", "2016-07-31": "", "2016-04-30": "", "2016-01-31": "", "2015-10-31": "", "2015-07-31": "", "2015-04-30": "", "2015-01-31": "", "2014-10-31": "", "2014-07-31": "", "2014-04-30": "", "2014-01-31": "", "2013-10-31": "", "2013-07-31": "", "2013-04-30": "", "2013-01-31": "", "2012-10-31": "", "2012-07-31": "", "2012-04-30": "", "2012-01-31": "", "2011-10-31": "", "2011-07-31": "", "2011-04-30": "", "2011-01-31": "", "2010-10-31": "", "2010-07-31": "", "2010-04-30": "", "2010-01-31": "", "2009-10-31": "", "2009-07-31": "", "2009-04-30": "", "2009-01-31": "", "2008-10-31": "", "2008-07-31": "", "2008-04-30": "", "2008-01-31": "", "2007-10-31": "", "2007-07-31": "", "2007-04-30": "", "2007-01-31": "", "2006-10-31": "", "2006-07-31": "", "2006-04-30": "", "2006-01-31": "", "2005-10-31": "", "2005-07-31": "", "2005-04-30": "", "2005-01-31": ""}, "Operating Expenses": {"2020-10-31": "2143.40800", "2020-07-31": "2131.88200", "2020-04-30": "2129.00400", "2020-01-31": "2103.94700", "2019-10-31": "2180.51700", "2019-07-31": "2034.04800", "2019-04-30": "2032.38000", "2019-01-31": "2054.10700", "2018-10-31": "2205.12000", "2018-07-31": "2102.45200", "2018-04-30": "2028.82800", "2018-01-31": "2029.33800", "2017-10-31": "2166.96500", "2017-07-31": "1927.67000", "2017-04-30": "1871.27700", "2017-01-31": "1924.86500", "2016-10-31": "2262.19100", "2016-07-31": "2027.58600", "2016-04-30": "1976.41800", "2016-01-31": "1933.13400", "2015-10-31": "2108.36000", "2015-07-31": "1957.42800", "2015-04-30": "2001.64800", "2015-01-31": "2129.10700", "2014-10-31": "2280.40300", "2014-07-31": "2070.44300", "2014-04-30": "2028.31000", "2014-01-31": "2005.48000", "2013-10-31": "2083.00000", "2013-07-31": "1978.87200", "2013-04-30": "1965.75700", "2013-01-31": "1918.03600", "2012-10-31": "1968.03900", "2012-07-31": "1836.33100", "2012-04-30": "1818.12000", "2012-01-31": "1843.50600", "2011-10-31": "1916.94800", "2011-07-31": "1763.77000", "2011-04-30": "1786.27800", "2011-01-31": "1685.80900", "2010-10-31": "1870.39100", "2010-07-31": "1589.83700", "2010-04-30": "1562.14500", "2010-01-31": "1551.77100", "2009-10-31": "1512.21800", "2009-07-31": "1454.91000", "2009-04-30": "1471.36600", "2009-01-31": "1558.59800", "2008-10-31": "1714.26900", "2008-07-31": "1584.11100", "2008-04-30": "1469.53100", "2008-01-31": "1470.19600", "2007-10-31": "1508.66700", "2007-07-31": "1424.46600", "2007-04-30": "1391.68200", "2007-01-31": "1384.29700", "2006-10-31": "1411.99000", "2006-07-31": "1312.14500", "2006-04-30": "1260.35200", "2006-01-31": "1310.28500", "2005-10-31": "1338.34700", "2005-07-31": "1268.53500", "2005-04-30": "1214.60100", "2005-01-31": "1166.57500"}, "Operating Income": {"2020-10-31": "276.69750", "2020-07-31": "249.57500", "2020-04-30": "293.46090", "2020-01-31": "280.48710", "2019-10-31": "320.99610", "2019-07-31": "256.65720", "2019-04-30": "312.36390", "2019-01-31": "306.24800", "2018-10-31": "319.57710", "2018-07-31": "256.69020", "2018-04-30": "301.74010", "2018-01-31": "301.95510", "2017-10-31": "325.64210", "2017-07-31": "279.70510", "2017-04-30": "316.03200", "2017-01-31": "355.36190", "2016-10-31": "365.74900", "2016-07-31": "274.79000", "2016-04-30": "323.81710", "2016-01-31": "359.53810", "2015-10-31": "292.49830", "2015-07-31": "231.15890", "2015-04-30": "277.69700", "2015-01-31": "265.96610", "2014-10-31": "263.36740", "2014-07-31": "214.50420", "2014-04-30": "216.55590", "2014-01-31": "237.19210", "2013-10-31": "240.20290", "2013-07-31": "180.65280", "2013-04-30": "186.92900", "2013-01-31": "198.20510", "2012-10-31": "202.14500", "2012-07-31": "171.85710", "2012-04-30": "194.73910", "2012-01-31": "195.93290", "2011-10-31": "186.94960", "2011-07-31": "146.82200", "2011-04-30": "172.76310", "2011-01-31": "235.74900", "2010-10-31": "192.64790", "2010-07-31": "140.61410", "2010-04-30": "137.63710", "2010-01-31": "175.67600", "2009-10-31": "162.88430", "2009-07-31": "119.52990", "2009-04-30": "123.67700", "2009-01-31": "130.48800", "2008-10-31": "147.24240", "2008-07-31": "94.03100", "2008-04-30": "124.55310", "2008-01-31": "150.96900", "2007-10-31": "155.68030", "2007-07-31": "95.53910", "2007-04-30": "112.91490", "2007-01-31": "119.78600", "2006-10-31": "145.31910", "2006-07-31": "94.74900", "2006-04-30": "104.99300", "2006-01-31": "105.64790", "2005-10-31": "139.56120", "2005-07-31": "86.48600", "2005-04-30": "95.03600", "2005-01-31": "104.85610"}, "Total Non-Operating Income/Expense": {"2020-10-31": "2.03500", "2020-07-31": "9.78900", "2020-04-30": "-6.97100", "2020-01-31": "9.67400", "2019-10-31": "2.69800", "2019-07-31": "4.34300", "2019-04-30": "5.68200", "2019-01-31": "0.72700", "2018-10-31": "1.92800", "2018-07-31": "1.04200", "2018-04-30": "-4.85700", "2018-01-31": "3.21000", "2017-10-31": "4.36600", "2017-07-31": "-1.68100", "2017-04-30": "-0.20500", "2017-01-31": "-0.57700", "2016-10-31": "-1.01700", "2016-07-31": "-0.67300", "2016-04-30": "0.38000", "2016-01-31": "-5.37000", "2015-10-31": "-3.34200", "2015-07-31": "-2.94000", "2015-04-30": "-1.96600", "2015-01-31": "-1.92900", "2014-10-31": "-2.62600", "2014-07-31": "-1.52200", "2014-04-30": "-3.39900", "2014-01-31": "-1.92100", "2013-10-31": "-0.59500", "2013-07-31": "-3.57700", "2013-04-30": "-2.02600", "2013-01-31": "-1.28400", "2012-10-31": "-1.40700", "2012-07-31": "-2.36300", "2012-04-30": "-0.94500", "2012-01-31": "-1.62400", "2011-10-31": "-6.61100", "2011-07-31": "-5.48400", "2011-04-30": "-5.21500", "2011-01-31": "-6.13800", "2010-10-31": "-4.57200", "2010-07-31": "-6.18300", "2010-04-30": "-5.15100", "2010-01-31": "-6.11800", "2009-10-31": "-4.48100", "2009-07-31": "-0.55300", "2009-04-30": "1.66600", "2009-01-31": "-5.06400", "2008-10-31": "-27.38700", "2008-07-31": "-13.90400", "2008-04-30": "-3.17600", "2008-01-31": "-11.65800", "2007-10-31": "-0.17200", "2007-07-31": "-5.26000", "2007-04-30": "-4.37300", "2007-01-31": "-4.27800", "2006-10-31": "-4.20700", "2006-07-31": "-7.21600", "2006-04-30": "-3.39500", "2006-01-31": "-5.34800", "2005-10-31": "-6.79900", "2005-07-31": "-4.42500", "2005-04-30": "-5.82000", "2005-01-31": "-2.16900"}, "Pre-Tax Income": {"2020-10-31": "278.73190", "2020-07-31": "259.36400", "2020-04-30": "286.48900", "2020-01-31": "290.16200", "2019-10-31": "323.69390", "2019-07-31": "261.00000", "2019-04-30": "318.04600", "2019-01-31": "306.97500", "2018-10-31": "321.50410", "2018-07-31": "257.73200", "2018-04-30": "296.88300", "2018-01-31": "305.16500", "2017-10-31": "330.00910", "2017-07-31": "278.02400", "2017-04-30": "315.82700", "2017-01-31": "354.78500", "2016-10-31": "364.73290", "2016-07-31": "274.11700", "2016-04-30": "324.19700", "2016-01-31": "354.16800", "2015-10-31": "289.15600", "2015-07-31": "228.21900", "2015-04-30": "275.73100", "2015-01-31": "264.03700", "2014-10-31": "260.74200", "2014-07-31": "212.98200", "2014-04-30": "213.15700", "2014-01-31": "235.27100", "2013-10-31": "239.60700", "2013-07-31": "177.07600", "2013-04-30": "184.90300", "2013-01-31": "196.92100", "2012-10-31": "200.73800", "2012-07-31": "169.49400", "2012-04-30": "193.79400", "2012-01-31": "194.30900", "2011-10-31": "180.33900", "2011-07-31": "141.33800", "2011-04-30": "167.54800", "2011-01-31": "229.61100", "2010-10-31": "188.07600", "2010-07-31": "134.43100", "2010-04-30": "132.48600", "2010-01-31": "169.55800", "2009-10-31": "158.40300", "2009-07-31": "118.97700", "2009-04-30": "125.34300", "2009-01-31": "125.42400", "2008-10-31": "119.85600", "2008-07-31": "80.12700", "2008-04-30": "121.37700", "2008-01-31": "139.31100", "2007-10-31": "155.50800", "2007-07-31": "90.27900", "2007-04-30": "108.54200", "2007-01-31": "115.50800", "2006-10-31": "141.11200", "2006-07-31": "87.53300", "2006-04-30": "101.59800", "2006-01-31": "100.30000", "2005-10-31": "132.76200", "2005-07-31": "82.06100", "2005-04-30": "89.21600", "2005-01-31": "102.68700"}, "Income Taxes": {"2020-10-31": "44.20800", "2020-07-31": "56.10300", "2020-04-30": "58.87300", "2020-01-31": "47.20900", "2019-10-31": "68.12800", "2019-07-31": "61.57300", "2019-04-30": "35.41000", "2019-01-31": "65.45600", "2018-10-31": "60.00800", "2018-07-31": "47.37900", "2018-04-30": "59.36100", "2018-01-31": "1.95400", "2017-10-31": "111.64600", "2017-07-31": "95.47300", "2017-04-30": "104.94100", "2017-01-31": "119.48200", "2016-10-31": "120.54300", "2016-07-31": "78.34100", "2016-04-30": "108.81300", "2016-01-31": "119.00100", "2015-10-31": "101.71300", "2015-07-31": "81.26300", "2015-04-30": "95.29600", "2015-01-31": "91.60700", "2014-10-31": "88.89400", "2014-07-31": "73.96800", "2014-04-30": "72.45100", "2014-01-31": "80.81300", "2013-10-31": "81.12200", "2013-07-31": "63.17100", "2013-04-30": "58.26200", "2013-01-31": "65.87600", "2012-10-31": "66.45200", "2012-07-31": "57.08700", "2012-04-30": "64.85900", "2012-01-31": "64.97600", "2011-10-31": "61.84400", "2011-07-31": "41.37400", "2011-04-30": "56.84600", "2011-01-31": "79.57600", "2010-10-31": "65.46800", "2010-07-31": "48.06700", "2010-04-30": "53.95100", "2010-01-31": "57.28900", "2009-10-31": "53.79700", "2009-07-31": "40.88200", "2009-04-30": "44.24300", "2009-01-31": "43.24700", "2008-10-31": "48.91000", "2008-07-31": "28.18000", "2008-04-30": "43.81600", "2008-01-31": "51.13000", "2007-10-31": "54.31600", "2007-07-31": "32.90500", "2007-04-30": "40.54100", "2007-01-31": "40.18300", "2006-10-31": "51.10800", "2006-07-31": "27.98200", "2006-04-30": "34.29000", "2006-01-31": "31.02400", "2005-10-31": "50.53200", "2005-07-31": "30.29900", "2005-04-30": "33.23800", "2005-01-31": "38.05400"}, "Income After Taxes": {"2020-10-31": "234.52390", "2020-07-31": "203.26100", "2020-04-30": "227.61600", "2020-01-31": "242.95300", "2019-10-31": "255.56590", "2019-07-31": "199.42700", "2019-04-30": "282.63600", "2019-01-31": "241.51900", "2018-10-31": "261.49600", "2018-07-31": "210.35300", "2018-04-30": "237.52200", "2018-01-31": "303.21100", "2017-10-31": "218.36300", "2017-07-31": "182.55100", "2017-04-30": "210.88600", "2017-01-31": "235.30300", "2016-10-31": "244.19000", "2016-07-31": "195.77600", "2016-04-30": "215.38400", "2016-01-31": "235.16700", "2015-10-31": "187.44290", "2015-07-31": "146.95600", "2015-04-30": "180.43500", "2015-01-31": "172.43000", "2014-10-31": "171.84800", "2014-07-31": "139.01400", "2014-04-30": "140.70600", "2014-01-31": "154.45800", "2013-10-31": "158.48500", "2013-07-31": "113.90500", "2013-04-30": "126.64100", "2013-01-31": "131.04500", "2012-10-31": "134.28600", "2012-07-31": "112.40700", "2012-04-30": "128.93500", "2012-01-31": "129.33300", "2011-10-31": "118.49500", "2011-07-31": "99.96400", "2011-04-30": "110.70200", "2011-01-31": "150.03500", "2010-10-31": "122.60810", "2010-07-31": "86.36400", "2010-04-30": "78.53500", "2010-01-31": "112.26900", "2009-10-31": "104.60600", "2009-07-31": "78.09500", "2009-04-30": "81.10000", "2009-01-31": "82.17700", "2008-10-31": "70.94600", "2008-07-31": "51.94700", "2008-04-30": "77.56100", "2008-01-31": "88.18100", "2007-10-31": "101.19200", "2007-07-31": "57.37400", "2007-04-30": "68.00100", "2007-01-31": "75.32500", "2006-10-31": "90.00400", "2006-07-31": "59.55100", "2006-04-30": "67.30800", "2006-01-31": "69.27600", "2005-10-31": "82.23000", "2005-07-31": "51.76200", "2005-04-30": "55.97800", "2005-01-31": "64.63300"}, "Other Income": {"2020-10-31": "", "2020-07-31": "", "2020-04-30": "", "2020-01-31": "", "2019-10-31": "", "2019-07-31": "", "2019-04-30": "", "2019-01-31": "", "2018-10-31": "", "2018-07-31": "", "2018-04-30": "", "2018-01-31": "", "2017-10-31": "", "2017-07-31": "", "2017-04-30": "", "2017-01-31": "", "2016-10-31": "", "2016-07-31": "", "2016-04-30": "", "2016-01-31": "", "2015-10-31": "", "2015-07-31": "", "2015-04-30": "", "2015-01-31": "", "2014-10-31": "", "2014-07-31": "", "2014-04-30": "", "2014-01-31": "", "2013-10-31": "", "2013-07-31": "", "2013-04-30": "", "2013-01-31": "", "2012-10-31": "", "2012-07-31": "", "2012-04-30": "", "2012-01-31": "", "2011-10-31": "", "2011-07-31": "", "2011-04-30": "", "2011-01-31": "", "2010-10-31": "", "2010-07-31": "", "2010-04-30": "", "2010-01-31": "", "2009-10-31": "", "2009-07-31": "", "2009-04-30": "", "2009-01-31": "", "2008-10-31": "", "2008-07-31": "", "2008-04-30": "", "2008-01-31": "", "2007-10-31": "", "2007-07-31": "", "2007-04-30": "", "2007-01-31": "", "2006-10-31": "", "2006-07-31": "", "2006-04-30": "", "2006-01-31": "", "2005-10-31": "", "2005-07-31": "", "2005-04-30": "", "2005-01-31": ""}, "Income From Continuous Operations": {"2020-10-31": "234.52390", "2020-07-31": "203.26100", "2020-04-30": "227.61600", "2020-01-31": "242.95300", "2019-10-31": "255.56590", "2019-07-31": "199.42700", "2019-04-30": "282.63600", "2019-01-31": "241.51900", "2018-10-31": "261.49600", "2018-07-31": "210.35300", "2018-04-30": "237.52200", "2018-01-31": "303.21100", "2017-10-31": "218.36300", "2017-07-31": "182.55100", "2017-04-30": "210.88600", "2017-01-31": "235.30300", "2016-10-31": "244.19000", "2016-07-31": "195.77600", "2016-04-30": "215.38400", "2016-01-31": "235.16700", "2015-10-31": "187.44290", "2015-07-31": "146.95600", "2015-04-30": "180.43500", "2015-01-31": "172.43000", "2014-10-31": "171.84800", "2014-07-31": "139.01400", "2014-04-30": "140.70600", "2014-01-31": "154.45800", "2013-10-31": "158.48500", "2013-07-31": "113.90500", "2013-04-30": "126.64100", "2013-01-31": "131.04500", "2012-10-31": "134.28600", "2012-07-31": "112.40700", "2012-04-30": "128.93500", "2012-01-31": "129.33300", "2011-10-31": "118.49500", "2011-07-31": "99.96400", "2011-04-30": "110.70200", "2011-01-31": "150.03500", "2010-10-31": "122.60810", "2010-07-31": "86.36400", "2010-04-30": "78.53500", "2010-01-31": "112.26900", "2009-10-31": "104.60600", "2009-07-31": "78.09500", "2009-04-30": "81.10000", "2009-01-31": "82.17700", "2008-10-31": "70.94600", "2008-07-31": "51.94700", "2008-04-30": "77.56100", "2008-01-31": "88.18100", "2007-10-31": "101.19200", "2007-07-31": "57.37400", "2007-04-30": "68.00100", "2007-01-31": "75.32500", "2006-10-31": "90.00400", "2006-07-31": "59.55100", "2006-04-30": "67.30800", "2006-01-31": "69.27600", "2005-10-31": "82.23000", "2005-07-31": "51.76200", "2005-04-30": "55.97800", "2005-01-31": "64.63300"}, "Income From Discontinued Operations": {"2020-10-31": "", "2020-07-31": "", "2020-04-30": "", "2020-01-31": "", "2019-10-31": "", "2019-07-31": "", "2019-04-30": "", "2019-01-31": "", "2018-10-31": "", "2018-07-31": "", "2018-04-30": "", "2018-01-31": "", "2017-10-31": "", "2017-07-31": "", "2017-04-30": "", "2017-01-31": "", "2016-10-31": "", "2016-07-31": "", "2016-04-30": "", "2016-01-31": "", "2015-10-31": "", "2015-07-31": "", "2015-04-30": "", "2015-01-31": "", "2014-10-31": "", "2014-07-31": "", "2014-04-30": "", "2014-01-31": "", "2013-10-31": "", "2013-07-31": "", "2013-04-30": "", "2013-01-31": "", "2012-10-31": "", "2012-07-31": "", "2012-04-30": "", "2012-01-31": "", "2011-10-31": "", "2011-07-31": "", "2011-04-30": "", "2011-01-31": "", "2010-10-31": "", "2010-07-31": "", "2010-04-30": "", "2010-01-31": "", "2009-10-31": "", "2009-07-31": "", "2009-04-30": "", "2009-01-31": "", "2008-10-31": "", "2008-07-31": "", "2008-04-30": "", "2008-01-31": "", "2007-10-31": "", "2007-07-31": "", "2007-04-30": "", "2007-01-31": "", "2006-10-31": "", "2006-07-31": "", "2006-04-30": "", "2006-01-31": "", "2005-10-31": "", "2005-07-31": "", "2005-04-30": "", "2005-01-31": ""}, "Net Income": {"2020-10-31": "234.35690", "2020-07-31": "203.11900", "2020-04-30": "227.73400", "2020-01-31": "242.87200", "2019-10-31": "255.50310", "2019-07-31": "199.44900", "2019-04-30": "282.42900", "2019-01-31": "241.42500", "2018-10-31": "261.40610", "2018-07-31": "210.24300", "2018-04-30": "237.38400", "2018-01-31": "303.10700", "2017-10-31": "218.15400", "2017-07-31": "182.50800", "2017-04-30": "210.92600", "2017-01-31": "235.14700", "2016-10-31": "243.94000", "2016-07-31": "195.65400", "2016-04-30": "215.39700", "2016-01-31": "235.06100", "2015-10-31": "187.23100", "2015-07-31": "146.93800", "2015-04-30": "180.20100", "2015-01-31": "171.71800", "2014-10-31": "171.26400", "2014-07-31": "137.97500", "2014-04-30": "140.09000", "2014-01-31": "153.34800", "2013-10-31": "157.34000", "2013-07-31": "113.63500", "2013-04-30": "125.52000", "2013-01-31": "129.71600", "2012-10-31": "132.60100", "2012-07-31": "111.16700", "2012-04-30": "127.88700", "2012-01-31": "128.39500", "2011-10-31": "117.30900", "2011-07-31": "98.48100", "2011-04-30": "109.57900", "2011-01-31": "148.82600", "2010-10-31": "121.14800", "2010-07-31": "85.37000", "2010-04-30": "77.86200", "2010-01-31": "111.20700", "2009-10-31": "103.87600", "2009-07-31": "77.16900", "2009-04-30": "80.38500", "2009-01-31": "81.38300", "2008-10-31": "67.81100", "2008-07-31": "51.94700", "2008-04-30": "77.56100", "2008-01-31": "88.18100", "2007-10-31": "101.19200", "2007-07-31": "57.37400", "2007-04-30": "68.00100", "2007-01-31": "75.32500", "2006-10-31": "90.00400", "2006-07-31": "59.55100", "2006-04-30": "67.30800", "2006-01-31": "69.27600", "2005-10-31": "82.23000", "2005-07-31": "51.76200", "2005-04-30": "55.97800", "2005-01-31": "64.63300"}, "EBITDA": {"2020-10-31": "342.43250", "2020-07-31": "307.66690", "2020-04-30": "354.06990", "2020-01-31": "337.40410", "2019-10-31": "375.05810", "2019-07-31": "301.51320", "2019-04-30": "366.37990", "2019-01-31": "357.72410", "2018-10-31": "386.42010", "2018-07-31": "310.62320", "2018-04-30": "356.41910", "2018-01-31": "364.60910", "2017-10-31": "372.89210", "2017-07-31": "316.45410", "2017-04-30": "358.16200", "2017-01-31": "399.97990", "2016-10-31": "412.43300", "2016-07-31": "313.78310", "2016-04-30": "366.50510", "2016-01-31": "402.81710", "2015-10-31": "356.39930", "2015-07-31": "270.85490", "2015-04-30": "318.53900", "2015-01-31": "300.38510", "2014-10-31": "302.00040", "2014-07-31": "251.49410", "2014-04-30": "252.06290", "2014-01-31": "273.69110", "2013-10-31": "274.19690", "2013-07-31": "213.82380", "2013-04-30": "225.44000", "2013-01-31": "237.89210", "2012-10-31": "243.06300", "2012-07-31": "210.60010", "2012-04-30": "231.44710", "2012-01-31": "237.74890", "2011-10-31": "225.80560", "2011-07-31": "183.03000", "2011-04-30": "210.51910", "2011-01-31": "273.85100", "2010-10-31": "230.25190", "2010-07-31": "173.48310", "2010-04-30": "172.21010", "2010-01-31": "209.34700", "2009-10-31": "197.34230", "2009-07-31": "152.32590", "2009-04-30": "156.62300", "2009-01-31": "162.21900", "2008-10-31": "182.25640", "2008-07-31": "125.41500", "2008-04-30": "156.28510", "2008-01-31": "186.39800", "2007-10-31": "190.07730", "2007-07-31": "127.83610", "2007-04-30": "144.41690", "2007-01-31": "151.79800", "2006-10-31": "177.56710", "2006-07-31": "124.75200", "2006-04-30": "135.93800", "2006-01-31": "138.10600", "2005-10-31": "168.85820", "2005-07-31": "118.24700", "2005-04-30": "125.60500", "2005-01-31": "133.94310"}, "EBIT": {"2020-10-31": "286.42580", "2020-07-31": "257.80990", "2020-04-30": "303.48190", "2020-01-31": "288.07510", "2019-10-31": "332.06450", "2019-07-31": "260.04120", "2019-04-30": "325.65490", "2019-01-31": "317.70610", "2018-10-31": "328.39060", "2018-07-31": "269.83120", "2018-04-30": "315.22610", "2018-01-31": "325.48610", "2017-10-31": "337.85630", "2017-07-31": "283.66110", "2017-04-30": "326.15300", "2017-01-31": "368.66090", "2016-10-31": "376.98530", "2016-07-31": "281.17110", "2016-04-30": "333.41010", "2016-01-31": "371.01310", "2015-10-31": "300.45520", "2015-07-31": "237.55490", "2015-04-30": "285.57100", "2015-01-31": "267.62610", "2014-10-31": "269.09090", "2014-07-31": "218.04410", "2014-04-30": "220.13890", "2014-01-31": "241.93110", "2013-10-31": "242.33290", "2013-07-31": "181.99880", "2013-04-30": "194.12300", "2013-01-31": "208.04810", "2012-10-31": "212.19580", "2012-07-31": "181.68010", "2012-04-30": "202.55510", "2012-01-31": "206.93390", "2011-10-31": "194.56760", "2011-07-31": "152.38400", "2011-04-30": "179.43510", "2011-01-31": "242.65400", "2010-10-31": "196.77890", "2010-07-31": "142.83610", "2010-04-30": "141.58910", "2010-01-31": "178.49700", "2009-10-31": "164.27820", "2009-07-31": "120.74590", "2009-04-30": "125.16200", "2009-01-31": "131.18600", "2008-10-31": "151.18180", "2008-07-31": "94.27200", "2008-04-30": "125.37410", "2008-01-31": "153.33800", "2007-10-31": "157.06640", "2007-07-31": "96.75110", "2007-04-30": "112.88390", "2007-01-31": "120.68900", "2006-10-31": "146.16200", "2006-07-31": "94.75900", "2006-04-30": "106.29500", "2006-01-31": "108.04600", "2005-10-31": "140.25990", "2005-07-31": "87.38500", "2005-04-30": "96.03600", "2005-01-31": "107.78310"}, "Basic Shares Outstanding": {"2020-10-31": "538.00700", "2020-07-31": "539.10800", "2020-04-30": "538.11900", "2020-01-31": "535.07500", "2019-10-31": "534.57800", "2019-07-31": "534.18800", "2019-04-30": "535.48000", "2019-01-31": "534.49500", "2018-10-31": "530.74200", "2018-07-31": "530.60600", "2018-04-30": "529.79900", "2018-01-31": "529.45300", "2017-10-31": "528.36300", "2017-07-31": "528.16500", "2017-04-30": "528.71200", "2017-01-31": "528.58500", "2016-10-31": "529.29000", "2016-07-31": "529.66000", "2016-04-30": "529.89800", "2016-01-31": "528.86200", "2015-10-31": "528.14300", "2015-07-31": "528.51600", "2015-04-30": "528.05600", "2015-01-31": "527.35200", "2014-10-31": "527.62400", "2014-07-31": "527.96600", "2014-04-30": "527.85200", "2014-01-31": "527.50400", "2013-10-31": "528.63400", "2013-07-31": "529.21000", "2013-04-30": "529.73600", "2013-01-31": "527.88800", "2012-10-31": "526.93200", "2012-07-31": "526.71800", "2012-04-30": "527.22000", "2012-01-31": "527.89200", "2011-10-31": "532.78800", "2011-07-31": "533.85000", "2011-04-30": "534.41400", "2011-01-31": "533.12000", "2010-10-31": "533.46400", "2010-07-31": "532.80200", "2010-04-30": "534.37400", "2010-01-31": "534.35600", "2009-10-31": "536.90800", "2009-07-31": "537.02000", "2009-04-30": "537.08800", "2009-01-31": "537.50800", "2008-10-31": "541.44000", "2008-07-31": "541.56400", "2008-04-30": "542.60800", "2008-01-31": "542.82400", "2007-10-31": "548.86400", "2007-07-31": "549.78800", "2007-04-30": "550.97200", "2007-01-31": "550.13200", "2006-10-31": "551.38000", "2006-07-31": "551.65200", "2006-04-30": "551.62400", "2006-01-31": "551.59200", "2005-10-31": "552.16000", "2005-07-31": "552.10800", "2005-04-30": "553.32000", "2005-01-31": "552.14400"}, "Shares Outstanding": {"2020-10-31": "546.59200", "2020-07-31": "547.14900", "2020-04-30": "546.37300", "2020-01-31": "544.81500", "2019-10-31": "545.23200", "2019-07-31": "543.67800", "2019-04-30": "546.33000", "2019-01-31": "547.11800", "2018-10-31": "543.86900", "2018-07-31": "543.76200", "2018-04-30": "542.81100", "2018-01-31": "543.48200", "2017-10-31": "539.11600", "2017-07-31": "538.81400", "2017-04-30": "539.63500", "2017-01-31": "540.06400", "2016-10-31": "542.47300", "2016-07-31": "542.16300", "2016-04-30": "543.76900", "2016-01-31": "542.73700", "2015-10-31": "541.00200", "2015-07-31": "541.20400", "2015-04-30": "540.88800", "2015-01-31": "540.12300", "2014-10-31": "540.43100", "2014-07-31": "540.80000", "2014-04-30": "540.82000", "2014-01-31": "540.44800", "2013-10-31": "540.44800", "2013-07-31": "541.53800", "2013-04-30": "541.56000", "2013-01-31": "538.28000", "2012-10-31": "537.78200", "2012-07-31": "537.49200", "2012-04-30": "538.12200", "2012-01-31": "539.21600", "2011-10-31": "543.83000", "2011-07-31": "545.51800", "2011-04-30": "545.69400", "2011-01-31": "543.48000", "2010-10-31": "541.39600", "2010-07-31": "540.65200", "2010-04-30": "542.31400", "2010-01-31": "541.42400", "2009-10-31": "541.95800", "2009-07-31": "542.88000", "2009-04-30": "541.49200", "2009-01-31": "540.65200", "2008-10-31": "548.51200", "2008-07-31": "548.22000", "2008-04-30": "550.48000", "2008-01-31": "550.66400", "2007-10-31": "556.60400", "2007-07-31": "557.65600", "2007-04-30": "558.84400", "2007-01-31": "558.26800", "2006-10-31": "558.24400", "2006-07-31": "558.73600", "2006-04-30": "558.23600", "2006-01-31": "557.35600", "2005-10-31": "558.30800", "2005-07-31": "558.03200", "2005-04-30": "559.44800", "2005-01-31": "558.50400"}, "Basic EPS": {"2020-10-31": "0.44000", "2020-07-31": "0.38000", "2020-04-30": "0.42000", "2020-01-31": "0.45000", "2019-10-31": "0.48000", "2019-07-31": "0.37000", "2019-04-30": "0.53000", "2019-01-31": "0.45000", "2018-10-31": "0.49000", "2018-07-31": "0.40000", "2018-04-30": "0.45000", "2018-01-31": "0.57000", "2017-10-31": "0.41000", "2017-07-31": "0.35000", "2017-04-30": "0.40000", "2017-01-31": "0.44000", "2016-10-31": "0.46000", "2016-07-31": "0.37000", "2016-04-30": "0.41000", "2016-01-31": "0.44000", "2015-10-31": "0.35000", "2015-07-31": "0.28000", "2015-04-30": "0.34000", "2015-01-31": "0.33000", "2014-10-31": "0.32500", "2014-07-31": "0.26000", "2014-04-30": "0.26500", "2014-01-31": "0.29000", "2013-10-31": "0.30000", "2013-07-31": "0.21500", "2013-04-30": "0.23500", "2013-01-31": "0.24500", "2012-10-31": "0.25000", "2012-07-31": "0.21000", "2012-04-30": "0.24500", "2012-01-31": "0.24500", "2011-10-31": "0.22000", "2011-07-31": "0.18500", "2011-04-30": "0.20500", "2011-01-31": "0.28000", "2010-10-31": "0.22500", "2010-07-31": "0.16000", "2010-04-30": "0.14500", "2010-01-31": "0.21000", "2009-10-31": "0.19500", "2009-07-31": "0.14250", "2009-04-30": "0.15000", "2009-01-31": "0.15250", "2008-10-31": "0.12750", "2008-07-31": "0.09500", "2008-04-30": "0.14250", "2008-01-31": "0.16250", "2007-10-31": "0.18500", "2007-07-31": "0.10500", "2007-04-30": "0.12250", "2007-01-31": "0.13750", "2006-10-31": "0.16500", "2006-07-31": "0.10750", "2006-04-30": "0.12250", "2006-01-31": "0.12500", "2005-10-31": "0.14750", "2005-07-31": "0.09500", "2005-04-30": "0.10000", "2005-01-31": "0.11750"}, "EPS - Earnings Per Share": {"2020-10-31": "0.42000", "2020-07-31": "0.37000", "2020-04-30": "0.42000", "2020-01-31": "0.45000", "2019-10-31": "0.47000", "2019-07-31": "0.37000", "2019-04-30": "0.52000", "2019-01-31": "0.44000", "2018-10-31": "0.47000", "2018-07-31": "0.39000", "2018-04-30": "0.44000", "2018-01-31": "0.56000", "2017-10-31": "0.40000", "2017-07-31": "0.34000", "2017-04-30": "0.39000", "2017-01-31": "0.44000", "2016-10-31": "0.45000", "2016-07-31": "0.36000", "2016-04-30": "0.40000", "2016-01-31": "0.43000", "2015-10-31": "0.35000", "2015-07-31": "0.27000", "2015-04-30": "0.33000", "2015-01-31": "0.32000", "2014-10-31": "0.32000", "2014-07-31": "0.25500", "2014-04-30": "0.26000", "2014-01-31": "0.28500", "2013-10-31": "0.29500", "2013-07-31": "0.21000", "2013-04-30": "0.23000", "2013-01-31": "0.24000", "2012-10-31": "0.24500", "2012-07-31": "0.20500", "2012-04-30": "0.24000", "2012-01-31": "0.24000", "2011-10-31": "0.21500", "2011-07-31": "0.18000", "2011-04-30": "0.20000", "2011-01-31": "0.27500", "2010-10-31": "0.22000", "2010-07-31": "0.16000", "2010-04-30": "0.14500", "2010-01-31": "0.20500", "2009-10-31": "0.19500", "2009-07-31": "0.14250", "2009-04-30": "0.14750", "2009-01-31": "0.15000", "2008-10-31": "0.12500", "2008-07-31": "0.09500", "2008-04-30": "0.14000", "2008-01-31": "0.16000", "2007-10-31": "0.18250", "2007-07-31": "0.10250", "2007-04-30": "0.12250", "2007-01-31": "0.13500", "2006-10-31": "0.16000", "2006-07-31": "0.10750", "2006-04-30": "0.12000", "2006-01-31": "0.12500", "2005-10-31": "0.14750", "2005-07-31": "0.09250", "2005-04-30": "0.10000", "2005-01-31": "0.11500"}}, "balance sheet": {"Cash On Hand": {"2020-10-31": "1731.64700", "2019-10-31": "687.63700", "2018-10-31": "459.13600", "2017-10-31": "444.12200", "2016-10-31": "415.14300", "2015-10-31": "347.23900", "2014-10-31": "334.17400", "2013-10-31": "434.01400", "2012-10-31": "759.77500", "2011-10-31": "539.20700", "2010-10-31": "518.44000", "2009-10-31": "385.25200", "2008-10-31": "154.77800", "2007-10-31": "149.74900", "2006-10-31": "172.48500", "2005-10-31": "169.54600"}, "Receivables": {"2020-10-31": "743.86800", "2019-10-31": "594.32000", "2018-10-31": "604.43300", "2017-10-31": "640.69700", "2016-10-31": "609.59200", "2015-10-31": "611.82100", "2014-10-31": "635.20400", "2013-10-31": "551.50000", "2012-10-31": "523.50100", "2011-10-31": "485.53300", "2010-10-31": "439.46400", "2009-10-31": "372.29200", "2008-10-31": "411.01000", "2007-10-31": "366.62100", "2006-10-31": "341.91600", "2005-10-31": "301.00100"}, "Inventory": {"2020-10-31": "1072.76200", "2019-10-31": "1042.36200", "2018-10-31": "963.52700", "2017-10-31": "921.02200", "2016-10-31": "985.68300", "2015-10-31": "993.26500", "2014-10-31": "1054.55200", "2013-10-31": "967.97700", "2012-10-31": "950.52100", "2011-10-31": "885.82300", "2010-10-31": "793.77100", "2009-10-31": "722.37100", "2008-10-31": "784.54200", "2007-10-31": "646.96800", "2006-10-31": "570.93200", "2005-10-31": "534.57200"}, "Pre-Paid Expenses": {"2020-10-31": "18.34900", "2019-10-31": "22.63700", "2018-10-31": "16.34200", "2017-10-31": "16.14400", "2016-10-31": "13.77500", "2015-10-31": "14.38300", "2014-10-31": "15.25000", "2013-10-31": "13.00000", "2012-10-31": "12.77200", "2011-10-31": "10.04800", "2010-10-31": "12.15300", "2009-10-31": "9.13000", "2008-10-31": "11.45100", "2007-10-31": "15.80400", "2006-10-31": "7.80300", "2005-10-31": "20.69100"}, "Other Current Assets": {"2020-10-31": "12.43800", "2019-10-31": "14.45700", "2018-10-31": "6.66200", "2017-10-31": "4.53800", "2016-10-31": "5.71900", "2015-10-31": "9.42200", "2014-10-31": "6.73800", "2013-10-31": "7.37900", "2012-10-31": "5.55500", "2011-10-31": "8.41700", "2010-10-31": "23.63500", "2009-10-31": "19.25300", "2008-10-31": "30.44900", "2007-10-31": "", "2006-10-31": "", "2005-10-31": ""}, "Total Current Assets": {"2020-10-31": "3579.06300", "2019-10-31": "2361.41300", "2018-10-31": "2050.10000", "2017-10-31": "2026.52300", "2016-10-31": "2029.91200", "2015-10-31": "2063.03200", "2014-10-31": "2132.77100", "2013-10-31": "2047.41300", "2012-10-31": "2320.68400", "2011-10-31": "1998.23100", "2010-10-31": "1858.16600", "2009-10-31": "1574.73300", "2008-10-31": "1438.17800", "2007-10-31": "1231.72500", "2006-10-31": "1141.67100", "2005-10-31": "1065.23800"}, "Property, Plant, And Equipment": {"2020-10-31": "1898.22200", "2019-10-31": "1629.11100", "2018-10-31": "1512.60000", "2017-10-31": "1203.25100", "2016-10-31": "1105.44900", "2015-10-31": "1011.73900", "2014-10-31": "1001.76700", "2013-10-31": "955.33300", "2012-10-31": "924.48000", "2011-10-31": "907.09000", "2010-10-31": "922.10300", "2009-10-31": "952.71300", "2008-10-31": "977.65700", "2007-10-31": "966.60100", "2006-10-31": "910.81000", "2005-10-31": "877.67600"}, "Long-Term Investments": {"2020-10-31": "308.37200", "2019-10-31": "289.15700", "2018-10-31": "273.15300", "2017-10-31": "242.36900", "2016-10-31": "239.59000", "2015-10-31": "258.99800", "2014-10-31": "264.45100", "2013-10-31": "270.60900", "2012-10-31": "286.53700", "2011-10-31": "295.69800", "2010-10-31": "214.38900", "2009-10-31": "86.59900", "2008-10-31": "93.61700", "2007-10-31": "102.06000", "2006-10-31": "76.68400", "2005-10-31": "68.02700"}, "Goodwill And Intangible Assets": {"2020-10-31": "3689.01200", "2019-10-31": "3515.50700", "2018-10-31": "3921.33500", "2017-10-31": "3146.82700", "2016-10-31": "2737.75500", "2015-10-31": "2526.70300", "2014-10-31": "1781.29600", "2013-10-31": "1312.56500", "2012-10-31": "753.94700", "2011-10-31": "762.93000", "2010-10-31": "770.54500", "2009-10-31": "761.00900", "2008-10-31": "770.54400", "2007-10-31": "757.99300", "2006-10-31": "698.68100", "2005-10-31": "641.68600"}, "Other Long-Term Assets": {"2020-10-31": "250.38200", "2019-10-31": "177.90100", "2018-10-31": "189.95100", "2017-10-31": "184.94800", "2016-10-31": "182.23700", "2015-10-31": "146.49800", "2014-10-31": "145.05000", "2013-10-31": "142.33900", "2012-10-31": "134.02400", "2011-10-31": "140.42000", "2010-10-31": "155.01700", "2009-10-31": "165.33100", "2008-10-31": "155.45300", "2007-10-31": "170.04800", "2006-10-31": "158.97600", "2005-10-31": "162.00400"}, "Total Long-Term Assets": {"2020-10-31": "6329.22000", "2019-10-31": "5747.59100", "2018-10-31": "6092.19200", "2017-10-31": "4949.38600", "2016-10-31": "4340.15500", "2015-10-31": "4076.79900", "2014-10-31": "3322.84800", "2013-10-31": "2868.46700", "2012-10-31": "2243.28200", "2011-10-31": "2246.16000", "2010-10-31": "2195.75200", "2009-10-31": "2117.32200", "2008-10-31": "2178.29300", "2007-10-31": "2161.92500", "2006-10-31": "1918.63500", "2005-10-31": "1781.32200"}, "Total Assets": {"2020-10-31": "9908.28200", "2019-10-31": "8109.00400", "2018-10-31": "8142.29200", "2017-10-31": "6975.90800", "2016-10-31": "6370.06700", "2015-10-31": "6139.83100", "2014-10-31": "5455.61900", "2013-10-31": "4915.88000", "2012-10-31": "4563.96600", "2011-10-31": "4244.39100", "2010-10-31": "4053.91800", "2009-10-31": "3692.05500", "2008-10-31": "3616.47100", "2007-10-31": "3393.65000", "2006-10-31": "3060.30600", "2005-10-31": "2846.56000"}, "Total Current Liabilities": {"2020-10-31": "1503.96500", "2019-10-31": "1105.04900", "2018-10-31": "1138.91400", "2017-10-31": "1058.21200", "2016-10-31": "1053.19600", "2015-10-31": "1214.02500", "2014-10-31": "954.69200", "2013-10-31": "784.00900", "2012-10-31": "786.30000", "2011-10-31": "778.18600", "2010-10-31": "1101.21300", "2009-10-31": "685.02900", "2008-10-31": "781.23300", "2007-10-31": "664.77700", "2006-10-31": "585.01400", "2005-10-31": "583.17200"}, "Long Term Debt": {"2020-10-31": "1044.93600", "2019-10-31": "250.00000", "2018-10-31": "624.84000", "2017-10-31": "250.00000", "2016-10-31": "250.00000", "2015-10-31": "250.00000", "2014-10-31": "250.00000", "2013-10-31": "250.00000", "2012-10-31": "250.00000", "2011-10-31": "250.00000", "2010-10-31": "", "2009-10-31": "350.00000", "2008-10-31": "350.00000", "2007-10-31": "350.00500", "2006-10-31": "350.05400", "2005-10-31": "350.43000"}, "Other Non-Current Liabilities": {"2020-10-31": "157.39900", "2019-10-31": "115.35600", "2018-10-31": "99.07000", "2017-10-31": "99.34000", "2016-10-31": "93.10900", "2015-10-31": "101.05600", "2014-10-31": "112.17600", "2013-10-31": "84.06200", "2012-10-31": "87.31300", "2011-10-31": "82.70100", "2010-10-31": "91.06800", "2009-10-31": "102.90500", "2008-10-31": "91.07600", "2007-10-31": "53.27500", "2006-10-31": "51.08600", "2005-10-31": "50.56500"}, "Total Long Term Liabilities": {"2020-10-31": "1973.99200", "2019-10-31": "1078.42000", "2018-10-31": "1398.56000", "2017-10-31": "977.99900", "2016-10-31": "865.46500", "2015-10-31": "924.41300", "2014-10-31": "888.87100", "2013-10-31": "815.29200", "2012-10-31": "952.74100", "2011-10-31": "806.38900", "2010-10-31": "546.06600", "2009-10-31": "882.70500", "2008-10-31": "827.66600", "2007-10-31": "844.09000", "2006-10-31": "672.37990", "2005-10-31": "664.65800"}, "Total Liabilities": {"2020-10-31": "3477.95600", "2019-10-31": "2183.46900", "2018-10-31": "2537.47400", "2017-10-31": "2036.21100", "2016-10-31": "1918.66100", "2015-10-31": "2138.43800", "2014-10-31": "1843.56300", "2013-10-31": "1599.30100", "2012-10-31": "1739.04100", "2011-10-31": "1584.57500", "2010-10-31": "1647.27900", "2009-10-31": "1567.73400", "2008-10-31": "1608.89900", "2007-10-31": "1508.86700", "2006-10-31": "1257.39400", "2005-10-31": "1247.83000"}, "Common Stock Net": {"2020-10-31": "7.90900", "2019-10-31": "7.83000", "2018-10-31": "7.82500", "2017-10-31": "7.74100", "2016-10-31": "7.74200", "2015-10-31": "7.74100", "2014-10-31": "7.72400", "2013-10-31": "7.72500", "2012-10-31": "7.70700", "2011-10-31": "7.73400", "2010-10-31": "7.79300", "2009-10-31": "7.82800", "2008-10-31": "7.88300", "2007-10-31": "7.95100", "2006-10-31": "8.06600", "2005-10-31": "8.07800"}, "Retained Earnings (Accumulated Deficit)": {"2020-10-31": "6523.33500", "2019-10-31": "6128.20700", "2018-10-31": "5729.95600", "2017-10-31": "5162.57100", "2016-10-31": "4736.56700", "2015-10-31": "4216.12500", "2014-10-31": "3805.65400", "2013-10-31": "3452.52900", "2012-10-31": "3135.31700", "2011-10-31": "2824.33100", "2010-10-31": "2568.77400", "2009-10-31": "2318.39000", "2008-10-31": "2112.87300", "2007-10-31": "1978.64300", "2006-10-31": "1821.20200", "2005-10-31": "1612.31500"}, "Comprehensive Income": {"2020-10-31": "-395.25000", "2019-10-31": "-399.50000", "2018-10-31": "-243.49800", "2017-10-31": "-248.07500", "2016-10-31": "-296.30300", "2015-10-31": "-225.66800", "2014-10-31": "-207.70000", "2013-10-31": "-149.21400", "2012-10-31": "-323.56900", "2011-10-31": "-175.48300", "2010-10-31": "-175.91000", "2009-10-31": "-203.61000", "2008-10-31": "-113.18400", "2007-10-31": "-101.81100", "2006-10-31": "-17.99600", "2005-10-31": "-24.92300"}, "Other Share Holders Equity": {"2020-10-31": "", "2019-10-31": "", "2018-10-31": "", "2017-10-31": "", "2016-10-31": "", "2015-10-31": "", "2014-10-31": "", "2013-10-31": "", "2012-10-31": "", "2011-10-31": "", "2010-10-31": "", "2009-10-31": "", "2008-10-31": "", "2007-10-31": "", "2006-10-31": "", "2005-10-31": ""}, "Share Holder Equity": {"2020-10-31": "6430.32600", "2019-10-31": "5925.53500", "2018-10-31": "5604.81800", "2017-10-31": "4939.69700", "2016-10-31": "4451.40600", "2015-10-31": "4001.39300", "2014-10-31": "3612.05600", "2013-10-31": "3316.57900", "2012-10-31": "2824.92500", "2011-10-31": "2659.81600", "2010-10-31": "2406.63900", "2009-10-31": "2124.32100", "2008-10-31": "2007.57200", "2007-10-31": "1884.78300", "2006-10-31": "1802.91200", "2005-10-31": "1598.73000"}, "Total Liabilities And Share Holders Equity": {"2020-10-31": "9908.28200", "2019-10-31": "8109.00400", "2018-10-31": "8142.29200", "2017-10-31": "6975.90800", "2016-10-31": "6370.06700", "2015-10-31": "6139.83100", "2014-10-31": "5455.61900", "2013-10-31": "4915.88000", "2012-10-31": "4563.96600", "2011-10-31": "4244.39100", "2010-10-31": "4053.91800", "2009-10-31": "3692.05500", "2008-10-31": "3616.47100", "2007-10-31": "3393.65000", "2006-10-31": "3060.30600", "2005-10-31": "2846.56000"}}, "balance sheet, quarterly": {"Cash On Hand": {"2020-10-31": "1731.64700", "2020-07-31": "1746.93200", "2020-04-30": "622.91400", "2020-01-31": "739.22700", "2019-10-31": "687.63700", "2019-07-31": "574.26300", "2019-04-30": "646.00200", "2019-01-31": "512.68900", "2018-10-31": "459.13600", "2018-07-31": "268.98200", "2018-04-30": "261.57100", "2018-01-31": "385.77500", "2017-10-31": "444.12200", "2017-07-31": "633.34100", "2017-04-30": "548.90100", "2017-01-31": "609.82100", "2016-10-31": "415.14300", "2016-07-31": "379.59700", "2016-04-30": "379.88100", "2016-01-31": "375.21500", "2015-10-31": "347.23900", "2015-07-31": "349.16900", "2015-04-30": "624.39500", "2015-01-31": "527.09700", "2014-10-31": "334.17400", "2014-07-31": "530.97700", "2014-04-30": "499.33000", "2014-01-31": "639.84400", "2013-10-31": "434.01400", "2013-07-31": "329.49600", "2013-04-30": "262.74800", "2013-01-31": "887.67700", "2012-10-31": "759.77500", "2012-07-31": "610.23000", "2012-04-30": "601.59000", "2012-01-31": "625.00100", "2011-10-31": "539.20700", "2011-07-31": "573.48900", "2011-04-30": "964.70600", "2011-01-31": "649.53200", "2010-10-31": "518.44000", "2010-07-31": "427.13100", "2010-04-30": "405.20400", "2010-01-31": "449.09200", "2009-10-31": "385.25200", "2009-07-31": "295.10000", "2009-04-30": "312.33100", "2009-01-31": "267.10800", "2008-10-31": "154.77800", "2008-07-31": "109.98700", "2008-04-30": "107.15600", "2008-01-31": "192.03300", "2007-10-31": "149.74900", "2007-07-31": "104.50400", "2007-04-30": "107.77300", "2007-01-31": "138.82700", "2006-10-31": "172.48500", "2006-07-31": "139.29900", "2006-04-30": "120.64100", "2006-01-31": "130.47300", "2005-10-31": "169.54600", "2005-07-31": "134.89300", "2005-04-30": "92.15500", "2005-01-31": "145.20500"}, "Receivables": {"2020-10-31": "743.86800", "2020-07-31": "649.56300", "2020-04-30": "536.35100", "2020-01-31": "562.67000", "2019-10-31": "594.32000", "2019-07-31": "529.25000", "2019-04-30": "537.74010", "2019-01-31": "565.20700", "2018-10-31": "604.43300", "2018-07-31": "563.82200", "2018-04-30": "554.32200", "2018-01-31": "569.27500", "2017-10-31": "640.69700", "2017-07-31": "549.01100", "2017-04-30": "567.34800", "2017-01-31": "530.85100", "2016-10-31": "609.59200", "2016-07-31": "571.93700", "2016-04-30": "548.49700", "2016-01-31": "554.73800", "2015-10-31": "611.82100", "2015-07-31": "564.52200", "2015-04-30": "607.46500", "2015-01-31": "578.23800", "2014-10-31": "635.20400", "2014-07-31": "543.12700", "2014-04-30": "529.76400", "2014-01-31": "505.02400", "2013-10-31": "551.50000", "2013-07-31": "517.26600", "2013-04-30": "479.42000", "2013-01-31": "466.53600", "2012-10-31": "523.50100", "2012-07-31": "493.22400", "2012-04-30": "455.99700", "2012-01-31": "422.50500", "2011-10-31": "485.53300", "2011-07-31": "444.75700", "2011-04-30": "409.97900", "2011-01-31": "406.67700", "2010-10-31": "439.46400", "2010-07-31": "390.31300", "2010-04-30": "363.74100", "2010-01-31": "348.69500", "2009-10-31": "372.29200", "2009-07-31": "362.41700", "2009-04-30": "344.92500", "2009-01-31": "370.13000", "2008-10-31": "411.01000", "2008-07-31": "387.44300", "2008-04-30": "367.25000", "2008-01-31": "345.48300", "2007-10-31": "366.62100", "2007-07-31": "327.66300", "2007-04-30": "322.63400", "2007-01-31": "327.60600", "2006-10-31": "341.91600", "2006-07-31": "291.06600", "2006-04-30": "275.63400", "2006-01-31": "273.78700", "2005-10-31": "301.00100", "2005-07-31": "268.08400", "2005-04-30": "288.22700", "2005-01-31": "282.35900"}, "Inventory": {"2020-10-31": "1072.76200", "2020-07-31": "982.35500", "2020-04-30": "1048.99200", "2020-01-31": "1057.27700", "2019-10-31": "1042.36200", "2019-07-31": "1108.51400", "2019-04-30": "1030.57400", "2019-01-31": "994.42800", "2018-10-31": "963.52700", "2018-07-31": "1001.04400", "2018-04-30": "1011.21500", "2018-01-31": "973.22100", "2017-10-31": "921.02200", "2017-07-31": "1013.21400", "2017-04-30": "988.40800", "2017-01-31": "958.13000", "2016-10-31": "985.68300", "2016-07-31": "1034.30700", "2016-04-30": "1027.44000", "2016-01-31": "994.82600", "2015-10-31": "993.26500", "2015-07-31": "984.45200", "2015-04-30": "963.48100", "2015-01-31": "1016.78800", "2014-10-31": "1054.55200", "2014-07-31": "1076.89200", "2014-04-30": "1053.50100", "2014-01-31": "924.50000", "2013-10-31": "967.97700", "2013-07-31": "1003.73600", "2013-04-30": "998.93100", "2013-01-31": "953.68200", "2012-10-31": "950.52100", "2012-07-31": "927.04700", "2012-04-30": "912.67200", "2012-01-31": "882.82800", "2011-10-31": "885.82300", "2011-07-31": "865.87500", "2011-04-30": "810.38800", "2011-01-31": "787.28000", "2010-10-31": "793.77100", "2010-07-31": "790.87500", "2010-04-30": "767.19100", "2010-01-31": "729.23100", "2009-10-31": "722.37100", "2009-07-31": "744.66700", "2009-04-30": "748.17800", "2009-01-31": "741.94400", "2008-10-31": "784.54200", "2008-07-31": "794.31800", "2008-04-30": "750.48300", "2008-01-31": "669.59400", "2007-10-31": "646.96800", "2007-07-31": "659.22300", "2007-04-30": "637.42500", "2007-01-31": "584.11300", "2006-10-31": "570.93200", "2006-07-31": "579.90000", "2006-04-30": "580.69500", "2006-01-31": "534.88500", "2005-10-31": "534.57200", "2005-07-31": "508.73700", "2005-04-30": "510.40900", "2005-01-31": "472.86500"}, "Pre-Paid Expenses": {"2020-10-31": "18.34900", "2020-07-31": "16.96800", "2020-04-30": "24.22900", "2020-01-31": "24.81700", "2019-10-31": "22.63700", "2019-07-31": "22.60600", "2019-04-30": "24.21900", "2019-01-31": "23.60100", "2018-10-31": "16.34200", "2018-07-31": "14.54200", "2018-04-30": "18.53400", "2018-01-31": "15.58100", "2017-10-31": "16.14400", "2017-07-31": "17.09600", "2017-04-30": "15.89200", "2017-01-31": "15.35600", "2016-10-31": "13.77500", "2016-07-31": "15.83200", "2016-04-30": "13.90800", "2016-01-31": "13.82000", "2015-10-31": "14.38300", "2015-07-31": "17.37600", "2015-04-30": "14.54600", "2015-01-31": "29.53400", "2014-10-31": "15.25000", "2014-07-31": "13.14000", "2014-04-30": "12.29300", "2014-01-31": "13.88800", "2013-10-31": "13.00000", "2013-07-31": "14.86700", "2013-04-30": "12.03700", "2013-01-31": "13.27600", "2012-10-31": "12.77200", "2012-07-31": "12.86500", "2012-04-30": "11.98600", "2012-01-31": "12.95200", "2011-10-31": "10.04800", "2011-07-31": "11.85900", "2011-04-30": "12.75600", "2011-01-31": "13.61200", "2010-10-31": "12.15300", "2010-07-31": "13.34200", "2010-04-30": "11.91100", "2010-01-31": "11.25600", "2009-10-31": "9.13000", "2009-07-31": "30.92400", "2009-04-30": "33.29700", "2009-01-31": "40.43100", "2008-10-31": "11.45100", "2008-07-31": "34.85200", "2008-04-30": "28.08400", "2008-01-31": "19.54600", "2007-10-31": "15.80400", "2007-07-31": "14.68900", "2007-04-30": "18.38000", "2007-01-31": "8.38000", "2006-10-31": "7.80300", "2006-07-31": "27.13800", "2006-04-30": "47.69300", "2006-01-31": "66.36700", "2005-10-31": "20.69100", "2005-07-31": "16.42600", "2005-04-30": "18.55600", "2005-01-31": "14.09200"}, "Other Current Assets": {"2020-10-31": "12.43800", "2020-07-31": "13.95600", "2020-04-30": "16.41000", "2020-01-31": "10.97600", "2019-10-31": "14.45700", "2019-07-31": "11.33500", "2019-04-30": "12.13200", "2019-01-31": "4.76100", "2018-10-31": "6.66200", "2018-07-31": "5.92000", "2018-04-30": "5.13800", "2018-01-31": "4.41700", "2017-10-31": "4.53800", "2017-07-31": "4.43300", "2017-04-30": "5.24200", "2017-01-31": "5.42800", "2016-10-31": "5.71900", "2016-07-31": "8.43200", "2016-04-30": "5.35600", "2016-01-31": "7.48400", "2015-10-31": "9.42200", "2015-07-31": "6.85000", "2015-04-30": "5.69100", "2015-01-31": "7.82100", "2014-10-31": "6.73800", "2014-07-31": "9.16400", "2014-04-30": "5.97500", "2014-01-31": "10.03400", "2013-10-31": "7.37900", "2013-07-31": "9.72300", "2013-04-30": "7.92000", "2013-01-31": "8.27200", "2012-10-31": "5.55500", "2012-07-31": "5.80600", "2012-04-30": "8.34500", "2012-01-31": "8.96000", "2011-10-31": "8.41700", "2011-07-31": "10.84200", "2011-04-30": "17.93700", "2011-01-31": "22.65500", "2010-10-31": "23.63500", "2010-07-31": "17.42000", "2010-04-30": "19.16700", "2010-01-31": "19.48300", "2009-10-31": "19.25300", "2009-07-31": "", "2009-04-30": "", "2009-01-31": "", "2008-10-31": "30.44900", "2008-07-31": "", "2008-04-30": "", "2008-01-31": "", "2007-10-31": "", "2007-07-31": "", "2007-04-30": "", "2007-01-31": "", "2006-10-31": "", "2006-07-31": "", "2006-04-30": "", "2006-01-31": "", "2005-10-31": "", "2005-07-31": "", "2005-04-30": "", "2005-01-31": ""}, "Total Current Assets": {"2020-10-31": "3579.06300", "2020-07-31": "3409.77400", "2020-04-30": "2248.89600", "2020-01-31": "2394.96700", "2019-10-31": "2361.41300", "2019-07-31": "2245.96800", "2019-04-30": "2250.66700", "2019-01-31": "2100.68600", "2018-10-31": "2050.10000", "2018-07-31": "1854.31000", "2018-04-30": "1850.78000", "2018-01-31": "1948.26900", "2017-10-31": "2026.52300", "2017-07-31": "2217.09500", "2017-04-30": "2125.79100", "2017-01-31": "2119.58600", "2016-10-31": "2029.91200", "2016-07-31": "2010.10500", "2016-04-30": "1975.08200", "2016-01-31": "1946.08300", "2015-10-31": "2063.03200", "2015-07-31": "2003.77600", "2015-04-30": "2302.43100", "2015-01-31": "2246.33100", "2014-10-31": "2132.77100", "2014-07-31": "2245.04100", "2014-04-30": "2172.61200", "2014-01-31": "2166.83300", "2013-10-31": "2047.41300", "2013-07-31": "1951.59000", "2013-04-30": "1832.34000", "2013-01-31": "2399.84500", "2012-10-31": "2320.68400", "2012-07-31": "2117.25800", "2012-04-30": "2060.07500", "2012-01-31": "2021.73100", "2011-10-31": "1998.23100", "2011-07-31": "1977.12100", "2011-04-30": "2287.20400", "2011-01-31": "1949.23000", "2010-10-31": "1858.16600", "2010-07-31": "1710.58200", "2010-04-30": "1636.39000", "2010-01-31": "1620.58900", "2009-10-31": "1574.73300", "2009-07-31": "1480.45100", "2009-04-30": "1486.29600", "2009-01-31": "1466.96000", "2008-10-31": "1438.17800", "2008-07-31": "1381.21000", "2008-04-30": "1300.96800", "2008-01-31": "1279.35700", "2007-10-31": "1231.72500", "2007-07-31": "1157.64200", "2007-04-30": "1138.86600", "2007-01-31": "1109.11000", "2006-10-31": "1141.67100", "2006-07-31": "1082.78700", "2006-04-30": "1063.35800", "2006-01-31": "1045.06100", "2005-10-31": "1065.23800", "2005-07-31": "958.99700", "2005-04-30": "939.82100", "2005-01-31": "943.33200"}, "Property, Plant, And Equipment": {"2020-10-31": "1898.22200", "2020-07-31": "1800.01200", "2020-04-30": "1750.16500", "2020-01-31": "1695.22800", "2019-10-31": "1629.11100", "2019-07-31": "1516.38600", "2019-04-30": "1494.56700", "2019-01-31": "1483.68100", "2018-10-31": "1512.60000", "2018-07-31": "1410.31000", "2018-04-30": "1353.85300", "2018-01-31": "1293.06600", "2017-10-31": "1203.25100", "2017-07-31": "1054.09600", "2017-04-30": "1043.56600", "2017-01-31": "1035.27500", "2016-10-31": "1105.44900", "2016-07-31": "1052.91800", "2016-04-30": "1048.93000", "2016-01-31": "1014.00300", "2015-10-31": "1011.73900", "2015-07-31": "1001.81000", "2015-04-30": "990.06800", "2015-01-31": "997.23700", "2014-10-31": "1001.76700", "2014-07-31": "978.15000", "2014-04-30": "976.24700", "2014-01-31": "967.52100", "2013-10-31": "955.33300", "2013-07-31": "949.02100", "2013-04-30": "957.75900", "2013-01-31": "916.19400", "2012-10-31": "924.48000", "2012-07-31": "915.79200", "2012-04-30": "908.52900", "2012-01-31": "908.28200", "2011-10-31": "907.09000", "2011-07-31": "895.89500", "2011-04-30": "905.52100", "2011-01-31": "915.63200", "2010-10-31": "922.10300", "2010-07-31": "928.16300", "2010-04-30": "934.35500", "2010-01-31": "941.90300", "2009-10-31": "952.71300", "2009-07-31": "958.69700", "2009-04-30": "963.97900", "2009-01-31": "972.93700", "2008-10-31": "977.65700", "2008-07-31": "973.38300", "2008-04-30": "971.45900", "2008-01-31": "967.45700", "2007-10-31": "966.60100", "2007-07-31": "936.80300", "2007-04-30": "943.82200", "2007-01-31": "937.42300", "2006-10-31": "910.81000", "2006-07-31": "908.74500", "2006-04-30": "893.21400", "2006-01-31": "874.16400", "2005-10-31": "877.67600", "2005-07-31": "882.39200", "2005-04-30": "882.94400", "2005-01-31": "817.75300"}, "Long-Term Investments": {"2020-10-31": "308.37200", "2020-07-31": "298.63800", "2020-04-30": "303.19400", "2020-01-31": "290.77700", "2019-10-31": "289.15700", "2019-07-31": "279.26500", "2019-04-30": "276.47800", "2019-01-31": "277.83700", "2018-10-31": "273.15300", "2018-07-31": "276.46200", "2018-04-30": "265.57900", "2018-01-31": "262.14700", "2017-10-31": "242.36900", "2017-07-31": "248.12900", "2017-04-30": "246.84000", "2017-01-31": "243.86800", "2016-10-31": "239.59000", "2016-07-31": "257.06100", "2016-04-30": "254.94900", "2016-01-31": "253.58900", "2015-10-31": "258.99800", "2015-07-31": "245.61800", "2015-04-30": "264.05400", "2015-01-31": "255.77700", "2014-10-31": "264.45100", "2014-07-31": "263.13600", "2014-04-30": "267.70600", "2014-01-31": "258.12800", "2013-10-31": "270.60900", "2013-07-31": "269.22100", "2013-04-30": "284.04300", "2013-01-31": "280.88600", "2012-10-31": "286.53700", "2012-07-31": "296.78500", "2012-04-30": "301.68500", "2012-01-31": "292.90100", "2011-10-31": "295.69800", "2011-07-31": "227.81000", "2011-04-30": "222.81700", "2011-01-31": "211.16900", "2010-10-31": "214.38900", "2010-07-31": "132.43300", "2010-04-30": "130.86900", "2010-01-31": "110.15800", "2009-10-31": "86.59900", "2009-07-31": "87.01700", "2009-04-30": "80.59000", "2009-01-31": "90.10000", "2008-10-31": "93.61700", "2008-07-31": "92.15000", "2008-04-30": "95.21300", "2008-01-31": "100.22200", "2007-10-31": "102.06000", "2007-07-31": "102.34100", "2007-04-30": "94.63200", "2007-01-31": "103.61900", "2006-10-31": "76.68400", "2006-07-31": "73.44300", "2006-04-30": "76.05900", "2006-01-31": "70.96100", "2005-10-31": "68.02700", "2005-07-31": "63.65500", "2005-04-30": "63.70000", "2005-01-31": "58.30500"}, "Goodwill And Intangible Assets": {"2020-10-31": "3689.01200", "2020-07-31": "3696.23600", "2020-04-30": "3706.77500", "2020-01-31": "3515.89200", "2019-10-31": "3515.50700", "2019-07-31": "3525.41600", "2019-04-30": "3527.02700", "2019-01-31": "3921.74100", "2018-10-31": "3921.33500", "2018-07-31": "3971.47200", "2018-04-30": "3983.25200", "2018-01-31": "3980.78500", "2017-10-31": "3146.82700", "2017-07-31": "2705.38800", "2017-04-30": "2707.41000", "2017-01-31": "2709.46800", "2016-10-31": "2737.75500", "2016-07-31": "2737.20700", "2016-04-30": "2521.50000", "2016-01-31": "2524.43000", "2015-10-31": "2526.70300", "2015-07-31": "2527.87400", "2015-04-30": "1779.78700", "2015-01-31": "1778.26900", "2014-10-31": "1781.29600", "2014-07-31": "1336.29300", "2014-04-30": "1338.26200", "2014-01-31": "1340.46300", "2013-10-31": "1312.56500", "2013-07-31": "1314.88200", "2013-04-30": "1314.93000", "2013-01-31": "751.75700", "2012-10-31": "753.94700", "2012-07-31": "756.24200", "2012-04-30": "758.46800", "2012-01-31": "760.49500", "2011-10-31": "762.93000", "2011-07-31": "765.03700", "2011-04-30": "767.30990", "2011-01-31": "769.73000", "2010-10-31": "770.54500", "2010-07-31": "773.08800", "2010-04-30": "775.60900", "2010-01-31": "741.91500", "2009-10-31": "761.00900", "2009-07-31": "763.25400", "2009-04-30": "765.75200", "2009-01-31": "768.03500", "2008-10-31": "770.54400", "2008-07-31": "771.51400", "2008-04-30": "757.88200", "2008-01-31": "755.59700", "2007-10-31": "757.99300", "2007-07-31": "692.27100", "2007-04-30": "695.11900", "2007-01-31": "700.24200", "2006-10-31": "698.68100", "2006-07-31": "694.05700", "2006-04-30": "697.91200", "2006-01-31": "639.28800", "2005-10-31": "641.68600", "2005-07-31": "611.59400", "2005-04-30": "615.02600", "2005-01-31": "552.23100"}, "Other Long-Term Assets": {"2020-10-31": "250.38200", "2020-07-31": "241.94700", "2020-04-30": "238.27300", "2020-01-31": "251.35300", "2019-10-31": "177.90100", "2019-07-31": "177.52900", "2019-04-30": "181.77700", "2019-01-31": "171.00500", "2018-10-31": "189.95100", "2018-07-31": "192.76900", "2018-04-30": "192.25500", "2018-01-31": "196.57100", "2017-10-31": "184.94800", "2017-07-31": "184.36400", "2017-04-30": "183.93200", "2017-01-31": "184.66600", "2016-10-31": "182.23700", "2016-07-31": "146.27300", "2016-04-30": "145.73000", "2016-01-31": "144.87500", "2015-10-31": "146.49800", "2015-07-31": "145.26000", "2015-04-30": "147.20100", "2015-01-31": "147.13300", "2014-10-31": "145.05000", "2014-07-31": "143.23100", "2014-04-30": "142.73400", "2014-01-31": "144.40800", "2013-10-31": "142.33900", "2013-07-31": "138.94400", "2013-04-30": "140.90200", "2013-01-31": "132.86600", "2012-10-31": "134.02400", "2012-07-31": "132.48200", "2012-04-30": "138.97700", "2012-01-31": "142.58200", "2011-10-31": "140.42000", "2011-07-31": "147.19600", "2011-04-30": "150.90300", "2011-01-31": "155.56700", "2010-10-31": "155.01700", "2010-07-31": "164.22800", "2010-04-30": "165.57000", "2010-01-31": "166.30200", "2009-10-31": "165.33100", "2009-07-31": "169.04700", "2009-04-30": "165.57700", "2009-01-31": "159.70100", "2008-10-31": "155.45300", "2008-07-31": "177.07700", "2008-04-30": "181.43700", "2008-01-31": "164.84100", "2007-10-31": "170.04800", "2007-07-31": "163.67700", "2007-04-30": "164.50600", "2007-01-31": "159.83500", "2006-10-31": "158.97600", "2006-07-31": "159.73600", "2006-04-30": "161.73000", "2006-01-31": "161.40700", "2005-10-31": "162.00400", "2005-07-31": "164.26200", "2005-04-30": "164.59100", "2005-01-31": "167.31200"}, "Total Long-Term Assets": {"2020-10-31": "6329.22000", "2020-07-31": "6190.69800", "2020-04-30": "6146.28500", "2020-01-31": "5895.14200", "2019-10-31": "5747.59100", "2019-07-31": "5708.60800", "2019-04-30": "5685.07800", "2019-01-31": "6054.71200", "2018-10-31": "6092.19200", "2018-07-31": "6041.06300", "2018-04-30": "5978.96900", "2018-01-31": "5910.57900", "2017-10-31": "4949.38600", "2017-07-31": "4290.87000", "2017-04-30": "4259.91600", "2017-01-31": "4246.81200", "2016-10-31": "4340.15500", "2016-07-31": "4378.19200", "2016-04-30": "4135.26300", "2016-01-31": "4094.80600", "2015-10-31": "4076.79900", "2015-07-31": "4087.30500", "2015-04-30": "3320.56700", "2015-01-31": "3313.29200", "2014-10-31": "3322.84800", "2014-07-31": "2943.39200", "2014-04-30": "2913.21200", "2014-01-31": "2900.33700", "2013-10-31": "2868.46700", "2013-07-31": "2809.65900", "2013-04-30": "2835.30100", "2013-01-31": "2222.98500", "2012-10-31": "2243.28200", "2012-07-31": "2265.36100", "2012-04-30": "2254.58800", "2012-01-31": "2248.56300", "2011-10-31": "2246.16000", "2011-07-31": "2172.40800", "2011-04-30": "2164.21300", "2011-01-31": "2173.71800", "2010-10-31": "2195.75200", "2010-07-31": "2134.44400", "2010-04-30": "2147.74400", "2010-01-31": "2110.10300", "2009-10-31": "2117.32200", "2009-07-31": "2196.27900", "2009-04-30": "2147.47200", "2009-01-31": "2164.07100", "2008-10-31": "2178.29300", "2008-07-31": "2176.91100", "2008-04-30": "2170.18000", "2008-01-31": "2151.90100", "2007-10-31": "2161.92500", "2007-07-31": "1966.55200", "2007-04-30": "1970.57000", "2007-01-31": "1974.48400", "2006-10-31": "1918.63500", "2006-07-31": "1896.39400", "2006-04-30": "1868.26100", "2006-01-31": "1791.70900", "2005-10-31": "1781.32200", "2005-07-31": "1775.77800", "2005-04-30": "1785.09200", "2005-01-31": "1662.07200"}, "Total Assets": {"2020-10-31": "9908.28200", "2020-07-31": "9600.47200", "2020-04-30": "8395.18100", "2020-01-31": "8290.10900", "2019-10-31": "8109.00400", "2019-07-31": "7954.57600", "2019-04-30": "7935.74500", "2019-01-31": "8155.39800", "2018-10-31": "8142.29200", "2018-07-31": "7895.37300", "2018-04-30": "7829.74900", "2018-01-31": "7858.84800", "2017-10-31": "6975.90800", "2017-07-31": "6507.96500", "2017-04-30": "6385.70700", "2017-01-31": "6366.39800", "2016-10-31": "6370.06700", "2016-07-31": "6388.29700", "2016-04-30": "6110.34500", "2016-01-31": "6040.88900", "2015-10-31": "6139.83100", "2015-07-31": "6091.08100", "2015-04-30": "5622.99800", "2015-01-31": "5559.62300", "2014-10-31": "5455.61900", "2014-07-31": "5188.43300", "2014-04-30": "5085.82400", "2014-01-31": "5067.17000", "2013-10-31": "4915.88000", "2013-07-31": "4761.24900", "2013-04-30": "4667.64100", "2013-01-31": "4622.83000", "2012-10-31": "4563.96600", "2012-07-31": "4382.61900", "2012-04-30": "4314.66300", "2012-01-31": "4270.29400", "2011-10-31": "4244.39100", "2011-07-31": "4149.52900", "2011-04-30": "4451.41700", "2011-01-31": "4122.94800", "2010-10-31": "4053.91800", "2010-07-31": "3845.02600", "2010-04-30": "3784.13400", "2010-01-31": "3730.69200", "2009-10-31": "3692.05500", "2009-07-31": "3676.73000", "2009-04-30": "3633.76800", "2009-01-31": "3631.03100", "2008-10-31": "3616.47100", "2008-07-31": "3558.12100", "2008-04-30": "3471.14800", "2008-01-31": "3431.25800", "2007-10-31": "3393.65000", "2007-07-31": "3124.19400", "2007-04-30": "3109.43600", "2007-01-31": "3083.59400", "2006-10-31": "3060.30600", "2006-07-31": "2979.18100", "2006-04-30": "2931.61900", "2006-01-31": "2836.77000", "2005-10-31": "2846.56000", "2005-07-31": "2734.77500", "2005-04-30": "2724.91300", "2005-01-31": "2605.40400"}, "Total Current Liabilities": {"2020-10-31": "1503.96500", "2020-07-31": "1427.05100", "2020-04-30": "1324.59500", "2020-01-31": "1023.08500", "2019-10-31": "1105.04900", "2019-07-31": "1073.08700", "2019-04-30": "1051.67600", "2019-01-31": "1435.81200", "2018-10-31": "1138.91400", "2018-07-31": "1096.83100", "2018-04-30": "1148.46100", "2018-01-31": "1323.51400", "2017-10-31": "1058.21200", "2017-07-31": "877.77100", "2017-04-30": "824.58700", "2017-01-31": "919.76200", "2016-10-31": "1053.19600", "2016-07-31": "1128.72700", "2016-04-30": "937.38400", "2016-01-31": "1020.09800", "2015-10-31": "1214.02500", "2015-07-31": "1245.10700", "2015-04-30": "870.18200", "2015-01-31": "937.30400", "2014-10-31": "954.69200", "2014-07-31": "785.09900", "2014-04-30": "751.99400", "2014-01-31": "824.52500", "2013-10-31": "784.00900", "2013-07-31": "789.48400", "2013-04-30": "707.89400", "2013-01-31": "737.38600", "2012-10-31": "786.30000", "2012-07-31": "676.71000", "2012-04-30": "699.96800", "2012-01-31": "724.58600", "2011-10-31": "778.18600", "2011-07-31": "700.96300", "2011-04-30": "1005.93600", "2011-01-31": "1020.20300", "2010-10-31": "1101.21300", "2010-07-31": "1016.11100", "2010-04-30": "651.02700", "2010-01-31": "655.45400", "2009-10-31": "685.02900", "2009-07-31": "679.83500", "2009-04-30": "695.66000", "2009-01-31": "752.50800", "2008-10-31": "781.23300", "2008-07-31": "637.20100", "2008-04-30": "553.11500", "2008-01-31": "582.57800", "2007-10-31": "664.77700", "2007-07-31": "528.20400", "2007-04-30": "515.64600", "2007-01-31": "526.39700", "2006-10-31": "585.01400", "2006-07-31": "572.57500", "2006-04-30": "563.84800", "2006-01-31": "516.54900", "2005-10-31": "583.17200", "2005-07-31": "545.43100", "2005-04-30": "562.67900", "2005-01-31": "488.42400"}, "Long Term Debt": {"2020-10-31": "1044.93600", "2020-07-31": "1046.82100", "2020-04-30": "56.86100", "2020-01-31": "308.97200", "2019-10-31": "250.00000", "2019-07-31": "250.00000", "2019-04-30": "250.00000", "2019-01-31": "250.00000", "2018-10-31": "624.84000", "2018-07-31": "624.80100", "2018-04-30": "624.76300", "2018-01-31": "624.72600", "2017-10-31": "250.00000", "2017-07-31": "250.00000", "2017-04-30": "250.00000", "2017-01-31": "250.00000", "2016-10-31": "250.00000", "2016-07-31": "250.00000", "2016-04-30": "250.00000", "2016-01-31": "250.00000", "2015-10-31": "250.00000", "2015-07-31": "250.00000", "2015-04-30": "250.00000", "2015-01-31": "250.00000", "2014-10-31": "250.00000", "2014-07-31": "250.00000", "2014-04-30": "250.00000", "2014-01-31": "250.00000", "2013-10-31": "250.00000", "2013-07-31": "250.00000", "2013-04-30": "250.00000", "2013-01-31": "250.00000", "2012-10-31": "250.00000", "2012-07-31": "250.00000", "2012-04-30": "250.00000", "2012-01-31": "250.00000", "2011-10-31": "250.00000", "2011-07-31": "250.00000", "2011-04-30": "250.00000", "2011-01-31": "", "2010-10-31": "", "2010-07-31": "", "2010-04-30": "350.00000", "2010-01-31": "350.00000", "2009-10-31": "350.00000", "2009-07-31": "350.00000", "2009-04-30": "350.00000", "2009-01-31": "350.00000", "2008-10-31": "350.00000", "2008-07-31": "350.00000", "2008-04-30": "350.00000", "2008-01-31": "350.00000", "2007-10-31": "350.00500", "2007-07-31": "350.01300", "2007-04-30": "350.02000", "2007-01-31": "350.03500", "2006-10-31": "350.05400", "2006-07-31": "350.07300", "2006-04-30": "350.09100", "2006-01-31": "350.40300", "2005-10-31": "350.43000", "2005-07-31": "361.16000", "2005-04-30": "361.17600", "2005-01-31": "361.49500"}, "Other Non-Current Liabilities": {"2020-10-31": "157.39900", "2020-07-31": "138.54300", "2020-04-30": "139.51700", "2020-01-31": "145.92300", "2019-10-31": "115.35600", "2019-07-31": "102.14000", "2019-04-30": "101.37800", "2019-01-31": "100.13400", "2018-10-31": "99.07000", "2018-07-31": "104.08300", "2018-04-30": "104.18500", "2018-01-31": "107.89400", "2017-10-31": "99.34000", "2017-07-31": "88.33600", "2017-04-30": "90.18000", "2017-01-31": "90.35100", "2016-10-31": "93.10900", "2016-07-31": "99.56800", "2016-04-30": "99.48000", "2016-01-31": "95.66300", "2015-10-31": "101.05600", "2015-07-31": "110.71300", "2015-04-30": "108.42700", "2015-01-31": "105.49100", "2014-10-31": "112.17600", "2014-07-31": "86.37900", "2014-04-30": "85.21300", "2014-01-31": "84.76500", "2013-10-31": "84.06200", "2013-07-31": "78.22200", "2013-04-30": "79.46400", "2013-01-31": "88.48300", "2012-10-31": "87.31300", "2012-07-31": "82.60800", "2012-04-30": "82.69900", "2012-01-31": "81.54100", "2011-10-31": "82.70100", "2011-07-31": "73.69300", "2011-04-30": "95.17600", "2011-01-31": "94.52700", "2010-10-31": "91.06800", "2010-07-31": "87.54400", "2010-04-30": "87.25200", "2010-01-31": "82.53000", "2009-10-31": "102.90500", "2009-07-31": "91.74900", "2009-04-30": "87.38800", "2009-01-31": "86.36800", "2008-10-31": "91.07600", "2008-07-31": "91.54200", "2008-04-30": "90.72800", "2008-01-31": "89.09300", "2007-10-31": "53.27500", "2007-07-31": "50.87000", "2007-04-30": "54.56200", "2007-01-31": "54.23300", "2006-10-31": "51.08600", "2006-07-31": "49.16400", "2006-04-30": "51.31000", "2006-01-31": "51.42100", "2005-10-31": "50.56500", "2005-07-31": "48.42100", "2005-04-30": "48.03200", "2005-01-31": "47.32700"}, "Total Long Term Liabilities": {"2020-10-31": "1973.99200", "2020-07-31": "1901.67400", "2020-04-30": "904.38400", "2020-01-31": "1170.98000", "2019-10-31": "1078.42000", "2019-07-31": "990.15400", "2019-04-30": "982.28500", "2019-01-31": "1013.80700", "2018-10-31": "1398.56000", "2018-07-31": "1402.77400", "2018-04-30": "1389.65500", "2018-01-31": "1379.96000", "2017-10-31": "977.99900", "2017-07-31": "877.01400", "2017-04-30": "874.69200", "2017-01-31": "871.33910", "2016-10-31": "865.46500", "2016-07-31": "865.62300", "2016-04-30": "863.32200", "2016-01-31": "857.27800", "2015-10-31": "924.41300", "2015-07-31": "909.96200", "2015-04-30": "909.00100", "2015-01-31": "890.00290", "2014-10-31": "888.87100", "2014-07-31": "823.75400", "2014-04-30": "820.68600", "2014-01-31": "818.21400", "2013-10-31": "815.29200", "2013-07-31": "917.88100", "2013-04-30": "941.91500", "2013-01-31": "951.49190", "2012-10-31": "952.74100", "2012-07-31": "809.71000", "2012-04-30": "808.87190", "2012-01-31": "806.60210", "2011-10-31": "806.38900", "2011-07-31": "781.95100", "2011-04-30": "802.23300", "2011-01-31": "550.76100", "2010-10-31": "546.06600", "2010-07-31": "521.19300", "2010-04-30": "867.25400", "2010-01-31": "862.52310", "2009-10-31": "882.70500", "2009-07-31": "830.49210", "2009-04-30": "832.59200", "2009-01-31": "830.98800", "2008-10-31": "827.66600", "2008-07-31": "898.05500", "2008-04-30": "889.24710", "2008-01-31": "879.82900", "2007-10-31": "844.09000", "2007-07-31": "672.40200", "2007-04-30": "676.10100", "2007-01-31": "675.78700", "2006-10-31": "672.37990", "2006-07-31": "663.13300", "2006-04-30": "665.29700", "2006-01-31": "665.72000", "2005-10-31": "664.65800", "2005-07-31": "673.13600", "2005-04-30": "668.65390", "2005-01-31": "666.41900"}, "Total Liabilities": {"2020-10-31": "3477.95600", "2020-07-31": "3328.72500", "2020-04-30": "2228.97900", "2020-01-31": "2194.06400", "2019-10-31": "2183.46900", "2019-07-31": "2063.24100", "2019-04-30": "2033.96100", "2019-01-31": "2449.61900", "2018-10-31": "2537.47400", "2018-07-31": "2499.60500", "2018-04-30": "2538.11600", "2018-01-31": "2703.47400", "2017-10-31": "2036.21100", "2017-07-31": "1754.78500", "2017-04-30": "1699.27900", "2017-01-31": "1791.10100", "2016-10-31": "1918.66100", "2016-07-31": "1994.35000", "2016-04-30": "1800.70600", "2016-01-31": "1877.37600", "2015-10-31": "2138.43800", "2015-07-31": "2155.06900", "2015-04-30": "1779.18300", "2015-01-31": "1827.30700", "2014-10-31": "1843.56300", "2014-07-31": "1608.85300", "2014-04-30": "1572.68000", "2014-01-31": "1642.73900", "2013-10-31": "1599.30100", "2013-07-31": "1707.36500", "2013-04-30": "1649.80900", "2013-01-31": "1688.87800", "2012-10-31": "1739.04100", "2012-07-31": "1486.42000", "2012-04-30": "1508.84000", "2012-01-31": "1531.18800", "2011-10-31": "1584.57500", "2011-07-31": "1482.91400", "2011-04-30": "1808.16800", "2011-01-31": "1570.96400", "2010-10-31": "1647.27900", "2010-07-31": "1537.30400", "2010-04-30": "1518.28100", "2010-01-31": "1517.97700", "2009-10-31": "1567.73400", "2009-07-31": "1510.32700", "2009-04-30": "1528.25200", "2009-01-31": "1583.49600", "2008-10-31": "1608.89900", "2008-07-31": "1535.25600", "2008-04-30": "1442.36200", "2008-01-31": "1462.40700", "2007-10-31": "1508.86700", "2007-07-31": "1200.60600", "2007-04-30": "1191.74700", "2007-01-31": "1202.18400", "2006-10-31": "1257.39400", "2006-07-31": "1235.70800", "2006-04-30": "1229.14500", "2006-01-31": "1182.26900", "2005-10-31": "1247.83000", "2005-07-31": "1218.56700", "2005-04-30": "1231.33300", "2005-01-31": "1154.84300"}, "Common Stock Net": {"2020-10-31": "7.90900", "2020-07-31": "7.90200", "2020-04-30": "7.89600", "2020-01-31": "7.87300", "2019-10-31": "7.83000", "2019-07-31": "7.81800", "2019-04-30": "7.85400", "2019-01-31": "7.82600", "2018-10-31": "7.82500", "2018-07-31": "7.78100", "2018-04-30": "7.76600", "2018-01-31": "7.76400", "2017-10-31": "7.74100", "2017-07-31": "7.73200", "2017-04-30": "7.74300", "2017-01-31": "7.74700", "2016-10-31": "7.74200", "2016-07-31": "7.75200", "2016-04-30": "7.76500", "2016-01-31": "7.75500", "2015-10-31": "7.74100", "2015-07-31": "7.74500", "2015-04-30": "7.74000", "2015-01-31": "7.72900", "2014-10-31": "7.72400", "2014-07-31": "7.73500", "2014-04-30": "7.73300", "2014-01-31": "7.73300", "2013-10-31": "7.72500", "2013-07-31": "7.73700", "2013-04-30": "7.76300", "2013-01-31": "7.75500", "2012-10-31": "7.70700", "2012-07-31": "7.71300", "2012-04-30": "7.71300", "2012-01-31": "7.73100", "2011-10-31": "7.73400", "2011-07-31": "7.80300", "2011-04-30": "7.83500", "2011-01-31": "7.82100", "2010-10-31": "7.79300", "2010-07-31": "7.79800", "2010-04-30": "7.82500", "2010-01-31": "7.82300", "2009-10-31": "7.82800", "2009-07-31": "7.86500", "2009-04-30": "7.86900", "2009-01-31": "7.86600", "2008-10-31": "7.88300", "2008-07-31": "7.90300", "2008-04-30": "7.95600", "2008-01-31": "7.95400", "2007-10-31": "7.95100", "2007-07-31": "8.01100", "2007-04-30": "8.06400", "2007-01-31": "8.07800", "2006-10-31": "8.06600", "2006-07-31": "8.08500", "2006-04-30": "8.07800", "2006-01-31": "8.08200", "2005-10-31": "8.07800", "2005-07-31": "8.07000", "2005-04-30": "8.10000", "2005-01-31": "8.10000"}, "Retained Earnings (Accumulated Deficit)": {"2020-10-31": "6523.33500", "2020-07-31": "6414.81300", "2020-04-30": "6336.94600", "2020-01-31": "6246.64100", "2019-10-31": "6128.20700", "2019-07-31": "5984.30500", "2019-04-30": "6003.63700", "2019-01-31": "5856.02900", "2018-10-31": "5729.95600", "2018-07-31": "5615.05300", "2018-04-30": "5504.22100", "2018-01-31": "5366.50100", "2017-10-31": "5162.57100", "2017-07-31": "5033.94500", "2017-04-30": "4974.51200", "2017-01-31": "4866.37400", "2016-10-31": "4736.56700", "2016-07-31": "4607.36000", "2016-04-30": "4513.09700", "2016-01-31": "4374.59600", "2015-10-31": "4216.12500", "2015-07-31": "4106.56600", "2015-04-30": "4025.77000", "2015-01-31": "3911.54800", "2014-10-31": "3805.65400", "2014-07-31": "3715.33900", "2014-04-30": "3640.46400", "2014-01-31": "3553.21300", "2013-10-31": "3452.52900", "2013-07-31": "3363.36300", "2013-04-30": "3300.59700", "2013-01-31": "3220.34700", "2012-10-31": "3135.31700", "2012-07-31": "3050.07000", "2012-04-30": "2980.35300", "2012-01-31": "2912.50300", "2011-10-31": "2824.33100", "2011-07-31": "2806.39100", "2011-04-30": "2759.11600", "2011-01-31": "2683.69000", "2010-10-31": "2568.77400", "2010-07-31": "2483.63500", "2010-04-30": "2447.24700", "2010-01-31": "2399.80300", "2009-10-31": "2318.39000", "2009-07-31": "2258.36800", "2009-04-30": "2206.72200", "2009-01-31": "2152.46000", "2008-10-31": "2112.87300", "2008-07-31": "2080.28300", "2008-04-30": "2084.64700", "2008-01-31": "2033.08300", "2007-10-31": "1978.64300", "2007-07-31": "1933.48700", "2007-04-30": "1923.28400", "2007-01-31": "1876.01400", "2006-10-31": "1821.20200", "2006-07-31": "1750.53000", "2006-04-30": "1710.27400", "2006-01-31": "1662.27700", "2005-10-31": "1612.31500", "2005-07-31": "1524.26700", "2005-04-30": "1499.17100", "2005-01-31": "1461.11100"}, "Comprehensive Income": {"2020-10-31": "-395.25000", "2020-07-31": "-431.88200", "2020-04-30": "-447.90800", "2020-01-31": "-393.27800", "2019-10-31": "-399.50000", "2019-07-31": "-275.19500", "2019-04-30": "-278.13500", "2019-01-31": "-292.34200", "2018-10-31": "-243.49800", "2018-07-31": "-259.20800", "2018-04-30": "-235.75300", "2018-01-31": "-242.17600", "2017-10-31": "-248.07500", "2017-07-31": "-291.96400", "2017-04-30": "-299.15100", "2017-01-31": "-302.14000", "2016-10-31": "-296.30300", "2016-07-31": "-224.36100", "2016-04-30": "-225.66600", "2016-01-31": "-227.73900", "2015-10-31": "-225.66800", "2015-07-31": "-191.84300", "2015-04-30": "-199.75700", "2015-01-31": "-200.03700", "2014-10-31": "-207.70000", "2014-07-31": "-151.77100", "2014-04-30": "-142.31800", "2014-01-31": "-150.98600", "2013-10-31": "-149.21400", "2013-07-31": "-325.56500", "2013-04-30": "-325.17200", "2013-01-31": "-324.45800", "2012-10-31": "-323.56900", "2012-07-31": "-168.89600", "2012-04-30": "-187.52900", "2012-01-31": "-185.33600", "2011-10-31": "-175.48300", "2011-07-31": "-154.55400", "2011-04-30": "-149.09900", "2011-01-31": "-161.79400", "2010-10-31": "-175.91000", "2010-07-31": "-188.17500", "2010-04-30": "-192.66700", "2010-01-31": "-197.68000", "2009-10-31": "-203.61000", "2009-07-31": "-103.12100", "2009-04-30": "-112.93100", "2009-01-31": "-112.79100", "2008-10-31": "-113.18400", "2008-07-31": "-65.32100", "2008-04-30": "-63.81700", "2008-01-31": "-72.79800", "2007-10-31": "-101.81100", "2007-07-31": "-17.91000", "2007-04-30": "-19.69600", "2007-01-31": "-15.22200", "2006-10-31": "-17.99600", "2006-07-31": "-27.89200", "2006-04-30": "-25.24800", "2006-01-31": "-25.62100", "2005-10-31": "-24.92300", "2005-07-31": "-16.12900", "2005-04-30": "-19.35500", "2005-01-31": "-23.24200"}, "Other Share Holders Equity": {"2020-10-31": "", "2020-07-31": "", "2020-04-30": "", "2020-01-31": "", "2019-10-31": "", "2019-07-31": "", "2019-04-30": "", "2019-01-31": "", "2018-10-31": "", "2018-07-31": "", "2018-04-30": "", "2018-01-31": "", "2017-10-31": "", "2017-07-31": "", "2017-04-30": "", "2017-01-31": "", "2016-10-31": "", "2016-07-31": "", "2016-04-30": "", "2016-01-31": "", "2015-10-31": "", "2015-07-31": "", "2015-04-30": "", "2015-01-31": "", "2014-10-31": "", "2014-07-31": "", "2014-04-30": "", "2014-01-31": "", "2013-10-31": "", "2013-07-31": "", "2013-04-30": "", "2013-01-31": "", "2012-10-31": "", "2012-07-31": "", "2012-04-30": "", "2012-01-31": "", "2011-10-31": "", "2011-07-31": "", "2011-04-30": "", "2011-01-31": "", "2010-10-31": "", "2010-07-31": "", "2010-04-30": "", "2010-01-31": "", "2009-10-31": "", "2009-07-31": "", "2009-04-30": "", "2009-01-31": "", "2008-10-31": "", "2008-07-31": "", "2008-04-30": "", "2008-01-31": "", "2007-10-31": "", "2007-07-31": "", "2007-04-30": "", "2007-01-31": "", "2006-10-31": "", "2006-07-31": "", "2006-04-30": "", "2006-01-31": "", "2005-10-31": "", "2005-07-31": "", "2005-04-30": "", "2005-01-31": ""}, "Share Holder Equity": {"2020-10-31": "6430.32600", "2020-07-31": "6271.74700", "2020-04-30": "6166.20200", "2020-01-31": "6096.04500", "2019-10-31": "5925.53500", "2019-07-31": "5891.33500", "2019-04-30": "5901.78400", "2019-01-31": "5705.77900", "2018-10-31": "5604.81800", "2018-07-31": "5395.76800", "2018-04-30": "5291.63300", "2018-01-31": "5155.37400", "2017-10-31": "4939.69700", "2017-07-31": "4753.18000", "2017-04-30": "4686.42800", "2017-01-31": "4575.29700", "2016-10-31": "4451.40600", "2016-07-31": "4393.94700", "2016-04-30": "4309.63900", "2016-01-31": "4163.51300", "2015-10-31": "4001.39300", "2015-07-31": "3936.01200", "2015-04-30": "3843.81500", "2015-01-31": "3732.31600", "2014-10-31": "3612.05600", "2014-07-31": "3579.58000", "2014-04-30": "3513.14400", "2014-01-31": "3424.43100", "2013-10-31": "3316.57900", "2013-07-31": "3053.88400", "2013-04-30": "3017.83200", "2013-01-31": "2933.95200", "2012-10-31": "2824.92500", "2012-07-31": "2896.19900", "2012-04-30": "2805.82300", "2012-01-31": "2739.10600", "2011-10-31": "2659.81600", "2011-07-31": "2666.61500", "2011-04-30": "2643.24800", "2011-01-31": "2551.98400", "2010-10-31": "2406.63900", "2010-07-31": "2307.72200", "2010-04-30": "2265.85300", "2010-01-31": "2212.71500", "2009-10-31": "2124.32100", "2009-07-31": "2166.40300", "2009-04-30": "2105.51600", "2009-01-31": "2047.53500", "2008-10-31": "2007.57200", "2008-07-31": "2022.86500", "2008-04-30": "2028.78600", "2008-01-31": "1968.85100", "2007-10-31": "1884.78300", "2007-07-31": "1923.58800", "2007-04-30": "1917.68900", "2007-01-31": "1881.41000", "2006-10-31": "1802.91200", "2006-07-31": "1743.47300", "2006-04-30": "1702.47400", "2006-01-31": "1654.50100", "2005-10-31": "1598.73000", "2005-07-31": "1516.20800", "2005-04-30": "1493.58000", "2005-01-31": "1450.56100"}, "Total Liabilities And Share Holders Equity": {"2020-10-31": "9908.28200", "2020-07-31": "9600.47200", "2020-04-30": "8395.18100", "2020-01-31": "8290.10900", "2019-10-31": "8109.00400", "2019-07-31": "7954.57600", "2019-04-30": "7935.74500", "2019-01-31": "8155.39800", "2018-10-31": "8142.29200", "2018-07-31": "7895.37300", "2018-04-30": "7829.74900", "2018-01-31": "7858.84800", "2017-10-31": "6975.90800", "2017-07-31": "6507.96500", "2017-04-30": "6385.70700", "2017-01-31": "6366.39800", "2016-10-31": "6370.06700", "2016-07-31": "6388.29700", "2016-04-30": "6110.34500", "2016-01-31": "6040.88900", "2015-10-31": "6139.83100", "2015-07-31": "6091.08100", "2015-04-30": "5622.99800", "2015-01-31": "5559.62300", "2014-10-31": "5455.61900", "2014-07-31": "5188.43300", "2014-04-30": "5085.82400", "2014-01-31": "5067.17000", "2013-10-31": "4915.88000", "2013-07-31": "4761.24900", "2013-04-30": "4667.64100", "2013-01-31": "4622.83000", "2012-10-31": "4563.96600", "2012-07-31": "4382.61900", "2012-04-30": "4314.66300", "2012-01-31": "4270.29400", "2011-10-31": "4244.39100", "2011-07-31": "4149.52900", "2011-04-30": "4451.41700", "2011-01-31": "4122.94800", "2010-10-31": "4053.91800", "2010-07-31": "3845.02600", "2010-04-30": "3784.13400", "2010-01-31": "3730.69200", "2009-10-31": "3692.05500", "2009-07-31": "3676.73000", "2009-04-30": "3633.76800", "2009-01-31": "3631.03100", "2008-10-31": "3616.47100", "2008-07-31": "3558.12100", "2008-04-30": "3471.14800", "2008-01-31": "3431.25800", "2007-10-31": "3393.65000", "2007-07-31": "3124.19400", "2007-04-30": "3109.43600", "2007-01-31": "3083.59400", "2006-10-31": "3060.30600", "2006-07-31": "2979.18100", "2006-04-30": "2931.61900", "2006-01-31": "2836.77000", "2005-10-31": "2846.56000", "2005-07-31": "2734.77500", "2005-04-30": "2724.91300", "2005-01-31": "2605.40400"}}, "cash flow statement": {"Net Income/Loss": {"2020-10-31": "908.35400", "2019-10-31": "979.14800", "2018-10-31": "1012.58200", "2017-10-31": "847.10300", "2016-10-31": "890.51700", "2015-10-31": "687.26400", "2014-10-31": "606.02600", "2013-10-31": "530.07600", "2012-10-31": "504.96100", "2011-10-31": "479.19600", "2010-10-31": "399.77600", "2009-10-31": "345.97800", "2008-10-31": "288.63500", "2007-10-31": "301.89200", "2006-10-31": "286.13900", "2005-10-31": "254.60300"}, "Total Depreciation And Amortization - Cash Flow": {"2020-10-31": "205.78100", "2019-10-31": "165.20900", "2018-10-31": "179.13700", "2017-10-31": "131.15700", "2016-10-31": "132.95900", "2015-10-31": "154.97100", "2014-10-31": "130.04400", "2013-10-31": "124.85000", "2012-10-31": "119.49400", "2011-10-31": "124.16500", "2010-10-31": "125.59100", "2009-10-31": "127.13800", "2008-10-31": "126.18900", "2007-10-31": "126.73800", "2006-10-31": "121.10100", "2005-10-31": "115.18900"}, "Other Non-Cash Items": {"2020-10-31": "42.90200", "2019-10-31": "-5.81300", "2018-10-31": "-26.57000", "2017-10-31": "57.23200", "2016-10-31": "68.45400", "2015-10-31": "20.09700", "2014-10-31": "1.68500", "2013-10-31": "4.89500", "2012-10-31": "7.26400", "2011-10-31": "-10.10100", "2010-10-31": "25.84800", "2009-10-31": "-1.38100", "2008-10-31": "22.10200", "2007-10-31": "-12.04600", "2006-10-31": "-13.34700", "2005-10-31": "-23.91200"}, "Total Non-Cash Items": {"2020-10-31": "248.68300", "2019-10-31": "159.39600", "2018-10-31": "152.56700", "2017-10-31": "188.38900", "2016-10-31": "201.41300", "2015-10-31": "175.06800", "2014-10-31": "131.72900", "2013-10-31": "129.74500", "2012-10-31": "126.75800", "2011-10-31": "114.06400", "2010-10-31": "151.43900", "2009-10-31": "125.75700", "2008-10-31": "148.29100", "2007-10-31": "114.69200", "2006-10-31": "107.75400", "2005-10-31": "91.27700"}, "Change In Accounts Receivable": {"2020-10-31": "-119.51600", "2019-10-31": "-11.14600", "2018-10-31": "36.13300", "2017-10-31": "-29.71700", "2016-10-31": "20.90400", "2015-10-31": "22.45100", "2014-10-31": "-20.48600", "2013-10-31": "-44.45900", "2012-10-31": "-45.93100", "2011-10-31": "-30.17100", "2010-10-31": "-58.64700", "2009-10-31": "38.71800", "2008-10-31": "-42.84400", "2007-10-31": "-9.80600", "2006-10-31": "-37.98600", "2005-10-31": "6.46300"}, "Change In Inventories": {"2020-10-31": "-1.83900", "2019-10-31": "-123.84300", "2018-10-31": "-8.29300", "2017-10-31": "41.02800", "2016-10-31": "-12.28100", "2015-10-31": "82.43700", "2014-10-31": "-21.64500", "2013-10-31": "31.69900", "2012-10-31": "-64.69800", "2011-10-31": "-92.05200", "2010-10-31": "-73.90900", "2009-10-31": "62.11600", "2008-10-31": "-135.30800", "2007-10-31": "-62.87700", "2006-10-31": "-21.72200", "2005-10-31": "-15.18000"}, "Change In Accounts Payable": {"2020-10-31": "", "2019-10-31": "", "2018-10-31": "", "2017-10-31": "", "2016-10-31": "", "2015-10-31": "", "2014-10-31": "", "2013-10-31": "", "2012-10-31": "", "2011-10-31": "", "2010-10-31": "", "2009-10-31": "", "2008-10-31": "", "2007-10-31": "", "2006-10-31": "", "2005-10-31": ""}, "Change In Assets/Liabilities": {"2020-10-31": "-4.64900", "2019-10-31": "-20.52100", "2018-10-31": "-17.98700", "2017-10-31": "-35.73400", "2016-10-31": "-21.27500", "2015-10-31": "-9.91500", "2014-10-31": "-21.05200", "2013-10-31": "1.49100", "2012-10-31": "-2.82500", "2011-10-31": "15.71000", "2010-10-31": "4.02400", "2009-10-31": "-24.47700", "2008-10-31": "-21.47100", "2007-10-31": "21.61500", "2006-10-31": "-22.40600", "2005-10-31": "23.47800"}, "Total Change In Assets/Liabilities": {"2020-10-31": "-29.01300", "2019-10-31": "-215.54800", "2018-10-31": "76.58000", "2017-10-31": "-1.60700", "2016-10-31": "-51.91000", "2015-10-31": "129.66000", "2014-10-31": "9.12400", "2013-10-31": "-22.01600", "2012-10-31": "-113.93800", "2011-10-31": "-102.78100", "2010-10-31": "-65.68300", "2009-10-31": "87.03300", "2008-10-31": "-165.30400", "2007-10-31": "-84.71400", "2006-10-31": "-67.21500", "2005-10-31": "107.83900"}, "Cash Flow From Operating Activities": {"2020-10-31": "1128.02400", "2019-10-31": "922.99600", "2018-10-31": "1241.72900", "2017-10-31": "1033.88500", "2016-10-31": "1040.02000", "2015-10-31": "991.99200", "2014-10-31": "746.87900", "2013-10-31": "637.80500", "2012-10-31": "517.78100", "2011-10-31": "490.47900", "2010-10-31": "485.53200", "2009-10-31": "558.76800", "2008-10-31": "271.62200", "2007-10-31": "331.87000", "2006-10-31": "326.67800", "2005-10-31": "453.71900"}, "Net Change In Property, Plant, And Equipment": {"2020-10-31": "-365.58500", "2019-10-31": "-256.43600", "2018-10-31": "-379.85800", "2017-10-31": "-217.53200", "2016-10-31": "-249.29700", "2015-10-31": "-125.56200", "2014-10-31": "-148.85300", "2013-10-31": "-96.59800", "2012-10-31": "-127.73900", "2011-10-31": "-92.52500", "2010-10-31": "-84.90800", "2009-10-31": "-91.95800", "2008-10-31": "-122.70500", "2007-10-31": "-114.10600", "2006-10-31": "-132.82700", "2005-10-31": "-104.15600"}, "Net Change In Intangible Assets": {"2020-10-31": "", "2019-10-31": "", "2018-10-31": "", "2017-10-31": "", "2016-10-31": "", "2015-10-31": "", "2014-10-31": "", "2013-10-31": "", "2012-10-31": "", "2011-10-31": "", "2010-10-31": "", "2009-10-31": "", "2008-10-31": "", "2007-10-31": "", "2006-10-31": "", "2005-10-31": ""}, "Net Acquisitions/Divestitures": {"2020-10-31": "-270.78900", "2019-10-31": "479.80600", "2018-10-31": "-857.66800", "2017-10-31": "-384.51900", "2016-10-31": "-170.74000", "2015-10-31": "-770.58700", "2014-10-31": "-466.20400", "2013-10-31": "-665.41500", "2012-10-31": "-0.16800", "2011-10-31": "-7.20700", "2010-10-31": "-28.10400", "2009-10-31": "-0.70100", "2008-10-31": "-27.22500", "2007-10-31": "-125.10100", "2006-10-31": "-78.92500", "2005-10-31": "-366.49600"}, "Net Change In Short-term Investments": {"2020-10-31": "", "2019-10-31": "", "2018-10-31": "", "2017-10-31": "", "2016-10-31": "", "2015-10-31": "", "2014-10-31": "", "2013-10-31": "", "2012-10-31": "", "2011-10-31": "", "2010-10-31": "", "2009-10-31": "", "2008-10-31": "", "2007-10-31": "", "2006-10-31": "", "2005-10-31": ""}, "Net Change In Long-Term Investments": {"2020-10-31": "-23.71300", "2019-10-31": "-20.97500", "2018-10-31": "-7.54600", "2017-10-31": "5.09500", "2016-10-31": "10.21400", "2015-10-31": "-4.79800", "2014-10-31": "-1.71800", "2013-10-31": "70.93900", "2012-10-31": "21.14300", "2011-10-31": "-71.25300", "2010-10-31": "-145.46400", "2009-10-31": "7.43100", "2008-10-31": "-5.26500", "2007-10-31": "-22.32100", "2006-10-31": "40.31300", "2005-10-31": "65.44000"}, "Net Change In Investments - Total": {"2020-10-31": "-23.71300", "2019-10-31": "-20.97500", "2018-10-31": "-7.54600", "2017-10-31": "5.09500", "2016-10-31": "10.21400", "2015-10-31": "-4.79800", "2014-10-31": "-1.71800", "2013-10-31": "70.93900", "2012-10-31": "21.14300", "2011-10-31": "-71.25300", "2010-10-31": "-145.46400", "2009-10-31": "7.43100", "2008-10-31": "-5.26500", "2007-10-31": "-22.32100", "2006-10-31": "40.31300", "2005-10-31": "65.44000"}, "Investing Activities - Other": {"2020-10-31": "3.77200", "2019-10-31": "17.75800", "2018-10-31": "9.70400", "2017-10-31": "9.77700", "2016-10-31": "1.34900", "2015-10-31": "", "2014-10-31": "", "2013-10-31": "", "2012-10-31": "", "2011-10-31": "", "2010-10-31": "", "2009-10-31": "", "2008-10-31": "0.97000", "2007-10-31": "0.73000", "2006-10-31": "0.81100", "2005-10-31": "0.77500"}, "Cash Flow From Investing Activities": {"2020-10-31": "-656.31600", "2019-10-31": "220.15300", "2018-10-31": "-1235.36800", "2017-10-31": "-587.17900", "2016-10-31": "-408.47400", "2015-10-31": "-900.94700", "2014-10-31": "-616.77500", "2013-10-31": "-691.07400", "2012-10-31": "-106.76400", "2011-10-31": "-170.98500", "2010-10-31": "-258.47600", "2009-10-31": "-85.22800", "2008-10-31": "-154.22500", "2007-10-31": "-260.79800", "2006-10-31": "-170.62800", "2005-10-31": "-404.43700"}, "Net Long-Term Debt": {"2020-10-31": "984.01300", "2019-10-31": "-374.84000", "2018-10-31": "374.84000", "2017-10-31": "", "2016-10-31": "", "2015-10-31": "", "2014-10-31": "", "2013-10-31": "", "2012-10-31": "", "2011-10-31": "-102.43600", "2010-10-31": "", "2009-10-31": "", "2008-10-31": "-0.05400", "2007-10-31": "-6.34100", "2006-10-31": "-11.08500", "2005-10-31": "-15.76500"}, "Net Current Debt": {"2020-10-31": "", "2019-10-31": "", "2018-10-31": "", "2017-10-31": "", "2016-10-31": "-185.00000", "2015-10-31": "185.00000", "2014-10-31": "", "2013-10-31": "", "2012-10-31": "", "2011-10-31": "", "2010-10-31": "", "2009-10-31": "-100.00000", "2008-10-31": "30.00000", "2007-10-31": "67.42400", "2006-10-31": "", "2005-10-31": ""}, "Debt Issuance/Retirement Net - Total": {"2020-10-31": "984.01300", "2019-10-31": "-374.84000", "2018-10-31": "374.84000", "2017-10-31": "", "2016-10-31": "-185.00000", "2015-10-31": "185.00000", "2014-10-31": "", "2013-10-31": "", "2012-10-31": "", "2011-10-31": "-102.43600", "2010-10-31": "", "2009-10-31": "-100.00000", "2008-10-31": "29.94600", "2007-10-31": "61.08300", "2006-10-31": "-11.08500", "2005-10-31": "-15.76500"}, "Net Common Equity Issued/Repurchased": {"2020-10-31": "69.45800", "2019-10-31": "-114.35100", "2018-10-31": "24.90500", "2017-10-31": "-72.76100", "2016-10-31": "-75.81000", "2015-10-31": "-14.46000", "2014-10-31": "-48.41400", "2013-10-31": "-40.60700", "2012-10-31": "-46.66600", "2011-10-31": "-99.15000", "2010-10-31": "-46.69000", "2009-10-31": "-35.76000", "2008-10-31": "-58.25400", "2007-10-31": "-80.63800", "2006-10-31": "-36.97800", "2005-10-31": "-22.97700"}, "Net Total Equity Issued/Repurchased": {"2020-10-31": "69.45800", "2019-10-31": "-114.35100", "2018-10-31": "24.90500", "2017-10-31": "-72.76100", "2016-10-31": "-75.81000", "2015-10-31": "-14.46000", "2014-10-31": "-48.41400", "2013-10-31": "-40.60700", "2012-10-31": "-46.66600", "2011-10-31": "-99.15000", "2010-10-31": "-46.69000", "2009-10-31": "-35.76000", "2008-10-31": "-58.25400", "2007-10-31": "-80.63800", "2006-10-31": "-36.97800", "2005-10-31": "-22.97700"}, "Total Common And Preferred Stock Dividends Paid": {"2020-10-31": "-487.37600", "2019-10-31": "-437.05300", "2018-10-31": "-388.10700", "2017-10-31": "-346.01000", "2016-10-31": "-296.49300", "2015-10-31": "-252.41500", "2014-10-31": "-205.65600", "2013-10-31": "-178.32000", "2012-10-31": "-155.70400", "2011-10-31": "-137.97500", "2010-10-31": "-109.37400", "2009-10-31": "-109.37500", "2008-10-31": "-95.53100", "2007-10-31": "-81.09200", "2006-10-31": "-75.84000", "2005-10-31": "-69.37100"}, "Financial Activities - Other": {"2020-10-31": "0.07700", "2019-10-31": "", "2018-10-31": "", "2017-10-31": "", "2016-10-31": "", "2015-10-31": "11.24800", "2014-10-31": "24.70000", "2013-10-31": "23.40600", "2012-10-31": "9.62100", "2011-10-31": "14.05900", "2010-10-31": "10.29800", "2009-10-31": "2.06900", "2008-10-31": "11.47100", "2007-10-31": "6.83900", "2006-10-31": "9.29200", "2005-10-31": "9.99600"}, "Cash Flow From Financial Activities": {"2020-10-31": "566.17200", "2019-10-31": "-926.24400", "2018-10-31": "11.63800", "2017-10-31": "-418.77100", "2016-10-31": "-557.30300", "2015-10-31": "-70.62700", "2014-10-31": "-229.37000", "2013-10-31": "-195.52100", "2012-10-31": "-192.74900", "2011-10-31": "-325.50200", "2010-10-31": "-145.76600", "2009-10-31": "-243.06600", "2008-10-31": "-112.36800", "2007-10-31": "-93.80800", "2006-10-31": "-114.61100", "2005-10-31": "-98.11700"}, "Net Cash Flow": {"2020-10-31": "1041.40700", "2019-10-31": "213.76500", "2018-10-31": "15.01400", "2017-10-31": "28.97900", "2016-10-31": "67.90400", "2015-10-31": "13.06500", "2014-10-31": "-99.84000", "2013-10-31": "-248.37400", "2012-10-31": "219.25800", "2011-10-31": "-4.71500", "2010-10-31": "82.59300", "2009-10-31": "230.47400", "2008-10-31": "5.02900", "2007-10-31": "-22.73600", "2006-10-31": "41.43900", "2005-10-31": "-48.83500"}, "Stock-Based Compensation": {"2020-10-31": "22.45800", "2019-10-31": "19.70700", "2018-10-31": "20.59500", "2017-10-31": "15.59100", "2016-10-31": "17.82900", "2015-10-31": "15.71700", "2014-10-31": "14.39300", "2013-10-31": "17.59600", "2012-10-31": "16.71000", "2011-10-31": "17.22900", "2010-10-31": "14.40200", "2009-10-31": "12.05400", "2008-10-31": "14.46000", "2007-10-31": "14.21400", "2006-10-31": "", "2005-10-31": ""}, "Common Stock Dividends Paid": {"2020-10-31": "-487.37600", "2019-10-31": "-437.05300", "2018-10-31": "-388.10700", "2017-10-31": "-346.01000", "2016-10-31": "-296.49300", "2015-10-31": "-252.41500", "2014-10-31": "-205.65600", "2013-10-31": "-178.32000", "2012-10-31": "-155.70400", "2011-10-31": "-137.97500", "2010-10-31": "-109.37400", "2009-10-31": "-109.37500", "2008-10-31": "-95.53100", "2007-10-31": "-81.09200", "2006-10-31": "-75.84000", "2005-10-31": "-69.37100"}}, "cash flow statement, quarterly": {"Net Income/Loss": {"2020-10-31": 234.526, "2020-07-31": 203.26, "2020-04-30": 227.615, "2020-01-31": "242.95300", "2019-10-31": 255.566, "2019-07-31": 199.427, "2019-04-30": 282.636, "2019-01-31": "241.51900", "2018-10-31": 261.496, "2018-07-31": 210.353, "2018-04-30": 237.522, "2018-01-31": "303.21100", "2017-10-31": 218.363, "2017-07-31": 182.551, "2017-04-30": 210.886, "2017-01-31": "235.30300", "2016-10-31": 244.19, "2016-07-31": 195.776, "2016-04-30": 215.384, "2016-01-31": "235.16700", "2015-10-31": 187.443, "2015-07-31": 146.956, "2015-04-30": 180.435, "2015-01-31": "172.43000", "2014-10-31": 171.848, "2014-07-31": 139.014, "2014-04-30": 140.706, "2014-01-31": "154.45800", "2013-10-31": 158.485, "2013-07-31": 113.905, "2013-04-30": 126.641, "2013-01-31": "131.04500", "2012-10-31": 134.286, "2012-07-31": 112.407, "2012-04-30": 128.935, "2012-01-31": "129.33300", "2011-10-31": 118.495, "2011-07-31": 99.964, "2011-04-30": 110.702, "2011-01-31": "150.03500", "2010-10-31": 122.608, "2010-07-31": 86.364, "2010-04-30": 78.535, "2010-01-31": "112.26900", "2009-10-31": 104.606, "2009-07-31": 78.095, "2009-04-30": 81.1, "2009-01-31": "82.17700", "2008-10-31": 70.946, "2008-07-31": 51.947, "2008-04-30": 77.561, "2008-01-31": "88.18100", "2007-10-31": 101.192, "2007-07-31": 57.374, "2007-04-30": 68.001, "2007-01-31": "75.32500", "2006-10-31": 90.004, "2006-07-31": 59.551, "2006-04-30": 67.308, "2006-01-31": "69.27600", "2005-10-31": 82.23, "2005-07-31": 51.762, "2005-04-30": 55.978, "2005-01-31": "64.63300"}, "Total Depreciation And Amortization - Cash Flow": {"2020-10-31": 56.007, "2020-07-31": 49.857, "2020-04-30": 50.588, "2020-01-31": "49.32900", "2019-10-31": 42.994, "2019-07-31": 41.472, "2019-04-30": 40.725, "2019-01-31": "40.01800", "2018-10-31": 58.029, "2018-07-31": 40.792, "2018-04-30": 41.193, "2018-01-31": "39.12300", "2017-10-31": 35.036, "2017-07-31": 32.793, "2017-04-30": 32.009, "2017-01-31": "31.31900", "2016-10-31": 35.448, "2016-07-31": 32.612, "2016-04-30": 33.095, "2016-01-31": "31.80400", "2015-10-31": 55.944, "2015-07-31": 33.3, "2015-04-30": 32.968, "2015-01-31": "32.75900", "2014-10-31": 32.91, "2014-07-31": 33.45, "2014-04-30": 31.924, "2014-01-31": "31.76000", "2013-10-31": 31.864, "2013-07-31": 31.825, "2013-04-30": 31.317, "2013-01-31": "29.84400", "2012-10-31": 30.867, "2012-07-31": 28.92, "2012-04-30": 28.892, "2012-01-31": "30.81500", "2011-10-31": 31.238, "2011-07-31": 30.646, "2011-04-30": 31.084, "2011-01-31": "31.19700", "2010-10-31": 33.473, "2010-07-31": 30.647, "2010-04-30": 30.621, "2010-01-31": "30.85000", "2009-10-31": 33.064, "2009-07-31": 31.58, "2009-04-30": 31.461, "2009-01-31": "31.03300", "2008-10-31": 31.075, "2008-07-31": 31.143, "2008-04-30": 30.911, "2008-01-31": "33.06000", "2007-10-31": 33.011, "2007-07-31": 31.085, "2007-04-30": 31.533, "2007-01-31": "31.10900", "2006-10-31": 31.405, "2006-07-31": 29.993, "2006-04-30": 29.643, "2006-01-31": "30.06000", "2005-10-31": 28.598, "2005-07-31": 30.862, "2005-04-30": 29.569, "2005-01-31": "26.16000"}, "Other Non-Cash Items": {"2020-10-31": 34.281, "2020-07-31": -6.249, "2020-04-30": 15.895, "2020-01-31": "-1.02500", "2019-10-31": 60.827, "2019-07-31": 6.178, "2019-04-30": -60.365, "2019-01-31": "-12.45300", "2018-10-31": 53.045, "2018-07-31": 20.308, "2018-04-30": -2.887, "2018-01-31": "-97.03600", "2017-10-31": 45.397, "2017-07-31": 0.869, "2017-04-30": 5.296, "2017-01-31": "5.67000", "2016-10-31": 91.139, "2016-07-31": 8.801, "2016-04-30": -12.517, "2016-01-31": "-18.96900", "2015-10-31": -3.195, "2015-07-31": 14.96, "2015-04-30": 12.434, "2015-01-31": "-4.10200", "2014-10-31": 0.261, "2014-07-31": -2.597, "2014-04-30": -2.034, "2014-01-31": "6.05500", "2013-10-31": -1.088, "2013-07-31": 11.415, "2013-04-30": 5.868, "2013-01-31": "-11.30000", "2012-10-31": 10.521, "2012-07-31": 1.286, "2012-04-30": -7.595, "2012-01-31": "3.05200", "2011-10-31": -1.856, "2011-07-31": 3.032, "2011-04-30": -16.554, "2011-01-31": "5.27700", "2010-10-31": 21.695, "2010-07-31": -1.845, "2010-04-30": 1.96, "2010-01-31": "4.03800", "2009-10-31": 11.185, "2009-07-31": -4.274, "2009-04-30": -5.553, "2009-01-31": "-2.73900", "2008-10-31": 25.226, "2008-07-31": 3.735, "2008-04-30": -4.023, "2008-01-31": "-2.83600", "2007-10-31": -12.646, "2007-07-31": -0.554, "2007-04-30": 1.185, "2007-01-31": "-0.03100", "2006-10-31": -15.704, "2006-07-31": -2.872, "2006-04-30": 2.458, "2006-01-31": "2.77100", "2005-10-31": -12.141, "2005-07-31": 2.422, "2005-04-30": 0.702, "2005-01-31": "-14.89500"}, "Total Non-Cash Items": {"2020-10-31": 90.288, "2020-07-31": 43.608, "2020-04-30": 66.483, "2020-01-31": "48.30400", "2019-10-31": 103.821, "2019-07-31": 47.65, "2019-04-30": -19.64, "2019-01-31": "27.56500", "2018-10-31": 111.074, "2018-07-31": 61.1, "2018-04-30": 38.306, "2018-01-31": "-57.91300", "2017-10-31": 80.433, "2017-07-31": 33.662, "2017-04-30": 37.305, "2017-01-31": "36.98900", "2016-10-31": 126.587, "2016-07-31": 41.413, "2016-04-30": 20.578, "2016-01-31": "12.83500", "2015-10-31": 52.749, "2015-07-31": 48.26, "2015-04-30": 45.402, "2015-01-31": "28.65700", "2014-10-31": 33.171, "2014-07-31": 30.853, "2014-04-30": 29.89, "2014-01-31": "37.81500", "2013-10-31": 30.776, "2013-07-31": 43.24, "2013-04-30": 37.185, "2013-01-31": "18.54400", "2012-10-31": 41.388, "2012-07-31": 30.206, "2012-04-30": 21.297, "2012-01-31": "33.86700", "2011-10-31": 29.382, "2011-07-31": 33.678, "2011-04-30": 14.53, "2011-01-31": "36.47400", "2010-10-31": 55.168, "2010-07-31": 28.802, "2010-04-30": 32.581, "2010-01-31": "34.88800", "2009-10-31": 44.249, "2009-07-31": 27.306, "2009-04-30": 25.908, "2009-01-31": "28.29400", "2008-10-31": 56.301, "2008-07-31": 34.878, "2008-04-30": 26.888, "2008-01-31": "30.22400", "2007-10-31": 20.365, "2007-07-31": 30.531, "2007-04-30": 32.718, "2007-01-31": "31.07800", "2006-10-31": 15.701, "2006-07-31": 27.121, "2006-04-30": 32.101, "2006-01-31": "32.83100", "2005-10-31": 16.457, "2005-07-31": 33.284, "2005-04-30": 30.271, "2005-01-31": "11.26500"}, "Change In Accounts Receivable": {"2020-10-31": -53.463, "2020-07-31": -113.227, "2020-04-30": 35.682, "2020-01-31": "11.49200", "2019-10-31": -52.455, "2019-07-31": 8.675, "2019-04-30": -3.628, "2019-01-31": "36.26200", "2018-10-31": -42.597, "2018-07-31": -8.411, "2018-04-30": 17.512, "2018-01-31": "69.62900", "2017-10-31": -46.439, "2017-07-31": -24.006, "2017-04-30": 4.221, "2017-01-31": "36.50700", "2016-10-31": -26.863, "2016-07-31": -9.424, "2016-04-30": 6.24, "2016-01-31": "50.95100", "2015-10-31": -56.519, "2015-07-31": 51.654, "2015-04-30": -3.972, "2015-01-31": "31.28800", "2014-10-31": -35.481, "2014-07-31": -21.344, "2014-04-30": -10.137, "2014-01-31": "46.47600", "2013-10-31": -37.102, "2013-07-31": -52.159, "2013-04-30": 4.297, "2013-01-31": "40.50500", "2012-10-31": -32.616, "2012-07-31": -35.077, "2012-04-30": -16.843, "2012-01-31": "38.60500", "2011-10-31": -33.183, "2011-07-31": -22.135, "2011-04-30": 0.885, "2011-01-31": "24.26200", "2010-10-31": -47.047, "2010-07-31": -27.532, "2010-04-30": -7.665, "2010-01-31": "23.59700", "2009-10-31": -16.884, "2009-07-31": -19.332, "2009-04-30": 34.054, "2009-01-31": "40.88000", "2008-10-31": -33.081, "2008-07-31": -24.82, "2008-04-30": -6.081, "2008-01-31": "21.13800", "2007-10-31": -33.732, "2007-07-31": -0.888, "2007-04-30": 4.972, "2007-01-31": "19.84200", "2006-10-31": -50.95, "2006-07-31": -15.432, "2006-04-30": 2.7, "2006-01-31": "25.69600", "2005-10-31": -31.07, "2005-07-31": 20.237, "2005-04-30": 0.212, "2005-01-31": "17.08400"}, "Change In Inventories": {"2020-10-31": -88.869, "2020-07-31": 66.405, "2020-04-30": 35.54, "2020-01-31": "-14.91500", "2019-10-31": 66.221, "2019-07-31": -78.463, "2019-04-30": -80.7, "2019-01-31": "-30.90100", "2018-10-31": 40.634, "2018-07-31": 10.167, "2018-04-30": -37.839, "2018-01-31": "-21.25500", "2017-10-31": 113.91, "2017-07-31": -25.09, "2017-04-30": -30.279, "2017-01-31": "-17.51300", "2016-10-31": 48.298, "2016-07-31": -26.527, "2016-04-30": -32.613, "2016-01-31": "-1.43900", "2015-10-31": -6.938, "2015-07-31": -0.756, "2015-04-30": 53.307, "2015-01-31": "36.82400", "2014-10-31": 84.586, "2014-07-31": -23.391, "2014-04-30": -129.001, "2014-01-31": "46.16100", "2013-10-31": 35.759, "2013-07-31": -4.876, "2013-04-30": 3.977, "2013-01-31": "-3.16100", "2012-10-31": -23.474, "2012-07-31": -14.375, "2012-04-30": -29.844, "2012-01-31": "2.99500", "2011-10-31": -19.948, "2011-07-31": -55.487, "2011-04-30": -23.108, "2011-01-31": "6.49100", "2010-10-31": -2.896, "2010-07-31": -23.683, "2010-04-30": -36.974, "2010-01-31": "-10.35600", "2009-10-31": 22.296, "2009-07-31": 3.511, "2009-04-30": -6.234, "2009-01-31": "42.54300", "2008-10-31": -5.659, "2008-07-31": -44.257, "2008-04-30": -94.511, "2008-01-31": "9.11900", "2007-10-31": 34.275, "2007-07-31": -23.804, "2007-04-30": -71.204, "2007-01-31": "-2.14400", "2006-10-31": 25.846, "2006-07-31": 20.087, "2006-04-30": -17.861, "2006-01-31": "-49.79400", "2005-10-31": 9.065, "2005-07-31": 8.094, "2005-04-30": -15.163, "2005-01-31": "-17.17600"}, "Change In Accounts Payable": {"2020-10-31": 0, "2020-07-31": 0, "2020-04-30": 0, "2020-01-31": "", "2019-10-31": 0, "2019-07-31": 0, "2019-04-30": 0, "2019-01-31": "", "2018-10-31": 0, "2018-07-31": 0, "2018-04-30": 0, "2018-01-31": "", "2017-10-31": 0, "2017-07-31": 0, "2017-04-30": 0, "2017-01-31": "", "2016-10-31": 0, "2016-07-31": 0, "2016-04-30": 0, "2016-01-31": "", "2015-10-31": 0, "2015-07-31": 0, "2015-04-30": 0, "2015-01-31": "", "2014-10-31": 0, "2014-07-31": 0, "2014-04-30": 0, "2014-01-31": "", "2013-10-31": 0, "2013-07-31": 0, "2013-04-30": 0, "2013-01-31": "", "2012-10-31": 0, "2012-07-31": 0, "2012-04-30": 0, "2012-01-31": "", "2011-10-31": 0, "2011-07-31": 0, "2011-04-30": 0, "2011-01-31": "", "2010-10-31": 0, "2010-07-31": 0, "2010-04-30": 0, "2010-01-31": "", "2009-10-31": 0, "2009-07-31": 0, "2009-04-30": 0, "2009-01-31": "", "2008-10-31": 0, "2008-07-31": 0, "2008-04-30": 0, "2008-01-31": "", "2007-10-31": 0, "2007-07-31": 0, "2007-04-30": 0, "2007-01-31": "", "2006-10-31": 0, "2006-07-31": 0, "2006-04-30": 0, "2006-01-31": "", "2005-10-31": 0, "2005-07-31": 0, "2005-04-30": 0, "2005-01-31": ""}, "Change In Assets/Liabilities": {"2020-10-31": 15.627, "2020-07-31": 29.634, "2020-04-30": -45.106, "2020-01-31": "-4.80400", "2019-10-31": -28.405, "2019-07-31": 8.702, "2019-04-30": 0.57, "2019-01-31": "-1.38800", "2018-10-31": -5.287, "2018-07-31": -10.299, "2018-04-30": -5.102, "2018-01-31": "2.70100", "2017-10-31": -7.031, "2017-07-31": -13.381, "2017-04-30": 0.865, "2017-01-31": "-16.18700", "2016-10-31": -1.612, "2016-07-31": -24.79, "2016-04-30": -3.837, "2016-01-31": "8.96400", "2015-10-31": -34.986, "2015-07-31": 4.83, "2015-04-30": 2.994, "2015-01-31": "17.24700", "2014-10-31": -0.213, "2014-07-31": -30.66, "2014-04-30": 12.884, "2014-01-31": "-3.06300", "2013-10-31": -4.903, "2013-07-31": -8.394, "2013-04-30": 5.959, "2013-01-31": "8.82900", "2012-10-31": 0.056, "2012-07-31": 3.332, "2012-04-30": -13.74, "2012-01-31": "7.52700", "2011-10-31": 0.841, "2011-07-31": -43.634, "2011-04-30": 32.638, "2011-01-31": "25.86500", "2010-10-31": -2.89, "2010-07-31": -5.272, "2010-04-30": 7.328, "2010-01-31": "4.85800", "2009-10-31": -0.985, "2009-07-31": -53.077, "2009-04-30": 26.975, "2009-01-31": "2.61000", "2008-10-31": -21.34, "2008-07-31": 0.267, "2008-04-30": -0.003, "2008-01-31": "-0.39500", "2007-10-31": 15.502, "2007-07-31": 1.783, "2007-04-30": 2.866, "2007-01-31": "1.46400", "2006-10-31": 4.871, "2006-07-31": -24.685, "2006-04-30": 5.319, "2006-01-31": "-7.91100", "2005-10-31": 10.316, "2005-07-31": 4.956, "2005-04-30": 4.667, "2005-01-31": "3.53900"}, "Total Change In Assets/Liabilities": {"2020-10-31": -74.875, "2020-07-31": 82.927, "2020-04-30": 65.774, "2020-01-31": "-102.83900", "2019-10-31": -9.303, "2019-07-31": -39.758, "2019-04-30": -84.828, "2019-01-31": "-81.65900", "2018-10-31": 125.954, "2018-07-31": 28.411, "2018-04-30": -136.664, "2018-01-31": "58.87900", "2017-10-31": 203.696, "2017-07-31": 34.628, "2017-04-30": -162.888, "2017-01-31": "-77.04300", "2016-10-31": 47.557, "2016-07-31": -24.638, "2016-04-30": -105.518, "2016-01-31": "30.68900", "2015-10-31": 61.555, "2015-07-31": 49.292, "2015-04-30": -26.602, "2015-01-31": "45.41500", "2014-10-31": 147.494, "2014-07-31": -50.536, "2014-04-30": -209.853, "2014-01-31": "122.01900", "2013-10-31": 19.695, "2013-07-31": 14.146, "2013-04-30": -48.081, "2013-01-31": "-7.77600", "2012-10-31": 58.054, "2012-07-31": -71.591, "2012-04-30": -89.361, "2012-01-31": "-11.04000", "2011-10-31": 23.177, "2011-07-31": -90.136, "2011-04-30": -14.645, "2011-01-31": "-21.17700", "2010-10-31": 36.134, "2010-07-31": -22.882, "2010-04-30": -45.713, "2010-01-31": "-33.22200", "2009-10-31": 77.79, "2009-07-31": -37.229, "2009-04-30": -19.446, "2009-01-31": "65.91800", "2008-10-31": -39.056, "2008-07-31": -23.169, "2008-04-30": -141.599, "2008-01-31": "38.52000", "2007-10-31": 54.641, "2007-07-31": -21.019, "2007-04-30": -66.405, "2007-01-31": "-51.93100", "2006-10-31": 52.593, "2006-07-31": -18.087, "2006-04-30": -4.645, "2006-01-31": "-97.07600", "2005-10-31": 79.048, "2005-07-31": 61.619, "2005-04-30": -40.406, "2005-01-31": "7.57800"}, "Cash Flow From Operating Activities": {"2020-10-31": 249.938, "2020-07-31": 329.796, "2020-04-30": 359.872, "2020-01-31": "188.41800", "2019-10-31": 350.084, "2019-07-31": 207.319, "2019-04-30": 178.168, "2019-01-31": "187.42500", "2018-10-31": 498.524, "2018-07-31": 299.864, "2018-04-30": 139.164, "2018-01-31": "304.17700", "2017-10-31": 502.492, "2017-07-31": 250.841, "2017-04-30": 85.303, "2017-01-31": "195.24900", "2016-10-31": 418.334, "2016-07-31": 212.551, "2016-04-30": 130.444, "2016-01-31": "278.69100", "2015-10-31": 301.747, "2015-07-31": 244.508, "2015-04-30": 199.235, "2015-01-31": "246.50200", "2014-10-31": 352.513, "2014-07-31": 119.331, "2014-04-30": -39.257, "2014-01-31": "314.29200", "2013-10-31": 208.956, "2013-07-31": 171.291, "2013-04-30": 115.745, "2013-01-31": "141.81300", "2012-10-31": 233.728, "2012-07-31": 71.022, "2012-04-30": 60.871, "2012-01-31": "152.16000", "2011-10-31": 171.054, "2011-07-31": 43.506, "2011-04-30": 110.587, "2011-01-31": "165.33200", "2010-10-31": 213.91, "2010-07-31": 92.284, "2010-04-30": 65.403, "2010-01-31": "113.93500", "2009-10-31": 226.645, "2009-07-31": 68.172, "2009-04-30": 87.562, "2009-01-31": "176.38900", "2008-10-31": 88.191, "2008-07-31": 63.656, "2008-04-30": -37.15, "2008-01-31": "156.92500", "2007-10-31": 176.198, "2007-07-31": 66.886, "2007-04-30": 34.314, "2007-01-31": "54.47200", "2006-10-31": 158.298, "2006-07-31": 68.585, "2006-04-30": 94.764, "2006-01-31": "5.03100", "2005-10-31": 177.735, "2005-07-31": 146.665, "2005-04-30": 45.843, "2005-01-31": "83.47600"}, "Net Change In Property, Plant, And Equipment": {"2020-10-31": -140.221, "2020-07-31": -87.922, "2020-04-30": -80.345, "2020-01-31": "-57.09700", "2019-10-31": -138.463, "2019-07-31": -61.519, "2019-04-30": -47.329, "2019-01-31": "-9.12500", "2018-10-31": -143.125, "2018-07-31": -102.012, "2018-04-30": -81.778, "2018-01-31": "-52.94300", "2017-10-31": -101.297, "2017-07-31": -40.417, "2017-04-30": -41.849, "2017-01-31": "-33.96900", "2016-10-31": -86.059, "2016-07-31": -66.095, "2016-04-30": -65.074, "2016-01-31": "-32.06900", "2015-10-31": -43.784, "2015-07-31": -37.844, "2015-04-30": -26.191, "2015-01-31": "-17.74300", "2014-10-31": -45.594, "2014-07-31": -32.427, "2014-04-30": -38.072, "2014-01-31": "-32.76000", "2013-10-31": -34.386, "2013-07-31": -21.029, "2013-04-30": -22.049, "2013-01-31": "-19.13400", "2012-10-31": -37.334, "2012-07-31": -33.991, "2012-04-30": -27.011, "2012-01-31": "-29.40300", "2011-10-31": -39.768, "2011-07-31": -19.036, "2011-04-30": -18.264, "2011-01-31": "-15.45700", "2010-10-31": -24.354, "2010-07-31": -22.799, "2010-04-30": -20.103, "2010-01-31": "-17.65200", "2009-10-31": -24.237, "2009-07-31": -23.917, "2009-04-30": -19.885, "2009-01-31": "-23.91900", "2008-10-31": -28.678, "2008-07-31": -27.69, "2008-04-30": -35.14, "2008-01-31": "-31.19700", "2007-10-31": -23.37, "2007-07-31": -23.599, "2007-04-30": -33.744, "2007-01-31": "-33.39300", "2006-10-31": -29.863, "2006-07-31": -41.519, "2006-04-30": -37.3, "2006-01-31": "-24.14500", "2005-10-31": -27.663, "2005-07-31": -27.594, "2005-04-30": -24.652, "2005-01-31": "-24.24700"}, "Net Change In Intangible Assets": {"2020-10-31": 0, "2020-07-31": 0, "2020-04-30": 0, "2020-01-31": "", "2019-10-31": 0, "2019-07-31": 0, "2019-04-30": 0, "2019-01-31": "", "2018-10-31": 0, "2018-07-31": 0, "2018-04-30": 0, "2018-01-31": "", "2017-10-31": 0, "2017-07-31": 0, "2017-04-30": 0, "2017-01-31": "", "2016-10-31": 0, "2016-07-31": 0, "2016-04-30": 0, "2016-01-31": "", "2015-10-31": 0, "2015-07-31": 0, "2015-04-30": 0, "2015-01-31": "", "2014-10-31": 0, "2014-07-31": 0, "2014-04-30": 0, "2014-01-31": "", "2013-10-31": 0, "2013-07-31": 0, "2013-04-30": 0, "2013-01-31": "", "2012-10-31": 0, "2012-07-31": 0, "2012-04-30": 0, "2012-01-31": "", "2011-10-31": 0, "2011-07-31": 0, "2011-04-30": 0, "2011-01-31": "", "2010-10-31": 0, "2010-07-31": 0, "2010-04-30": 0, "2010-01-31": "", "2009-10-31": 0, "2009-07-31": 0, "2009-04-30": 0, "2009-01-31": "", "2008-10-31": 0, "2008-07-31": 0, "2008-04-30": 0, "2008-01-31": "", "2007-10-31": 0, "2007-07-31": 0, "2007-04-30": 0, "2007-01-31": "", "2006-10-31": 0, "2006-07-31": 0, "2006-04-30": 0, "2006-01-31": "", "2005-10-31": 0, "2005-07-31": 0, "2005-04-30": 0, "2005-01-31": ""}, "Net Acquisitions/Divestitures": {"2020-10-31": 0, "2020-07-31": -1.911, "2020-04-30": -268.878, "2020-01-31": "", "2019-10-31": 5.921, "2019-07-31": 0, "2019-04-30": 473.885, "2019-01-31": "", "2018-10-31": 0, "2018-07-31": 0.005, "2018-04-30": 0.429, "2018-01-31": "-858.10200", "2017-10-31": -520.463, "2017-07-31": 0, "2017-04-30": 0, "2017-01-31": "135.94400", "2016-10-31": 0.766, "2016-07-31": -171.506, "2016-04-30": 0, "2016-01-31": "", "2015-10-31": -2.248, "2015-07-31": -768.339, "2015-04-30": 0, "2015-01-31": "", "2014-10-31": -424.328, "2014-07-31": -0.374, "2014-04-30": -0.101, "2014-01-31": "-41.40100", "2013-10-31": 0, "2013-07-31": -2.287, "2013-04-30": -663.128, "2013-01-31": "", "2012-10-31": 0, "2012-07-31": 0, "2012-04-30": 0, "2012-01-31": "-0.16800", "2011-10-31": 0, "2011-07-31": 0, "2011-04-30": 0, "2011-01-31": "-7.20700", "2010-10-31": -0.126, "2010-07-31": 0.166, "2010-04-30": -27.76, "2010-01-31": "-0.38400", "2009-10-31": 0, "2009-07-31": -0.121, "2009-04-30": -0.037, "2009-01-31": "-0.54300", "2008-10-31": -0.05, "2008-07-31": -23.255, "2008-04-30": -2.907, "2008-01-31": "-1.01300", "2007-10-31": -111.481, "2007-07-31": -0.002, "2007-04-30": -0.598, "2007-01-31": "-13.02000", "2006-10-31": -3.912, "2006-07-31": -0.236, "2006-04-30": -76.221, "2006-01-31": "1.44400", "2005-10-31": -26.552, "2005-07-31": -9.528, "2005-04-30": -142.173, "2005-01-31": "-188.24300"}, "Net Change In Short-term Investments": {"2020-10-31": 2.642, "2020-07-31": -0.651, "2020-04-30": -1.975, "2020-01-31": "-0.01600", "2019-10-31": 13.884, "2019-07-31": -7.22, "2019-04-30": -6.664, "2019-01-31": "", "2018-10-31": 0, "2018-07-31": 0, "2018-04-30": 0, "2018-01-31": "", "2017-10-31": 0, "2017-07-31": 0, "2017-04-30": 0, "2017-01-31": "", "2016-10-31": 0, "2016-07-31": 0, "2016-04-30": 0, "2016-01-31": "", "2015-10-31": 0, "2015-07-31": 0, "2015-04-30": 0, "2015-01-31": "", "2014-10-31": 0, "2014-07-31": 0, "2014-04-30": 0, "2014-01-31": "", "2013-10-31": 0, "2013-07-31": 0, "2013-04-30": 0, "2013-01-31": "", "2012-10-31": 0, "2012-07-31": 0, "2012-04-30": 0, "2012-01-31": "", "2011-10-31": 0, "2011-07-31": 0, "2011-04-30": 0, "2011-01-31": "", "2010-10-31": 0, "2010-07-31": 0, "2010-04-30": 0, "2010-01-31": "", "2009-10-31": 0, "2009-07-31": 0, "2009-04-30": 0, "2009-01-31": "", "2008-10-31": 0, "2008-07-31": 0, "2008-04-30": 0, "2008-01-31": "", "2007-10-31": 0, "2007-07-31": 0, "2007-04-30": 0, "2007-01-31": "", "2006-10-31": 0, "2006-07-31": 0, "2006-04-30": 0, "2006-01-31": "", "2005-10-31": 0, "2005-07-31": 0, "2005-04-30": 0, "2005-01-31": ""}, "Net Change In Long-Term Investments": {"2020-10-31": -15.289, "2020-07-31": 7.58, "2020-04-30": -11.495, "2020-01-31": "-4.50900", "2019-10-31": -17.433, "2019-07-31": -3.432, "2019-04-30": -7.412, "2019-01-31": "7.30200", "2018-10-31": -0.683, "2018-07-31": -9.769, "2018-04-30": 0.188, "2018-01-31": "2.71800", "2017-10-31": 9.946, "2017-07-31": -3.823, "2017-04-30": -4.624, "2017-01-31": "3.59600", "2016-10-31": 3.349, "2016-07-31": -5.313, "2016-04-30": 1.09, "2016-01-31": "11.08800", "2015-10-31": -8.222, "2015-07-31": -1.955, "2015-04-30": -9.553, "2015-01-31": "14.93200", "2014-10-31": -2.623, "2014-07-31": 1.016, "2014-04-30": -4.139, "2014-01-31": "4.02800", "2013-10-31": -1.809, "2013-07-31": 0.206, "2013-04-30": -12.935, "2013-01-31": "85.47700", "2012-10-31": 3.482, "2012-07-31": 12.915, "2012-04-30": 3.748, "2012-01-31": "0.99800", "2011-10-31": -58.263, "2011-07-31": -21.455, "2011-04-30": 4.322, "2011-01-31": "4.14300", "2010-10-31": -64.494, "2010-07-31": 0.175, "2010-04-30": -80.58, "2010-01-31": "-0.56500", "2009-10-31": -0.751, "2009-07-31": 5.864, "2009-04-30": 4.865, "2009-01-31": "-2.54700", "2008-10-31": -1.268, "2008-07-31": -2.798, "2008-04-30": 38.68, "2008-01-31": "-39.87900", "2007-10-31": 1.505, "2007-07-31": 11.083, "2007-04-30": 14.809, "2007-01-31": "-49.71800", "2006-10-31": 8.381, "2006-07-31": -4.995, "2006-04-30": 15.587, "2006-01-31": "21.34000", "2005-10-31": -40.972, "2005-07-31": 0.715, "2005-04-30": 6.284, "2005-01-31": "99.41300"}, "Net Change In Investments - Total": {"2020-10-31": -12.647, "2020-07-31": 6.929, "2020-04-30": -13.47, "2020-01-31": "-4.52500", "2019-10-31": -3.549, "2019-07-31": -10.652, "2019-04-30": -14.076, "2019-01-31": "7.30200", "2018-10-31": -0.683, "2018-07-31": -9.769, "2018-04-30": 0.188, "2018-01-31": "2.71800", "2017-10-31": 9.946, "2017-07-31": -3.823, "2017-04-30": -4.624, "2017-01-31": "3.59600", "2016-10-31": 3.349, "2016-07-31": -5.313, "2016-04-30": 1.09, "2016-01-31": "11.08800", "2015-10-31": -8.222, "2015-07-31": -1.955, "2015-04-30": -9.553, "2015-01-31": "14.93200", "2014-10-31": -2.623, "2014-07-31": 1.016, "2014-04-30": -4.139, "2014-01-31": "4.02800", "2013-10-31": -1.809, "2013-07-31": 0.206, "2013-04-30": -12.935, "2013-01-31": "85.47700", "2012-10-31": 3.482, "2012-07-31": 12.915, "2012-04-30": 3.748, "2012-01-31": "0.99800", "2011-10-31": -58.263, "2011-07-31": -21.455, "2011-04-30": 4.322, "2011-01-31": "4.14300", "2010-10-31": -64.494, "2010-07-31": 0.175, "2010-04-30": -80.58, "2010-01-31": "-0.56500", "2009-10-31": -0.751, "2009-07-31": 5.864, "2009-04-30": 4.865, "2009-01-31": "-2.54700", "2008-10-31": -1.268, "2008-07-31": -2.798, "2008-04-30": 38.68, "2008-01-31": "-39.87900", "2007-10-31": 1.505, "2007-07-31": 11.083, "2007-04-30": 14.809, "2007-01-31": "-49.71800", "2006-10-31": 8.381, "2006-07-31": -4.995, "2006-04-30": 15.587, "2006-01-31": "21.34000", "2005-10-31": -40.972, "2005-07-31": 0.715, "2005-04-30": 6.284, "2005-01-31": "99.41300"}, "Investing Activities - Other": {"2020-10-31": 2.592, "2020-07-31": 0, "2020-04-30": 0.062, "2020-01-31": "1.11800", "2019-10-31": 1.303, "2019-07-31": 2.285, "2019-04-30": 14.026, "2019-01-31": "0.14400", "2018-10-31": 4.41, "2018-07-31": 2.266, "2018-04-30": 0, "2018-01-31": "3.02800", "2017-10-31": 0.885, "2017-07-31": 3.887, "2017-04-30": 5.005, "2017-01-31": "", "2016-10-31": 1.349, "2016-07-31": 0, "2016-04-30": 0, "2016-01-31": "", "2015-10-31": 0, "2015-07-31": 0, "2015-04-30": 0, "2015-01-31": "", "2014-10-31": 0, "2014-07-31": 0, "2014-04-30": 0, "2014-01-31": "", "2013-10-31": 0, "2013-07-31": 0, "2013-04-30": 0, "2013-01-31": "", "2012-10-31": 0, "2012-07-31": 0, "2012-04-30": 0, "2012-01-31": "", "2011-10-31": 0, "2011-07-31": 0, "2011-04-30": 0, "2011-01-31": "", "2010-10-31": 0, "2010-07-31": 0, "2010-04-30": 0, "2010-01-31": "", "2009-10-31": 0, "2009-07-31": 0, "2009-04-30": 0, "2009-01-31": "", "2008-10-31": 0, "2008-07-31": 0.97, "2008-04-30": 0, "2008-01-31": "", "2007-10-31": 0, "2007-07-31": 0.73, "2007-04-30": 0, "2007-01-31": "", "2006-10-31": 0, "2006-07-31": 0.811, "2006-04-30": 0, "2006-01-31": "", "2005-10-31": 0, "2005-07-31": 0.775, "2005-04-30": 0, "2005-01-31": ""}, "Cash Flow From Investing Activities": {"2020-10-31": -150.276, "2020-07-31": -82.905, "2020-04-30": -362.631, "2020-01-31": "-60.50400", "2019-10-31": -134.788, "2019-07-31": -69.886, "2019-04-30": 426.506, "2019-01-31": "-1.67900", "2018-10-31": -139.398, "2018-07-31": -109.51, "2018-04-30": -81.161, "2018-01-31": "-905.29900", "2017-10-31": -610.929, "2017-07-31": -40.353, "2017-04-30": -41.468, "2017-01-31": "105.57100", "2016-10-31": -80.595, "2016-07-31": -242.914, "2016-04-30": -63.984, "2016-01-31": "-20.98100", "2015-10-31": -54.254, "2015-07-31": -808.138, "2015-04-30": -35.744, "2015-01-31": "-2.81100", "2014-10-31": -472.545, "2014-07-31": -31.785, "2014-04-30": -42.312, "2014-01-31": "-70.13300", "2013-10-31": -36.195, "2013-07-31": -23.11, "2013-04-30": -698.112, "2013-01-31": "66.34300", "2012-10-31": -33.852, "2012-07-31": -21.076, "2012-04-30": -23.263, "2012-01-31": "-28.57300", "2011-10-31": -98.031, "2011-07-31": -40.491, "2011-04-30": -13.942, "2011-01-31": "-18.52100", "2010-10-31": -88.974, "2010-07-31": -22.458, "2010-04-30": -128.443, "2010-01-31": "-18.60100", "2009-10-31": -24.988, "2009-07-31": -18.174, "2009-04-30": -15.057, "2009-01-31": "-27.00900", "2008-10-31": -29.996, "2008-07-31": -52.773, "2008-04-30": 0.633, "2008-01-31": "-72.08900", "2007-10-31": -133.346, "2007-07-31": -11.788, "2007-04-30": -19.533, "2007-01-31": "-96.13100", "2006-10-31": -25.394, "2006-07-31": -45.939, "2006-04-30": -97.934, "2006-01-31": "-1.36100", "2005-10-31": -95.187, "2005-07-31": -35.632, "2005-04-30": -160.541, "2005-01-31": "-113.07700"}, "Net Long-Term Debt": {"2020-10-31": -2.147, "2020-07-31": 990.229, "2020-04-30": -2.05, "2020-01-31": "-2.01900", "2019-10-31": 0, "2019-07-31": 0, "2019-04-30": -374.878, "2019-01-31": "0.03800", "2018-10-31": 0.039, "2018-07-31": 0.038, "2018-04-30": 0.037, "2018-01-31": "374.72600", "2017-10-31": 0, "2017-07-31": 0, "2017-04-30": 0, "2017-01-31": "", "2016-10-31": 0, "2016-07-31": 0, "2016-04-30": 0, "2016-01-31": "", "2015-10-31": 0, "2015-07-31": 0, "2015-04-30": 0, "2015-01-31": "", "2014-10-31": 0, "2014-07-31": 0, "2014-04-30": 0, "2014-01-31": "", "2013-10-31": 0, "2013-07-31": 0, "2013-04-30": 0, "2013-01-31": "", "2012-10-31": 0, "2012-07-31": 0, "2012-04-30": 0, "2012-01-31": "", "2011-10-31": 0, "2011-07-31": -350.093, "2011-04-30": 247.657, "2011-01-31": "", "2010-10-31": 0, "2010-07-31": 0, "2010-04-30": 0, "2010-01-31": "", "2009-10-31": 0, "2009-07-31": 0, "2009-04-30": 0, "2009-01-31": "", "2008-10-31": 0, "2008-07-31": 0, "2008-04-30": 0, "2008-01-31": "-0.05400", "2007-10-31": -0.019, "2007-07-31": -0.018, "2007-04-30": -6.286, "2007-01-31": "-0.01800", "2006-10-31": -10.732, "2006-07-31": -0.016, "2006-04-30": -0.321, "2006-01-31": "-0.01600", "2005-10-31": -10.73, "2005-07-31": -4.716, "2005-04-30": -0.304, "2005-01-31": "-0.01500"}, "Net Current Debt": {"2020-10-31": 0, "2020-07-31": 0, "2020-04-30": 0, "2020-01-31": "", "2019-10-31": 0, "2019-07-31": 0, "2019-04-30": 0, "2019-01-31": "", "2018-10-31": -95, "2018-07-31": -90, "2018-04-30": -70, "2018-01-31": "255.00000", "2017-10-31": 0, "2017-07-31": 0, "2017-04-30": 0, "2017-01-31": "", "2016-10-31": -145, "2016-07-31": 145, "2016-04-30": 0, "2016-01-31": "-185.00000", "2015-10-31": -165, "2015-07-31": 350, "2015-04-30": 0, "2015-01-31": "", "2014-10-31": 0, "2014-07-31": 0, "2014-04-30": 0, "2014-01-31": "", "2013-10-31": 0, "2013-07-31": 0, "2013-04-30": 0, "2013-01-31": "", "2012-10-31": 0, "2012-07-31": 0, "2012-04-30": 0, "2012-01-31": "", "2011-10-31": 0, "2011-07-31": 0, "2011-04-30": 0, "2011-01-31": "", "2010-10-31": 0, "2010-07-31": 0, "2010-04-30": 0, "2010-01-31": "", "2009-10-31": -60, "2009-07-31": -40, "2009-04-30": 0, "2009-01-31": "", "2008-10-31": 25, "2008-07-31": 50, "2008-04-30": 25, "2008-01-31": "-70.00000", "2007-10-31": 60, "2007-07-31": 10, "2007-04-30": 0, "2007-01-31": "-2.57600", "2006-10-31": -40, "2006-07-31": 5, "2006-04-30": 35, "2006-01-31": "", "2005-10-31": -60, "2005-07-31": -30, "2005-04-30": 90, "2005-01-31": ""}, "Debt Issuance/Retirement Net - Total": {"2020-10-31": -2.147, "2020-07-31": 990.229, "2020-04-30": -2.05, "2020-01-31": "-2.01900", "2019-10-31": 0, "2019-07-31": 0, "2019-04-30": -374.878, "2019-01-31": "0.03800", "2018-10-31": -94.961, "2018-07-31": -89.962, "2018-04-30": -69.963, "2018-01-31": "629.72600", "2017-10-31": 0, "2017-07-31": 0, "2017-04-30": 0, "2017-01-31": "", "2016-10-31": -145, "2016-07-31": 145, "2016-04-30": 0, "2016-01-31": "-185.00000", "2015-10-31": -165, "2015-07-31": 350, "2015-04-30": 0, "2015-01-31": "", "2014-10-31": 0, "2014-07-31": 0, "2014-04-30": 0, "2014-01-31": "", "2013-10-31": 0, "2013-07-31": 0, "2013-04-30": 0, "2013-01-31": "", "2012-10-31": 0, "2012-07-31": 0, "2012-04-30": 0, "2012-01-31": "", "2011-10-31": 0, "2011-07-31": -350.093, "2011-04-30": 247.657, "2011-01-31": "", "2010-10-31": 0, "2010-07-31": 0, "2010-04-30": 0, "2010-01-31": "", "2009-10-31": -60, "2009-07-31": -40, "2009-04-30": 0, "2009-01-31": "", "2008-10-31": 25, "2008-07-31": 50, "2008-04-30": 25, "2008-01-31": "-70.05400", "2007-10-31": 59.981, "2007-07-31": 9.982, "2007-04-30": -6.286, "2007-01-31": "-2.59400", "2006-10-31": -50.732, "2006-07-31": 4.984, "2006-04-30": 34.679, "2006-01-31": "-0.01600", "2005-10-31": -70.73, "2005-07-31": -34.716, "2005-04-30": 89.696, "2005-01-31": "-0.01500"}, "Net Common Equity Issued/Repurchased": {"2020-10-31": 9.7, "2020-07-31": 7.746, "2020-04-30": 15.659, "2020-01-31": "36.35300", "2019-10-31": 11.788, "2019-07-31": -102.794, "2019-04-30": 5.467, "2019-01-31": "-28.81200", "2018-10-31": 28.914, "2018-07-31": 10.754, "2018-04-30": -13.019, "2018-01-31": "-1.74400", "2017-10-31": 7.389, "2017-07-31": -39.446, "2017-04-30": -17.514, "2017-01-31": "-23.19000", "2016-10-31": -40.067, "2016-07-31": -37.755, "2016-04-30": -1.502, "2016-01-31": "3.51400", "2015-10-31": -22.297, "2015-07-31": 1.838, "2015-04-30": 3.942, "2015-01-31": "2.05700", "2014-10-31": -28.842, "2014-07-31": -9.992, "2014-04-30": -13.017, "2014-01-31": "3.43700", "2013-10-31": -24.207, "2013-07-31": -37.087, "2013-04-30": -2.535, "2013-01-31": "23.22200", "2012-10-31": -9.884, "2012-07-31": -4.722, "2012-04-30": -24.828, "2012-01-31": "-7.23200", "2011-10-31": -69.042, "2011-07-31": -39.154, "2011-04-30": -1.238, "2011-01-31": "10.28400", "2010-10-31": -10.299, "2010-07-31": -20.766, "2010-04-30": -5.953, "2010-01-31": "-9.67200", "2009-10-31": -23.819, "2009-07-31": -3.025, "2009-04-30": 0.342, "2009-01-31": "-9.25800", "2008-10-31": -12.776, "2008-07-31": -34.29, "2008-04-30": 2.974, "2008-01-31": "-14.16200", "2007-10-31": -32.656, "2007-07-31": -36.276, "2007-04-30": -11.706, "2007-01-31": "", "2006-10-31": -24.169, "2006-07-31": -0.086, "2006-04-30": -4.282, "2006-01-31": "-8.44100", "2005-10-31": -0.385, "2005-07-31": -16.476, "2005-04-30": -4.887, "2005-01-31": "-1.22900"}, "Net Total Equity Issued/Repurchased": {"2020-10-31": 9.7, "2020-07-31": 7.746, "2020-04-30": 15.659, "2020-01-31": "36.35300", "2019-10-31": 11.788, "2019-07-31": -102.794, "2019-04-30": 5.467, "2019-01-31": "-28.81200", "2018-10-31": 28.914, "2018-07-31": 10.754, "2018-04-30": -13.019, "2018-01-31": "-1.74400", "2017-10-31": 7.389, "2017-07-31": -39.446, "2017-04-30": -17.514, "2017-01-31": "-23.19000", "2016-10-31": -40.067, "2016-07-31": -37.755, "2016-04-30": -1.502, "2016-01-31": "3.51400", "2015-10-31": -22.297, "2015-07-31": 1.838, "2015-04-30": 3.942, "2015-01-31": "2.05700", "2014-10-31": -28.842, "2014-07-31": -9.992, "2014-04-30": -13.017, "2014-01-31": "3.43700", "2013-10-31": -24.207, "2013-07-31": -37.087, "2013-04-30": -2.535, "2013-01-31": "23.22200", "2012-10-31": -9.884, "2012-07-31": -4.722, "2012-04-30": -24.828, "2012-01-31": "-7.23200", "2011-10-31": -69.042, "2011-07-31": -39.154, "2011-04-30": -1.238, "2011-01-31": "10.28400", "2010-10-31": -10.299, "2010-07-31": -20.766, "2010-04-30": -5.953, "2010-01-31": "-9.67200", "2009-10-31": -23.819, "2009-07-31": -3.025, "2009-04-30": 0.342, "2009-01-31": "-9.25800", "2008-10-31": -12.776, "2008-07-31": -34.29, "2008-04-30": 2.974, "2008-01-31": "-14.16200", "2007-10-31": -32.656, "2007-07-31": -36.276, "2007-04-30": -11.706, "2007-01-31": "", "2006-10-31": -24.169, "2006-07-31": -0.086, "2006-04-30": -4.282, "2006-01-31": "-8.44100", "2005-10-31": -0.385, "2005-07-31": -16.476, "2005-04-30": -4.887, "2005-01-31": "-1.22900"}, "Total Common And Preferred Stock Dividends Paid": {"2020-10-31": -125.373, "2020-07-31": -125.253, "2020-04-30": -124.501, "2020-01-31": "-112.24900", "2019-10-31": -112.082, "2019-07-31": -112.684, "2019-04-30": -112.162, "2019-01-31": "-100.12500", "2018-10-31": -99.592, "2018-07-31": -99.376, "2018-04-30": -99.325, "2018-01-31": "-89.81400", "2017-10-31": -89.669, "2017-07-31": -89.834, "2017-04-30": -89.878, "2017-01-31": "-76.62900", "2016-10-31": -76.749, "2016-07-31": -76.866, "2016-04-30": -76.741, "2016-01-31": "-66.13700", "2015-10-31": -66.073, "2015-07-31": -66.046, "2015-04-30": -65.914, "2015-01-31": "-54.38200", "2014-10-31": -55.296, "2014-07-31": -52.766, "2014-04-30": -52.761, "2014-01-31": "-44.83300", "2013-10-31": -48.894, "2013-07-31": -45.021, "2013-04-30": -44.967, "2013-01-31": "-39.43800", "2012-10-31": -43.795, "2012-07-31": -38.723, "2012-04-30": -39.586, "2012-01-31": "-33.60000", "2011-10-31": -38.984, "2011-07-31": -34.066, "2011-04-30": -34.021, "2011-01-31": "-30.90400", "2010-10-31": -27.945, "2010-07-31": -28.029, "2010-04-30": -28.027, "2010-01-31": "-25.37300", "2009-10-31": -28.496, "2009-07-31": -25.504, "2009-04-30": -25.499, "2009-01-31": "-29.87600", "2008-10-31": -24.946, "2008-07-31": -25.116, "2008-04-30": -25.123, "2008-01-31": "-20.34600", "2007-10-31": -20.568, "2007-07-31": -20.643, "2007-04-30": -20.658, "2007-01-31": "-19.22300", "2006-10-31": -19.325, "2006-07-31": -19.3, "2006-04-30": -19.301, "2006-01-31": "-17.91400", "2005-10-31": -17.902, "2005-07-31": -17.989, "2005-04-30": -17.964, "2005-01-31": "-15.51600"}, "Financial Activities - Other": {"2020-10-31": 0, "2020-07-31": 0.001, "2020-04-30": 0.076, "2020-01-31": "", "2019-10-31": 0, "2019-07-31": 0, "2019-04-30": 0, "2019-01-31": "", "2018-10-31": 0, "2018-07-31": 0, "2018-04-30": 0, "2018-01-31": "", "2017-10-31": 0, "2017-07-31": 0, "2017-04-30": 0, "2017-01-31": "", "2016-10-31": -39.19, "2016-07-31": 2.734, "2016-04-30": 16.307, "2016-01-31": "20.14900", "2015-10-31": 8.811, "2015-07-31": 3.379, "2015-04-30": -3.905, "2015-01-31": "2.96300", "2014-10-31": 6.886, "2014-07-31": 7.776, "2014-04-30": 5.927, "2014-01-31": "4.11100", "2013-10-31": 4.476, "2013-07-31": 0.792, "2013-04-30": 4.877, "2013-01-31": "13.26100", "2012-10-31": 2.794, "2012-07-31": 2.193, "2012-04-30": 2.705, "2012-01-31": "1.92900", "2011-10-31": 1.616, "2011-07-31": 3.336, "2011-04-30": 5.36, "2011-01-31": "3.74700", "2010-10-31": 2.933, "2010-07-31": 0.705, "2010-04-30": 3.109, "2010-01-31": "3.55100", "2009-10-31": 0.81, "2009-07-31": 1.3, "2009-04-30": 0.246, "2009-01-31": "-0.28700", "2008-10-31": -0.682, "2008-07-31": 1.354, "2008-04-30": -3.412, "2008-01-31": "14.21100", "2007-10-31": -4.364, "2007-07-31": 2.345, "2007-04-30": 2.864, "2007-01-31": "5.99400", "2006-10-31": 1.618, "2006-07-31": 3.304, "2006-04-30": 1.042, "2006-01-31": "3.32800", "2005-10-31": 2.622, "2005-07-31": 0.886, "2005-04-30": 1.803, "2005-01-31": "4.68500"}, "Cash Flow From Financial Activities": {"2020-10-31": -117.82, "2020-07-31": 872.723, "2020-04-30": -110.816, "2020-01-31": "-77.91500", "2019-10-31": -100.294, "2019-07-31": -215.478, "2019-04-30": -481.573, "2019-01-31": "-128.89900", "2018-10-31": -165.639, "2018-07-31": -178.584, "2018-04-30": -182.307, "2018-01-31": "538.16800", "2017-10-31": -82.28, "2017-07-31": -129.28, "2017-04-30": -107.392, "2017-01-31": "-99.81900", "2016-10-31": -301.006, "2016-07-31": 33.113, "2016-04-30": -61.936, "2016-01-31": "-227.47400", "2015-10-31": -244.559, "2015-07-31": 289.171, "2015-04-30": -65.877, "2015-01-31": "-49.36200", "2014-10-31": -77.252, "2014-07-31": -54.982, "2014-04-30": -59.851, "2014-01-31": "-37.28500", "2013-10-31": -68.625, "2013-07-31": -81.316, "2013-04-30": -42.625, "2013-01-31": "-2.95500", "2012-10-31": -50.885, "2012-07-31": -41.252, "2012-04-30": -61.709, "2012-01-31": "-38.90300", "2011-10-31": -106.41, "2011-07-31": -419.977, "2011-04-30": 217.758, "2011-01-31": "-16.87300", "2010-10-31": -35.311, "2010-07-31": -48.09, "2010-04-30": -30.871, "2010-01-31": "-31.49400", "2009-10-31": -111.505, "2009-07-31": -67.229, "2009-04-30": -24.911, "2009-01-31": "-39.42100", "2008-10-31": -13.404, "2008-07-31": -8.052, "2008-04-30": -0.561, "2008-01-31": "-90.35100", "2007-10-31": 2.393, "2007-07-31": -44.592, "2007-04-30": -35.786, "2007-01-31": "-15.82300", "2006-10-31": -92.608, "2006-07-31": -11.098, "2006-04-30": 12.138, "2006-01-31": "-23.04300", "2005-10-31": -86.395, "2005-07-31": -68.295, "2005-04-30": 68.648, "2005-01-31": "-12.07500"}, "Net Cash Flow": {"2020-10-31": -15.059, "2020-07-31": 1123.294, "2020-04-30": -118.346, "2020-01-31": "51.51800", "2019-10-31": 112.702, "2019-07-31": -79.128, "2019-04-30": 126.638, "2019-01-31": "53.55300", "2018-10-31": 190.154, "2018-07-31": 7.411, "2018-04-30": -124.204, "2018-01-31": "-58.34700", "2017-10-31": -189.219, "2017-07-31": 84.44, "2017-04-30": -60.92, "2017-01-31": "194.67800", "2016-10-31": 35.546, "2016-07-31": -0.284, "2016-04-30": 4.666, "2016-01-31": "27.97600", "2015-10-31": -1.93, "2015-07-31": -275.226, "2015-04-30": 97.298, "2015-01-31": "192.92300", "2014-10-31": -196.803, "2014-07-31": 31.647, "2014-04-30": -140.514, "2014-01-31": "205.83000", "2013-10-31": 104.518, "2013-07-31": 66.748, "2013-04-30": -624.929, "2013-01-31": "205.28900", "2012-10-31": 149.171, "2012-07-31": 8.438, "2012-04-30": -23.839, "2012-01-31": "85.48800", "2011-10-31": -34.234, "2011-07-31": -416.34, "2011-04-30": 314.891, "2011-01-31": "130.96800", "2010-10-31": 90.928, "2010-07-31": 21.736, "2010-04-30": -93.911, "2010-01-31": "63.84000", "2009-10-31": 90.152, "2009-07-31": -17.231, "2009-04-30": 47.594, "2009-01-31": "109.95900", "2008-10-31": 44.791, "2008-07-31": 2.831, "2008-04-30": -37.078, "2008-01-31": "-5.51500", "2007-10-31": 45.245, "2007-07-31": 10.506, "2007-04-30": -21.005, "2007-01-31": "-57.48200", "2006-10-31": 40.296, "2006-07-31": 11.548, "2006-04-30": 8.968, "2006-01-31": "-19.37300", "2005-10-31": -3.847, "2005-07-31": 42.738, "2005-04-30": -46.05, "2005-01-31": "-41.67600"}, "Stock-Based Compensation": {"2020-10-31": 3.269, "2020-07-31": 3.724, "2020-04-30": 6.167, "2020-01-31": "9.29800", "2019-10-31": 3, "2019-07-31": 3.193, "2019-04-30": 5.568, "2019-01-31": "7.94600", "2018-10-31": 2.939, "2018-07-31": 6.265, "2018-04-30": 4.052, "2018-01-31": "7.33900", "2017-10-31": 1.724, "2017-07-31": 2.006, "2017-04-30": 4.621, "2017-01-31": "7.24000", "2016-10-31": 1.738, "2016-07-31": 1.913, "2016-04-30": 7.016, "2016-01-31": "7.16200", "2015-10-31": 1.457, "2015-07-31": 1.711, "2015-04-30": 7.025, "2015-01-31": "5.52400", "2014-10-31": 1.703, "2014-07-31": 1.746, "2014-04-30": 5.987, "2014-01-31": "4.95700", "2013-10-31": 1.167, "2013-07-31": 4.523, "2013-04-30": 6.33, "2013-01-31": "5.57600", "2012-10-31": 2.519, "2012-07-31": 3.062, "2012-04-30": 4.889, "2012-01-31": "6.24000", "2011-10-31": 2.409, "2011-07-31": 2.578, "2011-04-30": 4.002, "2011-01-31": "8.24000", "2010-10-31": 2.534, "2010-07-31": 2.682, "2010-04-30": 3.824, "2010-01-31": "5.36200", "2009-10-31": 2.222, "2009-07-31": 2.416, "2009-04-30": 3.366, "2009-01-31": "4.05000", "2008-10-31": 14.46, "2008-07-31": 0, "2008-04-30": 0, "2008-01-31": "", "2007-10-31": 14.214, "2007-07-31": 0, "2007-04-30": 0, "2007-01-31": "", "2006-10-31": 0, "2006-07-31": 0, "2006-04-30": 0, "2006-01-31": "", "2005-10-31": 0, "2005-07-31": 0, "2005-04-30": 0, "2005-01-31": ""}, "Common Stock Dividends Paid": {"2020-10-31": -125.373, "2020-07-31": -125.253, "2020-04-30": -124.501, "2020-01-31": "-112.24900", "2019-10-31": -112.082, "2019-07-31": -112.684, "2019-04-30": -112.162, "2019-01-31": "-100.12500", "2018-10-31": -99.592, "2018-07-31": -99.376, "2018-04-30": -99.325, "2018-01-31": "-89.81400", "2017-10-31": -89.669, "2017-07-31": -89.834, "2017-04-30": -89.878, "2017-01-31": "-76.62900", "2016-10-31": -76.749, "2016-07-31": -76.866, "2016-04-30": -76.741, "2016-01-31": "-66.13700", "2015-10-31": -66.073, "2015-07-31": -66.046, "2015-04-30": -65.914, "2015-01-31": "-54.38200", "2014-10-31": -55.296, "2014-07-31": -52.766, "2014-04-30": -52.761, "2014-01-31": "-44.83300", "2013-10-31": -48.894, "2013-07-31": -45.021, "2013-04-30": -44.967, "2013-01-31": "-39.43800", "2012-10-31": -43.795, "2012-07-31": -38.723, "2012-04-30": -39.586, "2012-01-31": "-33.60000", "2011-10-31": -38.984, "2011-07-31": -34.066, "2011-04-30": -34.021, "2011-01-31": "-30.90400", "2010-10-31": -27.945, "2010-07-31": -28.029, "2010-04-30": -28.027, "2010-01-31": "-25.37300", "2009-10-31": -28.496, "2009-07-31": -25.504, "2009-04-30": -25.499, "2009-01-31": "-29.87600", "2008-10-31": -24.946, "2008-07-31": -25.116, "2008-04-30": -25.123, "2008-01-31": "-20.34600", "2007-10-31": -20.568, "2007-07-31": -20.643, "2007-04-30": -20.658, "2007-01-31": "-19.22300", "2006-10-31": -19.325, "2006-07-31": -19.3, "2006-04-30": -19.301, "2006-01-31": "-17.91400", "2005-10-31": -17.902, "2005-07-31": -17.989, "2005-04-30": -17.964, "2005-01-31": "-15.51600"}}, "financial ratios": {"Current Ratio": {"2020-10-31": "2.37980", "2019-10-31": "2.13690", "2018-10-31": "1.80000", "2017-10-31": "1.91500", "2016-10-31": "1.92740", "2015-10-31": "1.69930", "2014-10-31": "2.23400", "2013-10-31": "2.61150", "2012-10-31": "2.95140", "2011-10-31": "2.56780", "2010-10-31": "1.68740", "2009-10-31": "2.29880", "2008-10-31": "1.84090", "2007-10-31": "1.85280", "2006-10-31": "1.95150", "2005-10-31": "1.82660"}, "Long-term Debt / Capital": {"2020-10-31": "0.13980", "2019-10-31": "0.04050", "2018-10-31": "0.10030", "2017-10-31": "0.04820", "2016-10-31": "0.05320", "2015-10-31": "0.05880", "2014-10-31": "0.06470", "2013-10-31": "0.07010", "2012-10-31": "0.08130", "2011-10-31": "0.08590", "2010-10-31": "", "2009-10-31": "0.14150", "2008-10-31": "0.14850", "2007-10-31": "0.15660", "2006-10-31": "0.16260", "2005-10-31": "0.17980"}, "Debt/Equity Ratio": {"2020-10-31": "0.20270", "2019-10-31": "0.04220", "2018-10-31": "0.11150", "2017-10-31": "0.05060", "2016-10-31": "0.05620", "2015-10-31": "0.10870", "2014-10-31": "0.06920", "2013-10-31": "0.07540", "2012-10-31": "0.08850", "2011-10-31": "0.09400", "2010-10-31": "0.14540", "2009-10-31": "0.16480", "2008-10-31": "0.22420", "2007-10-31": "0.22290", "2006-10-31": "0.19440", "2005-10-31": "0.22610"}, "Gross Margin": {"2020-10-31": "19.00370", "2019-10-31": "19.84400", "2018-10-31": "20.73680", "2017-10-31": "21.77950", "2016-10-31": "22.66220", "2015-10-31": "19.52300", "2014-10-31": "16.79840", "2013-10-31": "16.14340", "2012-10-31": "16.18160", "2011-10-31": "16.89800", "2010-10-31": "17.15540", "2009-10-31": "16.81860", "2008-10-31": "15.72090", "2007-10-31": "16.19240", "2006-10-31": "24.07440", "2005-10-31": "23.72460"}, "Operating Margin": {"2020-10-31": "11.45050", "2019-10-31": "12.59580", "2018-10-31": "12.36120", "2017-10-31": "13.92680", "2016-10-31": "13.90180", "2015-10-31": "11.52130", "2014-10-31": "9.99990", "2013-10-31": "9.20960", "2012-10-31": "9.29050", "2011-10-31": "9.40180", "2010-10-31": "8.95440", "2009-10-31": "8.21250", "2008-10-31": "7.65070", "2007-10-31": "7.81390", "2006-10-31": "7.84460", "2005-10-31": "7.86740"}, "EBIT Margin": {"2020-10-31": "11.82080", "2019-10-31": "13.00860", "2018-10-31": "12.97900", "2017-10-31": "14.35860", "2016-10-31": "14.30800", "2015-10-31": "11.77920", "2014-10-31": "10.18870", "2013-10-31": "9.44400", "2012-10-31": "9.76060", "2011-10-31": "9.74070", "2010-10-31": "9.13620", "2009-10-31": "8.28590", "2008-10-31": "7.75980", "2007-10-31": "7.87000", "2006-10-31": "7.92380", "2005-10-31": "7.96940"}, "EBITDA Margin": {"2020-10-31": "13.96240", "2019-10-31": "14.74810", "2018-10-31": "14.85560", "2017-10-31": "15.78930", "2016-10-31": "15.70410", "2015-10-31": "13.45200", "2014-10-31": "11.58460", "2013-10-31": "10.87060", "2012-10-31": "11.21240", "2011-10-31": "11.31340", "2010-10-31": "10.87550", "2009-10-31": "10.23180", "2008-10-31": "9.62790", "2007-10-31": "9.91640", "2006-10-31": "10.03160", "2005-10-31": "10.09700"}, "Pre-Tax Profit Margin": {"2020-10-31": "11.60170", "2019-10-31": "12.73740", "2018-10-31": "12.37500", "2017-10-31": "13.94760", "2016-10-31": "13.83160", "2015-10-31": "11.41150", "2014-10-31": "9.89830", "2013-10-31": "9.12410", "2012-10-31": "9.21350", "2011-10-31": "9.10490", "2010-10-31": "8.64940", "2009-10-31": "8.08350", "2008-10-31": "6.81980", "2007-10-31": "7.58650", "2006-10-31": "7.49360", "2005-10-31": "7.51250"}, "Net Profit Margin": {"2020-10-31": "9.45090", "2019-10-31": "10.30610", "2018-10-31": "10.60310", "2017-10-31": "9.23630", "2016-10-31": "9.34610", "2015-10-31": "7.40610", "2014-10-31": "6.46910", "2013-10-31": "6.01270", "2012-10-31": "6.07540", "2011-10-31": "6.00620", "2010-10-31": "5.47850", "2009-10-31": "5.24690", "2008-10-31": "4.22660", "2007-10-31": "4.87470", "2006-10-31": "4.98020", "2005-10-31": "4.70270"}, "Asset Turnover": {"2020-10-31": "0.96970", "2019-10-31": "1.17120", "2018-10-31": "1.17240", "2017-10-31": "1.31420", "2016-10-31": "1.49500", "2015-10-31": "1.50880", "2014-10-31": "1.70760", "2013-10-31": "1.78030", "2012-10-31": "1.80340", "2011-10-31": "1.86010", "2010-10-31": "1.78120", "2009-10-31": "1.76970", "2008-10-31": "1.86780", "2007-10-31": "1.82490", "2006-10-31": "1.87740", "2005-10-31": "1.90190"}, "Inventory Turnover Ratio": {"2020-10-31": "7.25460", "2019-10-31": "7.30330", "2018-10-31": "7.85260", "2017-10-31": "7.78580", "2016-10-31": "7.47200", "2015-10-31": "7.50580", "2014-10-31": "7.35030", "2013-10-31": "7.58160", "2012-10-31": "7.25790", "2011-10-31": "7.40660", "2010-10-31": "7.53620", "2009-10-31": "7.52360", "2008-10-31": "7.25640", "2007-10-31": "8.02240", "2006-10-31": "7.64060", "2005-10-31": "7.72500"}, "Receiveable Turnover": {"2020-10-31": "12.91690", "2019-10-31": "15.98010", "2018-10-31": "15.79280", "2017-10-31": "14.30870", "2016-10-31": "15.62230", "2015-10-31": "15.14150", "2014-10-31": "14.66660", "2013-10-31": "15.86880", "2012-10-31": "15.72240", "2011-10-31": "16.26070", "2010-10-31": "16.43070", "2009-10-31": "17.54990", "2008-10-31": "16.43490", "2007-10-31": "16.89220", "2006-10-31": "16.80380", "2005-10-31": "17.98660"}, "Days Sales In Receivables": {"2020-10-31": "28.25760", "2019-10-31": "22.84090", "2018-10-31": "23.11180", "2017-10-31": "25.50900", "2016-10-31": "23.36410", "2015-10-31": "24.10600", "2014-10-31": "24.88660", "2013-10-31": "23.00110", "2012-10-31": "23.21540", "2011-10-31": "22.44680", "2010-10-31": "22.21450", "2009-10-31": "20.79790", "2008-10-31": "22.20890", "2007-10-31": "21.60760", "2006-10-31": "21.72130", "2005-10-31": "20.29280"}, "ROE - Return On Equity": {"2020-10-31": "14.12610", "2019-10-31": "16.52420", "2018-10-31": "18.06630", "2017-10-31": "17.14890", "2016-10-31": "20.00530", "2015-10-31": "17.17560", "2014-10-31": "16.77790", "2013-10-31": "15.98260", "2012-10-31": "17.87520", "2011-10-31": "18.01610", "2010-10-31": "16.61140", "2009-10-31": "16.28650", "2008-10-31": "14.37730", "2007-10-31": "16.01730", "2006-10-31": "15.87090", "2005-10-31": "15.92530"}, "Return On Tangible Equity": {"2020-10-31": "33.13570", "2019-10-31": "40.62810", "2018-10-31": "60.14800", "2017-10-31": "47.24840", "2016-10-31": "51.96610", "2015-10-31": "46.60400", "2014-10-31": "33.10240", "2013-10-31": "26.45070", "2012-10-31": "24.38270", "2011-10-31": "25.26220", "2010-10-31": "24.43480", "2009-10-31": "25.37780", "2008-10-31": "23.33290", "2007-10-31": "26.79220", "2006-10-31": "25.91300", "2005-10-31": "26.60310"}, "ROA - Return On Assets": {"2020-10-31": "9.16760", "2019-10-31": "12.07480", "2018-10-31": "12.43610", "2017-10-31": "12.14330", "2016-10-31": "13.97970", "2015-10-31": "11.19350", "2014-10-31": "11.10830", "2013-10-31": "10.78290", "2012-10-31": "11.06410", "2011-10-31": "11.29010", "2010-10-31": "9.86150", "2009-10-31": "9.37090", "2008-10-31": "7.98110", "2007-10-31": "8.89580", "2006-10-31": "9.35000", "2005-10-31": "8.94420"}, "ROI - Return On Investment": {"2020-10-31": "12.15150", "2019-10-31": "15.85530", "2018-10-31": "16.25420", "2017-10-31": "16.32280", "2016-10-31": "18.94150", "2015-10-31": "16.16560", "2014-10-31": "15.69180", "2013-10-31": "14.86230", "2012-10-31": "16.42190", "2011-10-31": "16.46830", "2010-10-31": "16.61140", "2009-10-31": "13.98270", "2008-10-31": "12.24290", "2007-10-31": "13.50880", "2006-10-31": "13.29050", "2005-10-31": "13.06220"}, "Book Value Per Share": {"2020-10-31": "11.91050", "2019-10-31": "11.08640", "2018-10-31": "10.49330", "2017-10-31": "9.34800", "2016-10-31": "8.42300", "2015-10-31": "7.57250", "2014-10-31": "6.85110", "2013-10-31": "6.28950", "2012-10-31": "5.36970", "2011-10-31": "5.03820", "2010-10-31": "4.52440", "2009-10-31": "3.97530", "2008-10-31": "3.73100", "2007-10-31": "3.47290", "2006-10-31": "3.28180", "2005-10-31": "2.89950"}, "Operating Cash Flow Per Share": {"2020-10-31": 0.3708, "2019-10-31": -0.5902, "2018-10-31": 0.3654, "2017-10-31": 0.0005, "2016-10-31": 0.0836, "2015-10-31": 0.4516, "2014-10-31": 0.2019, "2013-10-31": 0.2173, "2012-10-31": 0.0609, "2011-10-31": 0.0051, "2010-10-31": -0.1342, "2009-10-31": 0.5358, "2008-10-31": -0.101, "2007-10-31": 0.011, "2006-10-31": -0.2275, "2005-10-31": 0.8127}, "Free Cash Flow Per Share": {"2020-10-31": 0.1724, "2019-10-31": -0.3622, "2018-10-31": 0.0705, "2017-10-31": 0.0566, "2016-10-31": -0.1439, "2015-10-31": 0.4949, "2014-10-31": 0.1052, "2013-10-31": 0.2761, "2012-10-31": -0.0065, "2011-10-31": -0.0082, "2010-10-31": -0.1213, "2009-10-31": 0.5898, "2008-10-31": -0.1197, "2007-10-31": 0.0439, "2006-10-31": -0.2788, "2005-10-31": 0.6261}}, "financial ratios, quarterly": {"Current Ratio": {"2020-10-31": "2.37980", "2020-07-31": "2.38940", "2020-04-30": "1.69780", "2020-01-31": "2.34090", "2019-10-31": "2.13690", "2019-07-31": "2.09300", "2019-04-30": "2.14010", "2019-01-31": "1.46310", "2018-10-31": "1.80000", "2018-07-31": "1.69060", "2018-04-30": "1.61150", "2018-01-31": "1.47200", "2017-10-31": "1.91500", "2017-07-31": "2.52580", "2017-04-30": "2.57800", "2017-01-31": "2.30450", "2016-10-31": "1.92740", "2016-07-31": "1.78090", "2016-04-30": "2.10700", "2016-01-31": "1.90770", "2015-10-31": "1.69930", "2015-07-31": "1.60930", "2015-04-30": "2.64590", "2015-01-31": "2.39660", "2014-10-31": "2.23400", "2014-07-31": "2.85960", "2014-04-30": "2.88910", "2014-01-31": "2.62800", "2013-10-31": "2.61150", "2013-07-31": "2.47200", "2013-04-30": "2.58840", "2013-01-31": "3.25450", "2012-10-31": "2.95140", "2012-07-31": "3.12880", "2012-04-30": "2.94310", "2012-01-31": "2.79020", "2011-10-31": "2.56780", "2011-07-31": "2.82060", "2011-04-30": "2.27370", "2011-01-31": "1.91060", "2010-10-31": "1.68740", "2010-07-31": "1.68350", "2010-04-30": "2.51360", "2010-01-31": "2.47250", "2009-10-31": "2.29880", "2009-07-31": "2.17770", "2009-04-30": "2.13650", "2009-01-31": "1.94940", "2008-10-31": "1.84090", "2008-07-31": "2.16760", "2008-04-30": "2.35210", "2008-01-31": "2.19600", "2007-10-31": "1.85280", "2007-07-31": "2.19170", "2007-04-30": "2.20860", "2007-01-31": "2.10700", "2006-10-31": "1.95150", "2006-07-31": "1.89110", "2006-04-30": "1.88590", "2006-01-31": "2.02320", "2005-10-31": "1.82660", "2005-07-31": "1.75820", "2005-04-30": "1.67030", "2005-01-31": "1.93140"}, "Long-term Debt / Capital": {"2020-10-31": "0.13980", "2020-07-31": "0.14300", "2020-04-30": "0.00910", "2020-01-31": "0.04820", "2019-10-31": "0.04050", "2019-07-31": "0.04070", "2019-04-30": "0.04060", "2019-01-31": "0.04200", "2018-10-31": "0.10030", "2018-07-31": "0.10380", "2018-04-30": "0.10560", "2018-01-31": "0.10810", "2017-10-31": "0.04820", "2017-07-31": "0.05000", "2017-04-30": "0.05060", "2017-01-31": "0.05180", "2016-10-31": "0.05320", "2016-07-31": "0.05380", "2016-04-30": "0.05480", "2016-01-31": "0.05660", "2015-10-31": "0.05880", "2015-07-31": "0.05970", "2015-04-30": "0.06110", "2015-01-31": "0.06280", "2014-10-31": "0.06470", "2014-07-31": "0.06530", "2014-04-30": "0.06640", "2014-01-31": "0.06800", "2013-10-31": "0.07010", "2013-07-31": "0.07570", "2013-04-30": "0.07650", "2013-01-31": "0.07850", "2012-10-31": "0.08130", "2012-07-31": "0.07950", "2012-04-30": "0.08180", "2012-01-31": "0.08360", "2011-10-31": "0.08590", "2011-07-31": "0.08570", "2011-04-30": "0.08640", "2011-01-31": "", "2010-10-31": "", "2010-07-31": "", "2010-04-30": "0.13380", "2010-01-31": "0.13660", "2009-10-31": "0.14150", "2009-07-31": "0.13910", "2009-04-30": "0.14250", "2009-01-31": "0.14600", "2008-10-31": "0.14850", "2008-07-31": "0.14750", "2008-04-30": "0.14710", "2008-01-31": "0.15090", "2007-10-31": "0.15660", "2007-07-31": "0.15390", "2007-04-30": "0.15430", "2007-01-31": "0.15690", "2006-10-31": "0.16260", "2006-07-31": "0.16720", "2006-04-30": "0.17060", "2006-01-31": "0.17480", "2005-10-31": "0.17980", "2005-07-31": "0.19240", "2005-04-30": "0.19470", "2005-01-31": "0.19950"}, "Debt/Equity Ratio": {"2020-10-31": "0.20270", "2020-07-31": "0.20820", "2020-04-30": "0.05110", "2020-01-31": "0.05200", "2019-10-31": "0.04220", "2019-07-31": "0.04240", "2019-04-30": "0.04240", "2019-01-31": "0.10950", "2018-10-31": "0.11150", "2018-07-31": "0.13340", "2018-04-30": "0.15300", "2018-01-31": "0.17060", "2017-10-31": "0.05060", "2017-07-31": "0.05260", "2017-04-30": "0.05330", "2017-01-31": "0.05460", "2016-10-31": "0.05620", "2016-07-31": "0.08990", "2016-04-30": "0.05800", "2016-01-31": "0.06000", "2015-10-31": "0.10870", "2015-07-31": "0.15240", "2015-04-30": "0.06500", "2015-01-31": "0.06700", "2014-10-31": "0.06920", "2014-07-31": "0.06980", "2014-04-30": "0.07120", "2014-01-31": "0.07300", "2013-10-31": "0.07540", "2013-07-31": "0.08190", "2013-04-30": "0.08280", "2013-01-31": "0.08520", "2012-10-31": "0.08850", "2012-07-31": "0.08630", "2012-04-30": "0.08910", "2012-01-31": "0.09130", "2011-10-31": "0.09400", "2011-07-31": "0.09380", "2011-04-30": "0.22700", "2011-01-31": "0.13710", "2010-10-31": "0.14540", "2010-07-31": "0.15170", "2010-04-30": "0.15450", "2010-01-31": "0.15820", "2009-10-31": "0.16480", "2009-07-31": "0.18930", "2009-04-30": "0.21370", "2009-01-31": "0.21980", "2008-10-31": "0.22420", "2008-07-31": "0.21010", "2008-04-30": "0.18480", "2008-01-31": "0.17780", "2007-10-31": "0.22290", "2007-07-31": "0.18720", "2007-04-30": "0.18260", "2007-01-31": "0.18940", "2006-10-31": "0.19440", "2006-07-31": "0.23010", "2006-04-30": "0.23270", "2006-01-31": "0.21850", "2005-10-31": "0.22610", "2005-07-31": "0.28510", "2005-04-30": "0.31260", "2005-01-31": "0.26010"}, "Gross Margin": {"2020-10-31": "18.91500", "2020-07-31": "17.73810", "2020-04-30": "19.70520", "2020-01-31": "19.64500", "2019-10-31": "19.73700", "2019-07-31": "18.92180", "2019-04-30": "20.00850", "2019-01-31": "20.68900", "2018-10-31": "21.12440", "2018-07-31": "19.28860", "2018-04-30": "21.14520", "2018-01-31": "21.37420", "2017-10-31": "20.26100", "2017-07-31": "20.49530", "2017-04-30": "22.26110", "2017-01-31": "24.22040", "2016-10-31": "22.77530", "2016-07-31": "20.64320", "2016-04-30": "22.88280", "2016-01-31": "24.33890", "2015-10-31": "20.61890", "2015-07-31": "18.70570", "2015-04-30": "20.16180", "2015-01-31": "18.56330", "2014-10-31": "16.65180", "2014-07-31": "15.93030", "2014-04-30": "16.87220", "2014-01-31": "17.77530", "2013-10-31": "16.59420", "2013-07-31": "15.29530", "2013-04-30": "16.38890", "2013-01-31": "16.26440", "2012-10-31": "16.20960", "2012-07-31": "15.29020", "2012-04-30": "16.67320", "2012-01-31": "16.54420", "2011-10-31": "15.97160", "2011-07-31": "15.58970", "2011-04-30": "16.65240", "2011-01-31": "19.46360", "2010-10-31": "17.20630", "2010-07-31": "16.46480", "2010-04-30": "16.50020", "2010-01-31": "18.43110", "2009-10-31": "18.15970", "2009-07-31": "16.53440", "2009-04-30": "16.42830", "2009-01-31": "16.12200", "2008-10-31": "14.83960", "2008-07-31": "13.64880", "2008-04-30": "16.55820", "2008-01-31": "18.05440", "2007-10-31": "-1.55630", "2007-07-31": "21.27500", "2007-04-30": "22.98860", "2007-01-31": "23.89740", "2006-10-31": "24.18030", "2006-07-31": "22.89820", "2006-04-30": "24.27800", "2006-01-31": "24.93020", "2005-10-31": "24.91100", "2005-07-31": "22.23380", "2005-04-30": "23.13210", "2005-01-31": "24.54460"}, "Operating Margin": {"2020-10-31": "11.43330", "2020-07-31": "10.47990", "2020-04-30": "12.11420", "2020-01-31": "11.76330", "2019-10-31": "12.83210", "2019-07-31": "11.20430", "2019-04-30": "13.32190", "2019-01-31": "12.97470", "2018-10-31": "12.65800", "2018-07-31": "10.88070", "2018-04-30": "12.94710", "2018-01-31": "12.95230", "2017-10-31": "13.06430", "2017-07-31": "12.67140", "2017-04-30": "14.44840", "2017-01-31": "15.58450", "2016-10-31": "13.91770", "2016-07-31": "11.93510", "2016-04-30": "14.07760", "2016-01-31": "15.68210", "2015-10-31": "12.18310", "2015-07-31": "10.56200", "2015-04-30": "12.18320", "2015-01-31": "11.10470", "2014-10-31": "10.35340", "2014-07-31": "9.38770", "2014-04-30": "9.64670", "2014-01-31": "10.57630", "2013-10-31": "10.33930", "2013-07-31": "8.36540", "2013-04-30": "8.68350", "2013-01-31": "9.36590", "2012-10-31": "9.31460", "2012-07-31": "8.55780", "2012-04-30": "9.67480", "2012-01-31": "9.60720", "2011-10-31": "8.88590", "2011-07-31": "7.68460", "2011-04-30": "8.81880", "2011-01-31": "12.26860", "2010-10-31": "9.33810", "2010-07-31": "8.12590", "2010-04-30": "8.09730", "2010-01-31": "10.16970", "2009-10-31": "9.72380", "2009-07-31": "7.59190", "2009-04-30": "7.75380", "2009-01-31": "7.72540", "2008-10-31": "7.90980", "2008-07-31": "5.60330", "2008-04-30": "7.81350", "2008-01-31": "9.31240", "2007-10-31": "9.35380", "2007-07-31": "6.28540", "2007-04-30": "7.50470", "2007-01-31": "7.96410", "2006-10-31": "9.33140", "2006-07-31": "6.73460", "2006-04-30": "7.68990", "2006-01-31": "7.46140", "2005-10-31": "9.44320", "2005-07-31": "6.38260", "2005-04-30": "7.25670", "2005-01-31": "8.24710"}, "EBIT Margin": {"2020-10-31": "11.83530", "2020-07-31": "10.82570", "2020-04-30": "12.52780", "2020-01-31": "12.08150", "2019-10-31": "13.27450", "2019-07-31": "11.35200", "2019-04-30": "13.88870", "2019-01-31": "13.46010", "2018-10-31": "13.00710", "2018-07-31": "11.43770", "2018-04-30": "13.52570", "2018-01-31": "13.96160", "2017-10-31": "13.55430", "2017-07-31": "12.85060", "2017-04-30": "14.91120", "2017-01-31": "16.16770", "2016-10-31": "14.34530", "2016-07-31": "12.21220", "2016-04-30": "14.49460", "2016-01-31": "16.18260", "2015-10-31": "12.51450", "2015-07-31": "10.85430", "2015-04-30": "12.52860", "2015-01-31": "11.17400", "2014-10-31": "10.57840", "2014-07-31": "9.54260", "2014-04-30": "9.80630", "2014-01-31": "10.78760", "2013-10-31": "10.43100", "2013-07-31": "8.42770", "2013-04-30": "9.01770", "2013-01-31": "9.83100", "2012-10-31": "9.77780", "2012-07-31": "9.04700", "2012-04-30": "10.06310", "2012-01-31": "10.14660", "2011-10-31": "9.24800", "2011-07-31": "7.97570", "2011-04-30": "9.15930", "2011-01-31": "12.62800", "2010-10-31": "9.53830", "2010-07-31": "8.25430", "2010-04-30": "8.32980", "2010-01-31": "10.33300", "2009-10-31": "9.80710", "2009-07-31": "7.66910", "2009-04-30": "7.84690", "2009-01-31": "7.76670", "2008-10-31": "8.12150", "2008-07-31": "5.61760", "2008-04-30": "7.86500", "2008-01-31": "9.45850", "2007-10-31": "9.43710", "2007-07-31": "6.36520", "2007-04-30": "7.50260", "2007-01-31": "8.02410", "2006-10-31": "9.38550", "2006-07-31": "6.73530", "2006-04-30": "7.78520", "2006-01-31": "7.63070", "2005-10-31": "9.49040", "2005-07-31": "6.44900", "2005-04-30": "7.33300", "2005-01-31": "8.47730"}, "EBITDA Margin": {"2020-10-31": "", "2020-07-31": "", "2020-04-30": "", "2020-01-31": "", "2019-10-31": "", "2019-07-31": "", "2019-04-30": "", "2019-01-31": "", "2018-10-31": "", "2018-07-31": "", "2018-04-30": "", "2018-01-31": "", "2017-10-31": "", "2017-07-31": "", "2017-04-30": "", "2017-01-31": "", "2016-10-31": "", "2016-07-31": "", "2016-04-30": "", "2016-01-31": "", "2015-10-31": "", "2015-07-31": "", "2015-04-30": "", "2015-01-31": "", "2014-10-31": "", "2014-07-31": "", "2014-04-30": "", "2014-01-31": "", "2013-10-31": "", "2013-07-31": "", "2013-04-30": "", "2013-01-31": "", "2012-10-31": "", "2012-07-31": "", "2012-04-30": "", "2012-01-31": "", "2011-10-31": "", "2011-07-31": "", "2011-04-30": "", "2011-01-31": "", "2010-10-31": "", "2010-07-31": "", "2010-04-30": "", "2010-01-31": "", "2009-10-31": "", "2009-07-31": "", "2009-04-30": "", "2009-01-31": "", "2008-10-31": "", "2008-07-31": "", "2008-04-30": "", "2008-01-31": "", "2007-10-31": "", "2007-07-31": "", "2007-04-30": "", "2007-01-31": "", "2006-10-31": "", "2006-07-31": "", "2006-04-30": "", "2006-01-31": "", "2005-10-31": "", "2005-07-31": "", "2005-04-30": "", "2005-01-31": ""}, "Pre-Tax Profit Margin": {"2020-10-31": "11.51730", "2020-07-31": "10.89100", "2020-04-30": "11.82630", "2020-01-31": "12.16900", "2019-10-31": "12.93990", "2019-07-31": "11.39390", "2019-04-30": "13.56420", "2019-01-31": "13.00550", "2018-10-31": "12.73440", "2018-07-31": "10.92480", "2018-04-30": "12.73870", "2018-01-31": "13.09000", "2017-10-31": "13.23950", "2017-07-31": "12.59520", "2017-04-30": "14.43910", "2017-01-31": "15.55920", "2016-10-31": "13.87900", "2016-07-31": "11.90580", "2016-04-30": "14.09410", "2016-01-31": "15.44780", "2015-10-31": "12.04390", "2015-07-31": "10.42770", "2015-04-30": "12.09690", "2015-01-31": "11.02420", "2014-10-31": "10.25020", "2014-07-31": "9.32110", "2014-04-30": "9.49530", "2014-01-31": "10.49070", "2013-10-31": "10.31370", "2013-07-31": "8.19980", "2013-04-30": "8.58940", "2013-01-31": "9.30520", "2012-10-31": "9.24980", "2012-07-31": "8.44010", "2012-04-30": "9.62780", "2012-01-31": "9.52760", "2011-10-31": "8.57170", "2011-07-31": "7.39760", "2011-04-30": "8.55260", "2011-01-31": "11.94920", "2010-10-31": "9.11650", "2010-07-31": "7.76860", "2010-04-30": "7.79430", "2010-01-31": "9.81550", "2009-10-31": "9.45630", "2009-07-31": "7.55680", "2009-04-30": "7.85830", "2009-01-31": "7.42560", "2008-10-31": "6.43860", "2008-07-31": "4.77470", "2008-04-30": "7.61420", "2008-01-31": "8.59330", "2007-10-31": "9.34350", "2007-07-31": "5.93940", "2007-04-30": "7.21400", "2007-01-31": "7.67960", "2006-10-31": "9.06130", "2006-07-31": "6.22170", "2006-04-30": "7.44120", "2006-01-31": "7.08370", "2005-10-31": "8.98310", "2005-07-31": "6.05610", "2005-04-30": "6.81230", "2005-01-31": "8.07650"}, "Net Profit Margin": {"2020-10-31": "9.68370", "2020-07-31": "8.52920", "2020-04-30": "9.40090", "2020-01-31": "10.18570", "2019-10-31": "10.21390", "2019-07-31": "8.70690", "2019-04-30": "12.04520", "2019-01-31": "10.22830", "2018-10-31": "10.35400", "2018-07-31": "8.91180", "2018-04-30": "10.18570", "2018-01-31": "13.00170", "2017-10-31": "8.75200", "2017-07-31": "8.26810", "2017-04-30": "9.64320", "2017-01-31": "10.31240", "2016-10-31": "9.28260", "2016-07-31": "8.49790", "2016-04-30": "9.36410", "2016-01-31": "10.25270", "2015-10-31": "7.79850", "2015-07-31": "6.71380", "2015-04-30": "7.90580", "2015-01-31": "7.16960", "2014-10-31": "6.73270", "2014-07-31": "6.03840", "2014-04-30": "6.24050", "2014-01-31": "6.83770", "2013-10-31": "6.77250", "2013-07-31": "5.26200", "2013-04-30": "5.83090", "2013-01-31": "6.12950", "2012-10-31": "6.11010", "2012-07-31": "5.53570", "2012-04-30": "6.35350", "2012-01-31": "6.29560", "2011-10-31": "5.57580", "2011-07-31": "5.15450", "2011-04-30": "5.59350", "2011-01-31": "7.74510", "2010-10-31": "5.87230", "2010-07-31": "4.93340", "2010-04-30": "4.58070", "2010-01-31": "6.43770", "2009-10-31": "6.20120", "2009-07-31": "4.90140", "2009-04-30": "5.03970", "2009-01-31": "4.81820", "2008-10-31": "3.64280", "2008-07-31": "3.09550", "2008-04-30": "4.86560", "2008-01-31": "5.43940", "2007-10-31": "6.08000", "2007-07-31": "3.77460", "2007-04-30": "4.51950", "2007-01-31": "5.00800", "2006-10-31": "5.77950", "2006-07-31": "4.23280", "2006-04-30": "4.92970", "2006-01-31": "4.89260", "2005-10-31": "5.56390", "2005-07-31": "3.82000", "2005-04-30": "4.27430", "2005-01-31": "5.08350"}, "Asset Turnover": {"2020-10-31": "0.24430", "2020-07-31": "0.24810", "2020-04-30": "0.28860", "2020-01-31": "0.28760", "2019-10-31": "0.30850", "2019-07-31": "0.28800", "2019-04-30": "0.29550", "2019-01-31": "0.28940", "2018-10-31": "0.31010", "2018-07-31": "0.29880", "2018-04-30": "0.29770", "2018-01-31": "0.29660", "2017-10-31": "0.35730", "2017-07-31": "0.33920", "2017-04-30": "0.34250", "2017-01-31": "0.35820", "2016-10-31": "0.41250", "2016-07-31": "0.36040", "2016-04-30": "0.37640", "2016-01-31": "0.37950", "2015-10-31": "0.39100", "2015-07-31": "0.35930", "2015-04-30": "0.40540", "2015-01-31": "0.43080", "2014-10-31": "0.46630", "2014-07-31": "0.44040", "2014-04-30": "0.44140", "2014-01-31": "0.44260", "2013-10-31": "0.47260", "2013-07-31": "0.45360", "2013-04-30": "0.46120", "2013-01-31": "0.45780", "2012-10-31": "0.47550", "2012-07-31": "0.45820", "2012-04-30": "0.46650", "2012-01-31": "0.47760", "2011-10-31": "0.49570", "2011-07-31": "0.46040", "2011-04-30": "0.44010", "2011-01-31": "0.46610", "2010-10-31": "0.50890", "2010-07-31": "0.45000", "2010-04-30": "0.44920", "2010-01-31": "0.46300", "2009-10-31": "0.45370", "2009-07-31": "0.42820", "2009-04-30": "0.43900", "2009-01-31": "0.46520", "2008-10-31": "0.51470", "2008-07-31": "0.47160", "2008-04-30": "0.45920", "2008-01-31": "0.47250", "2007-10-31": "0.49040", "2007-07-31": "0.48650", "2007-04-30": "0.48390", "2007-01-31": "0.48780", "2006-10-31": "0.50890", "2006-07-31": "0.47220", "2006-04-30": "0.46570", "2006-01-31": "0.49910", "2005-10-31": "0.51920", "2005-07-31": "0.49550", "2005-04-30": "0.48060", "2005-01-31": "0.48800"}, "Inventory Turnover Ratio": {"2020-10-31": "1.82920", "2020-07-31": "1.99420", "2020-04-30": "1.85430", "2020-01-31": "1.81220", "2019-10-31": "1.92620", "2019-07-31": "1.67550", "2019-04-30": "1.82000", "2019-01-31": "1.88250", "2018-10-31": "2.06670", "2018-07-31": "1.90210", "2018-04-30": "1.81740", "2018-01-31": "1.88340", "2017-10-31": "2.15800", "2017-07-31": "1.73210", "2017-04-30": "1.72030", "2017-01-31": "1.80350", "2016-10-31": "2.05890", "2016-07-31": "1.76650", "2016-04-30": "1.72650", "2016-01-31": "1.74370", "2015-10-31": "1.91880", "2015-07-31": "1.80730", "2015-04-30": "1.88880", "2015-01-31": "1.91830", "2014-10-31": "2.01050", "2014-07-31": "1.78380", "2014-04-30": "1.77130", "2014-01-31": "1.99460", "2013-10-31": "2.00180", "2013-07-31": "1.82240", "2013-04-30": "1.80180", "2013-01-31": "1.85810", "2012-10-31": "1.91310", "2012-07-31": "1.83500", "2012-04-30": "1.83770", "2012-01-31": "1.92790", "2011-10-31": "1.99570", "2011-07-31": "1.86260", "2011-04-30": "2.01490", "2011-01-31": "1.96570", "2010-10-31": "2.15180", "2010-07-31": "1.82780", "2010-04-30": "1.85000", "2010-01-31": "1.93230", "2009-10-31": "1.89780", "2009-07-31": "1.76470", "2009-04-30": "1.78170", "2009-01-31": "1.90950", "2008-10-31": "2.02060", "2008-07-31": "1.82430", "2008-04-30": "1.77240", "2008-01-31": "1.98400", "2007-10-31": "2.61260", "2007-07-31": "1.81520", "2007-04-30": "1.81780", "2007-01-31": "1.95960", "2006-10-31": "2.06810", "2006-07-31": "1.87060", "2006-04-30": "1.78040", "2006-01-31": "1.98720", "2005-10-31": "2.07600", "2005-07-31": "2.07130", "2005-04-30": "1.97230", "2005-01-31": "2.02880"}, "Receiveable Turnover": {"2020-10-31": "3.25340", "2020-07-31": "3.66620", "2020-04-30": "4.51660", "2020-01-31": "4.23770", "2019-10-31": "4.20900", "2019-07-31": "4.32820", "2019-04-30": "4.36040", "2019-01-31": "4.17610", "2018-10-31": "4.17700", "2018-07-31": "4.18420", "2018-04-30": "4.20440", "2018-01-31": "4.09520", "2017-10-31": "3.89050", "2017-07-31": "4.02060", "2017-04-30": "3.85530", "2017-01-31": "4.29540", "2016-10-31": "4.31100", "2016-07-31": "4.02560", "2016-04-30": "4.19370", "2016-01-31": "4.13290", "2015-10-31": "3.92410", "2015-07-31": "3.87690", "2015-04-30": "3.75220", "2015-01-31": "4.14200", "2014-10-31": "4.00470", "2014-07-31": "4.20700", "2014-04-30": "4.23750", "2014-01-31": "4.44070", "2013-10-31": "4.21250", "2013-07-31": "4.17490", "2013-04-30": "4.49020", "2013-01-31": "4.53610", "2012-10-31": "4.14550", "2012-07-31": "4.07160", "2012-04-30": "4.41420", "2012-01-31": "4.82700", "2011-10-31": "4.33320", "2011-07-31": "4.29580", "2011-04-30": "4.77840", "2011-01-31": "4.72500", "2010-10-31": "4.69440", "2010-07-31": "4.43350", "2010-04-30": "4.67310", "2010-01-31": "4.95400", "2009-10-31": "4.49940", "2009-07-31": "4.34430", "2009-04-30": "4.62430", "2009-01-31": "4.56350", "2008-10-31": "4.52910", "2008-07-31": "4.33130", "2008-04-30": "4.34060", "2008-01-31": "4.69250", "2007-10-31": "4.53970", "2007-07-31": "4.63890", "2007-04-30": "4.66350", "2007-01-31": "4.59110", "2006-10-31": "4.55470", "2006-07-31": "4.83360", "2006-04-30": "4.95350", "2006-01-31": "5.17170", "2005-10-31": "4.91000", "2005-07-31": "5.05450", "2005-04-30": "4.54380", "2005-01-31": "4.50290"}, "Days Sales In Receivables": {"2020-10-31": "27.66330", "2020-07-31": "24.54830", "2020-04-30": "19.92660", "2020-01-31": "21.23790", "2019-10-31": "21.38260", "2019-07-31": "20.79380", "2019-04-30": "20.64050", "2019-01-31": "21.55130", "2018-10-31": "21.54670", "2018-07-31": "21.50950", "2018-04-30": "21.40640", "2018-01-31": "21.97700", "2017-10-31": "23.13350", "2017-07-31": "22.38450", "2017-04-30": "23.34440", "2017-01-31": "20.95260", "2016-10-31": "20.87690", "2016-07-31": "22.35710", "2016-04-30": "21.46070", "2016-01-31": "21.77650", "2015-10-31": "22.93510", "2015-07-31": "23.21450", "2015-04-30": "23.98580", "2015-01-31": "21.72850", "2014-10-31": "22.47390", "2014-07-31": "21.39280", "2014-04-30": "21.23900", "2014-01-31": "20.26700", "2013-10-31": "21.36490", "2013-07-31": "21.55750", "2013-04-30": "20.04370", "2013-01-31": "19.84100", "2012-10-31": "21.71020", "2012-07-31": "22.10460", "2012-04-30": "20.38880", "2012-01-31": "18.64510", "2011-10-31": "20.77000", "2011-07-31": "20.95060", "2011-04-30": "18.83480", "2011-01-31": "19.04750", "2010-10-31": "19.17160", "2010-07-31": "20.30000", "2010-04-30": "19.25940", "2010-01-31": "18.16700", "2009-10-31": "20.00250", "2009-07-31": "20.71690", "2009-04-30": "19.46230", "2009-01-31": "19.72170", "2008-10-31": "19.87140", "2008-07-31": "20.77890", "2008-04-30": "20.73450", "2008-01-31": "19.17970", "2007-10-31": "19.82510", "2007-07-31": "19.40100", "2007-04-30": "19.29890", "2007-01-31": "19.60300", "2006-10-31": "19.76000", "2006-07-31": "18.61970", "2006-04-30": "18.16910", "2006-01-31": "17.40250", "2005-10-31": "18.33000", "2005-07-31": "17.80600", "2005-04-30": "19.80730", "2005-01-31": "19.98720"}, "ROE - Return On Equity": {"2020-10-31": "3.64720", "2020-07-31": "3.24090", "2020-04-30": "3.69130", "2020-01-31": "3.98540", "2019-10-31": "4.31300", "2019-07-31": "3.38510", "2019-04-30": "4.78900", "2019-01-31": "4.23290", "2018-10-31": "4.66560", "2018-07-31": "3.89850", "2018-04-30": "4.48860", "2018-01-31": "5.88150", "2017-10-31": "4.42060", "2017-07-31": "3.84060", "2017-04-30": "4.49990", "2017-01-31": "5.14290", "2016-10-31": "5.48570", "2016-07-31": "4.45560", "2016-04-30": "4.99770", "2016-01-31": "5.64830", "2015-10-31": "4.68440", "2015-07-31": "3.73360", "2015-04-30": "4.69420", "2015-01-31": "4.61990", "2014-10-31": "4.75760", "2014-07-31": "3.88350", "2014-04-30": "4.00510", "2014-01-31": "4.51050", "2013-10-31": "4.77860", "2013-07-31": "3.72980", "2013-04-30": "4.19640", "2013-01-31": "4.46650", "2012-10-31": "4.75360", "2012-07-31": "3.88120", "2012-04-30": "4.59530", "2012-01-31": "4.72170", "2011-10-31": "4.45500", "2011-07-31": "3.74870", "2011-04-30": "4.18810", "2011-01-31": "5.87920", "2010-10-31": "5.09460", "2010-07-31": "3.74240", "2010-04-30": "3.46600", "2010-01-31": "5.07380", "2009-10-31": "4.92420", "2009-07-31": "3.60480", "2009-04-30": "3.85180", "2009-01-31": "4.01350", "2008-10-31": "3.53390", "2008-07-31": "2.56800", "2008-04-30": "3.82300", "2008-01-31": "4.47880", "2007-10-31": "5.36890", "2007-07-31": "2.98270", "2007-04-30": "3.54600", "2007-01-31": "4.00360", "2006-10-31": "4.99210", "2006-07-31": "3.41570", "2006-04-30": "3.95350", "2006-01-31": "4.18710", "2005-10-31": "5.14350", "2005-07-31": "3.41390", "2005-04-30": "3.74790", "2005-01-31": "4.45570"}, "Return On Tangible Equity": {"2020-10-31": "8.55520", "2020-07-31": "7.89210", "2020-04-30": "9.25480", "2020-01-31": "9.41620", "2019-10-31": "10.60430", "2019-07-31": "8.42920", "2019-04-30": "11.90170", "2019-01-31": "13.53780", "2018-10-31": "15.53300", "2018-07-31": "14.76890", "2018-04-30": "18.15390", "2018-01-31": "25.81420", "2017-10-31": "12.17950", "2017-07-31": "8.91450", "2017-04-30": "10.65610", "2017-01-31": "12.61120", "2016-10-31": "14.24970", "2016-07-31": "11.81690", "2016-04-30": "12.04520", "2016-01-31": "14.34750", "2015-10-31": "12.71070", "2015-07-31": "10.43620", "2015-04-30": "8.74190", "2015-01-31": "8.82430", "2014-10-31": "9.38670", "2014-07-31": "6.19690", "2014-04-30": "6.46960", "2014-01-31": "7.41170", "2013-10-31": "7.90840", "2013-07-31": "6.55000", "2013-04-30": "7.43680", "2013-01-31": "6.00520", "2012-10-31": "6.48420", "2012-07-31": "5.25280", "2012-04-30": "6.29760", "2012-01-31": "6.53660", "2011-10-31": "6.24680", "2011-07-31": "5.25690", "2011-04-30": "5.90120", "2011-01-31": "8.41830", "2010-10-31": "7.49400", "2010-07-31": "5.62770", "2010-04-30": "5.26990", "2010-01-31": "7.63320", "2009-10-31": "7.67290", "2009-07-31": "5.56570", "2009-04-30": "6.05330", "2009-01-31": "6.42260", "2008-10-31": "5.73520", "2008-07-31": "4.15130", "2008-04-30": "6.10280", "2008-01-31": "7.26810", "2007-10-31": "8.98060", "2007-07-31": "4.65960", "2007-04-30": "5.56210", "2007-01-31": "6.37720", "2006-10-31": "8.15080", "2006-07-31": "5.67470", "2006-04-30": "6.70020", "2006-01-31": "6.82380", "2005-10-31": "8.59210", "2005-07-31": "5.72200", "2005-04-30": "6.37160", "2005-01-31": "7.19480"}, "ROA - Return On Assets": {"2020-10-31": "2.36690", "2020-07-31": "2.11720", "2020-04-30": "2.71130", "2020-01-31": "2.93060", "2019-10-31": "3.15160", "2019-07-31": "2.50710", "2019-04-30": "3.56160", "2019-01-31": "2.96150", "2018-10-31": "3.21160", "2018-07-31": "2.66430", "2018-04-30": "3.03360", "2018-01-31": "3.85820", "2017-10-31": "3.13020", "2017-07-31": "2.80500", "2017-04-30": "3.30250", "2017-01-31": "3.69600", "2016-10-31": "3.83340", "2016-07-31": "3.06460", "2016-04-30": "3.52490", "2016-01-31": "3.89290", "2015-10-31": "3.05290", "2015-07-31": "2.41260", "2015-04-30": "3.20890", "2015-01-31": "3.10150", "2014-10-31": "3.14990", "2014-07-31": "2.67930", "2014-04-30": "2.76660", "2014-01-31": "3.04820", "2013-10-31": "3.22390", "2013-07-31": "2.39230", "2013-04-30": "2.71320", "2013-01-31": "2.83470", "2012-10-31": "2.94230", "2012-07-31": "2.56480", "2012-04-30": "2.98830", "2012-01-31": "3.02870", "2011-10-31": "2.79180", "2011-07-31": "2.40900", "2011-04-30": "2.48690", "2011-01-31": "3.63900", "2010-10-31": "3.02440", "2010-07-31": "2.24610", "2010-04-30": "2.07540", "2010-01-31": "3.00930", "2009-10-31": "2.83330", "2009-07-31": "2.12400", "2009-04-30": "2.23180", "2009-01-31": "2.26320", "2008-10-31": "1.96170", "2008-07-31": "1.46000", "2008-04-30": "2.23440", "2008-01-31": "2.56990", "2007-10-31": "2.98180", "2007-07-31": "1.83640", "2007-04-30": "2.18690", "2007-01-31": "2.44280", "2006-10-31": "2.94100", "2006-07-31": "1.99890", "2006-04-30": "2.29590", "2006-01-31": "2.44210", "2005-10-31": "2.88880", "2005-07-31": "1.89270", "2005-04-30": "2.05430", "2005-01-31": "2.48070"}, "ROI - Return On Investment": {"2020-10-31": "3.13730", "2020-07-31": "2.77730", "2020-04-30": "3.65760", "2020-01-31": "3.79320", "2019-10-31": "4.13840", "2019-07-31": "3.24730", "2019-04-30": "4.59440", "2019-01-31": "4.05520", "2018-10-31": "4.19760", "2018-07-31": "3.49390", "2018-04-30": "4.01460", "2018-01-31": "5.24580", "2017-10-31": "4.20760", "2017-07-31": "3.64870", "2017-04-30": "4.27200", "2017-01-31": "4.87640", "2016-10-31": "5.19400", "2016-07-31": "4.21570", "2016-04-30": "4.72370", "2016-01-31": "5.32830", "2015-10-31": "4.40900", "2015-07-31": "3.51060", "2015-04-30": "4.40750", "2015-01-31": "4.32990", "2014-10-31": "4.44970", "2014-07-31": "3.63000", "2014-04-30": "3.73910", "2014-01-31": "4.20360", "2013-10-31": "4.44360", "2013-07-31": "3.44760", "2013-04-30": "3.87540", "2013-01-31": "4.11580", "2012-10-31": "4.36710", "2012-07-31": "3.57280", "2012-04-30": "4.21930", "2012-01-31": "4.32680", "2011-10-31": "4.07230", "2011-07-31": "3.42740", "2011-04-30": "3.82620", "2011-01-31": "5.87920", "2010-10-31": "5.09460", "2010-07-31": "3.74240", "2010-04-30": "3.00230", "2010-01-31": "4.38090", "2009-10-31": "4.22770", "2009-07-31": "3.10340", "2009-04-30": "3.30280", "2009-01-31": "3.42760", "2008-10-31": "3.00930", "2008-07-31": "2.18920", "2008-04-30": "3.26050", "2008-01-31": "3.80280", "2007-10-31": "4.52800", "2007-07-31": "2.52350", "2007-04-30": "2.99870", "2007-01-31": "3.37560", "2006-10-31": "4.18050", "2006-07-31": "2.84450", "2006-04-30": "3.27920", "2006-01-31": "3.45530", "2005-10-31": "4.21870", "2005-07-31": "2.75720", "2005-04-30": "3.01810", "2005-01-31": "3.56680"}, "Book Value Per Share": {"2020-10-31": "11.91050", "2020-07-31": "11.62760", "2020-04-30": "11.44120", "2020-01-31": "11.34330", "2019-10-31": "11.08640", "2019-07-31": "11.03910", "2019-04-30": "11.00890", "2019-01-31": "10.68160", "2018-10-31": "10.49330", "2018-07-31": "10.15950", "2018-04-30": "9.98170", "2018-01-31": "9.72730", "2017-10-31": "9.34800", "2017-07-31": "9.00670", "2017-04-30": "8.86680", "2017-01-31": "8.65220", "2016-10-31": "8.42300", "2016-07-31": "8.30400", "2016-04-30": "8.13070", "2016-01-31": "7.86510", "2015-10-31": "7.57250", "2015-07-31": "7.44550", "2015-04-30": "7.27520", "2015-01-31": "7.07490", "2014-10-31": "6.85110", "2014-07-31": "6.77940", "2014-04-30": "6.65540", "2014-01-31": "6.48750", "2013-10-31": "6.28950", "2013-07-31": "5.78270", "2013-04-30": "5.69520", "2013-01-31": "5.54250", "2012-10-31": "5.36970", "2012-07-31": "5.50090", "2012-04-30": "5.32940", "2012-01-31": "5.19060", "2011-10-31": "5.03820", "2011-07-31": "5.00630", "2011-04-30": "4.94220", "2011-01-31": "4.78040", "2010-10-31": "4.52440", "2010-07-31": "4.33560", "2010-04-30": "4.24210", "2010-01-31": "4.14380", "2009-10-31": "3.97530", "2009-07-31": "4.03550", "2009-04-30": "3.92000", "2009-01-31": "3.81340", "2008-10-31": "3.73100", "2008-07-31": "3.74990", "2008-04-30": "3.73590", "2008-01-31": "3.62640", "2007-10-31": "3.47290", "2007-07-31": "3.51760", "2007-04-30": "3.48380", "2007-01-31": "3.41270", "2006-10-31": "3.28180", "2006-07-31": "3.15920", "2006-04-30": "3.08760", "2006-01-31": "2.99960", "2005-10-31": "2.89950", "2005-07-31": "2.75240", "2005-04-30": "2.70130", "2005-01-31": "2.62450"}, "Operating Cash Flow Per Share": {"2020-10-31": 0.4589, "2020-07-31": 0.6013, "2020-04-30": 0.6577, "2020-01-31": "0.34580", "2019-10-31": 0.6391, "2019-07-31": 0.3846, "2019-04-30": 0.3266, "2019-01-31": "0.34260", "2018-10-31": 0.9163, "2018-07-31": 0.55, "2018-04-30": 0.2571, "2018-01-31": "0.55970", "2017-10-31": 0.9315, "2017-07-31": 0.4663, "2017-04-30": 0.1584, "2017-01-31": "0.36150", "2016-10-31": 0.7705, "2016-07-31": 0.3943, "2016-04-30": 0.2389, "2016-01-31": "0.51350", "2015-10-31": 0.5582, "2015-07-31": 0.4513, "2015-04-30": 0.3677, "2015-01-31": "0.45640", "2014-10-31": 0.6528, "2014-07-31": 0.2206, "2014-04-30": -0.0729, "2014-01-31": "0.58150", "2013-10-31": 0.3882, "2013-07-31": 0.3163, "2013-04-30": 0.2121, "2013-01-31": "0.26350", "2012-10-31": 0.4343, "2012-07-31": 0.1326, "2012-04-30": 0.1137, "2012-01-31": "0.28220", "2011-10-31": 0.3164, "2011-07-31": 0.0799, "2011-04-30": 0.2014, "2011-01-31": "0.30420", "2010-10-31": 0.3944, "2010-07-31": 0.1717, "2010-04-30": 0.1203, "2010-01-31": "0.21040", "2009-10-31": 0.4192, "2009-07-31": 0.1243, "2009-04-30": 0.1612, "2009-01-31": "0.32630", "2008-10-31": 0.1606, "2008-07-31": 0.117, "2008-04-30": -0.0674, "2008-01-31": "0.28500", "2007-10-31": 0.317, "2007-07-31": 0.1203, "2007-04-30": 0.0613, "2007-01-31": "0.09760", "2006-10-31": 0.2838, "2006-07-31": 0.1226, "2006-04-30": 0.1698, "2006-01-31": "0.00900", "2005-10-31": 0.3181, "2005-07-31": 0.2634, "2005-04-30": 0.0817, "2005-01-31": "0.14950"}, "Free Cash Flow Per Share": {"2020-10-31": 0.2019, "2020-07-31": 0.441, "2020-04-30": 0.511, "2020-01-31": "0.24100", "2019-10-31": 0.3857, "2019-07-31": 0.271, "2019-04-30": 0.2399, "2019-01-31": "0.32590", "2018-10-31": 0.6533, "2018-07-31": 0.3628, "2018-04-30": 0.1063, "2018-01-31": "0.46230", "2017-10-31": 0.7437, "2017-07-31": 0.3911, "2017-04-30": 0.0808, "2017-01-31": "0.29860", "2016-10-31": 0.612, "2016-07-31": 0.2718, "2016-04-30": 0.1194, "2016-01-31": "0.45440", "2015-10-31": 0.4772, "2015-07-31": 0.3814, "2015-04-30": 0.3194, "2015-01-31": "0.42350", "2014-10-31": 0.5683, "2014-07-31": 0.1607, "2014-04-30": -0.1433, "2014-01-31": "0.52090", "2013-10-31": 0.3244, "2013-07-31": 0.2775, "2013-04-30": 0.1716, "2013-01-31": "0.22790", "2012-10-31": 0.365, "2012-07-31": 0.0693, "2012-04-30": 0.0633, "2012-01-31": "0.22770", "2011-10-31": 0.243, "2011-07-31": 0.045, "2011-04-30": 0.168, "2011-01-31": "0.27580", "2010-10-31": 0.3496, "2010-07-31": 0.1293, "2010-04-30": 0.0833, "2010-01-31": "0.17780", "2009-10-31": 0.3743, "2009-07-31": 0.0804, "2009-04-30": 0.1246, "2009-01-31": "0.28200", "2008-10-31": 0.1084, "2008-07-31": 0.066, "2008-04-30": -0.1312, "2008-01-31": "0.22830", "2007-10-31": 0.2748, "2007-07-31": 0.0777, "2007-04-30": 0.0009, "2007-01-31": "0.03780", "2006-10-31": 0.2302, "2006-07-31": 0.0484, "2006-04-30": 0.103, "2006-01-31": "-0.03430", "2005-10-31": 0.2686, "2005-07-31": 0.2138, "2005-04-30": 0.0377, "2005-01-31": "0.10600"}}, "revenue": {"Hormel Foods Annual Revenue (Millions of US $)": {"2020": "$9,608", "2019": "$9,497", "2018": "$9,546", "2017": "$9,168", "2016": "$9,523", "2015": "$9,264", "2014": "$9,316", "2013": "$8,752", "2012": "$8,231", "2011": "$7,895", "2010": "$7,221", "2009": "$6,534", "2008": "$6,755", "2007": "$6,193", "2006": "$5,745", "2005": "$5,414"}, "Hormel Foods Quarterly Revenue (Millions of US $)": {"2020-10-31": "$2,420", "2020-07-31": "$2,381", "2020-04-30": "$2,422", "2020-01-31": "$2,384", "2019-10-31": "$2,502", "2019-07-31": "$2,291", "2019-04-30": "$2,345", "2019-01-31": "$2,360", "2018-10-31": "$2,525", "2018-07-31": "$2,359", "2018-04-30": "$2,331", "2018-01-31": "$2,331", "2017-10-31": "$2,493", "2017-07-31": "$2,207", "2017-04-30": "$2,187", "2017-01-31": "$2,280", "2016-10-31": "$2,628", "2016-07-31": "$2,302", "2016-04-30": "$2,300", "2016-01-31": "$2,293", "2015-10-31": "$2,401", "2015-07-31": "$2,189", "2015-04-30": "$2,279", "2015-01-31": "$2,395", "2014-10-31": "$2,544", "2014-07-31": "$2,285", "2014-04-30": "$2,245", "2014-01-31": "$2,243", "2013-10-31": "$2,323", "2013-07-31": "$2,160", "2013-04-30": "$2,153", "2013-01-31": "$2,116", "2012-10-31": "$2,170", "2012-07-31": "$2,008", "2012-04-30": "$2,013", "2012-01-31": "$2,039", "2011-10-31": "$2,104", "2011-07-31": "$1,911", "2011-04-30": "$1,959", "2011-01-31": "$1,922", "2010-10-31": "$2,063", "2010-07-31": "$1,730", "2010-04-30": "$1,700", "2010-01-31": "$1,727", "2009-10-31": "$1,675", "2009-07-31": "$1,574", "2009-04-30": "$1,595", "2009-01-31": "$1,689", "2008-10-31": "$1,862", "2008-07-31": "$1,678", "2008-04-30": "$1,594", "2008-01-31": "$1,621", "2007-10-31": "$1,664", "2007-07-31": "$1,520", "2007-04-30": "$1,505", "2007-01-31": "$1,504", "2006-10-31": "$1,557", "2006-07-31": "$1,407", "2006-04-30": "$1,365", "2006-01-31": "$1,416", "2005-10-31": "$1,478", "2005-07-31": "$1,355", "2005-04-30": "$1,310", "2005-01-31": "$1,271"}}, "gross-profit": {"Hormel Foods Annual Gross Profit (Millions of US $)": {"2020": "$1,826", "2019": "$1,885", "2018": "$1,979", "2017": "$1,997", "2016": "$2,158", "2015": "$1,809", "2014": "$1,565", "2013": "$1,413", "2012": "$1,332", "2011": "$1,334", "2010": "$1,239", "2009": "$1,099", "2008": "$1,062", "2007": "$1,003", "2006": "$1,383", "2005": "$1,284"}, "Hormel Foods Quarterly Gross Profit (Millions of US $)": {"2020-10-31": "$458", "2020-07-31": "$422", "2020-04-30": "$477", "2020-01-31": "$468", "2019-10-31": "$494", "2019-07-31": "$433", "2019-04-30": "$469", "2019-01-31": "$488", "2018-10-31": "$533", "2018-07-31": "$455", "2018-04-30": "$493", "2018-01-31": "$498", "2017-10-31": "$505", "2017-07-31": "$452", "2017-04-30": "$487", "2017-01-31": "$552", "2016-10-31": "$599", "2016-07-31": "$475", "2016-04-30": "$526", "2016-01-31": "$558", "2015-10-31": "$495", "2015-07-31": "$409", "2015-04-30": "$460", "2015-01-31": "$445", "2014-10-31": "$424", "2014-07-31": "$364", "2014-04-30": "$379", "2014-01-31": "$399", "2013-10-31": "$386", "2013-07-31": "$330", "2013-04-30": "$353", "2013-01-31": "$344", "2012-10-31": "$352", "2012-07-31": "$307", "2012-04-30": "$336", "2012-01-31": "$337", "2011-10-31": "$336", "2011-07-31": "$298", "2011-04-30": "$326", "2011-01-31": "$374", "2010-10-31": "$355", "2010-07-31": "$285", "2010-04-30": "$280", "2010-01-31": "$318", "2009-10-31": "$304", "2009-07-31": "$260", "2009-04-30": "$262", "2009-01-31": "$272", "2008-10-31": "$276", "2008-07-31": "$229", "2008-04-30": "$264", "2008-01-31": "$293", "2007-10-31": "$-26", "2007-07-31": "$323", "2007-04-30": "$346", "2007-01-31": "$359", "2006-10-31": "$377", "2006-07-31": "$322", "2006-04-30": "$331", "2006-01-31": "$353", "2005-10-31": "$368", "2005-07-31": "$301", "2005-04-30": "$303", "2005-01-31": "$312"}}, "operating-income": {"Hormel Foods Annual Operating Income (Millions of US $)": {"2020": "$1,100", "2019": "$1,196", "2018": "$1,180", "2017": "$1,277", "2016": "$1,324", "2015": "$1,067", "2014": "$932", "2013": "$806", "2012": "$765", "2011": "$742", "2010": "$647", "2009": "$537", "2008": "$517", "2007": "$484", "2006": "$451", "2005": "$426"}, "Hormel Foods Quarterly Operating Income (Millions of US $)": {"2020-10-31": "$277", "2020-07-31": "$250", "2020-04-30": "$293", "2020-01-31": "$280", "2019-10-31": "$321", "2019-07-31": "$257", "2019-04-30": "$312", "2019-01-31": "$306", "2018-10-31": "$320", "2018-07-31": "$257", "2018-04-30": "$302", "2018-01-31": "$302", "2017-10-31": "$326", "2017-07-31": "$280", "2017-04-30": "$316", "2017-01-31": "$355", "2016-10-31": "$366", "2016-07-31": "$275", "2016-04-30": "$324", "2016-01-31": "$360", "2015-10-31": "$292", "2015-07-31": "$231", "2015-04-30": "$278", "2015-01-31": "$266", "2014-10-31": "$263", "2014-07-31": "$215", "2014-04-30": "$217", "2014-01-31": "$237", "2013-10-31": "$240", "2013-07-31": "$181", "2013-04-30": "$187", "2013-01-31": "$198", "2012-10-31": "$202", "2012-07-31": "$172", "2012-04-30": "$195", "2012-01-31": "$196", "2011-10-31": "$187", "2011-07-31": "$147", "2011-04-30": "$173", "2011-01-31": "$236", "2010-10-31": "$193", "2010-07-31": "$141", "2010-04-30": "$138", "2010-01-31": "$176", "2009-10-31": "$163", "2009-07-31": "$120", "2009-04-30": "$124", "2009-01-31": "$130", "2008-10-31": "$147", "2008-07-31": "$94", "2008-04-30": "$125", "2008-01-31": "$151", "2007-10-31": "$156", "2007-07-31": "$96", "2007-04-30": "$113", "2007-01-31": "$120", "2006-10-31": "$145", "2006-07-31": "$95", "2006-04-30": "$105", "2006-01-31": "$106", "2005-10-31": "$140", "2005-07-31": "$86", "2005-04-30": "$95", "2005-01-31": "$105"}}, "ebitda": {"Hormel Foods Annual EBITDA (Millions of US $)": {"2020": "$1,342", "2019": "$1,401", "2018": "$1,418", "2017": "$1,447", "2016": "$1,496", "2015": "$1,246", "2014": "$1,079", "2013": "$951", "2012": "$923", "2011": "$893", "2010": "$785", "2009": "$669", "2008": "$650", "2007": "$614", "2006": "$576", "2005": "$547"}, "Hormel Foods Quarterly EBITDA (Millions of US $)": {"2020-10-31": "$342", "2020-07-31": "$308", "2020-04-30": "$354", "2020-01-31": "$337", "2019-10-31": "$375", "2019-07-31": "$302", "2019-04-30": "$366", "2019-01-31": "$358", "2018-10-31": "$386", "2018-07-31": "$311", "2018-04-30": "$356", "2018-01-31": "$365", "2017-10-31": "$373", "2017-07-31": "$316", "2017-04-30": "$358", "2017-01-31": "$400", "2016-10-31": "$412", "2016-07-31": "$314", "2016-04-30": "$367", "2016-01-31": "$403", "2015-10-31": "$356", "2015-07-31": "$271", "2015-04-30": "$319", "2015-01-31": "$300", "2014-10-31": "$302", "2014-07-31": "$251", "2014-04-30": "$252", "2014-01-31": "$274", "2013-10-31": "$274", "2013-07-31": "$214", "2013-04-30": "$225", "2013-01-31": "$238", "2012-10-31": "$243", "2012-07-31": "$211", "2012-04-30": "$231", "2012-01-31": "$238", "2011-10-31": "$226", "2011-07-31": "$183", "2011-04-30": "$211", "2011-01-31": "$274", "2010-10-31": "$230", "2010-07-31": "$173", "2010-04-30": "$172", "2010-01-31": "$209", "2009-10-31": "$197", "2009-07-31": "$152", "2009-04-30": "$157", "2009-01-31": "$162", "2008-10-31": "$182", "2008-07-31": "$125", "2008-04-30": "$156", "2008-01-31": "$186", "2007-10-31": "$190", "2007-07-31": "$128", "2007-04-30": "$144", "2007-01-31": "$152", "2006-10-31": "$178", "2006-07-31": "$125", "2006-04-30": "$136", "2006-01-31": "$138", "2005-10-31": "$169", "2005-07-31": "$118", "2005-04-30": "$126", "2005-01-31": "$134"}}, "net-income": {"Hormel Foods Annual Net Income (Millions of US $)": {"2020": "$908", "2019": "$979", "2018": "$1,012", "2017": "$847", "2016": "$890", "2015": "$686", "2014": "$603", "2013": "$526", "2012": "$500", "2011": "$474", "2010": "$396", "2009": "$343", "2008": "$286", "2007": "$302", "2006": "$286", "2005": "$255"}, "Hormel Foods Quarterly Net Income (Millions of US $)": {"2020-10-31": "$234", "2020-07-31": "$203", "2020-04-30": "$228", "2020-01-31": "$243", "2019-10-31": "$256", "2019-07-31": "$199", "2019-04-30": "$282", "2019-01-31": "$241", "2018-10-31": "$261", "2018-07-31": "$210", "2018-04-30": "$237", "2018-01-31": "$303", "2017-10-31": "$218", "2017-07-31": "$183", "2017-04-30": "$211", "2017-01-31": "$235", "2016-10-31": "$244", "2016-07-31": "$196", "2016-04-30": "$215", "2016-01-31": "$235", "2015-10-31": "$187", "2015-07-31": "$147", "2015-04-30": "$180", "2015-01-31": "$172", "2014-10-31": "$171", "2014-07-31": "$138", "2014-04-30": "$140", "2014-01-31": "$153", "2013-10-31": "$157", "2013-07-31": "$114", "2013-04-30": "$126", "2013-01-31": "$130", "2012-10-31": "$133", "2012-07-31": "$111", "2012-04-30": "$128", "2012-01-31": "$128", "2011-10-31": "$117", "2011-07-31": "$98", "2011-04-30": "$110", "2011-01-31": "$149", "2010-10-31": "$121", "2010-07-31": "$85", "2010-04-30": "$78", "2010-01-31": "$111", "2009-10-31": "$104", "2009-07-31": "$77", "2009-04-30": "$80", "2009-01-31": "$81", "2008-10-31": "$68", "2008-07-31": "$52", "2008-04-30": "$78", "2008-01-31": "$88", "2007-10-31": "$101", "2007-07-31": "$57", "2007-04-30": "$68", "2007-01-31": "$75", "2006-10-31": "$90", "2006-07-31": "$60", "2006-04-30": "$67", "2006-01-31": "$69", "2005-10-31": "$82", "2005-07-31": "$52", "2005-04-30": "$56", "2005-01-31": "$65"}}, "eps-earnings-per-share-diluted": {"Hormel Foods Annual EPS": {"2020": "$1.66", "2019": "$1.80", "2018": "$1.86", "2017": "$1.57", "2016": "$1.64", "2015": "$1.27", "2014": "$1.12", "2013": "$0.98", "2012": "$0.93", "2011": "$0.87", "2010": "$0.73", "2009": "$0.64", "2008": "$0.52", "2007": "$0.54", "2006": "$0.51", "2005": "$0.46"}, "Hormel Foods Quarterly EPS": {"2020-10-31": "$0.42", "2020-07-31": "$0.37", "2020-04-30": "$0.42", "2020-01-31": "$0.45", "2019-10-31": "$0.47", "2019-07-31": "$0.37", "2019-04-30": "$0.52", "2019-01-31": "$0.44", "2018-10-31": "$0.47", "2018-07-31": "$0.39", "2018-04-30": "$0.44", "2018-01-31": "$0.56", "2017-10-31": "$0.40", "2017-07-31": "$0.34", "2017-04-30": "$0.39", "2017-01-31": "$0.44", "2016-10-31": "$0.45", "2016-07-31": "$0.36", "2016-04-30": "$0.40", "2016-01-31": "$0.43", "2015-10-31": "$0.35", "2015-07-31": "$0.27", "2015-04-30": "$0.33", "2015-01-31": "$0.32", "2014-10-31": "$0.32", "2014-07-31": "$0.26", "2014-04-30": "$0.26", "2014-01-31": "$0.29", "2013-10-31": "$0.30", "2013-07-31": "$0.21", "2013-04-30": "$0.23", "2013-01-31": "$0.24", "2012-10-31": "$0.25", "2012-07-31": "$0.21", "2012-04-30": "$0.24", "2012-01-31": "$0.24", "2011-10-31": "$0.22", "2011-07-31": "$0.18", "2011-04-30": "$0.20", "2011-01-31": "$0.28", "2010-10-31": "$0.22", "2010-07-31": "$0.16", "2010-04-30": "$0.15", "2010-01-31": "$0.21", "2009-10-31": "$0.20", "2009-07-31": "$0.14", "2009-04-30": "$0.15", "2009-01-31": "$0.15", "2008-10-31": "$0.13", "2008-07-31": "$0.10", "2008-04-30": "$0.14", "2008-01-31": "$0.16", "2007-10-31": "$0.18", "2007-07-31": "$0.10", "2007-04-30": "$0.12", "2007-01-31": "$0.14", "2006-10-31": "$0.16", "2006-07-31": "$0.11", "2006-04-30": "$0.12", "2006-01-31": "$0.13", "2005-10-31": "$0.15", "2005-07-31": "$0.09", "2005-04-30": "$0.10", "2005-01-31": "$0.12"}}, "shares-outstanding": {"Hormel Foods Annual Shares Outstanding (Millions of Shares)": {"2020": "547", "2019": "545", "2018": "544", "2017": "539", "2016": "542", "2015": "541", "2014": "540", "2013": "540", "2012": "538", "2011": "544", "2010": "541", "2009": "542", "2008": "549", "2007": "557", "2006": "558", "2005": "558"}, "Hormel Foods Quarterly Shares Outstanding (Millions of Shares)": {"2020-10-31": "547", "2020-07-31": "547", "2020-04-30": "546", "2020-01-31": "545", "2019-10-31": "545", "2019-07-31": "544", "2019-04-30": "546", "2019-01-31": "547", "2018-10-31": "544", "2018-07-31": "544", "2018-04-30": "543", "2018-01-31": "543", "2017-10-31": "539", "2017-07-31": "539", "2017-04-30": "540", "2017-01-31": "540", "2016-10-31": "542", "2016-07-31": "542", "2016-04-30": "544", "2016-01-31": "543", "2015-10-31": "541", "2015-07-31": "541", "2015-04-30": "541", "2015-01-31": "540", "2014-10-31": "540", "2014-07-31": "541", "2014-04-30": "541", "2014-01-31": "540", "2013-10-31": "540", "2013-07-31": "542", "2013-04-30": "542", "2013-01-31": "538", "2012-10-31": "538", "2012-07-31": "537", "2012-04-30": "538", "2012-01-31": "539", "2011-10-31": "544", "2011-07-31": "546", "2011-04-30": "546", "2011-01-31": "543", "2010-10-31": "541", "2010-07-31": "541", "2010-04-30": "542", "2010-01-31": "541", "2009-10-31": "542", "2009-07-31": "543", "2009-04-30": "541", "2009-01-31": "541", "2008-10-31": "549", "2008-07-31": "548", "2008-04-30": "550", "2008-01-31": "551", "2007-10-31": "557", "2007-07-31": "558", "2007-04-30": "559", "2007-01-31": "558", "2006-10-31": "558", "2006-07-31": "559", "2006-04-30": "558", "2006-01-31": "557", "2005-10-31": "558", "2005-07-31": "558", "2005-04-30": "559", "2005-01-31": "559"}}, "total-assets": {"Hormel Foods Annual Total Assets (Millions of US $)": {"2020": "$9,908", "2019": "$8,109", "2018": "$8,142", "2017": "$6,976", "2016": "$6,370", "2015": "$6,140", "2014": "$5,456", "2013": "$4,916", "2012": "$4,564", "2011": "$4,244", "2010": "$4,054", "2009": "$3,692", "2008": "$3,616", "2007": "$3,394", "2006": "$3,060", "2005": "$2,847"}, "Hormel Foods Quarterly Total Assets (Millions of US $)": {"2020-10-31": "$9,908", "2020-07-31": "$9,600", "2020-04-30": "$8,395", "2020-01-31": "$8,290", "2019-10-31": "$8,109", "2019-07-31": "$7,955", "2019-04-30": "$7,936", "2019-01-31": "$8,155", "2018-10-31": "$8,142", "2018-07-31": "$7,895", "2018-04-30": "$7,830", "2018-01-31": "$7,859", "2017-10-31": "$6,976", "2017-07-31": "$6,508", "2017-04-30": "$6,386", "2017-01-31": "$6,366", "2016-10-31": "$6,370", "2016-07-31": "$6,388", "2016-04-30": "$6,110", "2016-01-31": "$6,041", "2015-10-31": "$6,140", "2015-07-31": "$6,091", "2015-04-30": "$5,623", "2015-01-31": "$5,560", "2014-10-31": "$5,456", "2014-07-31": "$5,188", "2014-04-30": "$5,086", "2014-01-31": "$5,067", "2013-10-31": "$4,916", "2013-07-31": "$4,761", "2013-04-30": "$4,668", "2013-01-31": "$4,623", "2012-10-31": "$4,564", "2012-07-31": "$4,383", "2012-04-30": "$4,315", "2012-01-31": "$4,270", "2011-10-31": "$4,244", "2011-07-31": "$4,150", "2011-04-30": "$4,451", "2011-01-31": "$4,123", "2010-10-31": "$4,054", "2010-07-31": "$3,845", "2010-04-30": "$3,784", "2010-01-31": "$3,731", "2009-10-31": "$3,692", "2009-07-31": "$3,677", "2009-04-30": "$3,634", "2009-01-31": "$3,631", "2008-10-31": "$3,616", "2008-07-31": "$3,558", "2008-04-30": "$3,471", "2008-01-31": "$3,431", "2007-10-31": "$3,394", "2007-07-31": "$3,124", "2007-04-30": "$3,109", "2007-01-31": "$3,084", "2006-10-31": "$3,060", "2006-07-31": "$2,979", "2006-04-30": "$2,932", "2006-01-31": "$2,837", "2005-10-31": "$2,847", "2005-07-31": "$2,735", "2005-04-30": "$2,725", "2005-01-31": "$2,605"}}, "cash-on-hand": {"Hormel Foods Annual Cash on Hand (Millions of US $)": {"2020": "$1,732", "2019": "$688", "2018": "$459", "2017": "$444", "2016": "$415", "2015": "$347", "2014": "$334", "2013": "$434", "2012": "$760", "2011": "$539", "2010": "$518", "2009": "$385", "2008": "$155", "2007": "$150", "2006": "$172", "2005": "$170"}, "Hormel Foods Quarterly Cash on Hand (Millions of US $)": {"2020-10-31": "$1,732", "2020-07-31": "$1,747", "2020-04-30": "$623", "2020-01-31": "$739", "2019-10-31": "$688", "2019-07-31": "$574", "2019-04-30": "$646", "2019-01-31": "$513", "2018-10-31": "$459", "2018-07-31": "$269", "2018-04-30": "$262", "2018-01-31": "$386", "2017-10-31": "$444", "2017-07-31": "$633", "2017-04-30": "$549", "2017-01-31": "$610", "2016-10-31": "$415", "2016-07-31": "$380", "2016-04-30": "$380", "2016-01-31": "$375", "2015-10-31": "$347", "2015-07-31": "$349", "2015-04-30": "$624", "2015-01-31": "$527", "2014-10-31": "$334", "2014-07-31": "$531", "2014-04-30": "$499", "2014-01-31": "$640", "2013-10-31": "$434", "2013-07-31": "$329", "2013-04-30": "$263", "2013-01-31": "$888", "2012-10-31": "$760", "2012-07-31": "$610", "2012-04-30": "$602", "2012-01-31": "$625", "2011-10-31": "$539", "2011-07-31": "$573", "2011-04-30": "$965", "2011-01-31": "$650", "2010-10-31": "$518", "2010-07-31": "$427", "2010-04-30": "$405", "2010-01-31": "$449", "2009-10-31": "$385", "2009-07-31": "$295", "2009-04-30": "$312", "2009-01-31": "$267", "2008-10-31": "$155", "2008-07-31": "$110", "2008-04-30": "$107", "2008-01-31": "$192", "2007-10-31": "$150", "2007-07-31": "$105", "2007-04-30": "$108", "2007-01-31": "$139", "2006-10-31": "$172", "2006-07-31": "$139", "2006-04-30": "$121", "2006-01-31": "$130", "2005-10-31": "$170", "2005-07-31": "$135", "2005-04-30": "$92", "2005-01-31": "$145"}}, "long-term-debt": {"Hormel Foods Annual Long Term Debt (Millions of US $)": {"2020": "$1,045", "2019": "$250", "2018": "$625", "2017": "$250", "2016": "$250", "2015": "$250", "2014": "$250", "2013": "$250", "2012": "$250", "2011": "$250", "2010": "$", "2009": "$350", "2008": "$350", "2007": "$350", "2006": "$350", "2005": "$350"}, "Hormel Foods Quarterly Long Term Debt (Millions of US $)": {"2020-10-31": "$1,045", "2020-07-31": "$1,047", "2020-04-30": "$57", "2020-01-31": "$309", "2019-10-31": "$250", "2019-07-31": "$250", "2019-04-30": "$250", "2019-01-31": "$250", "2018-10-31": "$625", "2018-07-31": "$625", "2018-04-30": "$625", "2018-01-31": "$625", "2017-10-31": "$250", "2017-07-31": "$250", "2017-04-30": "$250", "2017-01-31": "$250", "2016-10-31": "$250", "2016-07-31": "$250", "2016-04-30": "$250", "2016-01-31": "$250", "2015-10-31": "$250", "2015-07-31": "$250", "2015-04-30": "$250", "2015-01-31": "$250", "2014-10-31": "$250", "2014-07-31": "$250", "2014-04-30": "$250", "2014-01-31": "$250", "2013-10-31": "$250", "2013-07-31": "$250", "2013-04-30": "$250", "2013-01-31": "$250", "2012-10-31": "$250", "2012-07-31": "$250", "2012-04-30": "$250", "2012-01-31": "$250", "2011-10-31": "$250", "2011-07-31": "$250", "2011-04-30": "$250", "2011-01-31": "", "2010-10-31": "", "2010-07-31": "", "2010-04-30": "$350", "2010-01-31": "$350", "2009-10-31": "$350", "2009-07-31": "$350", "2009-04-30": "$350", "2009-01-31": "$350", "2008-10-31": "$350", "2008-07-31": "$350", "2008-04-30": "$350", "2008-01-31": "$350", "2007-10-31": "$350", "2007-07-31": "$350", "2007-04-30": "$350", "2007-01-31": "$350", "2006-10-31": "$350", "2006-07-31": "$350", "2006-04-30": "$350", "2006-01-31": "$350", "2005-10-31": "$350", "2005-07-31": "$361", "2005-04-30": "$361", "2005-01-31": "$361"}}, "total-liabilities": {"Hormel Foods Annual Total Liabilities (Millions of US $)": {"2020": "$3,478", "2019": "$2,183", "2018": "$2,537", "2017": "$2,036", "2016": "$1,919", "2015": "$2,138", "2014": "$1,844", "2013": "$1,599", "2012": "$1,739", "2011": "$1,585", "2010": "$1,647", "2009": "$1,568", "2008": "$1,609", "2007": "$1,509", "2006": "$1,257", "2005": "$1,248"}, "Hormel Foods Quarterly Total Liabilities (Millions of US $)": {"2020-10-31": "$3,478", "2020-07-31": "$3,329", "2020-04-30": "$2,229", "2020-01-31": "$2,194", "2019-10-31": "$2,183", "2019-07-31": "$2,063", "2019-04-30": "$2,034", "2019-01-31": "$2,450", "2018-10-31": "$2,537", "2018-07-31": "$2,500", "2018-04-30": "$2,538", "2018-01-31": "$2,703", "2017-10-31": "$2,036", "2017-07-31": "$1,755", "2017-04-30": "$1,699", "2017-01-31": "$1,791", "2016-10-31": "$1,919", "2016-07-31": "$1,994", "2016-04-30": "$1,801", "2016-01-31": "$1,877", "2015-10-31": "$2,138", "2015-07-31": "$2,155", "2015-04-30": "$1,779", "2015-01-31": "$1,827", "2014-10-31": "$1,844", "2014-07-31": "$1,609", "2014-04-30": "$1,573", "2014-01-31": "$1,643", "2013-10-31": "$1,599", "2013-07-31": "$1,707", "2013-04-30": "$1,650", "2013-01-31": "$1,689", "2012-10-31": "$1,739", "2012-07-31": "$1,486", "2012-04-30": "$1,509", "2012-01-31": "$1,531", "2011-10-31": "$1,585", "2011-07-31": "$1,483", "2011-04-30": "$1,808", "2011-01-31": "$1,571", "2010-10-31": "$1,647", "2010-07-31": "$1,537", "2010-04-30": "$1,518", "2010-01-31": "$1,518", "2009-10-31": "$1,568", "2009-07-31": "$1,510", "2009-04-30": "$1,528", "2009-01-31": "$1,583", "2008-10-31": "$1,609", "2008-07-31": "$1,535", "2008-04-30": "$1,442", "2008-01-31": "$1,462", "2007-10-31": "$1,509", "2007-07-31": "$1,201", "2007-04-30": "$1,192", "2007-01-31": "$1,202", "2006-10-31": "$1,257", "2006-07-31": "$1,236", "2006-04-30": "$1,229", "2006-01-31": "$1,182", "2005-10-31": "$1,248", "2005-07-31": "$1,219", "2005-04-30": "$1,231", "2005-01-31": "$1,155"}}, "total-share-holder-equity": {"Hormel Foods Annual Share Holder Equity (Millions of US $)": {"2020": "$6,430", "2019": "$5,926", "2018": "$5,605", "2017": "$4,940", "2016": "$4,451", "2015": "$4,001", "2014": "$3,612", "2013": "$3,317", "2012": "$2,825", "2011": "$2,660", "2010": "$2,407", "2009": "$2,124", "2008": "$2,008", "2007": "$1,885", "2006": "$1,803", "2005": "$1,599"}, "Hormel Foods Quarterly Share Holder Equity (Millions of US $)": {"2020-10-31": "$6,430", "2020-07-31": "$6,272", "2020-04-30": "$6,166", "2020-01-31": "$6,096", "2019-10-31": "$5,926", "2019-07-31": "$5,891", "2019-04-30": "$5,902", "2019-01-31": "$5,706", "2018-10-31": "$5,605", "2018-07-31": "$5,396", "2018-04-30": "$5,292", "2018-01-31": "$5,155", "2017-10-31": "$4,940", "2017-07-31": "$4,753", "2017-04-30": "$4,686", "2017-01-31": "$4,575", "2016-10-31": "$4,451", "2016-07-31": "$4,394", "2016-04-30": "$4,310", "2016-01-31": "$4,164", "2015-10-31": "$4,001", "2015-07-31": "$3,936", "2015-04-30": "$3,844", "2015-01-31": "$3,732", "2014-10-31": "$3,612", "2014-07-31": "$3,580", "2014-04-30": "$3,513", "2014-01-31": "$3,424", "2013-10-31": "$3,317", "2013-07-31": "$3,054", "2013-04-30": "$3,018", "2013-01-31": "$2,934", "2012-10-31": "$2,825", "2012-07-31": "$2,896", "2012-04-30": "$2,806", "2012-01-31": "$2,739", "2011-10-31": "$2,660", "2011-07-31": "$2,667", "2011-04-30": "$2,643", "2011-01-31": "$2,552", "2010-10-31": "$2,407", "2010-07-31": "$2,308", "2010-04-30": "$2,266", "2010-01-31": "$2,213", "2009-10-31": "$2,124", "2009-07-31": "$2,166", "2009-04-30": "$2,106", "2009-01-31": "$2,048", "2008-10-31": "$2,008", "2008-07-31": "$2,023", "2008-04-30": "$2,029", "2008-01-31": "$1,969", "2007-10-31": "$1,885", "2007-07-31": "$1,924", "2007-04-30": "$1,918", "2007-01-31": "$1,881", "2006-10-31": "$1,803", "2006-07-31": "$1,743", "2006-04-30": "$1,702", "2006-01-31": "$1,655", "2005-10-31": "$1,599", "2005-07-31": "$1,516", "2005-04-30": "$1,494", "2005-01-31": "$1,451"}}, "profit-margins": {"current": "9.45%"}, "gross margin": {"2020-10-31": "19.00%", "2020-07-31": "19.21%", "2020-04-30": "19.50%", "2020-01-31": "19.58%", "2019-10-31": "19.84%", "2019-07-31": "20.20%", "2019-04-30": "20.28%", "2019-01-31": "20.56%", "2018-10-31": "20.73%", "2018-07-31": "20.51%", "2018-04-30": "20.81%", "2018-01-31": "21.07%", "2017-10-31": "21.77%", "2017-07-31": "22.47%", "2017-04-30": "22.49%", "2017-01-31": "22.63%", "2016-10-31": "22.66%", "2016-07-31": "22.10%", "2016-04-30": "21.65%", "2016-01-31": "20.98%", "2015-10-31": "19.53%", "2015-07-31": "18.48%", "2015-04-30": "17.82%", "2015-01-31": "17.02%", "2014-10-31": "16.81%", "2014-07-31": "16.80%", "2014-04-30": "16.65%", "2014-01-31": "16.53%", "2013-10-31": "16.14%", "2013-07-31": "16.04%", "2013-04-30": "16.05%", "2013-01-31": "16.12%", "2012-10-31": "16.18%", "2012-07-31": "16.12%", "2012-04-30": "16.20%", "2012-01-31": "16.19%", "2011-10-31": "16.89%", "2011-07-31": "17.22%", "2011-04-30": "17.46%", "2011-01-31": "17.45%", "2010-10-31": "17.15%", "2010-07-31": "17.37%", "2010-04-30": "17.41%", "2010-01-31": "17.41%", "2009-10-31": "16.81%", "2009-07-31": "15.92%", "2009-04-30": "15.23%", "2009-01-31": "15.26%", "2008-10-31": "15.72%", "2008-07-31": "11.59%", "2008-04-30": "13.35%", "2008-01-31": "14.83%", "2007-10-31": "16.18%", "2007-07-31": "23.09%", "2007-04-30": "23.51%", "2007-01-31": "23.81%", "2006-10-31": "24.07%", "2006-07-31": "24.25%", "2006-04-30": "24.10%", "2006-01-31": "23.84%", "2005-10-31": "23.72%"}, "operating margin": {"2020-10-31": "11.45%", "2020-07-31": "11.81%", "2020-04-30": "11.99%", "2020-01-31": "12.29%", "2019-10-31": "12.59%", "2019-07-31": "12.55%", "2019-04-30": "12.46%", "2019-01-31": "12.38%", "2018-10-31": "12.37%", "2018-07-31": "12.48%", "2018-04-30": "12.92%", "2018-01-31": "13.28%", "2017-10-31": "13.93%", "2017-07-31": "14.16%", "2017-04-30": "13.96%", "2017-01-31": "13.88%", "2016-10-31": "13.91%", "2016-07-31": "13.46%", "2016-04-30": "13.14%", "2016-01-31": "12.67%", "2015-10-31": "11.52%", "2015-07-31": "11.03%", "2015-04-30": "10.75%", "2015-01-31": "10.15%", "2014-10-31": "10.00%", "2014-07-31": "9.99%", "2014-04-30": "9.75%", "2014-01-31": "9.52%", "2013-10-31": "9.21%", "2013-07-31": "8.93%", "2013-04-30": "8.99%", "2013-01-31": "9.23%", "2012-10-31": "9.30%", "2012-07-31": "9.19%", "2012-04-30": "8.99%", "2012-01-31": "8.77%", "2011-10-31": "9.41%", "2011-07-31": "9.54%", "2011-04-30": "9.68%", "2011-01-31": "9.55%", "2010-10-31": "8.98%", "2010-07-31": "9.05%", "2010-04-30": "8.94%", "2010-01-31": "8.87%", "2009-10-31": "8.22%", "2009-07-31": "7.75%", "2009-04-30": "7.25%", "2009-01-31": "7.27%", "2008-10-31": "7.65%", "2008-07-31": "8.02%", "2008-04-30": "8.25%", "2008-01-31": "8.18%", "2007-10-31": "7.83%", "2007-07-31": "7.79%", "2007-04-30": "7.92%", "2007-01-31": "7.97%", "2006-10-31": "7.85%", "2006-07-31": "7.87%", "2006-04-30": "7.78%", "2006-01-31": "7.68%", "2005-10-31": "7.87%"}, "ebitda margin": {"2020-10-31": "13.96%", "2020-07-31": "14.18%", "2020-04-30": "14.25%", "2020-01-31": "14.49%", "2019-10-31": "14.75%", "2019-07-31": "14.83%", "2019-04-30": "14.82%", "2019-01-31": "14.74%", "2018-10-31": "14.85%", "2018-07-31": "14.77%", "2018-04-30": "15.06%", "2018-01-31": "15.32%", "2017-10-31": "15.78%", "2017-07-31": "15.98%", "2017-04-30": "15.79%", "2017-01-31": "15.70%", "2016-10-31": "15.71%", "2016-07-31": "15.49%", "2016-04-30": "15.21%", "2016-01-31": "14.72%", "2015-10-31": "13.45%", "2015-07-31": "12.67%", "2015-04-30": "12.33%", "2015-01-31": "11.67%", "2014-10-31": "11.58%", "2014-07-31": "11.55%", "2014-04-30": "11.30%", "2014-01-31": "11.12%", "2013-10-31": "10.87%", "2013-07-31": "10.70%", "2013-04-30": "10.86%", "2013-01-31": "11.11%", "2012-10-31": "11.22%", "2012-07-31": "11.10%", "2012-04-30": "10.88%", "2012-01-31": "10.71%", "2011-10-31": "11.32%", "2011-07-31": "11.43%", "2011-04-30": "11.57%", "2011-01-31": "11.45%", "2010-10-31": "10.86%", "2010-07-31": "10.99%", "2010-04-30": "10.93%", "2010-01-31": "10.88%", "2009-10-31": "10.23%", "2009-07-31": "9.72%", "2009-04-30": "9.17%", "2009-01-31": "9.16%", "2008-10-31": "9.61%", "2008-07-31": "10.02%", "2008-04-30": "10.31%", "2008-01-31": "10.27%", "2007-10-31": "9.91%", "2007-07-31": "9.89%", "2007-04-30": "10.03%", "2007-01-31": "10.13%", "2006-10-31": "10.04%", "2006-07-31": "10.02%", "2006-04-30": "9.99%", "2006-01-31": "9.91%", "2005-10-31": "10.10%"}, "pre tax profit margin": {"2020-10-31": "11.60%", "2020-07-31": "11.96%", "2020-04-30": "12.10%", "2020-01-31": "12.53%", "2019-10-31": "12.74%", "2019-07-31": "12.69%", "2019-04-30": "12.57%", "2019-01-31": "12.37%", "2018-10-31": "12.38%", "2018-07-31": "12.51%", "2018-04-30": "12.92%", "2018-01-31": "13.33%", "2017-10-31": "13.95%", "2017-07-31": "14.13%", "2017-04-30": "13.94%", "2017-01-31": "13.86%", "2016-10-31": "13.83%", "2016-07-31": "13.35%", "2016-04-30": "13.01%", "2016-01-31": "12.52%", "2015-10-31": "11.41%", "2015-07-31": "10.94%", "2015-04-30": "10.67%", "2015-01-31": "10.04%", "2014-10-31": "9.90%", "2014-07-31": "9.91%", "2014-04-30": "9.64%", "2014-01-31": "9.43%", "2013-10-31": "9.13%", "2013-07-31": "8.84%", "2013-04-30": "8.90%", "2013-01-31": "9.16%", "2012-10-31": "9.21%", "2012-07-31": "9.03%", "2012-04-30": "8.79%", "2012-01-31": "8.52%", "2011-10-31": "9.11%", "2011-07-31": "9.26%", "2011-04-30": "9.38%", "2011-01-31": "9.22%", "2010-10-31": "8.64%", "2010-07-31": "8.69%", "2010-04-30": "8.67%", "2010-01-31": "8.70%", "2009-10-31": "8.07%", "2009-07-31": "7.28%", "2009-04-30": "6.59%", "2009-01-31": "6.54%", "2008-10-31": "6.81%", "2008-07-31": "7.56%", "2008-04-30": "7.91%", "2008-01-31": "7.83%", "2007-10-31": "7.61%", "2007-07-31": "7.49%", "2007-04-30": "7.60%", "2007-01-31": "7.66%", "2006-10-31": "7.50%", "2006-07-31": "7.47%", "2006-04-30": "7.43%", "2006-01-31": "7.27%", "2005-10-31": "7.52%"}, "net profit margin": {"2020-10-31": "9.45%", "2020-07-31": "9.60%", "2020-04-30": "9.65%", "2020-01-31": "10.29%", "2019-10-31": "10.30%", "2019-07-31": "10.32%", "2019-04-30": "10.37%", "2019-01-31": "9.91%", "2018-10-31": "10.59%", "2018-07-31": "10.17%", "2018-04-30": "10.05%", "2018-01-31": "9.93%", "2017-10-31": "9.24%", "2017-07-31": "9.39%", "2017-04-30": "9.43%", "2017-01-31": "9.36%", "2016-10-31": "9.35%", "2016-07-31": "8.96%", "2016-04-30": "8.54%", "2016-01-31": "8.18%", "2015-10-31": "7.41%", "2015-07-31": "7.12%", "2015-04-30": "6.96%", "2015-01-31": "6.56%", "2014-10-31": "6.46%", "2014-07-31": "6.46%", "2014-04-30": "6.29%", "2014-01-31": "6.19%", "2013-10-31": "6.02%", "2013-07-31": "5.85%", "2013-04-30": "5.92%", "2013-01-31": "6.04%", "2012-10-31": "6.08%", "2012-07-31": "5.93%", "2012-04-30": "5.84%", "2012-01-31": "5.65%", "2011-10-31": "6.00%", "2011-07-31": "6.09%", "2011-04-30": "6.06%", "2011-01-31": "5.84%", "2010-10-31": "5.47%", "2010-07-31": "5.53%", "2010-04-30": "5.54%", "2010-01-31": "5.66%", "2009-10-31": "5.23%", "2009-07-31": "4.55%", "2009-04-30": "4.12%", "2009-01-31": "4.09%", "2008-10-31": "4.23%", "2008-07-31": "4.87%", "2008-04-30": "5.06%", "2008-01-31": "4.98%", "2007-10-31": "4.86%", "2007-07-31": "4.77%", "2007-04-30": "4.91%", "2007-01-31": "5.01%", "2006-10-31": "4.98%", "2006-07-31": "4.91%", "2006-04-30": "4.81%", "2006-01-31": "4.66%", "2005-10-31": "4.71%"}, "pe ratio": {"current": "29.63", "2021-02-11": "28.85", "2020-10-31": "29.00", "2020-07-31": "29.44", "2020-04-30": "26.99", "2020-01-31": "25.60", "2019-10-31": "22.16", "2019-07-31": "21.98", "2019-04-30": "21.07", "2019-01-31": "23.23", "2018-10-31": "22.31", "2018-07-31": "19.02", "2018-04-30": "19.61", "2018-01-31": "19.02", "2017-10-31": "18.47", "2017-07-31": "19.65", "2017-04-30": "19.82", "2017-01-31": "20.29", "2016-10-31": "21.54", "2016-07-31": "22.24", "2016-04-30": "24.29", "2016-01-31": "26.43", "2015-10-31": "24.04", "2015-07-31": "21.50", "2015-04-30": "19.89", "2015-01-31": "19.88", "2014-10-31": "21.48", "2014-07-31": "18.37", "2014-04-30": "20.11", "2014-01-31": "19.64", "2013-10-31": "19.57", "2013-07-31": "19.92", "2013-04-30": "19.44", "2013-01-31": "16.06", "2012-10-31": "13.57", "2012-07-31": "13.18", "2012-04-30": "14.05", "2012-01-31": "14.50", "2011-10-31": "14.18", "2011-07-31": "13.72", "2011-04-30": "14.23", "2011-01-31": "12.75", "2010-10-31": "12.93", "2010-07-31": "12.59", "2010-04-30": "12.15", "2010-01-31": "11.40", "2009-10-31": "11.61", "2009-07-31": "12.73", "2009-04-30": "12.05", "2009-01-31": "11.59", "2008-10-31": "10.70", "2008-07-31": "12.26", "2008-04-30": "13.12", "2008-01-31": "13.23", "2007-10-31": "12.97", "2007-07-31": "12.72", "2007-04-30": "13.88", "2007-01-31": "13.82", "2006-10-31": "13.37"}, "price sales": {"2021-02-11": "2.74", "2020-10-31": "2.75", "2020-07-31": "2.84", "2020-04-30": "2.62", "2020-01-31": "2.65", "2019-10-31": "2.29", "2019-07-31": "2.28", "2019-04-30": "2.19", "2019-01-31": "2.31", "2018-10-31": "2.37", "2018-07-31": "1.95", "2018-04-30": "1.98", "2018-01-31": "1.89", "2017-10-31": "1.72", "2017-07-31": "1.85", "2017-04-30": "1.87", "2017-01-31": "1.91", "2016-10-31": "2.01", "2016-07-31": "1.99", "2016-04-30": "2.07", "2016-01-31": "2.16", "2015-10-31": "1.78", "2015-07-31": "1.53", "2015-04-30": "1.39", "2015-01-31": "1.31", "2014-10-31": "1.39", "2014-07-31": "1.19", "2014-04-30": "1.27", "2014-01-31": "1.21", "2013-10-31": "1.17", "2013-07-31": "1.16", "2013-04-30": "1.14", "2013-01-31": "0.97", "2012-10-31": "0.83", "2012-07-31": "0.78", "2012-04-30": "0.83", "2012-01-31": "0.82", "2011-10-31": "0.85", "2011-07-31": "0.84", "2011-04-30": "0.86", "2011-01-31": "0.75", "2010-10-31": "0.71", "2010-07-31": "0.70", "2010-04-30": "0.67", "2010-01-31": "0.65", "2009-10-31": "0.61", "2009-07-31": "0.58", "2009-04-30": "0.50", "2009-01-31": "0.47", "2008-10-31": "0.45", "2008-07-31": "0.60", "2008-04-30": "0.66", "2008-01-31": "0.66", "2007-10-31": "0.63", "2007-07-31": "0.61", "2007-04-30": "0.68", "2007-01-31": "0.69", "2006-10-31": "0.67"}, "price book": {"current": "4.15", "2021-02-11": "4.05", "2020-10-31": "4.07", "2020-07-31": "4.33", "2020-04-30": "4.03", "2020-01-31": "4.08", "2019-10-31": "3.60", "2019-07-31": "3.60", "2019-04-30": "3.50", "2019-01-31": "3.81", "2018-10-31": "3.98", "2018-07-31": "3.37", "2018-04-30": "3.44", "2018-01-31": "3.32", "2017-10-31": "3.12", "2017-07-31": "3.53", "2017-04-30": "3.67", "2017-01-31": "3.87", "2016-10-31": "4.19", "2016-07-31": "4.11", "2016-04-30": "4.32", "2016-01-31": "4.64", "2015-10-31": "4.03", "2015-07-31": "3.58", "2015-04-30": "3.35", "2015-01-31": "3.23", "2014-10-31": "3.50", "2014-07-31": "2.95", "2014-04-30": "3.16", "2014-01-31": "3.07", "2013-10-31": "3.02", "2013-07-31": "3.19", "2013-04-30": "3.14", "2013-01-31": "2.69", "2012-10-31": "2.35", "2012-07-31": "2.16", "2012-04-30": "2.31", "2012-01-31": "2.33", "2011-10-31": "2.45", "2011-07-31": "2.41", "2011-04-30": "2.47", "2011-01-31": "2.13", "2010-10-31": "2.09", "2010-07-31": "2.02", "2010-04-30": "1.96", "2010-01-31": "1.89", "2009-10-31": "1.85", "2009-07-31": "1.78", "2009-04-30": "1.59", "2009-01-31": "1.55", "2008-10-31": "1.49", "2008-07-31": "1.89", "2008-04-30": "2.05", "2008-01-31": "2.07", "2007-10-31": "2.03", "2007-07-31": "1.88", "2007-04-30": "2.09", "2007-01-31": "2.12", "2006-10-31": "2.09", "2006-07-31": "2.26", "2006-04-30": "2.05", "2006-01-31": "2.10"}, "price fcf": {"2021-02-11": "", "2020-10-31": "$1.39", "2020-07-31": "$1.58", "2020-04-30": "$1.41", "2020-01-31": "$1.14", "2019-10-31": "$1.22", "2019-07-31": "$1.49", "2019-04-30": "$1.58", "2019-01-31": "$1.45", "2018-10-31": "$1.58", "2018-07-31": "$1.68", "2018-04-30": "$1.70", "2018-01-31": "$1.68", "2017-10-31": "$1.51", "2017-07-31": "$1.38", "2017-04-30": "$1.26", "2017-01-31": "$1.30", "2016-10-31": "$1.46", "2016-07-31": "$1.32", "2016-04-30": "$1.43", "2016-01-31": "$1.63", "2015-10-31": "$1.60", "2015-07-31": "$1.69", "2015-04-30": "$1.47", "2015-01-31": "$1.01", "2014-10-31": "$1.11", "2014-07-31": "$0.86", "2014-04-30": "$0.98", "2014-01-31": "$1.29", "2013-10-31": "$1.00", "2013-07-31": "$1.04", "2013-04-30": "$0.83", "2013-01-31": "$0.73", "2012-10-31": "$0.73", "2012-07-31": "$0.60", "2012-04-30": "$0.58", "2012-01-31": "$0.68", "2011-10-31": "$0.73", "2011-07-31": "$0.84", "2011-04-30": "$0.92", "2011-01-31": "$0.84", "2010-10-31": "$0.74", "2010-07-31": "$0.76", "2010-04-30": "$0.72", "2010-01-31": "$0.76", "2009-10-31": "$0.86", "2009-07-31": "$0.60", "2009-04-30": "$0.58", "2009-01-31": "$0.33", "2008-10-31": "$0.27", "2008-07-31": "$0.44", "2008-04-30": "$0.45", "2008-01-31": "$0.58", "2007-10-31": "$0.39", "2007-07-31": "$0.35", "2007-04-30": "$0.32", "2007-01-31": "$0.42", "2006-10-31": "$0.35"}, "net worth": {"value": "$26.72B"}, "current ratio": {"current": "2.38", "2020-10-31": "2.38", "2020-07-31": "2.39", "2020-04-30": "1.70", "2020-01-31": "2.34", "2019-10-31": "2.14", "2019-07-31": "2.09", "2019-04-30": "2.14", "2019-01-31": "1.46", "2018-10-31": "1.80", "2018-07-31": "1.69", "2018-04-30": "1.61", "2018-01-31": "1.47", "2017-10-31": "1.92", "2017-07-31": "2.53", "2017-04-30": "2.58", "2017-01-31": "2.30", "2016-10-31": "1.93", "2016-07-31": "1.78", "2016-04-30": "2.11", "2016-01-31": "1.91", "2015-10-31": "1.70", "2015-07-31": "1.61", "2015-04-30": "2.65", "2015-01-31": "2.40", "2014-10-31": "2.23", "2014-07-31": "2.86", "2014-04-30": "2.89", "2014-01-31": "2.63", "2013-10-31": "2.61", "2013-07-31": "2.47", "2013-04-30": "2.59", "2013-01-31": "3.26", "2012-10-31": "2.95", "2012-07-31": "3.13", "2012-04-30": "2.94", "2012-01-31": "2.79", "2011-10-31": "2.57", "2011-07-31": "2.82", "2011-04-30": "2.27", "2011-01-31": "1.91", "2010-10-31": "1.69", "2010-07-31": "1.68", "2010-04-30": "2.51", "2010-01-31": "2.47", "2009-10-31": "2.30", "2009-07-31": "2.18", "2009-04-30": "2.14", "2009-01-31": "1.95", "2008-10-31": "1.84", "2008-07-31": "2.17", "2008-04-30": "2.35", "2008-01-31": "2.20", "2007-10-31": "1.85", "2007-07-31": "2.19", "2007-04-30": "2.21", "2007-01-31": "2.11", "2006-10-31": "1.95", "2006-07-31": "1.89", "2006-04-30": "1.89", "2006-01-31": "2.02", "2005-10-31": "1.83", "2005-07-31": "1.76", "2005-04-30": "1.67", "2005-01-31": "1.93"}, "quick ratio": {"2020-10-31": "1.67", "2020-07-31": "1.70", "2020-04-30": "0.91", "2020-01-31": "1.31", "2019-10-31": "1.19", "2019-07-31": "1.06", "2019-04-30": "1.16", "2019-01-31": "0.77", "2018-10-31": "0.95", "2018-07-31": "0.78", "2018-04-30": "0.73", "2018-01-31": "0.74", "2017-10-31": "1.05", "2017-07-31": "1.37", "2017-04-30": "1.38", "2017-01-31": "1.26", "2016-10-31": "0.99", "2016-07-31": "0.87", "2016-04-30": "1.01", "2016-01-31": "0.93", "2015-10-31": "0.88", "2015-07-31": "0.82", "2015-04-30": "1.54", "2015-01-31": "1.31", "2014-10-31": "1.13", "2014-07-31": "1.49", "2014-04-30": "1.49", "2014-01-31": "1.51", "2013-10-31": "1.38", "2013-07-31": "1.20", "2013-04-30": "1.18", "2013-01-31": "1.96", "2012-10-31": "1.74", "2012-07-31": "1.76", "2012-04-30": "1.64", "2012-01-31": "1.57", "2011-10-31": "1.43", "2011-07-31": "1.59", "2011-04-30": "1.47", "2011-01-31": "1.14", "2010-10-31": "0.97", "2010-07-31": "0.91", "2010-04-30": "1.34", "2010-01-31": "1.36", "2009-10-31": "1.24", "2009-07-31": "1.08", "2009-04-30": "1.06", "2009-01-31": "0.96", "2008-10-31": "0.84", "2008-07-31": "0.92", "2008-04-30": "1.00", "2008-01-31": "1.05", "2007-10-31": "0.88", "2007-07-31": "0.94", "2007-04-30": "0.97", "2007-01-31": "1.00", "2006-10-31": "0.98", "2006-07-31": "0.88", "2006-04-30": "0.86", "2006-01-31": "0.99", "2005-10-31": "0.91", "2005-07-31": "0.83", "2005-04-30": "0.76", "2005-01-31": "0.96"}, "debt equity ratio": {"current": "0.16", "2020-10-31": "0.54", "2020-07-31": "0.53", "2020-04-30": "0.36", "2020-01-31": "0.36", "2019-10-31": "0.37", "2019-07-31": "0.35", "2019-04-30": "0.35", "2019-01-31": "0.43", "2018-10-31": "0.45", "2018-07-31": "0.46", "2018-04-30": "0.48", "2018-01-31": "0.52", "2017-10-31": "0.41", "2017-07-31": "0.37", "2017-04-30": "0.36", "2017-01-31": "0.39", "2016-10-31": "0.43", "2016-07-31": "0.45", "2016-04-30": "0.42", "2016-01-31": "0.45", "2015-10-31": "0.53", "2015-07-31": "0.55", "2015-04-30": "0.46", "2015-01-31": "0.49", "2014-10-31": "0.51", "2014-07-31": "0.45", "2014-04-30": "0.45", "2014-01-31": "0.48", "2013-10-31": "0.48", "2013-07-31": "0.56", "2013-04-30": "0.55", "2013-01-31": "0.58", "2012-10-31": "0.62", "2012-07-31": "0.51", "2012-04-30": "0.54", "2012-01-31": "0.56", "2011-10-31": "0.60", "2011-07-31": "0.56", "2011-04-30": "0.68", "2011-01-31": "0.62", "2010-10-31": "0.68", "2010-07-31": "0.67", "2010-04-30": "0.67", "2010-01-31": "0.69", "2009-10-31": "0.74", "2009-07-31": "0.70", "2009-04-30": "0.73", "2009-01-31": "0.77", "2008-10-31": "0.80", "2008-07-31": "0.76", "2008-04-30": "0.71", "2008-01-31": "0.74", "2007-10-31": "0.80", "2007-07-31": "0.62", "2007-04-30": "0.62", "2007-01-31": "0.64", "2006-10-31": "0.70", "2006-07-31": "0.71", "2006-04-30": "0.72", "2006-01-31": "0.72", "2005-10-31": "0.78", "2005-07-31": "0.80", "2005-04-30": "0.82", "2005-01-31": "0.80"}, "return on equity": {"2020-10-31": "14.55%", "2020-07-31": "15.21%", "2020-04-30": "15.38%", "2020-01-31": "16.46%", "2019-10-31": "16.70%", "2019-07-31": "17.02%", "2019-04-30": "17.59%", "2019-01-31": "17.26%", "2018-10-31": "18.85%", "2018-07-31": "18.63%", "2018-04-30": "18.69%", "2018-01-31": "18.74%", "2017-10-31": "17.87%", "2017-07-31": "18.91%", "2017-04-30": "19.57%", "2017-01-31": "20.08%", "2016-10-31": "20.56%", "2016-07-31": "19.75%", "2016-04-30": "19.11%", "2016-01-31": "18.79%", "2015-10-31": "17.69%", "2015-07-31": "17.72%", "2015-04-30": "17.90%", "2015-01-31": "17.21%", "2014-10-31": "17.04%", "2014-07-31": "17.00%", "2014-04-30": "16.95%", "2014-01-31": "17.17%", "2013-10-31": "17.11%", "2013-07-31": "17.01%", "2013-04-30": "17.13%", "2013-01-31": "17.52%", "2012-10-31": "17.75%", "2012-07-31": "17.44%", "2012-04-30": "17.33%", "2012-01-31": "16.92%", "2011-10-31": "18.02%", "2011-07-31": "18.62%", "2011-04-30": "18.77%", "2011-01-31": "18.17%", "2010-10-31": "17.19%", "2010-07-31": "16.97%", "2010-04-30": "16.88%", "2010-01-31": "17.28%", "2009-10-31": "16.20%", "2009-07-31": "14.70%", "2009-04-30": "13.73%", "2009-01-31": "13.76%", "2008-10-31": "14.25%", "2008-07-31": "16.14%", "2008-04-30": "16.60%", "2008-01-31": "16.32%", "2007-10-31": "15.83%", "2007-07-31": "15.41%", "2007-04-30": "15.96%", "2007-01-31": "16.38%", "2006-10-31": "16.57%", "2006-07-31": "16.60%", "2006-04-30": "16.69%", "2006-01-31": "16.54%", "2005-10-31": "16.83%"}, "return on assets": {"2020-10-31": "10.04%", "2020-07-31": "10.82%", "2020-04-30": "11.31%", "2020-01-31": "12.14%", "2019-10-31": "12.17%", "2019-07-31": "12.22%", "2019-04-30": "12.38%", "2019-01-31": "11.85%", "2018-10-31": "12.75%", "2018-07-31": "12.67%", "2018-04-30": "12.90%", "2018-01-31": "13.20%", "2017-10-31": "12.91%", "2017-07-31": "13.62%", "2017-04-30": "13.89%", "2017-01-31": "14.11%", "2016-10-31": "14.29%", "2016-07-31": "13.50%", "2016-04-30": "12.86%", "2016-01-31": "12.54%", "2015-10-31": "11.72%", "2015-07-31": "11.79%", "2015-04-30": "12.11%", "2015-01-31": "11.67%", "2014-10-31": "11.58%", "2014-07-31": "11.61%", "2014-04-30": "11.38%", "2014-01-31": "11.33%", "2013-10-31": "11.11%", "2013-07-31": "10.81%", "2013-04-30": "10.97%", "2013-01-31": "11.23%", "2012-10-31": "11.41%", "2012-07-31": "11.25%", "2012-04-30": "11.10%", "2012-01-31": "10.59%", "2011-10-31": "11.17%", "2011-07-31": "11.40%", "2011-04-30": "11.29%", "2011-01-31": "10.96%", "2010-10-31": "10.25%", "2010-07-31": "10.05%", "2010-04-30": "9.94%", "2010-01-31": "10.10%", "2009-10-31": "9.35%", "2009-07-31": "8.41%", "2009-04-30": "7.78%", "2009-01-31": "7.82%", "2008-10-31": "8.13%", "2008-07-31": "9.21%", "2008-04-30": "9.66%", "2008-01-31": "9.62%", "2007-10-31": "9.47%", "2007-07-31": "9.37%", "2007-04-30": "9.58%", "2007-01-31": "9.69%", "2006-10-31": "9.69%", "2006-07-31": "9.59%", "2006-04-30": "9.51%", "2006-01-31": "9.30%", "2005-10-31": "9.35%"}, "return on investments": {"2020-10-31": "16.05%", "2020-07-31": "17.52%", "2020-04-30": "18.46%", "2020-01-31": "18.81%", "2019-10-31": "19.59%", "2019-07-31": "19.53%", "2019-04-30": "19.62%", "2019-01-31": "19.65%", "2018-10-31": "19.73%", "2018-07-31": "20.73%", "2018-04-30": "22.11%", "2018-01-31": "23.42%", "2017-10-31": "25.60%", "2017-07-31": "27.06%", "2017-04-30": "27.47%", "2017-01-31": "28.19%", "2016-10-31": "28.93%", "2016-07-31": "28.00%", "2016-04-30": "27.73%", "2016-01-31": "27.41%", "2015-10-31": "25.85%", "2015-07-31": "25.75%", "2015-04-30": "25.93%", "2015-01-31": "24.90%", "2014-10-31": "24.64%", "2014-07-31": "24.51%", "2014-04-30": "24.46%", "2014-01-31": "24.47%", "2013-10-31": "24.20%", "2013-07-31": "23.94%", "2013-04-30": "23.96%", "2013-01-31": "24.62%", "2012-10-31": "24.95%", "2012-07-31": "24.79%", "2012-04-30": "24.43%", "2012-01-31": "24.02%", "2011-10-31": "34.08%", "2011-07-31": "51.57%", "2011-04-30": "102.73%", "2011-01-31": "108.26%", "2010-10-31": "50.05%", "2010-07-31": "32.30%", "2010-04-30": "23.48%", "2010-01-31": "23.30%", "2009-10-31": "21.82%", "2009-07-31": "21.42%", "2009-04-30": "20.66%", "2009-01-31": "20.87%", "2008-10-31": "21.93%", "2008-07-31": "22.61%", "2008-04-30": "22.94%", "2008-01-31": "22.69%", "2007-10-31": "21.54%", "2007-07-31": "21.24%", "2007-04-30": "21.63%", "2007-01-31": "21.80%", "2006-10-31": "21.72%", "2006-07-31": "22.02%", "2006-04-30": "22.17%", "2006-01-31": "22.22%", "2005-10-31": "22.74%"}, "return on tangible equity": {"2020-10-31": "35.07%", "2020-07-31": "37.11%", "2020-04-30": "37.74%", "2020-01-31": "40.28%", "2019-10-31": "43.78%", "2019-07-31": "47.90%", "2019-04-30": "54.72%", "2019-01-31": "61.24%", "2018-10-31": "72.34%", "2018-07-31": "67.93%", "2018-04-30": "59.52%", "2018-01-31": "52.32%", "2017-10-31": "44.08%", "2017-07-31": "45.91%", "2017-04-30": "49.11%", "2017-01-31": "50.68%", "2016-10-31": "52.37%", "2016-07-31": "50.80%", "2016-04-30": "49.70%", "2016-01-31": "45.49%", "2015-10-31": "39.76%", "2015-07-31": "36.93%", "2015-04-30": "32.67%", "2015-01-31": "30.28%", "2014-10-31": "28.90%", "2014-07-31": "27.65%", "2014-04-30": "28.19%", "2014-01-31": "29.22%", "2013-10-31": "27.64%", "2013-07-31": "26.15%", "2013-04-30": "24.70%", "2013-01-31": "23.79%", "2012-10-31": "24.28%", "2012-07-31": "24.01%", "2012-04-30": "24.08%", "2012-01-31": "23.67%", "2011-10-31": "25.43%", "2011-07-31": "26.57%", "2011-04-30": "27.24%", "2011-01-31": "26.88%", "2010-10-31": "25.77%", "2010-07-31": "25.81%", "2010-04-30": "25.84%", "2010-01-31": "26.68%", "2009-10-31": "25.40%", "2009-07-31": "23.27%", "2009-04-30": "22.00%", "2009-01-31": "22.15%", "2008-10-31": "23.01%", "2008-07-31": "26.24%", "2008-04-30": "26.77%", "2008-01-31": "26.20%", "2007-10-31": "25.28%", "2007-07-31": "24.48%", "2007-04-30": "25.72%", "2007-01-31": "26.92%", "2006-10-31": "27.41%", "2006-07-31": "27.62%", "2006-04-30": "27.82%", "2006-01-31": "27.58%", "2005-10-31": "28.03%"}, "dividend yield history": {"last payout": "$0.98", "last yield": "1.98%"}}