{"ticker": "HSIC", "price": {"title": "Henry Schein Historical Annual Stock Price Data", "value": 69.62, "historical": {"2021": {"Average Stock Price": "69.7586", "Year Open": "66.4900", "Year High": "73.8800", "Year Low": "65.8500", "Year Close": "69.6200", "Annual % Change": "4.13%"}, "2020": {"Average Stock Price": "62.0053", "Year Open": "67.1200", "Year High": "73.7100", "Year Low": "43.1800", "Year Close": "66.8600", "Annual % Change": "0.21%"}, "2019": {"Average Stock Price": "66.0675", "Year Open": "76.3900", "Year High": "81.1400", "Year Low": "57.4000", "Year Close": "66.7200", "Annual % Change": "-15.03%"}, "2018": {"Average Stock Price": "76.4921", "Year Open": "71.4700", "Year High": "90.4000", "Year Low": "63.4400", "Year Close": "78.5200", "Annual % Change": "12.36%"}, "2017": {"Average Stock Price": "83.1586", "Year Open": "77.9650", "Year High": "93.2850", "Year Low": "66.5000", "Year Close": "69.8800", "Annual % Change": "-7.88%"}, "2016": {"Average Stock Price": "81.8921", "Year Open": "77.6300", "Year High": "90.8900", "Year Low": "72.0700", "Year Close": "75.8550", "Annual % Change": "-4.10%"}, "2015": {"Average Stock Price": "71.7654", "Year Open": "68.4175", "Year High": "80.2500", "Year Low": "64.2500", "Year Close": "79.0950", "Annual % Change": "16.19%"}, "2014": {"Average Stock Price": "59.8049", "Year Open": "56.7450", "Year High": "68.9350", "Year Low": "55.1050", "Year Close": "68.0750", "Annual % Change": "19.16%"}, "2013": {"Average Stock Price": "49.5928", "Year Open": "41.2100", "Year High": "57.6100", "Year Low": "41.1850", "Year Close": "57.1300", "Annual % Change": "42.08%"}, "2012": {"Average Stock Price": "37.9980", "Year Open": "32.8800", "Year High": "41.1161", "Year Low": "32.7800", "Year Close": "40.2100", "Annual % Change": "24.82%"}, "2011": {"Average Stock Price": "33.4381", "Year Open": "31.3900", "Year High": "37.4550", "Year Low": "29.7600", "Year Close": "32.2150", "Annual % Change": "4.95%"}, "2010": {"Average Stock Price": "28.4635", "Year Open": "26.7150", "Year High": "31.1950", "Year Low": "25.6500", "Year Close": "30.6950", "Annual % Change": "16.71%"}, "2009": {"Average Stock Price": "23.2069", "Year Open": "18.9950", "Year High": "28.2500", "Year Low": "17.1200", "Year Close": "26.3000", "Annual % Change": "43.36%"}, "2008": {"Average Stock Price": "26.2385", "Year Open": "29.6350", "Year High": "31.4500", "Year Low": "16.5350", "Year Close": "18.3450", "Annual % Change": "-40.24%"}, "2007": {"Average Stock Price": "27.8217", "Year Open": "24.4450", "Year High": "31.6650", "Year Low": "23.1350", "Year Close": "30.7000", "Annual % Change": "25.36%"}, "2006": {"Average Stock Price": "24.0342", "Year Open": "21.8400", "Year High": "26.8950", "Year Low": "21.8400", "Year Close": "24.4900", "Annual % Change": "12.24%"}, "2005": {"Average Stock Price": "19.9703", "Year Open": "17.0150", "Year High": "22.7400", "Year Low": "16.4975", "Year Close": "21.8200", "Annual % Change": "25.33%"}, "2004": {"Average Stock Price": "16.7177", "Year Open": "16.6900", "Year High": "19.8025", "Year Low": "14.4000", "Year Close": "17.4100", "Annual % Change": "3.05%"}, "2003": {"Average Stock Price": "13.1087", "Year Open": "11.4000", "Year High": "17.2075", "Year Low": "8.7425", "Year Close": "16.8950", "Annual % Change": "50.18%"}, "2002": {"Average Stock Price": "11.6581", "Year Open": "9.3850", "Year High": "13.8900", "Year Low": "8.9525", "Year Close": "11.2500", "Annual % Change": "21.52%"}, "2001": {"Average Stock Price": "8.8489", "Year Open": "8.1575", "Year High": "10.0500", "Year Low": "7.0325", "Year Close": "9.2575", "Annual % Change": "6.93%"}, "2000": {"Average Stock Price": "4.6536", "Year Open": "3.1550", "Year High": "8.9525", "Year Low": "3.0000", "Year Close": "8.6575", "Annual % Change": "160.18%"}, "1999": {"Average Stock Price": "5.8631", "Year Open": "11.2200", "Year High": "11.6250", "Year Low": "2.7025", "Year Close": "3.3275", "Annual % Change": "-70.26%"}, "1998": {"Average Stock Price": "9.7534", "Year Open": "8.8125", "Year High": "12.5625", "Year Low": "7.0000", "Year Close": "11.1875", "Annual % Change": "27.86%"}, "1997": {"Average Stock Price": "8.3817", "Year Open": "8.5325", "Year High": "10.0000", "Year Low": "6.1400", "Year Close": "8.7500", "Annual % Change": "1.80%"}, "1996": {"Average Stock Price": "8.5251", "Year Open": "6.8125", "Year High": "10.8750", "Year Low": "5.9050", "Year Close": "8.5950", "Annual % Change": "16.54%"}}}, "market cap": {"value": "$10.08B"}, "income statement": {"Revenue": {"2019-12-31": "9985.80300", "2018-12-31": "9417.60300", "2017-12-31": "8883.43800", "2016-12-31": "11571.67000", "2015-12-31": "10629.72000", "2014-12-31": "10371.39000", "2013-12-31": "9560.64700", "2012-12-31": "8939.96700", "2011-12-31": "8530.24200", "2010-12-31": "7526.79000", "2009-12-31": "6538.33600", "2008-12-31": "6380.41300", "2007-12-31": "5889.88400", "2006-12-31": "5035.93800", "2005-12-31": "4526.02200"}, "Cost Of Goods Sold": {"2019-12-31": "6894.91700", "2018-12-31": "6506.85600", "2017-12-31": "6136.77600", "2016-12-31": "8345.19500", "2015-12-31": "7622.76500", "2014-12-31": "7460.07500", "2013-12-31": "6904.63300", "2012-12-31": "6432.45400", "2011-12-31": "6112.18700", "2010-12-31": "5355.91400", "2009-12-31": "4621.51600", "2008-12-31": "4506.11800", "2007-12-31": "4183.79200", "2006-12-31": "3566.01200", "2005-12-31": "3217.60900"}, "Gross Profit": {"2019-12-31": "3090.88600", "2018-12-31": "2910.74700", "2017-12-31": "2746.66300", "2016-12-31": "3226.47300", "2015-12-31": "3006.95400", "2014-12-31": "2911.31400", "2013-12-31": "2656.01500", "2012-12-31": "2507.51300", "2011-12-31": "2418.05500", "2010-12-31": "2170.87600", "2009-12-31": "1916.82000", "2008-12-31": "1874.29500", "2007-12-31": "1706.09200", "2006-12-31": "1469.92600", "2005-12-31": "1308.41300"}, "Research And Development Expenses": {"2019-12-31": "", "2018-12-31": "", "2017-12-31": "", "2016-12-31": "", "2015-12-31": "", "2014-12-31": "", "2013-12-31": "", "2012-12-31": "", "2011-12-31": "", "2010-12-31": "", "2009-12-31": "", "2008-12-31": "", "2007-12-31": "", "2006-12-31": "", "2005-12-31": ""}, "SG&A Expenses": {"2019-12-31": "2357.92000", "2018-12-31": "2217.27300", "2017-12-31": "2071.57600", "2016-12-31": "2409.00800", "2015-12-31": "2238.05100", "2014-12-31": "2196.17300", "2013-12-31": "1978.96000", "2012-12-31": "1873.36000", "2011-12-31": "1835.90600", "2010-12-31": "1637.46000", "2009-12-31": "1449.71500", "2008-12-31": "1431.76900", "2007-12-31": "1319.15300", "2006-12-31": "1164.54900", "2005-12-31": "1046.00800"}, "Other Operating Income Or Expenses": {"2019-12-31": "0.00000", "2018-12-31": "-38.48800", "2017-12-31": "-5.32500", "2016-12-31": "", "2015-12-31": "", "2014-12-31": "", "2013-12-31": "", "2012-12-31": "", "2011-12-31": "", "2010-12-31": "", "2009-12-31": "", "2008-12-31": "", "2007-12-31": "", "2006-12-31": "", "2005-12-31": ""}, "Operating Expenses": {"2019-12-31": "9267.54200", "2018-12-31": "8816.98400", "2017-12-31": "8213.67700", "2016-12-31": "10800.09000", "2015-12-31": "9895.74700", "2014-12-31": "9656.24800", "2013-12-31": "8883.59300", "2012-12-31": "8321.00700", "2011-12-31": "7948.09300", "2010-12-31": "7005.65900", "2009-12-31": "6074.25100", "2008-12-31": "5961.12700", "2007-12-31": "5502.94500", "2006-12-31": "4730.56100", "2005-12-31": "4263.61700"}, "Operating Income": {"2019-12-31": "718.26070", "2018-12-31": "600.61820", "2017-12-31": "669.76170", "2016-12-31": "771.57420", "2015-12-31": "733.97170", "2014-12-31": "715.14160", "2013-12-31": "677.05470", "2012-12-31": "618.96000", "2011-12-31": "582.14940", "2010-12-31": "521.13090", "2009-12-31": "464.08500", "2008-12-31": "419.28560", "2007-12-31": "386.93900", "2006-12-31": "305.37700", "2005-12-31": "262.40480"}, "Total Non-Operating Income/Expense": {"2019-12-31": "-37.95400", "2018-12-31": "-63.78300", "2017-12-31": "-39.96700", "2016-12-31": "-15.73900", "2015-12-31": "-13.21400", "2014-12-31": "-5.83000", "2013-12-31": "-12.36000", "2012-12-31": "-14.77300", "2011-12-31": "-12.84200", "2010-12-31": "-19.09600", "2009-12-31": "-11.36500", "2008-12-31": "-23.83700", "2007-12-31": "-8.43000", "2006-12-31": "-9.11400", "2005-12-31": "-16.36500"}, "Pre-Tax Income": {"2019-12-31": "680.30700", "2018-12-31": "536.83600", "2017-12-31": "629.79400", "2016-12-31": "755.83500", "2015-12-31": "720.75800", "2014-12-31": "709.31200", "2013-12-31": "664.69400", "2012-12-31": "604.18800", "2011-12-31": "569.30700", "2010-12-31": "502.03500", "2009-12-31": "452.72000", "2008-12-31": "395.44900", "2007-12-31": "378.50900", "2006-12-31": "296.26300", "2005-12-31": "246.04000"}, "Income Taxes": {"2019-12-31": "159.51500", "2018-12-31": "107.43200", "2017-12-31": "308.97500", "2016-12-31": "217.95800", "2015-12-31": "211.39100", "2014-12-31": "215.61000", "2013-12-31": "190.89100", "2012-12-31": "187.85800", "2011-12-31": "180.21200", "2010-12-31": "160.06900", "2009-12-31": "127.52100", "2008-12-31": "131.21000", "2007-12-31": "128.55600", "2006-12-31": "105.47800", "2005-12-31": "90.18900"}, "Income After Taxes": {"2019-12-31": "520.79200", "2018-12-31": "429.40400", "2017-12-31": "320.81900", "2016-12-31": "537.87700", "2015-12-31": "509.36700", "2014-12-31": "493.70200", "2013-12-31": "473.80300", "2012-12-31": "416.33000", "2011-12-31": "389.09500", "2010-12-31": "341.96600", "2009-12-31": "325.19900", "2008-12-31": "264.23900", "2007-12-31": "249.95300", "2006-12-31": "190.78500", "2005-12-31": "155.85100"}, "Other Income": {"2019-12-31": "", "2018-12-31": "", "2017-12-31": "", "2016-12-31": "", "2015-12-31": "", "2014-12-31": "", "2013-12-31": "", "2012-12-31": "", "2011-12-31": "", "2010-12-31": "", "2009-12-31": "", "2008-12-31": "", "2007-12-31": "", "2006-12-31": "", "2005-12-31": ""}, "Income From Continuous Operations": {"2019-12-31": "725.46100", "2018-12-31": "450.44100", "2017-12-31": "318.47600", "2016-12-31": "556.39500", "2015-12-31": "523.42700", "2014-12-31": "505.43600", "2013-12-31": "471.46200", "2012-12-31": "423.38800", "2011-12-31": "404.65600", "2010-12-31": "352.13100", "2009-12-31": "330.44200", "2008-12-31": "269.27600", "2007-12-31": "249.88000", "2006-12-31": "183.53000", "2005-12-31": "150.71500"}, "Income From Discontinued Operations": {"2019-12-31": "-6.32300", "2018-12-31": "111.68500", "2017-12-31": "140.81700", "2016-12-31": "", "2015-12-31": "", "2014-12-31": "", "2013-12-31": "", "2012-12-31": "", "2011-12-31": "", "2010-12-31": "", "2009-12-31": "2.71500", "2008-12-31": "-7.90200", "2007-12-31": "-20.70400", "2006-12-31": "-19.77100", "2005-12-31": "-10.95600"}, "Net Income": {"2019-12-31": "694.73400", "2018-12-31": "535.88100", "2017-12-31": "406.29900", "2016-12-31": "506.77800", "2015-12-31": "479.05800", "2014-12-31": "466.07700", "2013-12-31": "431.55400", "2012-12-31": "388.07600", "2011-12-31": "367.66100", "2010-12-31": "325.78900", "2009-12-31": "311.15300", "2008-12-31": "239.45700", "2007-12-31": "211.73400", "2006-12-31": "163.75900", "2005-12-31": "139.75900"}, "EBITDA": {"2019-12-31": "903.20280", "2018-12-31": "744.24820", "2017-12-31": "803.61670", "2016-12-31": "941.35420", "2015-12-31": "893.09870", "2014-12-31": "867.37960", "2013-12-31": "811.29270", "2012-12-31": "744.28200", "2011-12-31": "698.04540", "2010-12-31": "626.35190", "2009-12-31": "551.56790", "2008-12-31": "503.06160", "2007-12-31": "466.23000", "2006-12-31": "370.30690", "2005-12-31": "322.74980"}, "EBIT": {"2019-12-31": "718.26070", "2018-12-31": "600.61820", "2017-12-31": "669.76170", "2016-12-31": "771.57420", "2015-12-31": "733.97170", "2014-12-31": "715.14160", "2013-12-31": "677.05470", "2012-12-31": "618.96000", "2011-12-31": "582.14940", "2010-12-31": "521.13090", "2009-12-31": "464.08500", "2008-12-31": "419.28560", "2007-12-31": "386.93900", "2006-12-31": "305.37700", "2005-12-31": "262.40480"}, "Basic Shares Outstanding": {"2019-12-31": "147.81700", "2018-12-31": "152.65600", "2017-12-31": "156.78700", "2016-12-31": "161.64100", "2015-12-31": "165.68700", "2014-12-31": "168.53000", "2013-12-31": "171.85200", "2012-12-31": "174.99800", "2011-12-31": "180.24000", "2010-12-31": "180.19400", "2009-12-31": "177.74400", "2008-12-31": "178.16000", "2007-12-31": "177.11800", "2006-12-31": "175.90400", "2005-12-31": "174.01200"}, "Shares Outstanding": {"2019-12-31": "149.25700", "2018-12-31": "153.70700", "2017-12-31": "158.20800", "2016-12-31": "163.72300", "2015-12-31": "168.25000", "2014-12-31": "171.48000", "2013-12-31": "175.24400", "2012-12-31": "179.64600", "2011-12-31": "185.24000", "2010-12-31": "186.53600", "2009-12-31": "181.11200", "2008-12-31": "182.44200", "2007-12-31": "182.32600", "2006-12-31": "179.64000", "2005-12-31": "176.97800"}, "Basic EPS": {"2019-12-31": "4.70000", "2018-12-31": "3.51000", "2017-12-31": "2.59000", "2016-12-31": "3.14000", "2015-12-31": "2.89000", "2014-12-31": "2.76500", "2013-12-31": "2.51000", "2012-12-31": "2.22000", "2011-12-31": "2.04000", "2010-12-31": "1.81000", "2009-12-31": "1.75000", "2008-12-31": "1.34500", "2007-12-31": "1.19500", "2006-12-31": "0.93000", "2005-12-31": "0.80500"}, "EPS - Earnings Per Share": {"2019-12-31": "4.65000", "2018-12-31": "3.49000", "2017-12-31": "2.57000", "2016-12-31": "3.10000", "2015-12-31": "2.85000", "2014-12-31": "2.72000", "2013-12-31": "2.46500", "2012-12-31": "2.16000", "2011-12-31": "1.98500", "2010-12-31": "1.74500", "2009-12-31": "1.72000", "2008-12-31": "1.31500", "2007-12-31": "1.16000", "2006-12-31": "0.91000", "2005-12-31": "0.79000"}}, "income statement, quarterly": {"Revenue": {"2020-09-30": "2840.14600", "2020-06-30": "1684.39900", "2020-03-31": "2428.87100", "2019-12-31": "2668.94100", "2019-09-30": "2508.76700", "2019-06-30": "2447.82700", "2019-03-31": "2360.26800", "2018-12-31": "2472.55600", "2018-09-30": "2355.56500", "2018-06-30": "2316.03200", "2018-03-31": "2273.45000", "2017-12-31": "-260.05050", "2017-09-30": "3161.08300", "2017-06-30": "3059.45800", "2017-03-31": "2922.94800", "2016-12-31": "3120.93400", "2016-09-30": "2865.14800", "2016-06-30": "2872.63000", "2016-03-31": "2712.95600", "2015-12-31": "2850.91700", "2015-09-30": "2685.83500", "2015-06-30": "2629.32000", "2015-03-31": "2463.64600", "2014-12-31": "2702.09600", "2014-09-30": "2623.72900", "2014-06-30": "2615.40600", "2014-03-31": "2430.15900", "2013-12-31": "2526.37000", "2013-09-30": "2348.95600", "2013-06-30": "2391.81000", "2013-03-31": "2293.51100", "2012-12-31": "2408.43800", "2012-09-30": "2231.05800", "2012-06-30": "2201.45200", "2012-03-31": "2099.01900", "2011-12-31": "2340.14800", "2011-09-30": "2111.69300", "2011-06-30": "2130.64000", "2011-03-31": "1947.76100", "2010-12-31": "2023.56800", "2010-09-30": "1893.51100", "2010-06-30": "1849.40100", "2010-03-31": "1760.31000", "2009-12-31": "1786.08100", "2009-09-30": "1659.43300", "2009-06-30": "1607.43400", "2009-03-31": "1485.38800", "2008-12-31": "1573.57600", "2008-09-30": "1644.20900", "2008-06-30": "1640.85100", "2008-03-31": "1521.77700", "2007-12-31": "1687.16300", "2007-09-30": "1505.57500", "2007-06-30": "1387.01700", "2007-03-31": "1310.12800", "2006-12-31": "1434.61500", "2006-09-30": "1246.55300", "2006-06-30": "1192.98900", "2006-03-31": "1161.78100", "2005-12-31": "1233.23400", "2005-09-30": "1125.36300", "2005-06-30": "1104.42800", "2005-03-31": "1062.99700"}, "Cost Of Goods Sold": {"2020-09-30": "2085.84700", "2020-06-30": "1230.10500", "2020-03-31": "1682.83200", "2019-12-31": "1858.34300", "2019-09-30": "1747.60000", "2019-06-30": "1680.39600", "2019-03-31": "1608.57800", "2018-12-31": "1721.62500", "2018-09-30": "1633.20600", "2018-06-30": "1597.70400", "2018-03-31": "1554.32100", "2017-12-31": "-508.56620", "2017-09-30": "2325.02900", "2017-06-30": "2220.28500", "2017-03-31": "2100.02800", "2016-12-31": "2261.44800", "2016-09-30": "2077.47300", "2016-06-30": "2071.16100", "2016-03-31": "1935.11400", "2015-12-31": "2056.94500", "2015-09-30": "1936.92700", "2015-06-30": "1878.64200", "2015-03-31": "1750.25100", "2014-12-31": "1937.63200", "2014-09-30": "1902.06300", "2014-06-30": "1886.93400", "2014-03-31": "1733.44600", "2013-12-31": "1826.85000", "2013-09-30": "1709.30900", "2013-06-30": "1721.95400", "2013-03-31": "1646.52000", "2012-12-31": "1744.94300", "2012-09-30": "1622.01400", "2012-06-30": "1577.05700", "2012-03-31": "1488.44000", "2011-12-31": "1687.55900", "2011-09-30": "1524.27300", "2011-06-30": "1518.41600", "2011-03-31": "1381.93900", "2010-12-31": "1448.82500", "2010-09-30": "1356.05500", "2010-06-30": "1303.75700", "2010-03-31": "1247.27700", "2009-12-31": "1259.80900", "2009-09-30": "1183.16600", "2009-06-30": "1131.51600", "2009-03-31": "1047.02500", "2008-12-31": "1113.61600", "2008-09-30": "1168.61500", "2008-06-30": "1152.74100", "2008-03-31": "1071.14600", "2007-12-31": "1215.22500", "2007-09-30": "1076.24500", "2007-06-30": "973.24000", "2007-03-31": "919.08200", "2006-12-31": "1018.59400", "2006-09-30": "887.49500", "2006-06-30": "835.74400", "2006-03-31": "824.17900", "2005-12-31": "864.28170", "2005-09-30": "808.63200", "2005-06-30": "783.09200", "2005-03-31": "761.60300"}, "Gross Profit": {"2020-09-30": "754.29910", "2020-06-30": "454.29410", "2020-03-31": "746.03910", "2019-12-31": "810.59800", "2019-09-30": "761.16710", "2019-06-30": "767.43090", "2019-03-31": "751.69010", "2018-12-31": "750.93120", "2018-09-30": "722.35890", "2018-06-30": "718.32800", "2018-03-31": "719.12890", "2017-12-31": "248.51560", "2017-09-30": "836.05400", "2017-06-30": "839.17310", "2017-03-31": "822.91990", "2016-12-31": "859.48610", "2016-09-30": "787.67500", "2016-06-30": "801.46900", "2016-03-31": "777.84200", "2015-12-31": "793.97270", "2015-09-30": "748.90800", "2015-06-30": "750.67810", "2015-03-31": "713.39500", "2014-12-31": "764.46390", "2014-09-30": "721.66600", "2014-06-30": "728.47200", "2014-03-31": "696.71290", "2013-12-31": "699.52080", "2013-09-30": "639.64710", "2013-06-30": "669.85610", "2013-03-31": "646.99100", "2012-12-31": "663.49510", "2012-09-30": "609.04410", "2012-06-30": "624.39490", "2012-03-31": "610.57910", "2011-12-31": "652.58910", "2011-09-30": "587.42020", "2011-06-30": "612.22390", "2011-03-31": "565.82200", "2010-12-31": "574.74330", "2010-09-30": "537.45590", "2010-06-30": "545.64400", "2010-03-31": "513.03310", "2009-12-31": "526.27190", "2009-09-30": "476.26700", "2009-06-30": "475.91800", "2009-03-31": "438.36290", "2008-12-31": "459.95980", "2008-09-30": "475.59400", "2008-06-30": "488.11000", "2008-03-31": "450.63100", "2007-12-31": "471.93860", "2007-09-30": "429.33000", "2007-06-30": "413.77700", "2007-03-31": "391.04610", "2006-12-31": "416.02090", "2006-09-30": "359.05800", "2006-06-30": "357.24500", "2006-03-31": "337.60200", "2005-12-31": "368.95230", "2005-09-30": "316.73100", "2005-06-30": "321.33600", "2005-03-31": "301.39390"}, "Research And Development Expenses": {"2020-09-30": "", "2020-06-30": "", "2020-03-31": "", "2019-12-31": "", "2019-09-30": "", "2019-06-30": "", "2019-03-31": "", "2018-12-31": "", "2018-09-30": "", "2018-06-30": "", "2018-03-31": "", "2017-12-31": "", "2017-09-30": "", "2017-06-30": "", "2017-03-31": "", "2016-12-31": "", "2016-09-30": "", "2016-06-30": "", "2016-03-31": "", "2015-12-31": "", "2015-09-30": "", "2015-06-30": "", "2015-03-31": "", "2014-12-31": "", "2014-09-30": "", "2014-06-30": "", "2014-03-31": "", "2013-12-31": "", "2013-09-30": "", "2013-06-30": "", "2013-03-31": "", "2012-12-31": "", "2012-09-30": "", "2012-06-30": "", "2012-03-31": "", "2011-12-31": "", "2011-09-30": "", "2011-06-30": "", "2011-03-31": "", "2010-12-31": "", "2010-09-30": "", "2010-06-30": "", "2010-03-31": "", "2009-12-31": "", "2009-09-30": "", "2009-06-30": "", "2009-03-31": "", "2008-12-31": "", "2008-09-30": "", "2008-06-30": "", "2008-03-31": "", "2007-12-31": "", "2007-09-30": "", "2007-06-30": "", "2007-03-31": "", "2006-12-31": "", "2006-09-30": "", "2006-06-30": "", "2006-03-31": "", "2005-12-31": "", "2005-09-30": "", "2005-06-30": "", "2005-03-31": ""}, "SG&A Expenses": {"2020-09-30": "559.63600", "2020-06-30": "445.79300", "2020-03-31": "567.38700", "2019-12-31": "615.32290", "2019-09-30": "574.77100", "2019-06-30": "593.21800", "2019-03-31": "574.60800", "2018-12-31": "558.28490", "2018-09-30": "552.05100", "2018-06-30": "552.72300", "2018-03-31": "554.21400", "2017-12-31": "191.60690", "2017-09-30": "622.50600", "2017-06-30": "628.51100", "2017-03-31": "628.95200", "2016-12-31": "629.42510", "2016-09-30": "581.58400", "2016-06-30": "600.40900", "2016-03-31": "597.59000", "2015-12-31": "580.87100", "2015-09-30": "551.58800", "2015-06-30": "560.42600", "2015-03-31": "545.16600", "2014-12-31": "561.52200", "2014-09-30": "547.57800", "2014-06-30": "547.62800", "2014-03-31": "539.44500", "2013-12-31": "512.63690", "2013-09-30": "479.17000", "2013-06-30": "493.79100", "2013-03-31": "493.36200", "2012-12-31": "482.15300", "2012-09-30": "459.42200", "2012-06-30": "466.33300", "2012-03-31": "465.45200", "2011-12-31": "489.21600", "2011-09-30": "444.15900", "2011-06-30": "461.00900", "2011-03-31": "441.52200", "2010-12-31": "432.74490", "2010-09-30": "400.08800", "2010-06-30": "407.63800", "2010-03-31": "396.98900", "2009-12-31": "389.65300", "2009-09-30": "362.38200", "2009-06-30": "353.94800", "2009-03-31": "343.73200", "2008-12-31": "332.11510", "2008-09-30": "360.18000", "2008-06-30": "374.11800", "2008-03-31": "365.35600", "2007-12-31": "346.27290", "2007-09-30": "332.63000", "2007-06-30": "322.92500", "2007-03-31": "317.32500", "2006-12-31": "310.52100", "2006-09-30": "296.45700", "2006-06-30": "280.88700", "2006-03-31": "276.68400", "2005-12-31": "285.24600", "2005-09-30": "258.35200", "2005-06-30": "254.27800", "2005-03-31": "248.13200"}, "Other Operating Income Or Expenses": {"2020-09-30": "", "2020-06-30": "", "2020-03-31": "", "2019-12-31": "", "2019-09-30": "", "2019-06-30": "", "2019-03-31": "", "2018-12-31": "", "2018-09-30": "-38.48800", "2018-06-30": "", "2018-03-31": "", "2017-12-31": "", "2017-09-30": "0.00000", "2017-06-30": "", "2017-03-31": "", "2016-12-31": "", "2016-09-30": "", "2016-06-30": "", "2016-03-31": "", "2015-12-31": "", "2015-09-30": "", "2015-06-30": "", "2015-03-31": "", "2014-12-31": "", "2014-09-30": "", "2014-06-30": "", "2014-03-31": "", "2013-12-31": "", "2013-09-30": "", "2013-06-30": "", "2013-03-31": "", "2012-12-31": "", "2012-09-30": "", "2012-06-30": "", "2012-03-31": "", "2011-12-31": "", "2011-09-30": "", "2011-06-30": "", "2011-03-31": "", "2010-12-31": "", "2010-09-30": "", "2010-06-30": "", "2010-03-31": "", "2009-12-31": "", "2009-09-30": "", "2009-06-30": "", "2009-03-31": "", "2008-12-31": "", "2008-09-30": "", "2008-06-30": "", "2008-03-31": "", "2007-12-31": "", "2007-09-30": "", "2007-06-30": "", "2007-03-31": "", "2006-12-31": "", "2006-09-30": "", "2006-06-30": "", "2006-03-31": "", "2005-12-31": "", "2005-09-30": "", "2005-06-30": "", "2005-03-31": ""}, "Operating Expenses": {"2020-09-30": "2652.47500", "2020-06-30": "1691.83200", "2020-03-31": "2255.00600", "2019-12-31": "2472.60600", "2019-09-30": "2321.56900", "2019-06-30": "2285.53900", "2019-03-31": "2187.82700", "2018-12-31": "2314.55400", "2018-09-30": "2232.29600", "2018-06-30": "2158.92400", "2018-03-31": "2111.21000", "2017-12-31": "-311.63430", "2017-09-30": "2947.53500", "2017-06-30": "2848.79600", "2017-03-31": "2728.98000", "2016-12-31": "2906.95200", "2016-09-30": "2664.42700", "2016-06-30": "2691.95300", "2016-03-31": "2536.76200", "2015-12-31": "2650.22500", "2015-09-30": "2496.95300", "2015-06-30": "2446.29000", "2015-03-31": "2302.27900", "2014-12-31": "2499.15400", "2014-09-30": "2449.64100", "2014-06-30": "2434.56200", "2014-03-31": "2272.89100", "2013-12-31": "2339.48700", "2013-09-30": "2188.47900", "2013-06-30": "2215.74500", "2013-03-31": "2139.88200", "2012-12-31": "2227.09700", "2012-09-30": "2081.43600", "2012-06-30": "2046.75000", "2012-03-31": "1965.72400", "2011-12-31": "2176.77500", "2011-09-30": "1968.43200", "2011-06-30": "1979.42500", "2011-03-31": "1823.46100", "2010-12-31": "1881.57000", "2010-09-30": "1756.14300", "2010-06-30": "1711.39500", "2010-03-31": "1656.55100", "2009-12-31": "1648.43900", "2009-09-30": "1545.54800", "2009-06-30": "1485.46400", "2009-03-31": "1394.80000", "2008-12-31": "1468.97200", "2008-09-30": "1528.79500", "2008-06-30": "1526.85900", "2008-03-31": "1436.50200", "2007-12-31": "1561.49800", "2007-09-30": "1408.87500", "2007-06-30": "1296.16500", "2007-03-31": "1236.40700", "2006-12-31": "1329.11500", "2006-09-30": "1183.95200", "2006-06-30": "1116.63100", "2006-03-31": "1100.86300", "2005-12-31": "1149.52800", "2005-09-30": "1066.98400", "2005-06-30": "1037.37000", "2005-03-31": "1009.73500"}, "Operating Income": {"2020-09-30": "187.67110", "2020-06-30": "-7.43290", "2020-03-31": "173.86500", "2019-12-31": "196.33450", "2019-09-30": "187.19800", "2019-06-30": "162.28780", "2019-03-31": "172.44090", "2018-12-31": "158.00150", "2018-09-30": "123.26880", "2018-06-30": "157.10790", "2018-03-31": "162.23970", "2017-12-31": "51.58370", "2017-09-30": "213.54790", "2017-06-30": "210.66210", "2017-03-31": "193.96800", "2016-12-31": "213.98190", "2016-09-30": "200.72090", "2016-06-30": "180.67700", "2016-03-31": "176.19380", "2015-12-31": "200.69260", "2015-09-30": "188.88180", "2015-06-30": "183.03030", "2015-03-31": "161.36690", "2014-12-31": "202.94210", "2014-09-30": "174.08790", "2014-06-30": "180.84400", "2014-03-31": "157.26780", "2013-12-31": "186.88330", "2013-09-30": "160.47710", "2013-06-30": "176.06520", "2013-03-31": "153.62890", "2012-12-31": "181.34130", "2012-09-30": "149.62210", "2012-06-30": "154.70190", "2012-03-31": "133.29500", "2011-12-31": "163.37300", "2011-09-30": "143.26120", "2011-06-30": "151.21480", "2011-03-31": "124.30000", "2010-12-31": "141.99830", "2010-09-30": "137.36790", "2010-06-30": "138.00600", "2010-03-31": "103.75900", "2009-12-31": "137.64160", "2009-09-30": "113.88500", "2009-06-30": "121.97000", "2009-03-31": "90.58790", "2008-12-31": "104.60440", "2008-09-30": "115.41410", "2008-06-30": "113.99190", "2008-03-31": "85.27500", "2007-12-31": "125.66560", "2007-09-30": "96.70000", "2007-06-30": "90.85190", "2007-03-31": "73.72110", "2006-12-31": "105.50000", "2006-09-30": "62.60100", "2006-06-30": "76.35800", "2006-03-31": "60.91800", "2005-12-31": "83.70590", "2005-09-30": "58.37900", "2005-06-30": "67.05800", "2005-03-31": "53.26190"}, "Total Non-Operating Income/Expense": {"2020-09-30": "-10.51600", "2020-06-30": "-8.78000", "2020-03-31": "-4.84200", "2019-12-31": "-6.85100", "2019-09-30": "-8.60700", "2019-06-30": "-10.54700", "2019-03-31": "-11.94900", "2018-12-31": "-18.54600", "2018-09-30": "-17.08800", "2018-06-30": "-13.94800", "2018-03-31": "-14.20100", "2017-12-31": "-16.60400", "2017-09-30": "-8.82900", "2017-06-30": "-7.36300", "2017-03-31": "-7.17100", "2016-12-31": "-7.00800", "2016-09-30": "-4.54600", "2016-06-30": "-3.54300", "2016-03-31": "-0.64200", "2015-12-31": "-3.87100", "2015-09-30": "-3.44500", "2015-06-30": "-3.21000", "2015-03-31": "-2.68800", "2014-12-31": "-3.07300", "2014-09-30": "-3.31200", "2014-06-30": "-1.22200", "2014-03-31": "1.77700", "2013-12-31": "-0.29500", "2013-09-30": "-0.55200", "2013-06-30": "-1.62100", "2013-03-31": "-9.89200", "2012-12-31": "-4.67900", "2012-09-30": "-3.03700", "2012-06-30": "-3.27200", "2012-03-31": "-3.78500", "2011-12-31": "-3.31000", "2011-09-30": "-2.75100", "2011-06-30": "-2.95200", "2011-03-31": "-3.82900", "2010-12-31": "-3.70600", "2010-09-30": "-4.37300", "2010-06-30": "-5.20300", "2010-03-31": "-5.81400", "2009-12-31": "-2.30500", "2009-09-30": "-0.84600", "2009-06-30": "-4.29300", "2009-03-31": "-3.92100", "2008-12-31": "-3.51700", "2008-09-30": "-9.84300", "2008-06-30": "-5.91000", "2008-03-31": "-4.56700", "2007-12-31": "-7.15700", "2007-09-30": "2.07900", "2007-06-30": "-1.40700", "2007-03-31": "-1.94500", "2006-12-31": "-2.14400", "2006-09-30": "-0.72500", "2006-06-30": "-3.62800", "2006-03-31": "-2.61700", "2005-12-31": "-3.46300", "2005-09-30": "-4.00600", "2005-06-30": "-3.85600", "2005-03-31": "-5.04000"}, "Pre-Tax Income": {"2020-09-30": "177.15500", "2020-06-30": "-16.21300", "2020-03-31": "169.02300", "2019-12-31": "189.48300", "2019-09-30": "178.59100", "2019-06-30": "151.74100", "2019-03-31": "160.49200", "2018-12-31": "139.45600", "2018-09-30": "106.18100", "2018-06-30": "143.16000", "2018-03-31": "148.03900", "2017-12-31": "34.97900", "2017-09-30": "204.71900", "2017-06-30": "203.29900", "2017-03-31": "186.79700", "2016-12-31": "206.97400", "2016-09-30": "196.17500", "2016-06-30": "177.13400", "2016-03-31": "175.55200", "2015-12-31": "196.82200", "2015-09-30": "185.43700", "2015-06-30": "179.82000", "2015-03-31": "158.67900", "2014-12-31": "199.86900", "2014-09-30": "170.77600", "2014-06-30": "179.62200", "2014-03-31": "159.04500", "2013-12-31": "186.58800", "2013-09-30": "159.92500", "2013-06-30": "174.44400", "2013-03-31": "143.73700", "2012-12-31": "176.66300", "2012-09-30": "146.58500", "2012-06-30": "151.43000", "2012-03-31": "129.51000", "2011-12-31": "160.06300", "2011-09-30": "140.51000", "2011-06-30": "148.26300", "2011-03-31": "120.47100", "2010-12-31": "138.29200", "2010-09-30": "132.99500", "2010-06-30": "132.80300", "2010-03-31": "97.94500", "2009-12-31": "135.33700", "2009-09-30": "113.03900", "2009-06-30": "117.67700", "2009-03-31": "86.66700", "2008-12-31": "101.08800", "2008-09-30": "105.57100", "2008-06-30": "108.08200", "2008-03-31": "80.70800", "2007-12-31": "118.50900", "2007-09-30": "98.77900", "2007-06-30": "89.44500", "2007-03-31": "71.77600", "2006-12-31": "103.35600", "2006-09-30": "61.87600", "2006-06-30": "72.73000", "2006-03-31": "58.30100", "2005-12-31": "80.24300", "2005-09-30": "54.37300", "2005-06-30": "63.20200", "2005-03-31": "48.22200"}, "Income Taxes": {"2020-09-30": "29.00500", "2020-06-30": "-0.95000", "2020-03-31": "37.91000", "2019-12-31": "42.18900", "2019-09-30": "41.96400", "2019-06-30": "35.88000", "2019-03-31": "39.48200", "2018-12-31": "20.77800", "2018-09-30": "16.63300", "2018-06-30": "33.87900", "2018-03-31": "36.14200", "2017-12-31": "152.69900", "2017-09-30": "59.34000", "2017-06-30": "58.30600", "2017-03-31": "38.63000", "2016-12-31": "58.85900", "2016-09-30": "56.60100", "2016-06-30": "48.96500", "2016-03-31": "53.53300", "2015-12-31": "59.24800", "2015-09-30": "49.23200", "2015-06-30": "53.78400", "2015-03-31": "49.12700", "2014-12-31": "59.36300", "2014-09-30": "51.30200", "2014-06-30": "55.32200", "2014-03-31": "49.62300", "2013-12-31": "55.60400", "2013-09-30": "34.66000", "2013-06-30": "54.77500", "2013-03-31": "45.85200", "2012-12-31": "54.10800", "2012-09-30": "44.70900", "2012-06-30": "47.20100", "2012-03-31": "41.84000", "2011-12-31": "49.45800", "2011-09-30": "44.26100", "2011-06-30": "47.34000", "2011-03-31": "39.15300", "2010-12-31": "44.18400", "2010-09-30": "42.22600", "2010-06-30": "41.43500", "2010-03-31": "32.22400", "2009-12-31": "44.11900", "2009-09-30": "15.86400", "2009-06-30": "38.68900", "2009-03-31": "28.84900", "2008-12-31": "32.53500", "2008-09-30": "34.35500", "2008-06-30": "36.87400", "2008-03-31": "27.44600", "2007-12-31": "38.76800", "2007-09-30": "33.68200", "2007-06-30": "30.63600", "2007-03-31": "25.47000", "2006-12-31": "36.31100", "2006-09-30": "21.69500", "2006-06-30": "26.25000", "2006-03-31": "21.22200", "2005-12-31": "29.21000", "2005-09-30": "19.90700", "2005-06-30": "23.21100", "2005-03-31": "17.86100"}, "Income After Taxes": {"2020-09-30": "148.15000", "2020-06-30": "-15.26300", "2020-03-31": "131.11300", "2019-12-31": "147.29400", "2019-09-30": "136.62700", "2019-06-30": "115.86100", "2019-03-31": "121.01000", "2018-12-31": "118.67800", "2018-09-30": "89.54800", "2018-06-30": "109.28100", "2018-03-31": "111.89700", "2017-12-31": "-117.72000", "2017-09-30": "145.37900", "2017-06-30": "144.99300", "2017-03-31": "148.16700", "2016-12-31": "148.11500", "2016-09-30": "139.57400", "2016-06-30": "128.16900", "2016-03-31": "122.01900", "2015-12-31": "137.57400", "2015-09-30": "136.20500", "2015-06-30": "126.03600", "2015-03-31": "109.55200", "2014-12-31": "140.50600", "2014-09-30": "119.47400", "2014-06-30": "124.30000", "2014-03-31": "109.42200", "2013-12-31": "130.98400", "2013-09-30": "125.26500", "2013-06-30": "119.66900", "2013-03-31": "97.88500", "2012-12-31": "122.55500", "2012-09-30": "101.87600", "2012-06-30": "104.22900", "2012-03-31": "87.67000", "2011-12-31": "110.60500", "2011-09-30": "96.24900", "2011-06-30": "100.92300", "2011-03-31": "81.31800", "2010-12-31": "94.10800", "2010-09-30": "90.76900", "2010-06-30": "91.36800", "2010-03-31": "65.72100", "2009-12-31": "91.21800", "2009-09-30": "97.17500", "2009-06-30": "78.98800", "2009-03-31": "57.81800", "2008-12-31": "68.55300", "2008-09-30": "71.21600", "2008-06-30": "71.20800", "2008-03-31": "53.26200", "2007-12-31": "79.74100", "2007-09-30": "65.09700", "2007-06-30": "58.80900", "2007-03-31": "46.30600", "2006-12-31": "67.04500", "2006-09-30": "40.18100", "2006-06-30": "46.48000", "2006-03-31": "37.07900", "2005-12-31": "51.03300", "2005-09-30": "34.46600", "2005-06-30": "39.99100", "2005-03-31": "30.36100"}, "Other Income": {"2020-09-30": "", "2020-06-30": "", "2020-03-31": "", "2019-12-31": "", "2019-09-30": "", "2019-06-30": "", "2019-03-31": "", "2018-12-31": "", "2018-09-30": "", "2018-06-30": "", "2018-03-31": "", "2017-12-31": "", "2017-09-30": "", "2017-06-30": "", "2017-03-31": "", "2016-12-31": "", "2016-09-30": "", "2016-06-30": "", "2016-03-31": "", "2015-12-31": "", "2015-09-30": "", "2015-06-30": "", "2015-03-31": "", "2014-12-31": "", "2014-09-30": "", "2014-06-30": "", "2014-03-31": "", "2013-12-31": "", "2013-09-30": "", "2013-06-30": "", "2013-03-31": "", "2012-12-31": "", "2012-09-30": "", "2012-06-30": "", "2012-03-31": "", "2011-12-31": "", "2011-09-30": "", "2011-06-30": "", "2011-03-31": "", "2010-12-31": "", "2010-09-30": "", "2010-06-30": "", "2010-03-31": "", "2009-12-31": "", "2009-09-30": "", "2009-06-30": "", "2009-03-31": "", "2008-12-31": "", "2008-09-30": "", "2008-06-30": "", "2008-03-31": "", "2007-12-31": "", "2007-09-30": "", "2007-06-30": "", "2007-03-31": "", "2006-12-31": "", "2006-09-30": "", "2006-06-30": "", "2006-03-31": "", "2005-12-31": "", "2005-09-30": "", "2005-06-30": "", "2005-03-31": ""}, "Income From Continuous Operations": {"2020-09-30": "151.81300", "2020-06-30": "-13.85200", "2020-03-31": "133.84700", "2019-12-31": "337.19200", "2019-09-30": "143.21200", "2019-06-30": "121.41700", "2019-03-31": "123.64000", "2018-12-31": "124.88600", "2018-09-30": "96.24700", "2018-06-30": "114.59100", "2018-03-31": "114.71700", "2017-12-31": "-132.30700", "2017-09-30": "150.94800", "2017-06-30": "149.58200", "2017-03-31": "150.25300", "2016-12-31": "153.47300", "2016-09-30": "145.29100", "2016-06-30": "133.09800", "2016-03-31": "124.53300", "2015-12-31": "140.84300", "2015-09-30": "141.39600", "2015-06-30": "129.60800", "2015-03-31": "111.58000", "2014-12-31": "143.95500", "2014-09-30": "124.23600", "2014-06-30": "127.11700", "2014-03-31": "110.12800", "2013-12-31": "134.96900", "2013-09-30": "116.37200", "2013-06-30": "121.43500", "2013-03-31": "98.68600", "2012-12-31": "121.71500", "2012-09-30": "105.31000", "2012-06-30": "107.30200", "2012-03-31": "89.06100", "2011-12-31": "115.82100", "2011-09-30": "100.80800", "2011-06-30": "105.05600", "2011-03-31": "82.97100", "2010-12-31": "97.22600", "2010-09-30": "94.49000", "2010-06-30": "93.16300", "2010-03-31": "67.25200", "2009-12-31": "92.68400", "2009-09-30": "98.37500", "2009-06-30": "80.20000", "2009-03-31": "59.18300", "2008-12-31": "69.57000", "2008-09-30": "72.81800", "2008-06-30": "72.11600", "2008-03-31": "54.77200", "2007-12-31": "91.35900", "2007-09-30": "60.66800", "2007-06-30": "54.43900", "2007-03-31": "43.41400", "2006-12-31": "63.65600", "2006-09-30": "39.24600", "2006-06-30": "45.00100", "2006-03-31": "35.62700", "2005-12-31": "49.13800", "2005-09-30": "33.30400", "2005-06-30": "37.77000", "2005-03-31": "30.50300"}, "Income From Discontinued Operations": {"2020-09-30": "-0.02900", "2020-06-30": "0.58500", "2020-03-31": "-0.28200", "2019-12-31": "-0.74700", "2019-09-30": "5.64100", "2019-06-30": "-2.22100", "2019-03-31": "-8.99600", "2018-12-31": "14.12400", "2018-09-30": "30.72900", "2018-06-30": "32.91800", "2018-03-31": "33.91400", "2017-12-31": "", "2017-09-30": "", "2017-06-30": "", "2017-03-31": "", "2016-12-31": "", "2016-09-30": "", "2016-06-30": "", "2016-03-31": "", "2015-12-31": "", "2015-09-30": "", "2015-06-30": "", "2015-03-31": "", "2014-12-31": "", "2014-09-30": "", "2014-06-30": "", "2014-03-31": "", "2013-12-31": "", "2013-09-30": "", "2013-06-30": "", "2013-03-31": "", "2012-12-31": "", "2012-09-30": "", "2012-06-30": "", "2012-03-31": "", "2011-12-31": "", "2011-09-30": "", "2011-06-30": "", "2011-03-31": "", "2010-12-31": "", "2010-09-30": "", "2010-06-30": "", "2010-03-31": "", "2009-12-31": "0.00000", "2009-09-30": "2.37300", "2009-06-30": "0.22500", "2009-03-31": "0.11700", "2008-12-31": "-7.35300", "2008-09-30": "-0.05200", "2008-06-30": "-0.41500", "2008-03-31": "-0.08200", "2007-12-31": "0.91300", "2007-09-30": "-1.09500", "2007-06-30": "-20.60200", "2007-03-31": "0.08000", "2006-12-31": "-0.65900", "2006-09-30": "0.03900", "2006-06-30": "0.21700", "2006-03-31": "-19.36800", "2005-12-31": "-0.51000", "2005-09-30": "-10.00300", "2005-06-30": "-0.81300", "2005-03-31": "0.37000"}, "Net Income": {"2020-09-30": "141.69700", "2020-06-30": "-10.79700", "2020-03-31": "130.26100", "2019-12-31": "329.86200", "2019-09-30": "140.55700", "2019-06-30": "114.53200", "2019-03-31": "109.78300", "2018-12-31": "132.97300", "2018-09-30": "121.47800", "2018-06-30": "141.21200", "2018-03-31": "140.21800", "2017-12-31": "-8.53500", "2017-09-30": "138.03100", "2017-06-30": "136.05500", "2017-03-31": "140.74800", "2016-12-31": "139.21600", "2016-09-30": "133.71300", "2016-06-30": "120.09700", "2016-03-31": "113.75200", "2015-12-31": "129.94800", "2015-09-30": "127.73500", "2015-06-30": "117.92800", "2015-03-31": "103.44700", "2014-12-31": "132.96600", "2014-09-30": "114.77600", "2014-06-30": "116.23600", "2014-03-31": "102.09900", "2013-12-31": "124.26800", "2013-09-30": "107.37800", "2013-06-30": "108.43000", "2013-03-31": "91.47800", "2012-12-31": "112.46700", "2012-09-30": "96.77100", "2012-06-30": "98.08600", "2012-03-31": "80.75200", "2011-12-31": "104.73000", "2011-09-30": "91.96100", "2011-06-30": "94.47500", "2011-03-31": "76.49500", "2010-12-31": "92.99500", "2010-09-30": "87.89300", "2010-06-30": "84.00100", "2010-03-31": "60.90000", "2009-12-31": "86.40800", "2009-09-30": "96.42100", "2009-06-30": "73.47300", "2009-03-31": "54.85100", "2008-12-31": "55.95900", "2008-09-30": "67.48800", "2008-06-30": "64.57000", "2008-03-31": "51.44000", "2007-12-31": "74.83000", "2007-09-30": "59.57300", "2007-06-30": "33.83700", "2007-03-31": "43.49400", "2006-12-31": "62.99700", "2006-09-30": "39.28500", "2006-06-30": "45.21800", "2006-03-31": "16.25900", "2005-12-31": "48.62800", "2005-09-30": "23.30100", "2005-06-30": "36.95700", "2005-03-31": "30.87300"}, "EBITDA": {"2020-09-30": "232.24010", "2020-06-30": "39.67910", "2020-03-31": "222.84800", "2019-12-31": "245.06650", "2019-09-30": "234.05300", "2019-06-30": "211.34280", "2019-03-31": "212.74090", "2018-12-31": "194.70150", "2018-09-30": "159.05180", "2018-06-30": "192.54890", "2018-03-31": "197.94570", "2017-12-31": "44.16070", "2017-09-30": "262.28780", "2017-06-30": "258.45110", "2017-03-31": "238.71700", "2016-12-31": "257.93290", "2016-09-30": "243.15190", "2016-06-30": "223.10800", "2016-03-31": "217.16080", "2015-12-31": "240.92860", "2015-09-30": "231.59780", "2015-06-30": "222.05630", "2015-03-31": "198.51590", "2014-12-31": "242.51210", "2014-09-30": "213.26690", "2014-06-30": "218.19700", "2014-03-31": "193.40380", "2013-12-31": "218.83730", "2013-09-30": "192.32210", "2013-06-30": "207.90820", "2013-03-31": "192.22490", "2012-12-31": "214.67430", "2012-09-30": "180.22210", "2012-06-30": "185.67090", "2012-03-31": "163.71500", "2011-12-31": "193.22900", "2011-09-30": "171.83220", "2011-06-30": "180.33580", "2011-03-31": "152.64800", "2010-12-31": "167.70230", "2010-09-30": "163.40590", "2010-06-30": "165.36500", "2010-03-31": "129.87900", "2009-12-31": "159.72160", "2009-09-30": "135.59000", "2009-06-30": "144.28300", "2009-03-31": "111.97290", "2008-12-31": "124.98340", "2008-09-30": "136.31110", "2008-06-30": "135.67190", "2008-03-31": "106.09500", "2007-12-31": "151.93570", "2007-09-30": "114.49390", "2007-06-30": "108.52190", "2007-03-31": "91.27810", "2006-12-31": "123.53900", "2006-09-30": "79.33400", "2006-06-30": "92.16400", "2006-03-31": "75.27000", "2005-12-31": "101.50390", "2005-09-30": "72.57800", "2005-06-30": "82.16900", "2005-03-31": "66.49890"}, "EBIT": {"2020-09-30": "187.67110", "2020-06-30": "-7.43290", "2020-03-31": "173.86500", "2019-12-31": "196.33400", "2019-09-30": "187.19800", "2019-06-30": "162.28780", "2019-03-31": "172.44090", "2018-12-31": "158.00170", "2018-09-30": "123.26880", "2018-06-30": "157.10790", "2018-03-31": "162.23970", "2017-12-31": "51.58370", "2017-09-30": "213.54790", "2017-06-30": "210.66210", "2017-03-31": "193.96800", "2016-12-31": "213.98240", "2016-09-30": "200.72090", "2016-06-30": "180.67700", "2016-03-31": "176.19380", "2015-12-31": "200.69260", "2015-09-30": "188.88180", "2015-06-30": "183.03030", "2015-03-31": "161.36690", "2014-12-31": "202.94190", "2014-09-30": "174.08790", "2014-06-30": "180.84400", "2014-03-31": "157.26780", "2013-12-31": "186.88350", "2013-09-30": "160.47710", "2013-06-30": "176.06520", "2013-03-31": "153.62890", "2012-12-31": "181.34090", "2012-09-30": "149.62210", "2012-06-30": "154.70190", "2012-03-31": "133.29500", "2011-12-31": "163.37330", "2011-09-30": "143.26120", "2011-06-30": "151.21480", "2011-03-31": "124.30000", "2010-12-31": "141.99790", "2010-09-30": "137.36790", "2010-06-30": "138.00600", "2010-03-31": "103.75900", "2009-12-31": "137.64210", "2009-09-30": "113.88500", "2009-06-30": "121.97000", "2009-03-31": "90.58790", "2008-12-31": "104.60460", "2008-09-30": "115.41410", "2008-06-30": "113.99190", "2008-03-31": "85.27500", "2007-12-31": "125.66600", "2007-09-30": "96.70000", "2007-06-30": "90.85190", "2007-03-31": "73.72110", "2006-12-31": "105.50000", "2006-09-30": "62.60100", "2006-06-30": "76.35800", "2006-03-31": "60.91800", "2005-12-31": "83.70590", "2005-09-30": "58.37900", "2005-06-30": "67.05800", "2005-03-31": "53.26190"}, "Basic Shares Outstanding": {"2020-09-30": "142.36200", "2020-06-30": "142.35000", "2020-03-31": "142.96700", "2019-12-31": "147.81700", "2019-09-30": "147.13600", "2019-06-30": "148.14800", "2019-03-31": "150.25700", "2018-12-31": "152.65600", "2018-09-30": "152.53300", "2018-06-30": "153.35300", "2018-03-31": "153.10600", "2017-12-31": "156.78700", "2017-09-30": "156.91400", "2017-06-30": "157.74800", "2017-03-31": "157.71500", "2016-12-31": "161.64100", "2016-09-30": "161.79100", "2016-06-30": "162.91600", "2016-03-31": "163.13600", "2015-12-31": "165.68700", "2015-09-30": "165.71600", "2015-06-30": "166.10600", "2015-03-31": "166.46000", "2014-12-31": "168.53000", "2014-09-30": "168.19000", "2014-06-30": "169.24000", "2014-03-31": "169.61600", "2013-12-31": "171.85200", "2013-09-30": "171.29200", "2013-06-30": "172.74000", "2013-03-31": "173.30800", "2012-12-31": "174.99800", "2012-09-30": "174.93000", "2012-06-30": "176.98000", "2012-03-31": "176.43200", "2011-12-31": "180.24000", "2011-09-30": "180.50200", "2011-06-30": "181.53200", "2011-03-31": "181.23000", "2010-12-31": "180.19400", "2010-09-30": "180.65200", "2010-06-30": "180.04200", "2010-03-31": "179.01600", "2009-12-31": "177.74400", "2009-09-30": "177.59200", "2009-06-30": "177.63000", "2009-03-31": "177.46200", "2008-12-31": "178.16000", "2008-09-30": "177.86000", "2008-06-30": "179.17400", "2008-03-31": "178.44600", "2007-12-31": "177.11800", "2007-09-30": "177.58000", "2007-06-30": "176.78000", "2007-03-31": "175.82200", "2006-12-31": "175.90400", "2006-09-30": "176.58200", "2006-06-30": "176.76200", "2006-03-31": "174.62000", "2005-12-31": "174.01200", "2005-09-30": "174.46400", "2005-06-30": "173.85400", "2005-03-31": "173.35800"}, "Shares Outstanding": {"2020-09-30": "143.09100", "2020-06-30": "142.35000", "2020-03-31": "143.09500", "2019-12-31": "149.25700", "2019-09-30": "148.57500", "2019-06-30": "149.42300", "2019-03-31": "151.15600", "2018-12-31": "153.70700", "2018-09-30": "153.61400", "2018-06-30": "154.18900", "2018-03-31": "154.13000", "2017-12-31": "158.20800", "2017-09-30": "158.27100", "2017-06-30": "159.07600", "2017-03-31": "159.75800", "2016-12-31": "163.72300", "2016-09-30": "163.71000", "2016-06-30": "164.78800", "2016-03-31": "165.47800", "2015-12-31": "168.25000", "2015-09-30": "168.16800", "2015-06-30": "168.49800", "2015-03-31": "169.43000", "2014-12-31": "171.48000", "2014-09-30": "170.90000", "2014-06-30": "171.96000", "2014-03-31": "173.03600", "2013-12-31": "175.24400", "2013-09-30": "174.80800", "2013-06-30": "175.93600", "2013-03-31": "177.58400", "2012-12-31": "179.64600", "2012-09-30": "179.29400", "2012-06-30": "181.10600", "2012-03-31": "181.33200", "2011-12-31": "185.24000", "2011-09-30": "185.73800", "2011-06-30": "186.89200", "2011-03-31": "186.32200", "2010-12-31": "186.53600", "2010-09-30": "186.54000", "2010-06-30": "186.70400", "2010-03-31": "185.44200", "2009-12-31": "181.11200", "2009-09-30": "183.02600", "2009-06-30": "181.06800", "2009-03-31": "179.17800", "2008-12-31": "182.44200", "2008-09-30": "182.75200", "2008-06-30": "184.02400", "2008-03-31": "184.51800", "2007-12-31": "182.32600", "2007-09-30": "182.79800", "2007-06-30": "181.18200", "2007-03-31": "179.96800", "2006-12-31": "179.64000", "2006-09-30": "180.03000", "2006-06-30": "179.64600", "2006-03-31": "178.48400", "2005-12-31": "176.97800", "2005-09-30": "177.27200", "2005-06-30": "176.30800", "2005-03-31": "176.44200"}, "Basic EPS": {"2020-09-30": "1.00000", "2020-06-30": "-0.08000", "2020-03-31": "0.91000", "2019-12-31": "2.24000", "2019-09-30": "0.96000", "2019-06-30": "0.77000", "2019-03-31": "0.73000", "2018-12-31": "0.87000", "2018-09-30": "0.80000", "2018-06-30": "0.92000", "2018-03-31": "0.92000", "2017-12-31": "-0.04000", "2017-09-30": "0.88000", "2017-06-30": "0.86000", "2017-03-31": "0.89000", "2016-12-31": "0.88000", "2016-09-30": "0.83000", "2016-06-30": "0.73500", "2016-03-31": "0.69500", "2015-12-31": "0.79000", "2015-09-30": "0.77000", "2015-06-30": "0.71000", "2015-03-31": "0.62000", "2014-12-31": "0.80000", "2014-09-30": "0.68000", "2014-06-30": "0.68500", "2014-03-31": "0.60000", "2013-12-31": "0.72500", "2013-09-30": "0.62500", "2013-06-30": "0.63000", "2013-03-31": "0.53000", "2012-12-31": "0.65000", "2012-09-30": "0.55500", "2012-06-30": "0.55500", "2012-03-31": "0.46000", "2011-12-31": "0.59000", "2011-09-30": "0.51000", "2011-06-30": "0.52000", "2011-03-31": "0.42000", "2010-12-31": "0.52000", "2010-09-30": "0.48500", "2010-06-30": "0.46500", "2010-03-31": "0.34000", "2009-12-31": "0.48000", "2009-09-30": "0.54500", "2009-06-30": "0.41500", "2009-03-31": "0.31000", "2008-12-31": "0.31500", "2008-09-30": "0.38000", "2008-06-30": "0.36000", "2008-03-31": "0.29000", "2007-12-31": "0.42500", "2007-09-30": "0.33500", "2007-06-30": "0.19000", "2007-03-31": "0.24500", "2006-12-31": "0.36000", "2006-09-30": "0.22000", "2006-06-30": "0.25500", "2006-03-31": "0.09500", "2005-12-31": "0.27500", "2005-09-30": "0.13500", "2005-06-30": "0.21500", "2005-03-31": "0.18000"}, "EPS - Earnings Per Share": {"2020-09-30": "0.99000", "2020-06-30": "-0.08000", "2020-03-31": "0.91000", "2019-12-31": "2.20000", "2019-09-30": "0.95000", "2019-06-30": "0.77000", "2019-03-31": "0.73000", "2018-12-31": "0.87000", "2018-09-30": "0.79000", "2018-06-30": "0.92000", "2018-03-31": "0.91000", "2017-12-31": "-0.04000", "2017-09-30": "0.87000", "2017-06-30": "0.86000", "2017-03-31": "0.88000", "2016-12-31": "0.86500", "2016-09-30": "0.82000", "2016-06-30": "0.73000", "2016-03-31": "0.68500", "2015-12-31": "0.78000", "2015-09-30": "0.76000", "2015-06-30": "0.70000", "2015-03-31": "0.61000", "2014-12-31": "0.78500", "2014-09-30": "0.67000", "2014-06-30": "0.67500", "2014-03-31": "0.59000", "2013-12-31": "0.72000", "2013-09-30": "0.61500", "2013-06-30": "0.61500", "2013-03-31": "0.51500", "2012-12-31": "0.63500", "2012-09-30": "0.54000", "2012-06-30": "0.54000", "2012-03-31": "0.44500", "2011-12-31": "0.57500", "2011-09-30": "0.49500", "2011-06-30": "0.50500", "2011-03-31": "0.41000", "2010-12-31": "0.49500", "2010-09-30": "0.47000", "2010-06-30": "0.45000", "2010-03-31": "0.33000", "2009-12-31": "0.48500", "2009-09-30": "0.52500", "2009-06-30": "0.40500", "2009-03-31": "0.30500", "2008-12-31": "0.31500", "2008-09-30": "0.37000", "2008-06-30": "0.35000", "2008-03-31": "0.28000", "2007-12-31": "0.41000", "2007-09-30": "0.32500", "2007-06-30": "0.18500", "2007-03-31": "0.24000", "2006-12-31": "0.35000", "2006-09-30": "0.22000", "2006-06-30": "0.25000", "2006-03-31": "0.09000", "2005-12-31": "0.27500", "2005-09-30": "0.13000", "2005-06-30": "0.21000", "2005-03-31": "0.17500"}}, "balance sheet": {"Cash On Hand": {"2019-12-31": "106.09700", "2018-12-31": "56.88500", "2017-12-31": "174.65800", "2016-12-31": "62.38100", "2015-12-31": "72.08600", "2014-12-31": "89.47400", "2013-12-31": "188.61600", "2012-12-31": "122.08000", "2011-12-31": "147.28400", "2010-12-31": "150.34800", "2009-12-31": "471.15400", "2008-12-31": "369.57000", "2007-12-31": "248.58700", "2006-12-31": "296.64600", "2005-12-31": "334.69300"}, "Receivables": {"2019-12-31": "1246.24600", "2018-12-31": "1168.77600", "2017-12-31": "1522.80700", "2016-12-31": "1254.13900", "2015-12-31": "1229.81600", "2014-12-31": "1127.51700", "2013-12-31": "1055.21600", "2012-12-31": "1015.19400", "2011-12-31": "888.24800", "2010-12-31": "885.78400", "2009-12-31": "725.39700", "2008-12-31": "734.02700", "2007-12-31": "708.30700", "2006-12-31": "610.02000", "2005-12-31": "582.61700"}, "Inventory": {"2019-12-31": "1428.79900", "2018-12-31": "1415.51200", "2017-12-31": "1933.80300", "2016-12-31": "1665.75000", "2015-12-31": "1509.95700", "2014-12-31": "1327.79600", "2013-12-31": "1250.40300", "2012-12-31": "1203.50700", "2011-12-31": "947.84900", "2010-12-31": "870.20600", "2009-12-31": "775.19900", "2008-12-31": "731.65400", "2007-12-31": "666.78600", "2006-12-31": "584.10300", "2005-12-31": "505.54200"}, "Pre-Paid Expenses": {"2019-12-31": "445.36000", "2018-12-31": "451.03300", "2017-12-31": "454.75200", "2016-12-31": "360.51000", "2015-12-31": "361.08200", "2014-12-31": "311.78800", "2013-12-31": "276.56500", "2012-12-31": "299.54700", "2011-12-31": "234.15700", "2010-12-31": "214.01300", "2009-12-31": "183.78200", "2008-12-31": "193.84100", "2007-12-31": "192.29200", "2006-12-31": "125.83900", "2005-12-31": "126.05200"}, "Other Current Assets": {"2019-12-31": "", "2018-12-31": "", "2017-12-31": "", "2016-12-31": "", "2015-12-31": "", "2014-12-31": "", "2013-12-31": "", "2012-12-31": "", "2011-12-31": "", "2010-12-31": "", "2009-12-31": "", "2008-12-31": "", "2007-12-31": "", "2006-12-31": "", "2005-12-31": ""}, "Total Current Assets": {"2019-12-31": "3226.50200", "2018-12-31": "4175.22000", "2017-12-31": "4086.02000", "2016-12-31": "3342.78000", "2015-12-31": "3231.10000", "2014-12-31": "2913.16600", "2013-12-31": "2834.66500", "2012-12-31": "2704.37700", "2011-12-31": "2272.50800", "2010-12-31": "2169.30200", "2009-12-31": "2203.53300", "2008-12-31": "2066.06600", "2007-12-31": "1848.79900", "2006-12-31": "1644.84800", "2005-12-31": "1584.40900"}, "Property, Plant, And Equipment": {"2019-12-31": "329.64500", "2018-12-31": "314.22100", "2017-12-31": "375.00100", "2016-12-31": "333.90600", "2015-12-31": "318.47600", "2014-12-31": "311.49600", "2013-12-31": "275.88800", "2012-12-31": "273.45800", "2011-12-31": "262.08800", "2010-12-31": "252.57300", "2009-12-31": "259.57600", "2008-12-31": "247.83500", "2007-12-31": "247.67100", "2006-12-31": "225.03800", "2005-12-31": "190.74600"}, "Long-Term Investments": {"2019-12-31": "327.91900", "2018-12-31": "420.36700", "2017-12-31": "432.00200", "2016-12-31": "442.79000", "2015-12-31": "454.60000", "2014-12-31": "386.28600", "2013-12-31": "461.94500", "2012-12-31": "292.93400", "2011-12-31": "298.82800", "2010-12-31": "295.33400", "2009-12-31": "182.03600", "2008-12-31": "148.26400", "2007-12-31": "107.90000", "2006-12-31": "75.91700", "2005-12-31": "57.89200"}, "Goodwill And Intangible Assets": {"2019-12-31": "3035.37300", "2018-12-31": "2457.06000", "2017-12-31": "2970.97200", "2016-12-31": "2640.92000", "2015-12-31": "2500.56400", "2014-12-31": "2527.85900", "2013-12-31": "2052.13800", "2012-12-31": "2063.22800", "2011-12-31": "1906.72000", "2010-12-31": "1830.26200", "2009-12-31": "1190.84000", "2008-12-31": "1137.04500", "2007-12-31": "1109.61400", "2006-12-31": "935.34300", "2005-12-31": "750.07300"}, "Other Long-Term Assets": {"2019-12-31": "", "2018-12-31": "", "2017-12-31": "", "2016-12-31": "", "2015-12-31": "", "2014-12-31": "", "2013-12-31": "", "2012-12-31": "", "2011-12-31": "", "2010-12-31": "", "2009-12-31": "", "2008-12-31": "", "2007-12-31": "", "2006-12-31": "", "2005-12-31": ""}, "Total Long-Term Assets": {"2019-12-31": "3924.59900", "2018-12-31": "4325.30700", "2017-12-31": "3777.97500", "2016-12-31": "3417.61600", "2015-12-31": "3273.64000", "2014-12-31": "3225.64100", "2013-12-31": "2789.97100", "2012-12-31": "2629.62000", "2011-12-31": "2467.63600", "2010-12-31": "2378.16900", "2009-12-31": "1632.45200", "2008-12-31": "1533.14400", "2007-12-31": "1465.18500", "2006-12-31": "1236.29800", "2005-12-31": "998.71100"}, "Total Assets": {"2019-12-31": "7151.10100", "2018-12-31": "8500.52700", "2017-12-31": "7863.99500", "2016-12-31": "6760.39600", "2015-12-31": "6504.74000", "2014-12-31": "6138.80700", "2013-12-31": "5624.63600", "2012-12-31": "5333.99700", "2011-12-31": "4740.14400", "2010-12-31": "4547.47100", "2009-12-31": "3835.98500", "2008-12-31": "3599.21000", "2007-12-31": "3313.98400", "2006-12-31": "2881.14600", "2005-12-31": "2583.12000"}, "Total Current Liabilities": {"2019-12-31": "2038.36900", "2018-12-31": "3218.82700", "2017-12-31": "2828.97500", "2016-12-31": "2320.64600", "2015-12-31": "2146.99700", "2014-12-31": "1780.11100", "2013-12-31": "1550.66300", "2012-12-31": "1472.70900", "2011-12-31": "1271.64000", "2010-12-31": "1168.08700", "2009-12-31": "1076.25400", "2008-12-31": "1183.66500", "2007-12-31": "940.63900", "2006-12-31": "810.08800", "2005-12-31": "724.11400"}, "Long Term Debt": {"2019-12-31": "622.90810", "2018-12-31": "980.34400", "2017-12-31": "907.75600", "2016-12-31": "715.45700", "2015-12-31": "463.75200", "2014-12-31": "542.77600", "2013-12-31": "450.23300", "2012-12-31": "488.12100", "2011-12-31": "363.52400", "2010-12-31": "395.30900", "2009-12-31": "243.37300", "2008-12-31": "256.64800", "2007-12-31": "423.27400", "2006-12-31": "455.80600", "2005-12-31": "489.52000"}, "Other Non-Current Liabilities": {"2019-12-31": "331.17300", "2018-12-31": "357.74100", "2017-12-31": "420.28500", "2016-12-31": "264.26400", "2015-12-31": "212.12100", "2014-12-31": "181.83000", "2013-12-31": "139.52600", "2012-12-31": "125.31400", "2011-12-31": "80.56800", "2010-12-31": "76.75300", "2009-12-31": "-103.26600", "2008-12-31": "-174.92600", "2007-12-31": "53.90600", "2006-12-31": "60.20900", "2005-12-31": "53.54700"}, "Total Long Term Liabilities": {"2019-12-31": "1482.59500", "2018-12-31": "1739.91200", "2017-12-31": "2210.61000", "2016-12-31": "1638.94600", "2015-12-31": "1470.92900", "2014-12-31": "1542.25100", "2013-12-31": "1285.97200", "2012-12-31": "1245.42400", "2011-12-31": "1034.88100", "2010-12-31": "966.42700", "2009-12-31": "598.22300", "2008-12-31": "643.19100", "2007-12-31": "593.36300", "2006-12-31": "600.09500", "2005-12-31": "609.85200"}, "Total Liabilities": {"2019-12-31": "3520.96400", "2018-12-31": "4958.73900", "2017-12-31": "5039.58500", "2016-12-31": "3959.59200", "2015-12-31": "3617.92600", "2014-12-31": "3322.36200", "2013-12-31": "2836.63500", "2012-12-31": "2718.13300", "2011-12-31": "2306.52100", "2010-12-31": "2134.51400", "2009-12-31": "1674.47700", "2008-12-31": "1826.85600", "2007-12-31": "1534.00200", "2006-12-31": "1410.18300", "2005-12-31": "1333.96600"}, "Common Stock Net": {"2019-12-31": "1.43400", "2018-12-31": "1.51400", "2017-12-31": "1.53700", "2016-12-31": "1.58800", "2015-12-31": "0.82400", "2014-12-31": "0.84000", "2013-12-31": "0.85600", "2012-12-31": "0.87900", "2011-12-31": "0.89900", "2010-12-31": "0.91900", "2009-12-31": "0.90600", "2008-12-31": "0.89400", "2007-12-31": "0.89600", "2006-12-31": "0.88500", "2005-12-31": "0.87100"}, "Retained Earnings (Accumulated Deficit)": {"2019-12-31": "3116.21500", "2018-12-31": "3208.58900", "2017-12-31": "2940.02900", "2016-12-31": "2981.77700", "2015-12-31": "2895.99700", "2014-12-31": "2642.52300", "2013-12-31": "2398.26700", "2012-12-31": "2183.90500", "2011-12-31": "2007.47700", "2010-12-31": "1779.17800", "2009-12-31": "1492.60700", "2008-12-31": "1181.45400", "2007-12-31": "1005.05500", "2006-12-31": "808.16400", "2005-12-31": "667.95800"}, "Comprehensive Income": {"2019-12-31": "-167.37300", "2018-12-31": "-248.77100", "2017-12-31": "-130.06700", "2016-12-31": "-317.04100", "2015-12-31": "-219.93900", "2014-12-31": "-95.13200", "2013-12-31": "67.84900", "2012-12-31": "52.85500", "2011-12-31": "22.58400", "2010-12-31": "30.51400", "2009-12-31": "64.19400", "2008-12-31": "29.72100", "2007-12-31": "100.26800", "2006-12-31": "47.36300", "2005-12-31": "21.05900"}, "Other Share Holders Equity": {"2019-12-31": "", "2018-12-31": "", "2017-12-31": "", "2016-12-31": "", "2015-12-31": "", "2014-12-31": "", "2013-12-31": "", "2012-12-31": "", "2011-12-31": "", "2010-12-31": "", "2009-12-31": "", "2008-12-31": "", "2007-12-31": "", "2006-12-31": "", "2005-12-31": ""}, "Share Holder Equity": {"2019-12-31": "3630.13700", "2018-12-31": "3541.78800", "2017-12-31": "2824.41000", "2016-12-31": "2800.80400", "2015-12-31": "2886.81400", "2014-12-31": "2816.44500", "2013-12-31": "2788.00100", "2012-12-31": "2615.86400", "2011-12-31": "2433.62300", "2010-12-31": "2412.95700", "2009-12-31": "2161.50800", "2008-12-31": "1772.35400", "2007-12-31": "1779.98200", "2006-12-31": "1470.96300", "2005-12-31": "1249.15400"}, "Total Liabilities And Share Holders Equity": {"2019-12-31": "7151.10100", "2018-12-31": "8500.52700", "2017-12-31": "7863.99500", "2016-12-31": "6760.39600", "2015-12-31": "6504.74000", "2014-12-31": "6138.80700", "2013-12-31": "5624.63600", "2012-12-31": "5333.99700", "2011-12-31": "4740.14400", "2010-12-31": "4547.47100", "2009-12-31": "3835.98500", "2008-12-31": "3599.21000", "2007-12-31": "3313.98400", "2006-12-31": "2881.14600", "2005-12-31": "2583.12000"}}, "balance sheet, quarterly": {"Cash On Hand": {"2020-09-30": "533.49500", "2020-06-30": "296.11000", "2020-03-31": "617.36800", "2019-12-31": "106.09700", "2019-09-30": "75.25600", "2019-06-30": "84.92400", "2019-03-31": "88.11500", "2018-12-31": "56.88500", "2018-09-30": "119.74000", "2018-06-30": "111.32100", "2018-03-31": "99.23500", "2017-12-31": "174.65800", "2017-09-30": "79.87900", "2017-06-30": "74.65400", "2017-03-31": "62.88800", "2016-12-31": "62.38100", "2016-09-30": "76.19200", "2016-06-30": "63.56000", "2016-03-31": "71.61400", "2015-12-31": "72.08600", "2015-09-30": "60.48100", "2015-06-30": "47.06800", "2015-03-31": "59.20200", "2014-12-31": "89.47400", "2014-09-30": "76.54200", "2014-06-30": "89.69800", "2014-03-31": "129.11500", "2013-12-31": "188.61600", "2013-09-30": "69.91500", "2013-06-30": "78.83900", "2013-03-31": "90.56200", "2012-12-31": "122.08000", "2012-09-30": "89.33600", "2012-06-30": "87.89600", "2012-03-31": "101.81300", "2011-12-31": "147.28400", "2011-09-30": "106.87200", "2011-06-30": "161.78900", "2011-03-31": "116.71200", "2010-12-31": "150.34800", "2010-09-30": "203.73000", "2010-06-30": "336.10500", "2010-03-31": "382.36800", "2009-12-31": "471.15400", "2009-09-30": "317.60700", "2009-06-30": "393.87300", "2009-03-31": "308.15600", "2008-12-31": "369.57000", "2008-09-30": "288.36400", "2008-06-30": "283.35700", "2008-03-31": "238.96100", "2007-12-31": "248.58700", "2007-09-30": "235.20800", "2007-06-30": "278.97100", "2007-03-31": "201.95500", "2006-12-31": "296.64600", "2006-09-30": "176.07000", "2006-06-30": "239.44100", "2006-03-31": "240.06500", "2005-12-31": "334.69300", "2005-09-30": "228.50200", "2005-06-30": "187.10800", "2005-03-31": "114.74100"}, "Receivables": {"2020-09-30": "1407.67600", "2020-06-30": "1101.20100", "2020-03-31": "1198.74300", "2019-12-31": "1246.24600", "2019-09-30": "1278.93900", "2019-06-30": "1203.92500", "2019-03-31": "1193.05400", "2018-12-31": "1168.77600", "2018-09-30": "1627.64000", "2018-06-30": "1561.09700", "2018-03-31": "1576.39000", "2017-12-31": "1522.80700", "2017-09-30": "1544.58200", "2017-06-30": "1409.06000", "2017-03-31": "1362.83200", "2016-12-31": "1254.13900", "2016-09-30": "1367.60400", "2016-06-30": "1296.22500", "2016-03-31": "1274.95000", "2015-12-31": "1229.81600", "2015-09-30": "1223.63600", "2015-06-30": "1164.38000", "2015-03-31": "1099.27300", "2014-12-31": "1127.51700", "2014-09-30": "1179.17100", "2014-06-30": "1188.14300", "2014-03-31": "1116.50200", "2013-12-31": "1055.21600", "2013-09-30": "1103.27200", "2013-06-30": "1039.91400", "2013-03-31": "1028.16300", "2012-12-31": "1015.19400", "2012-09-30": "1035.52900", "2012-06-30": "972.29200", "2012-03-31": "957.47000", "2011-12-31": "888.24800", "2011-09-30": "983.06000", "2011-06-30": "963.07300", "2011-03-31": "934.95200", "2010-12-31": "885.78400", "2010-09-30": "923.02600", "2010-06-30": "829.91700", "2010-03-31": "803.04400", "2009-12-31": "725.39700", "2009-09-30": "764.28500", "2009-06-30": "730.99600", "2009-03-31": "677.19300", "2008-12-31": "734.02700", "2008-09-30": "767.30400", "2008-06-30": "731.49900", "2008-03-31": "702.51900", "2007-12-31": "708.30700", "2007-09-30": "764.59000", "2007-06-30": "637.22900", "2007-03-31": "617.42700", "2006-12-31": "610.02000", "2006-09-30": "605.05800", "2006-06-30": "579.76600", "2006-03-31": "546.41400", "2005-12-31": "582.61700", "2005-09-30": "612.04000", "2005-06-30": "580.69900", "2005-03-31": "550.26200"}, "Inventory": {"2020-09-30": "1463.43400", "2020-06-30": "1406.71900", "2020-03-31": "1328.40500", "2019-12-31": "1428.79900", "2019-09-30": "1356.89700", "2019-06-30": "1367.51600", "2019-03-31": "1370.37600", "2018-12-31": "1415.51200", "2018-09-30": "1932.85500", "2018-06-30": "1930.20200", "2018-03-31": "2015.06900", "2017-12-31": "1933.80300", "2017-09-30": "1692.25600", "2017-06-30": "1567.15900", "2017-03-31": "1623.98300", "2016-12-31": "1665.75000", "2016-09-30": "1468.31200", "2016-06-30": "1482.50700", "2016-03-31": "1500.36900", "2015-12-31": "1509.95700", "2015-09-30": "1424.92300", "2015-06-30": "1314.22000", "2015-03-31": "1297.82500", "2014-12-31": "1327.79600", "2014-09-30": "1283.69800", "2014-06-30": "1257.23500", "2014-03-31": "1246.87300", "2013-12-31": "1250.40300", "2013-09-30": "1123.10700", "2013-06-30": "1099.01200", "2013-03-31": "1136.04300", "2012-12-31": "1203.50700", "2012-09-30": "1070.85400", "2012-06-30": "976.99600", "2012-03-31": "975.79700", "2011-12-31": "947.84900", "2011-09-30": "923.68700", "2011-06-30": "926.72200", "2011-03-31": "930.34100", "2010-12-31": "870.20600", "2010-09-30": "849.54100", "2010-06-30": "797.60300", "2010-03-31": "806.11500", "2009-12-31": "775.19900", "2009-09-30": "770.37000", "2009-06-30": "737.95600", "2009-03-31": "740.94700", "2008-12-31": "731.65400", "2008-09-30": "731.51400", "2008-06-30": "693.55600", "2008-03-31": "701.76700", "2007-12-31": "666.78600", "2007-09-30": "676.55700", "2007-06-30": "579.47400", "2007-03-31": "583.23600", "2006-12-31": "584.10300", "2006-09-30": "572.56900", "2006-06-30": "551.55200", "2006-03-31": "511.94900", "2005-12-31": "505.54200", "2005-09-30": "483.28100", "2005-06-30": "494.32300", "2005-03-31": "495.57400"}, "Pre-Paid Expenses": {"2020-09-30": "464.64500", "2020-06-30": "605.17600", "2020-03-31": "474.58900", "2019-12-31": "445.36000", "2019-09-30": "404.65000", "2019-06-30": "452.34900", "2019-03-31": "457.56600", "2018-12-31": "451.03300", "2018-09-30": "513.71700", "2018-06-30": "459.32000", "2018-03-31": "430.11100", "2017-12-31": "454.75200", "2017-09-30": "465.81200", "2017-06-30": "412.90400", "2017-03-31": "342.55400", "2016-12-31": "360.51000", "2016-09-30": "373.84700", "2016-06-30": "377.65700", "2016-03-31": "363.96500", "2015-12-31": "361.08200", "2015-09-30": "356.79400", "2015-06-30": "322.13400", "2015-03-31": "293.33500", "2014-12-31": "311.78800", "2014-09-30": "319.35400", "2014-06-30": "310.49600", "2014-03-31": "307.02800", "2013-12-31": "276.56500", "2013-09-30": "272.36000", "2013-06-30": "292.41600", "2013-03-31": "265.57600", "2012-12-31": "299.54700", "2012-09-30": "257.03100", "2012-06-30": "233.26700", "2012-03-31": "217.37700", "2011-12-31": "234.15700", "2011-09-30": "249.40500", "2011-06-30": "243.24800", "2011-03-31": "228.14300", "2010-12-31": "214.01300", "2010-09-30": "230.61700", "2010-06-30": "205.98600", "2010-03-31": "183.40000", "2009-12-31": "183.78200", "2009-09-30": "186.74400", "2009-06-30": "187.79800", "2009-03-31": "176.63400", "2008-12-31": "193.84100", "2008-09-30": "194.74000", "2008-06-30": "186.50800", "2008-03-31": "192.72700", "2007-12-31": "192.29200", "2007-09-30": "145.37200", "2007-06-30": "123.84600", "2007-03-31": "119.16900", "2006-12-31": "125.83900", "2006-09-30": "134.32400", "2006-06-30": "124.11300", "2006-03-31": "164.97000", "2005-12-31": "126.05200", "2005-09-30": "129.25600", "2005-06-30": "127.10100", "2005-03-31": "137.16900"}, "Other Current Assets": {"2020-09-30": "", "2020-06-30": "", "2020-03-31": "", "2019-12-31": "", "2019-09-30": "", "2019-06-30": "", "2019-03-31": "", "2018-12-31": "", "2018-09-30": "", "2018-06-30": "", "2018-03-31": "", "2017-12-31": "", "2017-09-30": "", "2017-06-30": "", "2017-03-31": "", "2016-12-31": "", "2016-09-30": "", "2016-06-30": "", "2016-03-31": "", "2015-12-31": "", "2015-09-30": "", "2015-06-30": "", "2015-03-31": "", "2014-12-31": "", "2014-09-30": "", "2014-06-30": "", "2014-03-31": "", "2013-12-31": "", "2013-09-30": "", "2013-06-30": "", "2013-03-31": "", "2012-12-31": "", "2012-09-30": "", "2012-06-30": "", "2012-03-31": "", "2011-12-31": "", "2011-09-30": "", "2011-06-30": "", "2011-03-31": "", "2010-12-31": "", "2010-09-30": "", "2010-06-30": "", "2010-03-31": "", "2009-12-31": "", "2009-09-30": "", "2009-06-30": "", "2009-03-31": "", "2008-12-31": "", "2008-09-30": "", "2008-06-30": "", "2008-03-31": "", "2007-12-31": "", "2007-09-30": "", "2007-06-30": "", "2007-03-31": "", "2006-12-31": "", "2006-09-30": "", "2006-06-30": "", "2006-03-31": "", "2005-12-31": "", "2005-09-30": "", "2005-06-30": "", "2005-03-31": ""}, "Total Current Assets": {"2020-09-30": "3869.25000", "2020-06-30": "3409.20600", "2020-03-31": "3619.10500", "2019-12-31": "3226.50200", "2019-09-30": "3115.74200", "2019-06-30": "3108.71400", "2019-03-31": "3109.11100", "2018-12-31": "4175.22000", "2018-09-30": "4193.95200", "2018-06-30": "4061.94000", "2018-03-31": "4120.80500", "2017-12-31": "4086.02000", "2017-09-30": "3782.52900", "2017-06-30": "3463.77700", "2017-03-31": "3392.25700", "2016-12-31": "3342.78000", "2016-09-30": "3285.95500", "2016-06-30": "3277.59100", "2016-03-31": "3271.00300", "2015-12-31": "3231.10000", "2015-09-30": "3120.17300", "2015-06-30": "2905.33700", "2015-03-31": "2802.25400", "2014-12-31": "2913.16600", "2014-09-30": "2928.23700", "2014-06-30": "2912.00300", "2014-03-31": "2876.90600", "2013-12-31": "2834.66500", "2013-09-30": "2635.42000", "2013-06-30": "2573.26600", "2013-03-31": "2585.41500", "2012-12-31": "2704.37700", "2012-09-30": "2512.17900", "2012-06-30": "2331.14400", "2012-03-31": "2307.01000", "2011-12-31": "2272.50800", "2011-09-30": "2317.13200", "2011-06-30": "2349.01000", "2011-03-31": "2261.51100", "2010-12-31": "2169.30200", "2010-09-30": "2247.77400", "2010-06-30": "2212.54500", "2010-03-31": "2219.37200", "2009-12-31": "2203.53300", "2009-09-30": "2079.75300", "2009-06-30": "2089.29000", "2009-03-31": "1940.31600", "2008-12-31": "2066.06600", "2008-09-30": "2014.26200", "2008-06-30": "1931.12300", "2008-03-31": "1873.30200", "2007-12-31": "1848.79900", "2007-09-30": "1853.46900", "2007-06-30": "1648.85800", "2007-03-31": "1551.77900", "2006-12-31": "1644.84800", "2006-09-30": "1516.65000", "2006-06-30": "1522.74000", "2006-03-31": "1493.50600", "2005-12-31": "1584.40900", "2005-09-30": "1482.55300", "2005-06-30": "1419.86400", "2005-03-31": "1328.64700"}, "Property, Plant, And Equipment": {"2020-09-30": "334.95400", "2020-06-30": "335.89800", "2020-03-31": "328.03300", "2019-12-31": "329.64500", "2019-09-30": "311.12300", "2019-06-30": "315.42200", "2019-03-31": "315.39300", "2018-12-31": "314.22100", "2018-09-30": "374.05100", "2018-06-30": "368.60400", "2018-03-31": "377.00200", "2017-12-31": "375.00100", "2017-09-30": "361.70800", "2017-06-30": "351.38100", "2017-03-31": "336.46500", "2016-12-31": "333.90600", "2016-09-30": "324.10800", "2016-06-30": "320.09800", "2016-03-31": "324.28300", "2015-12-31": "318.47600", "2015-09-30": "311.89100", "2015-06-30": "310.33300", "2015-03-31": "292.04400", "2014-12-31": "311.49600", "2014-09-30": "303.15700", "2014-06-30": "292.97200", "2014-03-31": "285.52800", "2013-12-31": "275.88800", "2013-09-30": "265.27300", "2013-06-30": "256.77500", "2013-03-31": "262.82500", "2012-12-31": "273.45800", "2012-09-30": "258.68300", "2012-06-30": "255.71500", "2012-03-31": "259.76000", "2011-12-31": "262.08800", "2011-09-30": "262.50200", "2011-06-30": "270.02100", "2011-03-31": "271.75000", "2010-12-31": "252.57300", "2010-09-30": "254.00400", "2010-06-30": "248.23300", "2010-03-31": "249.72000", "2009-12-31": "259.57600", "2009-09-30": "257.60200", "2009-06-30": "254.00800", "2009-03-31": "242.17500", "2008-12-31": "247.83500", "2008-09-30": "247.34500", "2008-06-30": "254.11000", "2008-03-31": "255.76500", "2007-12-31": "247.67100", "2007-09-30": "236.30900", "2007-06-30": "223.22700", "2007-03-31": "221.23400", "2006-12-31": "225.03800", "2006-09-30": "218.15400", "2006-06-30": "209.87600", "2006-03-31": "194.25800", "2005-12-31": "190.74600", "2005-09-30": "180.87800", "2005-06-30": "184.28700", "2005-03-31": "175.31500"}, "Long-Term Investments": {"2020-09-30": "356.43900", "2020-06-30": "362.56500", "2020-03-31": "331.59000", "2019-12-31": "327.91900", "2019-09-30": "385.74400", "2019-06-30": "389.64800", "2019-03-31": "404.00400", "2018-12-31": "420.36700", "2018-09-30": "518.42500", "2018-06-30": "510.45300", "2018-03-31": "449.73100", "2017-12-31": "432.00200", "2017-09-30": "450.77000", "2017-06-30": "472.92200", "2017-03-31": "458.02800", "2016-12-31": "442.79000", "2016-09-30": "454.70400", "2016-06-30": "487.40400", "2016-03-31": "476.92400", "2015-12-31": "454.60000", "2015-09-30": "422.71600", "2015-06-30": "416.99400", "2015-03-31": "387.78000", "2014-12-31": "386.28600", "2014-09-30": "358.88600", "2014-06-30": "360.04400", "2014-03-31": "327.56900", "2013-12-31": "461.94500", "2013-09-30": "311.41200", "2013-06-30": "291.32200", "2013-03-31": "292.94800", "2012-12-31": "292.93400", "2012-09-30": "278.04500", "2012-06-30": "299.91300", "2012-03-31": "300.62700", "2011-12-31": "298.82800", "2011-09-30": "297.34500", "2011-06-30": "304.52500", "2011-03-31": "303.56400", "2010-12-31": "295.33400", "2010-09-30": "263.32900", "2010-06-30": "181.95300", "2010-03-31": "185.16000", "2009-12-31": "182.03600", "2009-09-30": "176.88800", "2009-06-30": "146.90100", "2009-03-31": "147.00600", "2008-12-31": "148.26400", "2008-09-30": "152.93700", "2008-06-30": "139.04000", "2008-03-31": "118.36700", "2007-12-31": "107.90000", "2007-09-30": "103.04100", "2007-06-30": "97.11000", "2007-03-31": "97.48700", "2006-12-31": "75.91700", "2006-09-30": "69.72900", "2006-06-30": "59.43300", "2006-03-31": "62.76200", "2005-12-31": "57.89200", "2005-09-30": "62.79200", "2005-06-30": "74.85700", "2005-03-31": "68.90800"}, "Goodwill And Intangible Assets": {"2020-09-30": "2999.35700", "2020-06-30": "2998.98300", "2020-03-31": "3025.35000", "2019-12-31": "3035.37300", "2019-09-30": "3044.34700", "2019-06-30": "3062.44000", "2019-03-31": "3068.23400", "2018-12-31": "2457.06000", "2018-09-30": "3303.88200", "2018-06-30": "2868.78900", "2018-03-31": "2967.33800", "2017-12-31": "2970.97200", "2017-09-30": "2891.65400", "2017-06-30": "2809.37600", "2017-03-31": "2657.87000", "2016-12-31": "2640.92000", "2016-09-30": "2568.82600", "2016-06-30": "2548.50300", "2016-03-31": "2528.36000", "2015-12-31": "2500.56400", "2015-09-30": "2516.77800", "2015-06-30": "2472.96200", "2015-03-31": "2457.18600", "2014-12-31": "2527.85900", "2014-09-30": "2540.35100", "2014-06-30": "2426.73500", "2014-03-31": "2390.10700", "2013-12-31": "2052.13800", "2013-09-30": "2065.98400", "2013-06-30": "2043.14300", "2013-03-31": "2064.49800", "2012-12-31": "2063.22800", "2012-09-30": "2062.62500", "2012-06-30": "1948.48400", "2012-03-31": "1892.23600", "2011-12-31": "1906.72000", "2011-09-30": "1921.31700", "2011-06-30": "1960.20300", "2011-03-31": "1958.16900", "2010-12-31": "1830.26200", "2010-09-30": "1839.35200", "2010-06-30": "1774.93400", "2010-03-31": "1608.37900", "2009-12-31": "1190.84000", "2009-09-30": "1189.09600", "2009-06-30": "1155.29100", "2009-03-31": "1103.04700", "2008-12-31": "1137.04500", "2008-09-30": "1092.03000", "2008-06-30": "1145.24200", "2008-03-31": "1141.03500", "2007-12-31": "1109.61400", "2007-09-30": "1090.67400", "2007-06-30": "927.45700", "2007-03-31": "944.89200", "2006-12-31": "935.34300", "2006-09-30": "913.08700", "2006-06-30": "858.00400", "2006-03-31": "816.41800", "2005-12-31": "750.07300", "2005-09-30": "755.39900", "2005-06-30": "760.88000", "2005-03-31": "767.27200"}, "Other Long-Term Assets": {"2020-09-30": "", "2020-06-30": "", "2020-03-31": "", "2019-12-31": "", "2019-09-30": "", "2019-06-30": "", "2019-03-31": "", "2018-12-31": "", "2018-09-30": "", "2018-06-30": "", "2018-03-31": "", "2017-12-31": "", "2017-09-30": "", "2017-06-30": "", "2017-03-31": "", "2016-12-31": "", "2016-09-30": "", "2016-06-30": "", "2016-03-31": "", "2015-12-31": "", "2015-09-30": "", "2015-06-30": "", "2015-03-31": "", "2014-12-31": "", "2014-09-30": "", "2014-06-30": "", "2014-03-31": "", "2013-12-31": "", "2013-09-30": "", "2013-06-30": "", "2013-03-31": "", "2012-12-31": "", "2012-09-30": "", "2012-06-30": "", "2012-03-31": "", "2011-12-31": "", "2011-09-30": "", "2011-06-30": "", "2011-03-31": "", "2010-12-31": "", "2010-09-30": "", "2010-06-30": "", "2010-03-31": "", "2009-12-31": "", "2009-09-30": "", "2009-06-30": "", "2009-03-31": "", "2008-12-31": "", "2008-09-30": "", "2008-06-30": "", "2008-03-31": "", "2007-12-31": "", "2007-09-30": "", "2007-06-30": "", "2007-03-31": "", "2006-12-31": "", "2006-09-30": "", "2006-06-30": "", "2006-03-31": "", "2005-12-31": "", "2005-09-30": "", "2005-06-30": "", "2005-03-31": ""}, "Total Long-Term Assets": {"2020-09-30": "3940.64500", "2020-06-30": "3908.91900", "2020-03-31": "3900.09500", "2019-12-31": "3924.59900", "2019-09-30": "3981.34000", "2019-06-30": "4003.62300", "2019-03-31": "4035.75300", "2018-12-31": "4325.30700", "2018-09-30": "4196.35800", "2018-06-30": "3747.84600", "2018-03-31": "3794.07100", "2017-12-31": "3777.97500", "2017-09-30": "3704.13200", "2017-06-30": "3633.67900", "2017-03-31": "3452.36300", "2016-12-31": "3417.61600", "2016-09-30": "3347.63800", "2016-06-30": "3356.00500", "2016-03-31": "3329.56700", "2015-12-31": "3273.64000", "2015-09-30": "3251.38500", "2015-06-30": "3200.28900", "2015-03-31": "3137.01000", "2014-12-31": "3225.64100", "2014-09-30": "3202.39400", "2014-06-30": "3079.75100", "2014-03-31": "3003.20400", "2013-12-31": "2789.97100", "2013-09-30": "2642.66900", "2013-06-30": "2591.24000", "2013-03-31": "2620.27100", "2012-12-31": "2629.62000", "2012-09-30": "2599.35300", "2012-06-30": "2504.11200", "2012-03-31": "2452.62300", "2011-12-31": "2467.63600", "2011-09-30": "2481.16400", "2011-06-30": "2534.74900", "2011-03-31": "2533.48300", "2010-12-31": "2378.16900", "2010-09-30": "2356.68500", "2010-06-30": "2205.12000", "2010-03-31": "2043.25900", "2009-12-31": "1632.45200", "2009-09-30": "1623.58600", "2009-06-30": "1556.20000", "2009-03-31": "1492.22800", "2008-12-31": "1533.14400", "2008-09-30": "1492.31200", "2008-06-30": "1538.39200", "2008-03-31": "1515.16700", "2007-12-31": "1465.18500", "2007-09-30": "1430.02400", "2007-06-30": "1247.79400", "2007-03-31": "1263.61300", "2006-12-31": "1236.29800", "2006-09-30": "1200.97000", "2006-06-30": "1127.31300", "2006-03-31": "1073.43800", "2005-12-31": "998.71100", "2005-09-30": "999.06900", "2005-06-30": "1020.02400", "2005-03-31": "1011.49500"}, "Total Assets": {"2020-09-30": "7809.89500", "2020-06-30": "7318.12500", "2020-03-31": "7519.20000", "2019-12-31": "7151.10100", "2019-09-30": "7097.08200", "2019-06-30": "7112.33700", "2019-03-31": "7144.86400", "2018-12-31": "8500.52700", "2018-09-30": "8390.31000", "2018-06-30": "7809.78600", "2018-03-31": "7914.87600", "2017-12-31": "7863.99500", "2017-09-30": "7486.66100", "2017-06-30": "7097.45600", "2017-03-31": "6844.62000", "2016-12-31": "6760.39600", "2016-09-30": "6633.59300", "2016-06-30": "6633.59600", "2016-03-31": "6600.57000", "2015-12-31": "6504.74000", "2015-09-30": "6371.55800", "2015-06-30": "6105.62600", "2015-03-31": "5939.26400", "2014-12-31": "6138.80700", "2014-09-30": "6130.63100", "2014-06-30": "5991.75400", "2014-03-31": "5880.11000", "2013-12-31": "5624.63600", "2013-09-30": "5278.08900", "2013-06-30": "5164.50600", "2013-03-31": "5205.68600", "2012-12-31": "5333.99700", "2012-09-30": "5111.53200", "2012-06-30": "4835.25600", "2012-03-31": "4759.63300", "2011-12-31": "4740.14400", "2011-09-30": "4798.29600", "2011-06-30": "4883.75900", "2011-03-31": "4794.99400", "2010-12-31": "4547.47100", "2010-09-30": "4604.45900", "2010-06-30": "4417.66500", "2010-03-31": "4262.63100", "2009-12-31": "3835.98500", "2009-09-30": "3703.33900", "2009-06-30": "3645.49000", "2009-03-31": "3432.54400", "2008-12-31": "3599.21000", "2008-09-30": "3506.57400", "2008-06-30": "3469.51500", "2008-03-31": "3388.46900", "2007-12-31": "3313.98400", "2007-09-30": "3283.49300", "2007-06-30": "2896.65200", "2007-03-31": "2815.39200", "2006-12-31": "2881.14600", "2006-09-30": "2717.62000", "2006-06-30": "2650.05300", "2006-03-31": "2566.94400", "2005-12-31": "2583.12000", "2005-09-30": "2481.62200", "2005-06-30": "2439.88800", "2005-03-31": "2340.14200"}, "Total Current Liabilities": {"2020-09-30": "2603.80700", "2020-06-30": "2307.24100", "2020-03-31": "2205.83400", "2019-12-31": "2038.36900", "2019-09-30": "1908.69200", "2019-06-30": "1825.27700", "2019-03-31": "1878.77600", "2018-12-31": "3218.82700", "2018-09-30": "3229.78500", "2018-06-30": "3152.92200", "2018-03-31": "2856.29100", "2017-12-31": "2828.97500", "2017-09-30": "2437.14700", "2017-06-30": "2229.94500", "2017-03-31": "2285.43200", "2016-12-31": "2320.64600", "2016-09-30": "2039.65500", "2016-06-30": "1910.91200", "2016-03-31": "1987.50400", "2015-12-31": "2146.99700", "2015-09-30": "1797.28100", "2015-06-30": "1636.74200", "2015-03-31": "1546.83900", "2014-12-31": "1780.11100", "2014-09-30": "1705.83400", "2014-06-30": "1543.90100", "2014-03-31": "1613.26100", "2013-12-31": "1550.66300", "2013-09-30": "1446.44500", "2013-06-30": "1314.33500", "2013-03-31": "1242.56900", "2012-12-31": "1472.70900", "2012-09-30": "1448.95800", "2012-06-30": "1283.45400", "2012-03-31": "1139.13600", "2011-12-31": "1271.64000", "2011-09-30": "1201.35200", "2011-06-30": "1236.94500", "2011-03-31": "1234.20300", "2010-12-31": "1168.08700", "2010-09-30": "1287.64700", "2010-06-30": "1026.19700", "2010-03-31": "1013.87100", "2009-12-31": "1076.25400", "2009-09-30": "1029.13400", "2009-06-30": "1057.61200", "2009-03-31": "1011.88500", "2008-12-31": "1183.66500", "2008-09-30": "1100.69800", "2008-06-30": "921.81800", "2008-03-31": "889.52000", "2007-12-31": "940.63900", "2007-09-30": "1013.89100", "2007-06-30": "733.50500", "2007-03-31": "698.17200", "2006-12-31": "810.08800", "2006-09-30": "724.24600", "2006-06-30": "672.08400", "2006-03-31": "649.07500", "2005-12-31": "724.11400", "2005-09-30": "635.00200", "2005-06-30": "623.47100", "2005-03-31": "572.06600"}, "Long Term Debt": {"2020-09-30": "515.35700", "2020-06-30": "515.80200", "2020-03-31": "865.82100", "2019-12-31": "622.90800", "2019-09-30": "872.22900", "2019-06-30": "973.14700", "2019-03-31": "973.50000", "2018-12-31": "980.34400", "2018-09-30": "1000.31500", "2018-06-30": "985.38500", "2018-03-31": "1000.51500", "2017-12-31": "907.75600", "2017-09-30": "907.59200", "2017-06-30": "807.62500", "2017-03-31": "708.42200", "2016-12-31": "715.45700", "2016-09-30": "718.02400", "2016-06-30": "700.05200", "2016-03-31": "666.28300", "2015-12-31": "463.75200", "2015-09-30": "597.10600", "2015-06-30": "588.52300", "2015-03-31": "653.71800", "2014-12-31": "542.77600", "2014-09-30": "630.80600", "2014-06-30": "665.90900", "2014-03-31": "541.68700", "2013-12-31": "450.23300", "2013-09-30": "311.45800", "2013-06-30": "446.70900", "2013-03-31": "600.59900", "2012-12-31": "488.12100", "2012-09-30": "436.42600", "2012-06-30": "434.41700", "2012-03-31": "453.05800", "2011-12-31": "363.52400", "2011-09-30": "371.86400", "2011-06-30": "372.92400", "2011-03-31": "407.46200", "2010-12-31": "395.30900", "2010-09-30": "383.49500", "2010-06-30": "523.42100", "2010-03-31": "522.88200", "2009-12-31": "243.37300", "2009-09-30": "242.51100", "2009-06-30": "261.22900", "2009-03-31": "256.33300", "2008-12-31": "256.64800", "2008-09-30": "268.99000", "2008-06-30": "424.47000", "2008-03-31": "428.54100", "2007-12-31": "423.27400", "2007-09-30": "432.27900", "2007-06-30": "450.26000", "2007-03-31": "457.31800", "2006-12-31": "455.80600", "2006-09-30": "456.48700", "2006-06-30": "486.01400", "2006-03-31": "488.21400", "2005-12-31": "489.52000", "2005-09-30": "513.59200", "2005-06-30": "518.95400", "2005-03-31": "517.09300"}, "Other Non-Current Liabilities": {"2020-09-30": "370.74500", "2020-06-30": "374.04500", "2020-03-31": "333.42100", "2019-12-31": "331.17300", "2019-09-30": "322.37800", "2019-06-30": "329.56800", "2019-03-31": "327.05700", "2018-12-31": "357.74100", "2018-09-30": "415.04500", "2018-06-30": "407.45800", "2018-03-31": "421.68400", "2017-12-31": "420.28500", "2017-09-30": "292.17900", "2017-06-30": "288.47800", "2017-03-31": "256.87500", "2016-12-31": "264.26400", "2016-09-30": "257.75500", "2016-06-30": "250.01800", "2016-03-31": "242.67500", "2015-12-31": "212.12100", "2015-09-30": "202.38500", "2015-06-30": "193.70400", "2015-03-31": "181.24600", "2014-12-31": "181.83000", "2014-09-30": "158.73600", "2014-06-30": "152.02900", "2014-03-31": "136.25300", "2013-12-31": "139.52600", "2013-09-30": "128.93700", "2013-06-30": "119.29100", "2013-03-31": "119.71300", "2012-12-31": "125.31400", "2012-09-30": "96.40200", "2012-06-30": "82.98000", "2012-03-31": "84.08100", "2011-12-31": "80.56800", "2011-09-30": "-340.32800", "2011-06-30": "-346.79600", "2011-03-31": "-343.34900", "2010-12-31": "76.75300", "2010-09-30": "-223.51900", "2010-06-30": "-268.75100", "2010-03-31": "-212.03100", "2009-12-31": "-103.26600", "2009-09-30": "-105.47500", "2009-06-30": "58.48200", "2009-03-31": "56.13100", "2008-12-31": "-174.92600", "2008-09-30": "52.30300", "2008-06-30": "54.64400", "2008-03-31": "52.70900", "2007-12-31": "53.90600", "2007-09-30": "62.20600", "2007-06-30": "62.96200", "2007-03-31": "61.29100", "2006-12-31": "60.20900", "2006-09-30": "58.26000", "2006-06-30": "59.57200", "2006-03-31": "56.14600", "2005-12-31": "53.54700", "2005-09-30": "52.36400", "2005-06-30": "48.51400", "2005-03-31": "39.59500"}, "Total Long Term Liabilities": {"2020-09-30": "1413.82100", "2020-06-30": "1389.33900", "2020-03-31": "1707.57400", "2019-12-31": "1482.59500", "2019-09-30": "1729.08000", "2019-06-30": "1840.84600", "2019-03-31": "1851.41500", "2018-12-31": "1739.91200", "2018-09-30": "1743.80900", "2018-06-30": "1733.95500", "2018-03-31": "2146.66900", "2017-12-31": "2210.61000", "2017-09-30": "2029.30400", "2017-06-30": "1932.88100", "2017-03-31": "1763.79400", "2016-12-31": "1638.94600", "2016-09-30": "1690.76000", "2016-06-30": "1767.07100", "2016-03-31": "1696.83200", "2015-12-31": "1470.92900", "2015-09-30": "1632.33100", "2015-06-30": "1602.86800", "2015-03-31": "1656.54600", "2014-12-31": "1542.25100", "2014-09-30": "1603.65800", "2014-06-30": "1594.32100", "2014-03-31": "1447.79200", "2013-12-31": "1285.97200", "2013-09-30": "1120.67900", "2013-06-30": "1232.73300", "2013-03-31": "1383.44300", "2012-12-31": "1245.42400", "2012-09-30": "1089.46600", "2012-06-30": "1061.75800", "2012-03-31": "1093.02200", "2011-12-31": "1034.88100", "2011-09-30": "1056.38200", "2011-06-30": "1071.99400", "2011-03-31": "1112.59100", "2010-12-31": "966.42700", "2010-09-30": "948.74290", "2010-06-30": "1124.47000", "2010-03-31": "1057.19000", "2009-12-31": "598.22300", "2009-09-30": "600.01500", "2009-06-30": "416.25300", "2009-03-31": "398.59900", "2008-12-31": "643.19100", "2008-09-30": "458.35400", "2008-06-30": "618.62900", "2008-03-31": "613.15200", "2007-12-31": "593.36300", "2007-09-30": "596.04700", "2007-06-30": "595.86600", "2007-03-31": "608.08610", "2006-12-31": "600.09500", "2006-09-30": "586.59700", "2006-06-30": "623.12100", "2006-03-31": "618.99200", "2005-12-31": "609.85200", "2005-09-30": "647.27100", "2005-06-30": "654.03300", "2005-03-31": "639.62400"}, "Total Liabilities": {"2020-09-30": "4017.62800", "2020-06-30": "3696.58000", "2020-03-31": "3913.40800", "2019-12-31": "3520.96400", "2019-09-30": "3637.77200", "2019-06-30": "3666.12300", "2019-03-31": "3730.19100", "2018-12-31": "4958.73900", "2018-09-30": "4973.59400", "2018-06-30": "4886.87700", "2018-03-31": "5002.96000", "2017-12-31": "5039.58500", "2017-09-30": "4466.45100", "2017-06-30": "4162.82600", "2017-03-31": "4049.22600", "2016-12-31": "3959.59200", "2016-09-30": "3730.41500", "2016-06-30": "3677.98300", "2016-03-31": "3684.33600", "2015-12-31": "3617.92600", "2015-09-30": "3429.61200", "2015-06-30": "3239.61000", "2015-03-31": "3203.38500", "2014-12-31": "3322.36200", "2014-09-30": "3309.49200", "2014-06-30": "3138.22200", "2014-03-31": "3061.05300", "2013-12-31": "2836.63500", "2013-09-30": "2567.12400", "2013-06-30": "2547.06800", "2013-03-31": "2626.01200", "2012-12-31": "2718.13300", "2012-09-30": "2538.42400", "2012-06-30": "2345.21200", "2012-03-31": "2232.15800", "2011-12-31": "2306.52100", "2011-09-30": "2257.73400", "2011-06-30": "2308.93900", "2011-03-31": "2346.79400", "2010-12-31": "2134.51400", "2010-09-30": "2236.39000", "2010-06-30": "2150.66700", "2010-03-31": "2071.06100", "2009-12-31": "1674.47700", "2009-09-30": "1629.14900", "2009-06-30": "1473.86500", "2009-03-31": "1410.48400", "2008-12-31": "1826.85600", "2008-09-30": "1559.05200", "2008-06-30": "1540.44700", "2008-03-31": "1502.67200", "2007-12-31": "1534.00200", "2007-09-30": "1609.93800", "2007-06-30": "1329.37100", "2007-03-31": "1306.25800", "2006-12-31": "1410.18300", "2006-09-30": "1310.84300", "2006-06-30": "1295.20500", "2006-03-31": "1268.06700", "2005-12-31": "1333.96600", "2005-09-30": "1282.27300", "2005-06-30": "1277.50400", "2005-03-31": "1211.69000"}, "Common Stock Net": {"2020-09-30": "1.42500", "2020-06-30": "1.42400", "2020-03-31": "1.42400", "2019-12-31": "1.43400", "2019-09-30": "1.46300", "2019-06-30": "1.47800", "2019-03-31": "1.49000", "2018-12-31": "1.51400", "2018-09-30": "1.52400", "2018-06-30": "1.53200", "2018-03-31": "1.54000", "2017-12-31": "1.53700", "2017-09-30": "1.57000", "2017-06-30": "0.79200", "2017-03-31": "0.79500", "2016-12-31": "1.58800", "2016-09-30": "0.80600", "2016-06-30": "0.81800", "2016-03-31": "0.82100", "2015-12-31": "0.82400", "2015-09-30": "0.83400", "2015-06-30": "0.83700", "2015-03-31": "0.83900", "2014-12-31": "0.84000", "2014-09-30": "0.84500", "2014-06-30": "0.85000", "2014-03-31": "0.85600", "2013-12-31": "0.85600", "2013-09-30": "0.86000", "2013-06-30": "0.86700", "2013-03-31": "0.87400", "2012-12-31": "0.87900", "2012-09-30": "0.88300", "2012-06-30": "0.88900", "2012-03-31": "0.90200", "2011-12-31": "0.89900", "2011-09-30": "0.90900", "2011-06-30": "0.92400", "2011-03-31": "0.92300", "2010-12-31": "0.91900", "2010-09-30": "0.92400", "2010-06-30": "0.91500", "2010-03-31": "0.91300", "2009-12-31": "0.90600", "2009-09-30": "0.90400", "2009-06-30": "0.90200", "2009-03-31": "0.90200", "2008-12-31": "0.89400", "2008-09-30": "0.89900", "2008-06-30": "0.89800", "2008-03-31": "0.90200", "2007-12-31": "0.89600", "2007-09-30": "0.89500", "2007-06-30": "0.89100", "2007-03-31": "0.88800", "2006-12-31": "0.88500", "2006-09-30": "0.88600", "2006-06-30": "0.88200", "2006-03-31": "0.88300", "2005-12-31": "0.87100", "2005-09-30": "0.87400", "2005-06-30": "0.87100", "2005-03-31": "0.86800"}, "Retained Earnings (Accumulated Deficit)": {"2020-09-30": "3314.13600", "2020-06-30": "3172.43900", "2020-03-31": "3183.23600", "2019-12-31": "3116.21500", "2019-09-30": "2957.85000", "2019-06-30": "2900.38700", "2019-03-31": "2859.18200", "2018-12-31": "3208.58900", "2018-09-30": "3191.26000", "2018-06-30": "3123.39800", "2018-03-31": "2998.32800", "2017-12-31": "2940.02900", "2017-09-30": "3164.54100", "2017-06-30": "3134.98900", "2017-03-31": "3068.24900", "2016-12-31": "2981.77700", "2016-09-30": "2996.77300", "2016-06-30": "3010.45600", "2016-03-31": "2933.80500", "2015-12-31": "2895.99700", "2015-09-30": "2878.69600", "2015-06-30": "2779.52100", "2015-03-31": "2689.62000", "2014-12-31": "2642.52300", "2014-09-30": "2564.88200", "2014-06-30": "2505.72100", "2014-03-31": "2445.53600", "2013-12-31": "2398.26700", "2013-09-30": "2328.17400", "2013-06-30": "2275.51600", "2013-03-31": "2223.03700", "2012-12-31": "2183.90500", "2012-09-30": "2130.47600", "2012-06-30": "2076.06000", "2012-03-31": "2061.26300", "2011-12-31": "2007.47700", "2011-09-30": "1950.59300", "2011-06-30": "1928.13800", "2011-03-31": "1837.22900", "2010-12-31": "1779.17800", "2010-09-30": "1722.14600", "2010-06-30": "1637.50800", "2010-03-31": "1553.50700", "2009-12-31": "1492.60700", "2009-09-30": "1406.19900", "2009-06-30": "1309.77800", "2009-03-31": "1236.30500", "2008-12-31": "1181.45400", "2008-09-30": "1156.95000", "2008-06-30": "1103.20600", "2008-03-31": "1057.38500", "2007-12-31": "1005.05500", "2007-09-30": "926.78600", "2007-06-30": "867.21300", "2007-03-31": "833.37600", "2006-12-31": "808.16400", "2006-09-30": "754.01000", "2006-06-30": "716.10000", "2006-03-31": "684.21700", "2005-12-31": "667.95800", "2005-09-30": "698.86800", "2005-06-30": "676.10500", "2005-03-31": "639.01600"}, "Comprehensive Income": {"2020-09-30": "-171.33200", "2020-06-30": "-199.25100", "2020-03-31": "-227.64800", "2019-12-31": "-167.37300", "2019-09-30": "-195.42600", "2019-06-30": "-139.94400", "2019-03-31": "-149.87800", "2018-12-31": "-248.77100", "2018-09-30": "-219.64900", "2018-06-30": "-211.39200", "2018-03-31": "-97.88800", "2017-12-31": "-130.06700", "2017-09-30": "-154.47200", "2017-06-30": "-209.52600", "2017-03-31": "-281.81900", "2016-12-31": "-317.04100", "2016-09-30": "-222.18000", "2016-06-30": "-214.60700", "2016-03-31": "-209.69700", "2015-12-31": "-219.93900", "2015-09-30": "-199.68200", "2015-06-30": "-165.73700", "2015-03-31": "-201.86700", "2014-12-31": "-95.13200", "2014-09-30": "-17.29100", "2014-06-30": "78.70300", "2014-03-31": "72.86200", "2013-12-31": "67.84900", "2013-09-30": "51.15100", "2013-06-30": "1.26500", "2013-03-31": "14.46200", "2012-12-31": "52.85500", "2012-09-30": "35.47500", "2012-06-30": "12.88000", "2012-03-31": "53.74400", "2011-12-31": "22.58400", "2011-09-30": "49.62300", "2011-06-30": "102.92100", "2011-03-31": "89.83600", "2010-12-31": "30.51400", "2010-09-30": "50.93200", "2010-06-30": "-3.84900", "2010-03-31": "29.30700", "2009-12-31": "64.19400", "2009-09-30": "71.86300", "2009-06-30": "45.57800", "2009-03-31": "-15.58000", "2008-12-31": "29.72100", "2008-09-30": "77.00300", "2008-06-30": "131.83100", "2008-03-31": "134.14100", "2007-12-31": "100.26800", "2007-09-30": "80.86100", "2007-06-30": "56.14400", "2007-03-31": "45.81900", "2006-12-31": "47.36300", "2006-09-30": "41.16400", "2006-06-30": "44.74600", "2006-03-31": "26.67000", "2005-12-31": "21.05900", "2005-09-30": "24.77300", "2005-06-30": "21.13600", "2005-03-31": "34.62200"}, "Other Share Holders Equity": {"2020-09-30": "", "2020-06-30": "", "2020-03-31": "", "2019-12-31": "", "2019-09-30": "", "2019-06-30": "", "2019-03-31": "", "2018-12-31": "", "2018-09-30": "", "2018-06-30": "", "2018-03-31": "", "2017-12-31": "", "2017-09-30": "", "2017-06-30": "", "2017-03-31": "", "2016-12-31": "", "2016-09-30": "", "2016-06-30": "", "2016-03-31": "", "2015-12-31": "", "2015-09-30": "", "2015-06-30": "", "2015-03-31": "", "2014-12-31": "", "2014-09-30": "", "2014-06-30": "", "2014-03-31": "", "2013-12-31": "", "2013-09-30": "", "2013-06-30": "", "2013-03-31": "", "2012-12-31": "", "2012-09-30": "", "2012-06-30": "", "2012-03-31": "", "2011-12-31": "", "2011-09-30": "", "2011-06-30": "", "2011-03-31": "", "2010-12-31": "", "2010-09-30": "", "2010-06-30": "", "2010-03-31": "", "2009-12-31": "", "2009-09-30": "", "2009-06-30": "", "2009-03-31": "", "2008-12-31": "", "2008-09-30": "", "2008-06-30": "", "2008-03-31": "", "2007-12-31": "", "2007-09-30": "", "2007-06-30": "", "2007-03-31": "", "2006-12-31": "", "2006-09-30": "", "2006-06-30": "", "2006-03-31": "", "2005-12-31": "", "2005-09-30": "", "2005-06-30": "", "2005-03-31": ""}, "Share Holder Equity": {"2020-09-30": "3792.26700", "2020-06-30": "3621.54500", "2020-03-31": "3605.79200", "2019-12-31": "3630.13700", "2019-09-30": "3459.31000", "2019-06-30": "3446.21400", "2019-03-31": "3414.67300", "2018-12-31": "3541.78800", "2018-09-30": "3416.71600", "2018-06-30": "2922.90900", "2018-03-31": "2911.91600", "2017-12-31": "2824.41000", "2017-09-30": "3020.21000", "2017-06-30": "2934.63000", "2017-03-31": "2795.39400", "2016-12-31": "2800.80400", "2016-09-30": "2903.17800", "2016-06-30": "2955.61300", "2016-03-31": "2916.23400", "2015-12-31": "2886.81400", "2015-09-30": "2941.94600", "2015-06-30": "2866.01600", "2015-03-31": "2735.87900", "2014-12-31": "2816.44500", "2014-09-30": "2821.13900", "2014-06-30": "2853.53200", "2014-03-31": "2819.05700", "2013-12-31": "2788.00100", "2013-09-30": "2710.96500", "2013-06-30": "2617.43800", "2013-03-31": "2579.67400", "2012-12-31": "2615.86400", "2012-09-30": "2573.10800", "2012-06-30": "2490.04400", "2012-03-31": "2527.47500", "2011-12-31": "2433.62300", "2011-09-30": "2540.56200", "2011-06-30": "2574.82000", "2011-03-31": "2448.20000", "2010-12-31": "2412.95700", "2010-09-30": "2368.06900", "2010-06-30": "2266.99800", "2010-03-31": "2191.57000", "2009-12-31": "2161.50800", "2009-09-30": "2074.19000", "2009-06-30": "2171.62500", "2009-03-31": "2022.06000", "2008-12-31": "1772.35400", "2008-09-30": "1947.52200", "2008-06-30": "1929.06800", "2008-03-31": "1885.79700", "2007-12-31": "1779.98200", "2007-09-30": "1673.55500", "2007-06-30": "1567.28100", "2007-03-31": "1509.13400", "2006-12-31": "1470.96300", "2006-09-30": "1406.77700", "2006-06-30": "1354.84800", "2006-03-31": "1298.87700", "2005-12-31": "1249.15400", "2005-09-30": "1199.34900", "2005-06-30": "1162.38400", "2005-03-31": "1128.45200"}, "Total Liabilities And Share Holders Equity": {"2020-09-30": "7809.89500", "2020-06-30": "7318.12500", "2020-03-31": "7519.20000", "2019-12-31": "7151.10100", "2019-09-30": "7097.08200", "2019-06-30": "7112.33700", "2019-03-31": "7144.86400", "2018-12-31": "8500.52700", "2018-09-30": "8390.31000", "2018-06-30": "7809.78600", "2018-03-31": "7914.87600", "2017-12-31": "7863.99500", "2017-09-30": "7486.66100", "2017-06-30": "7097.45600", "2017-03-31": "6844.62000", "2016-12-31": "6760.39600", "2016-09-30": "6633.59300", "2016-06-30": "6633.59600", "2016-03-31": "6600.57000", "2015-12-31": "6504.74000", "2015-09-30": "6371.55800", "2015-06-30": "6105.62600", "2015-03-31": "5939.26400", "2014-12-31": "6138.80700", "2014-09-30": "6130.63100", "2014-06-30": "5991.75400", "2014-03-31": "5880.11000", "2013-12-31": "5624.63600", "2013-09-30": "5278.08900", "2013-06-30": "5164.50600", "2013-03-31": "5205.68600", "2012-12-31": "5333.99700", "2012-09-30": "5111.53200", "2012-06-30": "4835.25600", "2012-03-31": "4759.63300", "2011-12-31": "4740.14400", "2011-09-30": "4798.29600", "2011-06-30": "4883.75900", "2011-03-31": "4794.99400", "2010-12-31": "4547.47100", "2010-09-30": "4604.45900", "2010-06-30": "4417.66500", "2010-03-31": "4262.63100", "2009-12-31": "3835.98500", "2009-09-30": "3703.33900", "2009-06-30": "3645.49000", "2009-03-31": "3432.54400", "2008-12-31": "3599.21000", "2008-09-30": "3506.57400", "2008-06-30": "3469.51500", "2008-03-31": "3388.46900", "2007-12-31": "3313.98400", "2007-09-30": "3283.49300", "2007-06-30": "2896.65200", "2007-03-31": "2815.39200", "2006-12-31": "2881.14600", "2006-09-30": "2717.62000", "2006-06-30": "2650.05300", "2006-03-31": "2566.94400", "2005-12-31": "2583.12000", "2005-09-30": "2481.62200", "2005-06-30": "2439.88800", "2005-03-31": "2340.14200"}}, "cash flow statement": {"Net Income/Loss": {"2019-12-31": "719.13800", "2018-12-31": "562.12600", "2017-12-31": "459.29300", "2016-12-31": "556.39500", "2015-12-31": "523.42700", "2014-12-31": "505.43600", "2013-12-31": "471.46200", "2012-12-31": "423.38800", "2011-12-31": "404.65600", "2010-12-31": "352.13100", "2009-12-31": "333.15700", "2008-12-31": "261.37400", "2007-12-31": "229.17600", "2006-12-31": "163.75900", "2005-12-31": "139.75900"}, "Total Depreciation And Amortization - Cash Flow": {"2019-12-31": "184.94200", "2018-12-31": "143.63000", "2017-12-31": "133.85500", "2016-12-31": "169.78000", "2015-12-31": "159.12700", "2014-12-31": "152.23800", "2013-12-31": "134.23800", "2012-12-31": "125.32200", "2011-12-31": "115.89600", "2010-12-31": "105.22100", "2009-12-31": "87.48300", "2008-12-31": "83.77600", "2007-12-31": "79.29100", "2006-12-31": "64.93000", "2005-12-31": "60.34500"}, "Other Non-Cash Items": {"2019-12-31": "-295.56600", "2018-12-31": "121.61300", "2017-12-31": "243.53000", "2016-12-31": "44.26800", "2015-12-31": "64.92200", "2014-12-31": "79.29600", "2013-12-31": "57.33900", "2012-12-31": "73.42600", "2011-12-31": "35.24100", "2010-12-31": "35.28700", "2009-12-31": "5.64500", "2008-12-31": "33.98500", "2007-12-31": "44.36300", "2006-12-31": "51.75000", "2005-12-31": "40.96700"}, "Total Non-Cash Items": {"2019-12-31": "-110.62400", "2018-12-31": "265.24300", "2017-12-31": "377.38500", "2016-12-31": "214.04800", "2015-12-31": "224.04900", "2014-12-31": "231.53400", "2013-12-31": "191.57700", "2012-12-31": "198.74800", "2011-12-31": "151.13700", "2010-12-31": "140.50800", "2009-12-31": "93.12800", "2008-12-31": "117.76100", "2007-12-31": "123.65400", "2006-12-31": "116.68000", "2005-12-31": "101.31200"}, "Change In Accounts Receivable": {"2019-12-31": "-72.68900", "2018-12-31": "-127.20100", "2017-12-31": "-128.49800", "2016-12-31": "-7.65500", "2015-12-31": "-120.00100", "2014-12-31": "-81.44100", "2013-12-31": "-45.11000", "2012-12-31": "-73.92500", "2011-12-31": "36.20400", "2010-12-31": "-76.12900", "2009-12-31": "20.44500", "2008-12-31": "-26.83400", "2007-12-31": "-21.96400", "2006-12-31": "-9.70500", "2005-12-31": "-14.00200"}, "Change In Inventories": {"2019-12-31": "14.70200", "2018-12-31": "-41.04200", "2017-12-31": "-143.15500", "2016-12-31": "-104.78700", "2015-12-31": "-194.86900", "2014-12-31": "-71.89900", "2013-12-31": "-48.08700", "2012-12-31": "-193.58500", "2011-12-31": "-44.15500", "2010-12-31": "-21.30700", "2009-12-31": "-19.24200", "2008-12-31": "-68.36000", "2007-12-31": "-15.94600", "2006-12-31": "-41.95800", "2005-12-31": "6.48400"}, "Change In Accounts Payable": {"2019-12-31": "", "2018-12-31": "", "2017-12-31": "", "2016-12-31": "", "2015-12-31": "", "2014-12-31": "", "2013-12-31": "", "2012-12-31": "", "2011-12-31": "", "2010-12-31": "", "2009-12-31": "", "2008-12-31": "", "2007-12-31": "", "2006-12-31": "", "2005-12-31": ""}, "Change In Assets/Liabilities": {"2019-12-31": "-57.29100", "2018-12-31": "-165.64500", "2017-12-31": "-101.02400", "2016-12-31": "-22.65700", "2015-12-31": "-58.37600", "2014-12-31": "-40.40700", "2013-12-31": "15.74700", "2012-12-31": "-62.39000", "2011-12-31": "-10.49300", "2010-12-31": "-26.64000", "2009-12-31": "0.37500", "2008-12-31": "11.26100", "2007-12-31": "-58.14800", "2006-12-31": "18.42400", "2005-12-31": "19.78200"}, "Total Change In Assets/Liabilities": {"2019-12-31": "45.57300", "2018-12-31": "-142.66300", "2017-12-31": "-291.16300", "2016-12-31": "-127.86700", "2015-12-31": "-131.97600", "2014-12-31": "-144.46600", "2013-12-31": "1.13600", "2012-12-31": "-214.03700", "2011-12-31": "-1.16800", "2010-12-31": "-97.15900", "2009-12-31": "-28.25600", "2008-12-31": "5.64700", "2007-12-31": "-82.48600", "2006-12-31": "-45.12200", "2005-12-31": "13.70500"}, "Cash Flow From Operating Activities": {"2019-12-31": "654.08700", "2018-12-31": "684.70600", "2017-12-31": "545.51500", "2016-12-31": "642.57600", "2015-12-31": "615.50000", "2014-12-31": "592.50400", "2013-12-31": "664.17500", "2012-12-31": "408.09900", "2011-12-31": "554.62500", "2010-12-31": "395.48000", "2009-12-31": "398.02900", "2008-12-31": "384.78200", "2007-12-31": "270.34400", "2006-12-31": "235.31700", "2005-12-31": "254.77600"}, "Net Change In Property, Plant, And Equipment": {"2019-12-31": "-76.21900", "2018-12-31": "-71.28300", "2017-12-31": "-62.40400", "2016-12-31": "-70.17900", "2015-12-31": "-71.68400", "2014-12-31": "-82.11600", "2013-12-31": "-60.21500", "2012-12-31": "-51.23700", "2011-12-31": "-45.17600", "2010-12-31": "-39.00000", "2009-12-31": "-51.62700", "2008-12-31": "-50.87000", "2007-12-31": "-56.82100", "2006-12-31": "-67.00000", "2005-12-31": "-50.82900"}, "Net Change In Intangible Assets": {"2019-12-31": "", "2018-12-31": "", "2017-12-31": "", "2016-12-31": "", "2015-12-31": "", "2014-12-31": "", "2013-12-31": "", "2012-12-31": "", "2011-12-31": "", "2010-12-31": "", "2009-12-31": "", "2008-12-31": "", "2007-12-31": "", "2006-12-31": "", "2005-12-31": ""}, "Net Acquisitions/Divestitures": {"2019-12-31": "-655.87900", "2018-12-31": "-53.24000", "2017-12-31": "-181.41500", "2016-12-31": "-228.57500", "2015-12-31": "-171.86100", "2014-12-31": "-424.28300", "2013-12-31": "-182.36300", "2012-12-31": "-220.23800", "2011-12-31": "-149.40300", "2010-12-31": "-352.59800", "2009-12-31": "-43.93200", "2008-12-31": "-128.47000", "2007-12-31": "-183.46700", "2006-12-31": "-163.35300", "2005-12-31": "-68.21300"}, "Net Change In Short-term Investments": {"2019-12-31": "", "2018-12-31": "", "2017-12-31": "", "2016-12-31": "", "2015-12-31": "", "2014-12-31": "", "2013-12-31": "", "2012-12-31": "", "2011-12-31": "", "2010-12-31": "", "2009-12-31": "", "2008-12-31": "", "2007-12-31": "", "2006-12-31": "", "2005-12-31": "14.39500"}, "Net Change In Long-Term Investments": {"2019-12-31": "307.25100", "2018-12-31": "1.00000", "2017-12-31": "34.04800", "2016-12-31": "", "2015-12-31": "0.02000", "2014-12-31": "3.25000", "2013-12-31": "-13.36400", "2012-12-31": "9.22500", "2011-12-31": "2.60000", "2010-12-31": "6.00000", "2009-12-31": "9.95500", "2008-12-31": "-30.20300", "2007-12-31": "47.99900", "2006-12-31": "76.01100", "2005-12-31": "-124.01100"}, "Net Change In Investments - Total": {"2019-12-31": "307.25100", "2018-12-31": "1.00000", "2017-12-31": "34.04800", "2016-12-31": "", "2015-12-31": "0.02000", "2014-12-31": "3.25000", "2013-12-31": "-13.36400", "2012-12-31": "9.22500", "2011-12-31": "2.60000", "2010-12-31": "6.00000", "2009-12-31": "9.95500", "2008-12-31": "-30.20300", "2007-12-31": "47.99900", "2006-12-31": "76.01100", "2005-12-31": "-109.61600"}, "Investing Activities - Other": {"2019-12-31": "0.47400", "2018-12-31": "-69.43100", "2017-12-31": "-132.50500", "2016-12-31": "-17.66800", "2015-12-31": "-16.50600", "2014-12-31": "-13.49000", "2013-12-31": "-10.66300", "2012-12-31": "-7.35400", "2011-12-31": "-1.24300", "2010-12-31": "-2.02500", "2009-12-31": "-12.98300", "2008-12-31": "41.53300", "2007-12-31": "-43.00300", "2006-12-31": "-26.01900", "2005-12-31": "21.97700"}, "Cash Flow From Investing Activities": {"2019-12-31": "-424.37300", "2018-12-31": "-192.95400", "2017-12-31": "-342.27600", "2016-12-31": "-316.42200", "2015-12-31": "-260.03100", "2014-12-31": "-516.63900", "2013-12-31": "-266.60500", "2012-12-31": "-269.60400", "2011-12-31": "-193.22200", "2010-12-31": "-387.62300", "2009-12-31": "-98.58700", "2008-12-31": "-168.01000", "2007-12-31": "-235.29200", "2006-12-31": "-180.36100", "2005-12-31": "-206.68100"}, "Net Long-Term Debt": {"2019-12-31": "-260.20300", "2018-12-31": "90.26500", "2017-12-31": "141.15200", "2016-12-31": "245.41800", "2015-12-31": "-66.20300", "2014-12-31": "86.38000", "2013-12-31": "-51.19600", "2012-12-31": "114.41000", "2011-12-31": "-30.62100", "2010-12-31": "-203.02800", "2009-12-31": "-154.32900", "2008-12-31": "-33.72100", "2007-12-31": "-47.42000", "2006-12-31": "-33.33600", "2005-12-31": "-8.48300"}, "Net Current Debt": {"2019-12-31": "-927.91200", "2018-12-31": "210.74100", "2017-12-31": "302.94100", "2016-12-31": "98.74800", "2015-12-31": "145.17300", "2014-12-31": "152.64100", "2013-12-31": "2.17500", "2012-12-31": "-32.18500", "2011-12-31": "13.31600", "2010-12-31": "40.50000", "2009-12-31": "-4.48100", "2008-12-31": "-7.19700", "2007-12-31": "1.21200", "2006-12-31": "0.18400", "2005-12-31": "-3.52500"}, "Debt Issuance/Retirement Net - Total": {"2019-12-31": "-1188.11500", "2018-12-31": "301.00600", "2017-12-31": "444.09300", "2016-12-31": "344.16600", "2015-12-31": "78.97000", "2014-12-31": "239.02100", "2013-12-31": "-49.02100", "2012-12-31": "82.22500", "2011-12-31": "-17.30500", "2010-12-31": "-162.52800", "2009-12-31": "-158.81000", "2008-12-31": "-40.91800", "2007-12-31": "-46.20800", "2006-12-31": "-33.15200", "2005-12-31": "-12.00800"}, "Net Common Equity Issued/Repurchased": {"2019-12-31": "-163.87600", "2018-12-31": "-196.92400", "2017-12-31": "-444.73400", "2016-12-31": "-538.62000", "2015-12-31": "-284.98200", "2014-12-31": "-268.49800", "2013-12-31": "-264.69800", "2012-12-31": "-227.39800", "2011-12-31": "-165.48300", "2010-12-31": "-19.29800", "2009-12-31": "11.87000", "2008-12-31": "-57.13900", "2007-12-31": "4.77000", "2006-12-31": "-4.64100", "2005-12-31": "-22.77600"}, "Net Total Equity Issued/Repurchased": {"2019-12-31": "-163.87600", "2018-12-31": "-196.92400", "2017-12-31": "-444.73400", "2016-12-31": "-538.62000", "2015-12-31": "-284.98200", "2014-12-31": "-268.49800", "2013-12-31": "-264.69800", "2012-12-31": "-227.39800", "2011-12-31": "-165.48300", "2010-12-31": "-19.29800", "2009-12-31": "11.87000", "2008-12-31": "-57.13900", "2007-12-31": "4.77000", "2006-12-31": "-4.64100", "2005-12-31": "-22.77600"}, "Total Common And Preferred Stock Dividends Paid": {"2019-12-31": "51.49800", "2018-12-31": "-7.35100", "2017-12-31": "-8.67300", "2016-12-31": "-32.35000", "2015-12-31": "-33.30100", "2014-12-31": "-24.98600", "2013-12-31": "-19.22400", "2012-12-31": "-21.28400", "2011-12-31": "-10.05500", "2010-12-31": "-12.53100", "2009-12-31": "-2.60400", "2008-12-31": "-2.15000", "2007-12-31": "", "2006-12-31": "", "2005-12-31": ""}, "Financial Activities - Other": {"2019-12-31": "1084.51300", "2018-12-31": "-700.50700", "2017-12-31": "-103.23700", "2016-12-31": "-100.54000", "2015-12-31": "-108.71700", "2014-12-31": "-100.18400", "2013-12-31": "-3.03100", "2012-12-31": "-4.14400", "2011-12-31": "-164.37100", "2010-12-31": "-136.28600", "2009-12-31": "-48.13100", "2008-12-31": "12.23700", "2007-12-31": "3.43000", "2006-12-31": "16.51900", "2005-12-31": "6.28300"}, "Cash Flow From Financial Activities": {"2019-12-31": "-215.98000", "2018-12-31": "-603.77600", "2017-12-31": "-112.55100", "2016-12-31": "-327.34400", "2015-12-31": "-348.03000", "2014-12-31": "-154.64700", "2013-12-31": "-335.97400", "2012-12-31": "-170.60100", "2011-12-31": "-357.21400", "2010-12-31": "-330.64300", "2009-12-31": "-197.67500", "2008-12-31": "-87.97000", "2007-12-31": "-38.00800", "2006-12-31": "-21.27400", "2005-12-31": "-28.50100"}, "Net Cash Flow": {"2019-12-31": "49.21200", "2018-12-31": "-101.11700", "2017-12-31": "115.33500", "2016-12-31": "-9.70500", "2015-12-31": "-17.38800", "2014-12-31": "-99.14200", "2013-12-31": "66.53600", "2012-12-31": "-25.20400", "2011-12-31": "-3.06400", "2010-12-31": "-320.80600", "2009-12-31": "101.58400", "2008-12-31": "121.98000", "2007-12-31": "-1.05700", "2006-12-31": "37.96400", "2005-12-31": "24.06200"}, "Stock-Based Compensation": {"2019-12-31": "44.92000", "2018-12-31": "32.62100", "2017-12-31": "36.84500", "2016-12-31": "58.24600", "2015-12-31": "44.61400", "2014-12-31": "45.87600", "2013-12-31": "35.52700", "2012-12-31": "37.31300", "2011-12-31": "42.73000", "2010-12-31": "35.63100", "2009-12-31": "31.22500", "2008-12-31": "30.09100", "2007-12-31": "26.65700", "2006-12-31": "23.02900", "2005-12-31": "21.47200"}, "Common Stock Dividends Paid": {"2019-12-31": "51.49800", "2018-12-31": "-7.35100", "2017-12-31": "-8.67300", "2016-12-31": "-32.35000", "2015-12-31": "-33.30100", "2014-12-31": "-24.98600", "2013-12-31": "-19.22400", "2012-12-31": "-21.28400", "2011-12-31": "-10.05500", "2010-12-31": "-12.53100", "2009-12-31": "-2.60400", "2008-12-31": "-2.15000", "2007-12-31": "", "2006-12-31": "", "2005-12-31": ""}}, "cash flow statement, quarterly": {"Net Income/Loss": {"2020-09-30": 151.784, "2020-06-30": -13.267, "2020-03-31": "133.56500", "2019-12-31": 336.445, "2019-09-30": 148.853, "2019-06-30": 119.196, "2019-03-31": "114.64400", "2018-12-31": 139.01, "2018-09-30": 126.976, "2018-06-30": 147.509, "2018-03-31": "148.63100", "2017-12-31": 8.51, "2017-09-30": 150.948, "2017-06-30": 149.582, "2017-03-31": "150.25300", "2016-12-31": 153.473, "2016-09-30": 145.291, "2016-06-30": 133.098, "2016-03-31": "124.53300", "2015-12-31": 140.843, "2015-09-30": 141.396, "2015-06-30": 129.608, "2015-03-31": "111.58000", "2014-12-31": 143.955, "2014-09-30": 124.236, "2014-06-30": 127.117, "2014-03-31": "110.12800", "2013-12-31": 134.969, "2013-09-30": 116.372, "2013-06-30": 121.435, "2013-03-31": "98.68600", "2012-12-31": 121.715, "2012-09-30": 105.31, "2012-06-30": 107.302, "2012-03-31": "89.06100", "2011-12-31": 115.821, "2011-09-30": 100.808, "2011-06-30": 105.056, "2011-03-31": "82.97100", "2010-12-31": 97.226, "2010-09-30": 94.49, "2010-06-30": 93.163, "2010-03-31": "67.25200", "2009-12-31": 92.684, "2009-09-30": 100.748, "2009-06-30": 80.425, "2009-03-31": "59.30000", "2008-12-31": 62.217, "2008-09-30": 72.766, "2008-06-30": 74.951, "2008-03-31": "51.44000", "2007-12-31": 92.272, "2007-09-30": 59.573, "2007-06-30": 33.837, "2007-03-31": "43.49400", "2006-12-31": 62.997, "2006-09-30": 39.285, "2006-06-30": 45.218, "2006-03-31": "16.25900", "2005-12-31": 48.628, "2005-09-30": 23.301, "2005-06-30": 36.957, "2005-03-31": "30.87300"}, "Total Depreciation And Amortization - Cash Flow": {"2020-09-30": 44.569, "2020-06-30": 47.112, "2020-03-31": "48.98300", "2019-12-31": 48.732, "2019-09-30": 46.855, "2019-06-30": 49.055, "2019-03-31": "40.30000", "2018-12-31": 36.7, "2018-09-30": 35.783, "2018-06-30": 35.441, "2018-03-31": "35.70600", "2017-12-31": -7.423, "2017-09-30": 48.74, "2017-06-30": 47.789, "2017-03-31": "44.74900", "2016-12-31": 43.951, "2016-09-30": 42.431, "2016-06-30": 42.431, "2016-03-31": "40.96700", "2015-12-31": 40.236, "2015-09-30": 42.716, "2015-06-30": 39.026, "2015-03-31": "37.14900", "2014-12-31": 39.57, "2014-09-30": 39.179, "2014-06-30": 37.353, "2014-03-31": "36.13600", "2013-12-31": 31.954, "2013-09-30": 31.845, "2013-06-30": 31.843, "2013-03-31": "38.59600", "2012-12-31": 33.333, "2012-09-30": 30.6, "2012-06-30": 30.969, "2012-03-31": "30.42000", "2011-12-31": 29.856, "2011-09-30": 28.571, "2011-06-30": 29.121, "2011-03-31": "28.34800", "2010-12-31": 25.704, "2010-09-30": 26.038, "2010-06-30": 27.359, "2010-03-31": "26.12000", "2009-12-31": 22.08, "2009-09-30": 21.705, "2009-06-30": 22.313, "2009-03-31": "21.38500", "2008-12-31": 20.379, "2008-09-30": 20.897, "2008-06-30": 21.68, "2008-03-31": "20.82000", "2007-12-31": 26.27, "2007-09-30": 17.794, "2007-06-30": 17.67, "2007-03-31": "17.55700", "2006-12-31": 18.039, "2006-09-30": 16.733, "2006-06-30": 15.806, "2006-03-31": "14.35200", "2005-12-31": 17.798, "2005-09-30": 14.199, "2005-06-30": 15.111, "2005-03-31": "13.23700"}, "Other Non-Cash Items": {"2020-09-30": -16.684, "2020-06-30": 1.627, "2020-03-31": "-16.14600", "2019-12-31": -229.262, "2019-09-30": 9.18, "2019-06-30": 11.643, "2019-03-31": "-87.12700", "2018-12-31": 60.501, "2018-09-30": -3.125, "2018-06-30": 91.285, "2018-03-31": "-27.04800", "2017-12-31": 192.002, "2017-09-30": 23.318, "2017-06-30": 10.642, "2017-03-31": "17.56800", "2016-12-31": 0.742, "2016-09-30": 16.232, "2016-06-30": 3.609, "2016-03-31": "23.68500", "2015-12-31": 18.585, "2015-09-30": 12.495, "2015-06-30": 14.067, "2015-03-31": "19.77500", "2014-12-31": 21.972, "2014-09-30": 12.125, "2014-06-30": 15.93, "2014-03-31": "29.26900", "2013-12-31": 12.198, "2013-09-30": 1.455, "2013-06-30": 25.794, "2013-03-31": "17.89200", "2012-12-31": 34.812, "2012-09-30": 18.241, "2012-06-30": 13.823, "2012-03-31": "6.55000", "2011-12-31": 9.749, "2011-09-30": 17.439, "2011-06-30": 3.675, "2011-03-31": "4.37800", "2010-12-31": 10.732, "2010-09-30": 15.742, "2010-06-30": 1.575, "2010-03-31": "7.23800", "2009-12-31": 12.503, "2009-09-30": -13.866, "2009-06-30": 4.989, "2009-03-31": "2.01900", "2008-12-31": 11.409, "2008-09-30": 11.333, "2008-06-30": 3.341, "2008-03-31": "7.90200", "2007-12-31": -3.21, "2007-09-30": 15.945, "2007-06-30": 31.964, "2007-03-31": "-0.33600", "2006-12-31": 13.891, "2006-09-30": -0.013, "2006-06-30": 9.217, "2006-03-31": "28.65500", "2005-12-31": 6.173, "2005-09-30": 22.734, "2005-06-30": 5.943, "2005-03-31": "6.11700"}, "Total Non-Cash Items": {"2020-09-30": 27.885, "2020-06-30": 48.739, "2020-03-31": "32.83700", "2019-12-31": -180.53, "2019-09-30": 56.035, "2019-06-30": 60.698, "2019-03-31": "-46.82700", "2018-12-31": 97.201, "2018-09-30": 32.658, "2018-06-30": 126.726, "2018-03-31": "8.65800", "2017-12-31": 184.579, "2017-09-30": 72.058, "2017-06-30": 58.431, "2017-03-31": "62.31700", "2016-12-31": 44.693, "2016-09-30": 58.663, "2016-06-30": 46.04, "2016-03-31": "64.65200", "2015-12-31": 58.821, "2015-09-30": 55.211, "2015-06-30": 53.093, "2015-03-31": "56.92400", "2014-12-31": 61.542, "2014-09-30": 51.304, "2014-06-30": 53.283, "2014-03-31": "65.40500", "2013-12-31": 44.152, "2013-09-30": 33.3, "2013-06-30": 57.637, "2013-03-31": "56.48800", "2012-12-31": 68.145, "2012-09-30": 48.841, "2012-06-30": 44.792, "2012-03-31": "36.97000", "2011-12-31": 39.605, "2011-09-30": 46.01, "2011-06-30": 32.796, "2011-03-31": "32.72600", "2010-12-31": 36.436, "2010-09-30": 41.78, "2010-06-30": 28.934, "2010-03-31": "33.35800", "2009-12-31": 34.583, "2009-09-30": 7.839, "2009-06-30": 27.302, "2009-03-31": "23.40400", "2008-12-31": 31.788, "2008-09-30": 32.23, "2008-06-30": 25.021, "2008-03-31": "28.72200", "2007-12-31": 23.06, "2007-09-30": 33.739, "2007-06-30": 49.634, "2007-03-31": "17.22100", "2006-12-31": 31.93, "2006-09-30": 16.72, "2006-06-30": 25.023, "2006-03-31": "43.00700", "2005-12-31": 23.971, "2005-09-30": 36.933, "2005-06-30": 21.054, "2005-03-31": "19.35400"}, "Change In Accounts Receivable": {"2020-09-30": -299.53, "2020-06-30": 100.955, "2020-03-31": "-1.28300", "2019-12-31": 42.695, "2019-09-30": -97.932, "2019-06-30": -5.872, "2019-03-31": "-11.58000", "2018-12-31": 13.816, "2018-09-30": -102.215, "2018-06-30": -27.114, "2018-03-31": "-11.68800", "2017-12-31": 98.079, "2017-09-30": -108.461, "2017-06-30": -20.623, "2017-03-31": "-97.49300", "2016-12-31": 123.931, "2016-09-30": -74.884, "2016-06-30": -16.935, "2016-03-31": "-39.76700", "2015-12-31": -8.111, "2015-09-30": -56.438, "2015-06-30": -45.591, "2015-03-31": "-9.86100", "2014-12-31": 26.897, "2014-09-30": -22.139, "2014-06-30": -56.597, "2014-03-31": "-29.60200", "2013-12-31": 48.341, "2013-09-30": -48.296, "2013-06-30": -19.763, "2013-03-31": "-25.39200", "2012-12-31": 32.036, "2012-09-30": -46.632, "2012-06-30": -1.896, "2012-03-31": "-57.43300", "2011-12-31": 86.989, "2011-09-30": -40.883, "2011-06-30": -20.892, "2011-03-31": "10.99000", "2010-12-31": 28.59, "2010-09-30": -70.865, "2010-06-30": -26.46, "2010-03-31": "-7.39400", "2009-12-31": 33.233, "2009-09-30": -27.231, "2009-06-30": -28.954, "2009-03-31": "43.39700", "2008-12-31": 39.917, "2008-09-30": -59.999, "2008-06-30": -23.256, "2008-03-31": "16.50400", "2007-12-31": 60.557, "2007-09-30": -65.765, "2007-06-30": -12.809, "2007-03-31": "-3.94700", "2006-12-31": -0.287, "2006-09-30": -6.395, "2006-06-30": -7.622, "2006-03-31": "4.59900", "2005-12-31": 27.643, "2005-09-30": -36.579, "2005-06-30": -19.5, "2005-03-31": "14.43400"}, "Change In Inventories": {"2020-09-30": -39.53, "2020-06-30": -59.338, "2020-03-31": "73.03800", "2019-12-31": -60.391, "2019-09-30": -11.71, "2019-06-30": 8.922, "2019-03-31": "77.88100", "2018-12-31": 18.752, "2018-09-30": 8.216, "2018-06-30": -6.8, "2018-03-31": "-61.21000", "2017-12-31": -170.491, "2017-09-30": -88.464, "2017-06-30": 87.522, "2017-03-31": "28.27800", "2016-12-31": -153.3, "2016-09-30": 14.118, "2016-06-30": 20.465, "2016-03-31": "13.93000", "2015-12-31": -86.601, "2015-09-30": -105.244, "2015-06-30": 8.882, "2015-03-31": "-11.90600", "2014-12-31": -74.346, "2014-09-30": -46.103, "2014-06-30": 6.991, "2014-03-31": "41.55900", "2013-12-31": -124.964, "2013-09-30": -5.16, "2013-06-30": 28.026, "2013-03-31": "54.01100", "2012-12-31": -108.558, "2012-09-30": -73.687, "2012-06-30": 1.192, "2012-03-31": "-12.53200", "2011-12-31": -29.498, "2011-09-30": -18.559, "2011-06-30": 10.846, "2011-03-31": "-6.94400", "2010-12-31": -27.106, "2010-09-30": -26.465, "2010-06-30": 17.782, "2010-03-31": "14.48200", "2009-12-31": -9.008, "2009-09-30": -23.482, "2009-06-30": 34.287, "2009-03-31": "-21.03900", "2008-12-31": -0.178, "2008-09-30": -63.118, "2008-06-30": 16.023, "2008-03-31": "-21.08700", "2007-12-31": 15.995, "2007-09-30": -47.387, "2007-06-30": 11.51, "2007-03-31": "3.93600", "2006-12-31": -5.991, "2006-09-30": -4.212, "2006-06-30": -19.274, "2006-03-31": "-12.48100", "2005-12-31": -27.641, "2005-09-30": 12.862, "2005-06-30": 12.653, "2005-03-31": "8.61000"}, "Change In Accounts Payable": {"2020-09-30": 0, "2020-06-30": 0, "2020-03-31": "", "2019-12-31": 0, "2019-09-30": 0, "2019-06-30": 0, "2019-03-31": "", "2018-12-31": 0, "2018-09-30": 0, "2018-06-30": 0, "2018-03-31": "", "2017-12-31": 0, "2017-09-30": 0, "2017-06-30": 0, "2017-03-31": "", "2016-12-31": 0, "2016-09-30": 0, "2016-06-30": 0, "2016-03-31": "", "2015-12-31": 0, "2015-09-30": 0, "2015-06-30": 0, "2015-03-31": "", "2014-12-31": 0, "2014-09-30": 0, "2014-06-30": 0, "2014-03-31": "", "2013-12-31": 0, "2013-09-30": 0, "2013-06-30": 0, "2013-03-31": "", "2012-12-31": 0, "2012-09-30": 0, "2012-06-30": 0, "2012-03-31": "", "2011-12-31": 0, "2011-09-30": 0, "2011-06-30": 0, "2011-03-31": "", "2010-12-31": 0, "2010-09-30": 0, "2010-06-30": 0, "2010-03-31": "", "2009-12-31": 0, "2009-09-30": 0, "2009-06-30": 0, "2009-03-31": "", "2008-12-31": 0, "2008-09-30": 0, "2008-06-30": 0, "2008-03-31": "", "2007-12-31": 0, "2007-09-30": 0, "2007-06-30": 0, "2007-03-31": "", "2006-12-31": 0, "2006-09-30": 0, "2006-06-30": 0, "2006-03-31": "", "2005-12-31": 0, "2005-09-30": 0, "2005-06-30": 0, "2005-03-31": ""}, "Change In Assets/Liabilities": {"2020-09-30": 124.87, "2020-06-30": -166.614, "2020-03-31": "-10.00200", "2019-12-31": 13.057, "2019-09-30": -8.25, "2019-06-30": -44.316, "2019-03-31": "-17.78200", "2018-12-31": -106.789, "2018-09-30": -54.408, "2018-06-30": -14.136, "2018-03-31": "9.68800", "2017-12-31": -30.191, "2017-09-30": -13.134, "2017-06-30": -60.388, "2017-03-31": "2.68900", "2016-12-31": 13.124, "2016-09-30": 3.095, "2016-06-30": -13.958, "2016-03-31": "-24.91800", "2015-12-31": 5.109, "2015-09-30": -37.136, "2015-06-30": -22.69, "2015-03-31": "-3.65900", "2014-12-31": 1.521, "2014-09-30": -18.677, "2014-06-30": 0.195, "2014-03-31": "-23.44600", "2013-12-31": 4.624, "2013-09-30": 24.047, "2013-06-30": -26.927, "2013-03-31": "14.00300", "2012-12-31": -35.602, "2012-09-30": -18.71, "2012-06-30": -20.482, "2012-03-31": "12.40400", "2011-12-31": 8.044, "2011-09-30": -7.437, "2011-06-30": -9.969, "2011-03-31": "-1.13100", "2010-12-31": 10.886, "2010-09-30": -19.115, "2010-06-30": -26.141, "2010-03-31": "7.73000", "2009-12-31": 1.181, "2009-09-30": -3.276, "2009-06-30": -10.199, "2009-03-31": "12.66900", "2008-12-31": 14.721, "2008-09-30": -14.438, "2008-06-30": 8.464, "2008-03-31": "2.51400", "2007-12-31": -48.307, "2007-09-30": -14.31, "2007-06-30": -7.413, "2007-03-31": "11.88200", "2006-12-31": 11.048, "2006-09-30": -0.77, "2006-06-30": 5.003, "2006-03-31": "3.14300", "2005-12-31": -14.336, "2005-09-30": 5.561, "2005-06-30": -1.351, "2005-03-31": "29.90800"}, "Total Change In Assets/Liabilities": {"2020-09-30": 69.663, "2020-06-30": -126.217, "2020-03-31": "-75.92700", "2019-12-31": 136.645, "2019-09-30": 27.147, "2019-06-30": -16.663, "2019-03-31": "-101.55600", "2018-12-31": 57.741, "2018-09-30": 14.234, "2018-06-30": 13.595, "2018-03-31": "-228.23300", "2017-12-31": 44.925, "2017-09-30": -91.644, "2017-06-30": 20.717, "2017-03-31": "-265.16100", "2016-12-31": 66.342, "2016-09-30": -25.325, "2016-06-30": 98.099, "2016-03-31": "-266.98300", "2015-12-31": 127.306, "2015-09-30": -89.179, "2015-06-30": 25.055, "2015-03-31": "-195.15800", "2014-12-31": 68.522, "2014-09-30": -1.038, "2014-06-30": 18.832, "2014-03-31": "-230.78200", "2013-12-31": 95.507, "2013-09-30": 3.124, "2013-06-30": 95.726, "2013-03-31": "-193.22100", "2012-12-31": 9.801, "2012-09-30": -75.606, "2012-06-30": 26.404, "2012-03-31": "-174.63600", "2011-12-31": 122.4, "2011-09-30": -56.491, "2011-06-30": 0.146, "2011-03-31": "-67.22300", "2010-12-31": 84.993, "2010-09-30": -88.433, "2010-06-30": -14.784, "2010-03-31": "-78.93500", "2009-12-31": 52.385, "2009-09-30": 30.215, "2009-06-30": -1.024, "2009-03-31": "-109.83200", "2008-12-31": 102.113, "2008-09-30": -55.016, "2008-06-30": 25.339, "2008-03-31": "-66.78900", "2007-12-31": 5.087, "2007-09-30": -24.128, "2007-06-30": 31.172, "2007-03-31": "-94.61700", "2006-12-31": 75.764, "2006-09-30": 8.004, "2006-06-30": -31.624, "2006-03-31": "-97.26600", "2005-12-31": 76.129, "2005-09-30": -21.343, "2005-06-30": 27.323, "2005-03-31": "-68.40400"}, "Cash Flow From Operating Activities": {"2020-09-30": 249.332, "2020-06-30": -90.745, "2020-03-31": "90.47500", "2019-12-31": 292.56, "2019-09-30": 232.035, "2019-06-30": 163.231, "2019-03-31": "-33.73900", "2018-12-31": 293.952, "2018-09-30": 173.868, "2018-06-30": 287.83, "2018-03-31": "-70.94400", "2017-12-31": 238.014, "2017-09-30": 131.362, "2017-06-30": 228.73, "2017-03-31": "-52.59100", "2016-12-31": 264.508, "2016-09-30": 178.629, "2016-06-30": 277.237, "2016-03-31": "-77.79800", "2015-12-31": 326.97, "2015-09-30": 107.428, "2015-06-30": 207.756, "2015-03-31": "-26.65400", "2014-12-31": 274.019, "2014-09-30": 174.502, "2014-06-30": 199.232, "2014-03-31": "-55.24900", "2013-12-31": 274.628, "2013-09-30": 152.796, "2013-06-30": 274.798, "2013-03-31": "-38.04700", "2012-12-31": 199.661, "2012-09-30": 78.545, "2012-06-30": 178.498, "2012-03-31": "-48.60500", "2011-12-31": 277.826, "2011-09-30": 90.327, "2011-06-30": 137.998, "2011-03-31": "48.47400", "2010-12-31": 218.655, "2010-09-30": 47.837, "2010-06-30": 107.313, "2010-03-31": "21.67500", "2009-12-31": 179.652, "2009-09-30": 138.802, "2009-06-30": 106.703, "2009-03-31": "-27.12800", "2008-12-31": 196.118, "2008-09-30": 49.98, "2008-06-30": 125.311, "2008-03-31": "13.37300", "2007-12-31": 120.419, "2007-09-30": 69.184, "2007-06-30": 114.643, "2007-03-31": "-33.90200", "2006-12-31": 170.691, "2006-09-30": 64.009, "2006-06-30": 38.617, "2006-03-31": "-38.00000", "2005-12-31": 148.728, "2005-09-30": 38.891, "2005-06-30": 85.334, "2005-03-31": "-18.17700"}, "Net Change In Property, Plant, And Equipment": {"2020-09-30": -7.211, "2020-06-30": -7.58, "2020-03-31": "-23.00800", "2019-12-31": -27.263, "2019-09-30": -18.248, "2019-06-30": -14.79, "2019-03-31": "-15.91800", "2018-12-31": -21.964, "2018-09-30": -19.09, "2018-06-30": -16.586, "2018-03-31": "-13.64300", "2017-12-31": -7.089, "2017-09-30": -18.35, "2017-06-30": -19.654, "2017-03-31": "-17.31100", "2016-12-31": -25.654, "2016-09-30": -18.345, "2016-06-30": -13.575, "2016-03-31": "-12.60500", "2015-12-31": -19.52, "2015-09-30": -18.734, "2015-06-30": -17.937, "2015-03-31": "-15.49300", "2014-12-31": -21.334, "2014-09-30": -22.806, "2014-06-30": -19.492, "2014-03-31": "-18.48400", "2013-12-31": -21.482, "2013-09-30": -16.799, "2013-06-30": -10.072, "2013-03-31": "-11.86200", "2012-12-31": -18.303, "2012-09-30": -11.562, "2012-06-30": -9.149, "2012-03-31": "-12.22300", "2011-12-31": -12.629, "2011-09-30": -11.783, "2011-06-30": -10.306, "2011-03-31": "-10.45800", "2010-12-31": -12.074, "2010-09-30": -9.384, "2010-06-30": -8.48, "2010-03-31": "-9.06200", "2009-12-31": -13.21, "2009-09-30": -10.014, "2009-06-30": -15.537, "2009-03-31": "-12.86600", "2008-12-31": -12.751, "2008-09-30": -14.653, "2008-06-30": -9.723, "2008-03-31": "-13.74300", "2007-12-31": -23.798, "2007-09-30": -11.687, "2007-06-30": -12.403, "2007-03-31": "-8.93300", "2006-12-31": -17.073, "2006-09-30": -17.273, "2006-06-30": -21.486, "2006-03-31": "-11.16800", "2005-12-31": -14.625, "2005-09-30": -14.171, "2005-06-30": -13.895, "2005-03-31": "-8.13800"}, "Net Change In Intangible Assets": {"2020-09-30": 0, "2020-06-30": 0, "2020-03-31": "", "2019-12-31": 0, "2019-09-30": 0, "2019-06-30": 0, "2019-03-31": "", "2018-12-31": 0, "2018-09-30": 0, "2018-06-30": 0, "2018-03-31": "", "2017-12-31": 0, "2017-09-30": 0, "2017-06-30": 0, "2017-03-31": "", "2016-12-31": 0, "2016-09-30": 0, "2016-06-30": 0, "2016-03-31": "", "2015-12-31": 0, "2015-09-30": 0, "2015-06-30": 0, "2015-03-31": "", "2014-12-31": 0, "2014-09-30": 0, "2014-06-30": 0, "2014-03-31": "", "2013-12-31": 0, "2013-09-30": 0, "2013-06-30": 0, "2013-03-31": "", "2012-12-31": 0, "2012-09-30": 0, "2012-06-30": 0, "2012-03-31": "", "2011-12-31": 0, "2011-09-30": 0, "2011-06-30": 0, "2011-03-31": "", "2010-12-31": 0, "2010-09-30": 0, "2010-06-30": 0, "2010-03-31": "", "2009-12-31": 0, "2009-09-30": 0, "2009-06-30": 0, "2009-03-31": "", "2008-12-31": 0, "2008-09-30": 0, "2008-06-30": 0, "2008-03-31": "", "2007-12-31": 0, "2007-09-30": 0, "2007-06-30": 0, "2007-03-31": "", "2006-12-31": 0, "2006-09-30": 0, "2006-06-30": 0, "2006-03-31": "", "2005-12-31": 0, "2005-09-30": 0, "2005-06-30": 0, "2005-03-31": ""}, "Net Acquisitions/Divestitures": {"2020-09-30": -14.483, "2020-06-30": 0.222, "2020-03-31": "-37.94700", "2019-12-31": 1.214, "2019-09-30": -34.652, "2019-06-30": -18.468, "2019-03-31": "-603.97300", "2018-12-31": -14.244, "2018-09-30": -37.652, "2018-06-30": -0.98, "2018-03-31": "-0.36400", "2017-12-31": 77.371, "2017-09-30": -109.2, "2017-06-30": -137.766, "2017-03-31": "-11.82000", "2016-12-31": -102.032, "2016-09-30": -34.102, "2016-06-30": -39.879, "2016-03-31": "-52.56200", "2015-12-31": -29.783, "2015-09-30": -80.762, "2015-06-30": -47.679, "2015-03-31": "-13.63700", "2014-12-31": -60.173, "2014-09-30": -141.253, "2014-06-30": -78.178, "2014-03-31": "-144.67900", "2013-12-31": -147.849, "2013-09-30": -0.806, "2013-06-30": -1.349, "2013-03-31": "-32.35900", "2012-12-31": -13.977, "2012-09-30": -85.913, "2012-06-30": -101.368, "2012-03-31": "-18.98000", "2011-12-31": -5.767, "2011-09-30": 0, "2011-06-30": -10.022, "2011-03-31": "-133.61400", "2010-12-31": -46.27, "2010-09-30": -101.73, "2010-06-30": -95.652, "2010-03-31": "-108.94600", "2009-12-31": -11.19, "2009-09-30": -6.253, "2009-06-30": -12.746, "2009-03-31": "-13.74300", "2008-12-31": -102.54, "2008-09-30": -2.349, "2008-06-30": -15.057, "2008-03-31": "-8.52400", "2007-12-31": -64.23, "2007-09-30": -77.414, "2007-06-30": -14.391, "2007-03-31": "-27.43200", "2006-12-31": -13.748, "2006-09-30": -80.945, "2006-06-30": 4.052, "2006-03-31": "-72.71200", "2005-12-31": -9.665, "2005-09-30": -3.796, "2005-06-30": -15.706, "2005-03-31": "-39.04600"}, "Net Change In Short-term Investments": {"2020-09-30": 0, "2020-06-30": 0, "2020-03-31": "", "2019-12-31": 0, "2019-09-30": 0, "2019-06-30": 0, "2019-03-31": "", "2018-12-31": 0, "2018-09-30": 0, "2018-06-30": 0, "2018-03-31": "", "2017-12-31": 0, "2017-09-30": 0, "2017-06-30": 0, "2017-03-31": "", "2016-12-31": 0, "2016-09-30": 0, "2016-06-30": 0, "2016-03-31": "", "2015-12-31": 0, "2015-09-30": 0, "2015-06-30": 0, "2015-03-31": "", "2014-12-31": 0, "2014-09-30": 0, "2014-06-30": 0, "2014-03-31": "", "2013-12-31": 0, "2013-09-30": 0, "2013-06-30": 0, "2013-03-31": "", "2012-12-31": 0, "2012-09-30": 0, "2012-06-30": 0, "2012-03-31": "", "2011-12-31": 0, "2011-09-30": 0, "2011-06-30": 0, "2011-03-31": "", "2010-12-31": 0, "2010-09-30": 0, "2010-06-30": 0, "2010-03-31": "", "2009-12-31": 0, "2009-09-30": 0, "2009-06-30": 0, "2009-03-31": "", "2008-12-31": 0, "2008-09-30": -0.847, "2008-06-30": 0.847, "2008-03-31": "", "2007-12-31": 0, "2007-09-30": -48, "2007-06-30": 48, "2007-03-31": "", "2006-12-31": 0, "2006-09-30": 0, "2006-06-30": 0, "2006-03-31": "", "2005-12-31": 2.616, "2005-09-30": 11.779, "2005-06-30": 0, "2005-03-31": ""}, "Net Change In Long-Term Investments": {"2020-09-30": 12, "2020-06-30": 0, "2020-03-31": "", "2019-12-31": 296.751, "2019-09-30": 0, "2019-06-30": 0, "2019-03-31": "10.50000", "2018-12-31": 1, "2018-09-30": 0, "2018-06-30": 0, "2018-03-31": "", "2017-12-31": 34.048, "2017-09-30": 0, "2017-06-30": 0, "2017-03-31": "", "2016-12-31": 0, "2016-09-30": 0, "2016-06-30": 0, "2016-03-31": "", "2015-12-31": 0, "2015-09-30": 0, "2015-06-30": 0.02, "2015-03-31": "", "2014-12-31": 1.25, "2014-09-30": 2, "2014-06-30": 0, "2014-03-31": "", "2013-12-31": 0, "2013-09-30": -13.364, "2013-06-30": 0, "2013-03-31": "", "2012-12-31": 3.2, "2012-09-30": 2, "2012-06-30": 2.875, "2012-03-31": "1.15000", "2011-12-31": 0.15, "2011-09-30": 0.3, "2011-06-30": 0.05, "2011-03-31": "2.10000", "2010-12-31": 0.05, "2010-09-30": 19.538, "2010-06-30": 12.096, "2010-03-31": "-25.68400", "2009-12-31": 1.225, "2009-09-30": 4.69, "2009-06-30": 1.3, "2009-03-31": "2.74000", "2008-12-31": 4.15, "2008-09-30": 1.572, "2008-06-30": -0.847, "2008-03-31": "-35.07800", "2007-12-31": 27.75, "2007-09-30": 108.25, "2007-06-30": -88.501, "2007-03-31": "0.50000", "2006-12-31": -47.999, "2006-09-30": 101.109, "2006-06-30": 0.211, "2006-03-31": "22.69000", "2005-12-31": -99.266, "2005-09-30": -24.745, "2005-06-30": 0, "2005-03-31": ""}, "Net Change In Investments - Total": {"2020-09-30": 12, "2020-06-30": 0, "2020-03-31": "", "2019-12-31": 296.751, "2019-09-30": 0, "2019-06-30": 0, "2019-03-31": "10.50000", "2018-12-31": 1, "2018-09-30": 0, "2018-06-30": 0, "2018-03-31": "", "2017-12-31": 34.048, "2017-09-30": 0, "2017-06-30": 0, "2017-03-31": "", "2016-12-31": 0, "2016-09-30": 0, "2016-06-30": 0, "2016-03-31": "", "2015-12-31": 0, "2015-09-30": 0, "2015-06-30": 0.02, "2015-03-31": "", "2014-12-31": 1.25, "2014-09-30": 2, "2014-06-30": 0, "2014-03-31": "", "2013-12-31": 0, "2013-09-30": -13.364, "2013-06-30": 0, "2013-03-31": "", "2012-12-31": 3.2, "2012-09-30": 2, "2012-06-30": 2.875, "2012-03-31": "1.15000", "2011-12-31": 0.15, "2011-09-30": 0.3, "2011-06-30": 0.05, "2011-03-31": "2.10000", "2010-12-31": 0.05, "2010-09-30": 19.538, "2010-06-30": 12.096, "2010-03-31": "-25.68400", "2009-12-31": 1.225, "2009-09-30": 4.69, "2009-06-30": 1.3, "2009-03-31": "2.74000", "2008-12-31": 4.15, "2008-09-30": 0.725, "2008-06-30": 0, "2008-03-31": "-35.07800", "2007-12-31": 27.75, "2007-09-30": 60.25, "2007-06-30": -40.501, "2007-03-31": "0.50000", "2006-12-31": -47.999, "2006-09-30": 101.109, "2006-06-30": 0.211, "2006-03-31": "22.69000", "2005-12-31": -96.65, "2005-09-30": -12.966, "2005-06-30": 0, "2005-03-31": ""}, "Investing Activities - Other": {"2020-09-30": -2.621, "2020-06-30": -8.678, "2020-03-31": "-4.65000", "2019-12-31": -1.662, "2019-09-30": -2.906, "2019-06-30": -5.758, "2019-03-31": "10.80000", "2018-12-31": -11.389, "2018-09-30": -14.975, "2018-06-30": -21.908, "2018-03-31": "-21.15900", "2017-12-31": -125.811, "2017-09-30": -1.822, "2017-06-30": 0.677, "2017-03-31": "-5.54900", "2016-12-31": -8.902, "2016-09-30": -7.001, "2016-06-30": 4.064, "2016-03-31": "-5.82900", "2015-12-31": -7.259, "2015-09-30": -6.068, "2015-06-30": -1.994, "2015-03-31": "-1.18500", "2014-12-31": -2.822, "2014-09-30": -4.171, "2014-06-30": -2.566, "2014-03-31": "-3.93100", "2013-12-31": -3.516, "2013-09-30": -2.076, "2013-06-30": -5.003, "2013-03-31": "-0.06800", "2012-12-31": -3.224, "2012-09-30": 0.255, "2012-06-30": -2.334, "2012-03-31": "-2.05100", "2011-12-31": -2.263, "2011-09-30": -0.877, "2011-06-30": 1.484, "2011-03-31": "0.41300", "2010-12-31": -2.344, "2010-09-30": 0.012, "2010-06-30": 1.027, "2010-03-31": "-0.72000", "2009-12-31": -2, "2009-09-30": -8.578, "2009-06-30": 1.606, "2009-03-31": "-4.01100", "2008-12-31": 28.836, "2008-09-30": 13.245, "2008-06-30": 2.224, "2008-03-31": "-2.77200", "2007-12-31": -14.986, "2007-09-30": -11.795, "2007-06-30": -7.039, "2007-03-31": "-9.18300", "2006-12-31": -2.52, "2006-09-30": -8.859, "2006-06-30": -13.67, "2006-03-31": "-0.97000", "2005-12-31": -2.226, "2005-09-30": 10.575, "2005-06-30": 20.408, "2005-03-31": "-6.78000"}, "Cash Flow From Investing Activities": {"2020-09-30": -12.315, "2020-06-30": -16.036, "2020-03-31": "-65.60500", "2019-12-31": 269.04, "2019-09-30": -55.806, "2019-06-30": -39.016, "2019-03-31": "-598.59100", "2018-12-31": -46.597, "2018-09-30": -71.717, "2018-06-30": -39.474, "2018-03-31": "-35.16600", "2017-12-31": -21.481, "2017-09-30": -129.372, "2017-06-30": -156.743, "2017-03-31": "-34.68000", "2016-12-31": -136.588, "2016-09-30": -59.448, "2016-06-30": -49.39, "2016-03-31": "-70.99600", "2015-12-31": -56.562, "2015-09-30": -105.564, "2015-06-30": -67.59, "2015-03-31": "-30.31500", "2014-12-31": -83.079, "2014-09-30": -166.23, "2014-06-30": -100.236, "2014-03-31": "-167.09400", "2013-12-31": -172.847, "2013-09-30": -33.045, "2013-06-30": -16.424, "2013-03-31": "-44.28900", "2012-12-31": -32.304, "2012-09-30": -95.22, "2012-06-30": -109.976, "2012-03-31": "-32.10400", "2011-12-31": -20.509, "2011-09-30": -12.36, "2011-06-30": -18.794, "2011-03-31": "-141.55900", "2010-12-31": -60.638, "2010-09-30": -91.564, "2010-06-30": -91.009, "2010-03-31": "-144.41200", "2009-12-31": -25.175, "2009-09-30": -20.155, "2009-06-30": -25.377, "2009-03-31": "-27.88000", "2008-12-31": -82.305, "2008-09-30": -3.032, "2008-06-30": -22.556, "2008-03-31": "-60.11700", "2007-12-31": -75.264, "2007-09-30": -40.646, "2007-06-30": -74.334, "2007-03-31": "-45.04800", "2006-12-31": -81.34, "2006-09-30": -5.968, "2006-06-30": -30.893, "2006-03-31": "-62.16000", "2005-12-31": -123.166, "2005-09-30": -20.358, "2005-06-30": -9.193, "2005-03-31": "-53.96400"}, "Net Long-Term Debt": {"2020-09-30": -0.877, "2020-06-30": -349.681, "2020-03-31": "241.52200", "2019-12-31": -250.692, "2019-09-30": -1.214, "2019-06-30": -1.662, "2019-03-31": "-6.63500", "2018-12-31": -0.252, "2018-09-30": 14.599, "2018-06-30": -16.741, "2018-03-31": "92.65900", "2017-12-31": 0.243, "2017-09-30": 100.093, "2017-06-30": 97.183, "2017-03-31": "-56.36700", "2016-12-31": -5.289, "2016-09-30": 14.628, "2016-06-30": 33.633, "2016-03-31": "202.44600", "2015-12-31": -130.618, "2015-09-30": 8.658, "2015-06-30": -68.507, "2015-03-31": "124.26400", "2014-12-31": -92.363, "2014-09-30": -35.178, "2014-06-30": 23.93, "2014-03-31": "189.99100", "2013-12-31": 63.886, "2013-09-30": -60.863, "2013-06-30": -149.314, "2013-03-31": "95.09500", "2012-12-31": 47.495, "2012-09-30": 2.24, "2012-06-30": -24.675, "2012-03-31": "89.35000", "2011-12-31": -9.066, "2011-09-30": -0.74, "2011-06-30": -22.289, "2011-03-31": "1.47400", "2010-12-31": -11.352, "2010-09-30": -141.501, "2010-06-30": -48.332, "2010-03-31": "-1.84300", "2009-12-31": -0.877, "2009-09-30": -150.84, "2009-06-30": -1.277, "2009-03-31": "-1.33500", "2008-12-31": -3.582, "2008-09-30": -24.19, "2008-06-30": -4.976, "2008-03-31": "-0.97300", "2007-12-31": -5.374, "2007-09-30": -24.604, "2007-06-30": -17.413, "2007-03-31": "-0.02900", "2006-12-31": -2.659, "2006-09-30": -24.202, "2006-06-30": -3.83, "2006-03-31": "-2.64500", "2005-12-31": -3.005, "2005-09-30": -2.913, "2005-06-30": -1.869, "2005-03-31": "-0.69600"}, "Net Current Debt": {"2020-09-30": 4.437, "2020-06-30": 121.063, "2020-03-31": "358.63900", "2019-12-31": -84.066, "2019-09-30": -134.834, "2019-06-30": -56.895, "2019-03-31": "-652.11700", "2018-12-31": -193.357, "2018-09-30": -34.119, "2018-06-30": 226.162, "2018-03-31": "212.05500", "2017-12-31": 109.391, "2017-09-30": 54.288, "2017-06-30": -94.775, "2017-03-31": "234.03700", "2016-12-31": 102.022, "2016-09-30": 94.205, "2016-06-30": -192.59, "2016-03-31": "95.11100", "2015-12-31": 140.253, "2015-09-30": 54.909, "2015-06-30": -30.103, "2015-03-31": "-19.88600", "2014-12-31": -5.643, "2014-09-30": 105.045, "2014-06-30": -61.529, "2014-03-31": "114.76800", "2013-12-31": 13.725, "2013-09-30": 0.09, "2013-06-30": -34.467, "2013-03-31": "22.82700", "2012-12-31": -130.246, "2012-09-30": 71.677, "2012-06-30": 76.4, "2012-03-31": "-50.01600", "2011-12-31": 14.917, "2011-09-30": -9.272, "2011-06-30": -47.989, "2011-03-31": "55.66000", "2010-12-31": -159.695, "2010-09-30": 200.863, "2010-06-30": 0.263, "2010-03-31": "-0.93100", "2009-12-31": -0.652, "2009-09-30": -0.436, "2009-06-30": -0.204, "2009-03-31": "-3.18900", "2008-12-31": -1.411, "2008-09-30": 0.722, "2008-06-30": -2.589, "2008-03-31": "-3.91900", "2007-12-31": 5.766, "2007-09-30": -4.273, "2007-06-30": -0.026, "2007-03-31": "-0.25500", "2006-12-31": -0.113, "2006-09-30": 0.297, "2006-06-30": -1.223, "2006-03-31": "1.22300", "2005-12-31": -0.637, "2005-09-30": -1.472, "2005-06-30": -1.599, "2005-03-31": "0.18300"}, "Debt Issuance/Retirement Net - Total": {"2020-09-30": 3.56, "2020-06-30": -228.618, "2020-03-31": "600.16100", "2019-12-31": -334.758, "2019-09-30": -136.048, "2019-06-30": -58.557, "2019-03-31": "-658.75200", "2018-12-31": -193.609, "2018-09-30": -19.52, "2018-06-30": 209.421, "2018-03-31": "304.71400", "2017-12-31": 109.634, "2017-09-30": 154.381, "2017-06-30": 2.408, "2017-03-31": "177.67000", "2016-12-31": 96.733, "2016-09-30": 108.833, "2016-06-30": -158.957, "2016-03-31": "297.55700", "2015-12-31": 9.635, "2015-09-30": 63.567, "2015-06-30": -98.61, "2015-03-31": "104.37800", "2014-12-31": -98.006, "2014-09-30": 69.867, "2014-06-30": -37.599, "2014-03-31": "304.75900", "2013-12-31": 77.611, "2013-09-30": -60.773, "2013-06-30": -183.781, "2013-03-31": "117.92200", "2012-12-31": -82.751, "2012-09-30": 73.917, "2012-06-30": 51.725, "2012-03-31": "39.33400", "2011-12-31": 5.851, "2011-09-30": -10.012, "2011-06-30": -70.278, "2011-03-31": "57.13400", "2010-12-31": -171.047, "2010-09-30": 59.362, "2010-06-30": -48.069, "2010-03-31": "-2.77400", "2009-12-31": -1.529, "2009-09-30": -151.276, "2009-06-30": -1.481, "2009-03-31": "-4.52400", "2008-12-31": -4.993, "2008-09-30": -23.468, "2008-06-30": -7.565, "2008-03-31": "-4.89200", "2007-12-31": 0.392, "2007-09-30": -28.877, "2007-06-30": -17.439, "2007-03-31": "-0.28400", "2006-12-31": -2.772, "2006-09-30": -23.905, "2006-06-30": -5.053, "2006-03-31": "-1.42200", "2005-12-31": -3.642, "2005-09-30": -4.385, "2005-06-30": -3.468, "2005-03-31": "-0.51300"}, "Net Common Equity Issued/Repurchased": {"2020-09-30": 0, "2020-06-30": 0, "2020-03-31": "-73.78900", "2019-12-31": -200, "2019-09-30": -98.218, "2019-06-30": -76.782, "2019-03-31": "211.12400", "2018-12-31": -85.894, "2018-09-30": -60.697, "2018-06-30": -53.355, "2018-03-31": "3.02200", "2017-12-31": -224.67, "2017-09-30": -124.759, "2017-06-30": -49.251, "2017-03-31": "-46.05400", "2016-12-31": -198.373, "2016-09-30": -192.297, "2016-06-30": -54.351, "2016-03-31": "-93.59900", "2015-12-31": -145.744, "2015-09-30": -36.889, "2015-06-30": -34.219, "2015-03-31": "-68.13000", "2014-12-31": -66.331, "2014-09-30": -72.001, "2014-06-30": -71.31, "2014-03-31": "-58.85600", "2013-12-31": -60.856, "2013-09-30": -71.783, "2013-06-30": -70.409, "2013-03-31": "-61.65000", "2012-12-31": -55.482, "2012-09-30": -55.74, "2012-06-30": -107.65, "2012-03-31": "-8.52600", "2011-12-31": -63.258, "2011-09-30": -98.065, "2011-06-30": 4.124, "2011-03-31": "-8.28400", "2010-12-31": -39.829, "2010-09-30": -0.505, "2010-06-30": 5.756, "2010-03-31": "15.28000", "2009-12-31": 2.181, "2009-09-30": 5.761, "2009-06-30": 3.928, "2009-03-31": "", "2008-12-31": -27.235, "2008-09-30": -10.952, "2008-06-30": -26.124, "2008-03-31": "7.17200", "2007-12-31": 2.74, "2007-09-30": 9.099, "2007-06-30": 12.929, "2007-03-31": "-19.99800", "2006-12-31": -11.841, "2006-09-30": 5.039, "2006-06-30": -14.947, "2006-03-31": "17.10800", "2005-12-31": -20.937, "2005-09-30": 0.117, "2005-06-30": 3.41, "2005-03-31": "-5.36600"}, "Net Total Equity Issued/Repurchased": {"2020-09-30": 0, "2020-06-30": 0, "2020-03-31": "-73.78900", "2019-12-31": -200, "2019-09-30": -98.218, "2019-06-30": -76.782, "2019-03-31": "211.12400", "2018-12-31": -85.894, "2018-09-30": -60.697, "2018-06-30": -53.355, "2018-03-31": "3.02200", "2017-12-31": -224.67, "2017-09-30": -124.759, "2017-06-30": -49.251, "2017-03-31": "-46.05400", "2016-12-31": -198.373, "2016-09-30": -192.297, "2016-06-30": -54.351, "2016-03-31": "-93.59900", "2015-12-31": -145.744, "2015-09-30": -36.889, "2015-06-30": -34.219, "2015-03-31": "-68.13000", "2014-12-31": -66.331, "2014-09-30": -72.001, "2014-06-30": -71.31, "2014-03-31": "-58.85600", "2013-12-31": -60.856, "2013-09-30": -71.783, "2013-06-30": -70.409, "2013-03-31": "-61.65000", "2012-12-31": -55.482, "2012-09-30": -55.74, "2012-06-30": -107.65, "2012-03-31": "-8.52600", "2011-12-31": -63.258, "2011-09-30": -98.065, "2011-06-30": 4.124, "2011-03-31": "-8.28400", "2010-12-31": -39.829, "2010-09-30": -0.505, "2010-06-30": 5.756, "2010-03-31": "15.28000", "2009-12-31": 2.181, "2009-09-30": 5.761, "2009-06-30": 3.928, "2009-03-31": "", "2008-12-31": -27.235, "2008-09-30": -10.952, "2008-06-30": -26.124, "2008-03-31": "7.17200", "2007-12-31": 2.74, "2007-09-30": 9.099, "2007-06-30": 12.929, "2007-03-31": "-19.99800", "2006-12-31": -11.841, "2006-09-30": 5.039, "2006-06-30": -14.947, "2006-03-31": "17.10800", "2005-12-31": -20.937, "2005-09-30": 0.117, "2005-06-30": 3.41, "2005-03-31": "-5.36600"}, "Total Common And Preferred Stock Dividends Paid": {"2020-09-30": -0.529, "2020-06-30": 0.198, "2020-03-31": "-3.66400", "2019-12-31": -1.931, "2019-09-30": 4.031, "2019-06-30": -2.807, "2019-03-31": "52.20500", "2018-12-31": -1.209, "2018-09-30": -1.464, "2018-06-30": -4.129, "2018-03-31": "-0.54900", "2017-12-31": 15.248, "2017-09-30": -4.32, "2017-06-30": -16.337, "2017-03-31": "-3.26400", "2016-12-31": -5.984, "2016-09-30": -6.206, "2016-06-30": -18.064, "2016-03-31": "-2.09600", "2015-12-31": -10.985, "2015-09-30": -7.635, "2015-06-30": -11.568, "2015-03-31": "-3.11300", "2014-12-31": -2.186, "2014-09-30": -5.111, "2014-06-30": -13.926, "2014-03-31": "-3.76300", "2013-12-31": -1.175, "2013-09-30": -5.041, "2013-06-30": -10.216, "2013-03-31": "-2.79200", "2012-12-31": -9.703, "2012-09-30": -2.986, "2012-06-30": -6.514, "2012-03-31": "-2.08100", "2011-12-31": -2.177, "2011-09-30": -1.461, "2011-06-30": -5.355, "2011-03-31": "-1.06200", "2010-12-31": -2.792, "2010-09-30": -2.003, "2010-06-30": -6.438, "2010-03-31": "-1.29800", "2009-12-31": -0.746, "2009-09-30": -0.289, "2009-06-30": -1.569, "2009-03-31": "", "2008-12-31": -2.15, "2008-09-30": 0, "2008-06-30": 0, "2008-03-31": "", "2007-12-31": 0, "2007-09-30": 0, "2007-06-30": 0, "2007-03-31": "", "2006-12-31": 0, "2006-09-30": 0, "2006-06-30": 0, "2006-03-31": "", "2005-12-31": 0, "2005-09-30": 0, "2005-06-30": 0, "2005-03-31": ""}, "Financial Activities - Other": {"2020-09-30": -0.723, "2020-06-30": -1.993, "2020-03-31": "-30.81800", "2019-12-31": -0.063, "2019-09-30": 40.447, "2019-06-30": 16.577, "2019-03-31": "1027.55200", "2018-12-31": -4.548, "2018-09-30": -14.567, "2018-06-30": -401.964, "2018-03-31": "-279.42800", "2017-12-31": -28.831, "2017-09-30": -24.708, "2017-06-30": -5.004, "2017-03-31": "-44.69400", "2016-12-31": -21.464, "2016-09-30": -16.644, "2016-06-30": -5.949, "2016-03-31": "-56.48300", "2015-12-31": -102.929, "2015-09-30": -0.313, "2015-06-30": -8.114, "2015-03-31": "2.63900", "2014-12-31": 0.386, "2014-09-30": -2.597, "2014-06-30": -17.53, "2014-03-31": "-80.44300", "2013-12-31": -2.314, "2013-09-30": 1.028, "2013-06-30": -4.338, "2013-03-31": "2.59300", "2012-12-31": 6.63, "2012-09-30": -0.599, "2012-06-30": -12.357, "2012-03-31": "2.18200", "2011-12-31": -153.66, "2011-09-30": -11.26, "2011-06-30": -4.792, "2011-03-31": "5.34100", "2010-12-31": 6.242, "2010-09-30": -138.699, "2010-06-30": 1.739, "2010-03-31": "-5.56800", "2009-12-31": 1.77, "2009-09-30": -50.405, "2009-06-30": 2.414, "2009-03-31": "-1.91000", "2008-12-31": 3.458, "2008-09-30": 5.507, "2008-06-30": 0.267, "2008-03-31": "3.00500", "2007-12-31": -6.288, "2007-09-30": 3.153, "2007-06-30": 1.448, "2007-03-31": "5.11700", "2006-12-31": 1.704, "2006-09-30": 2.978, "2006-06-30": 5.098, "2006-03-31": "6.73900", "2005-12-31": 3.013, "2005-09-30": -0.979, "2005-06-30": 1.768, "2005-03-31": "2.48100"}, "Cash Flow From Financial Activities": {"2020-09-30": 2.308, "2020-06-30": -230.413, "2020-03-31": "491.89000", "2019-12-31": -536.752, "2019-09-30": -189.788, "2019-06-30": -121.569, "2019-03-31": "632.12900", "2018-12-31": -285.26, "2018-09-30": -96.248, "2018-06-30": -250.027, "2018-03-31": "27.75900", "2017-12-31": -128.619, "2017-09-30": 0.594, "2017-06-30": -68.184, "2017-03-31": "83.65800", "2016-12-31": -129.088, "2016-09-30": -106.314, "2016-06-30": -237.321, "2016-03-31": "145.37900", "2015-12-31": -250.023, "2015-09-30": 18.73, "2015-06-30": -152.511, "2015-03-31": "35.77400", "2014-12-31": -166.137, "2014-09-30": -9.842, "2014-06-30": -140.365, "2014-03-31": "161.69700", "2013-12-31": 13.266, "2013-09-30": -136.569, "2013-06-30": -268.744, "2013-03-31": "56.07300", "2012-12-31": -141.306, "2012-09-30": 14.592, "2012-06-30": -74.796, "2012-03-31": "30.90900", "2011-12-31": -213.244, "2011-09-30": -120.798, "2011-06-30": -76.301, "2011-03-31": "53.12900", "2010-12-31": -207.426, "2010-09-30": -81.845, "2010-06-30": -47.012, "2010-03-31": "5.64000", "2009-12-31": 1.676, "2009-09-30": -196.209, "2009-06-30": 3.292, "2009-03-31": "-6.43400", "2008-12-31": -30.92, "2008-09-30": -28.913, "2008-06-30": -33.422, "2008-03-31": "5.28500", "2007-12-31": -3.156, "2007-09-30": -16.625, "2007-06-30": -3.062, "2007-03-31": "-15.16500", "2006-12-31": -12.909, "2006-09-30": -15.888, "2006-06-30": -14.902, "2006-03-31": "22.42500", "2005-12-31": -21.566, "2005-09-30": -5.247, "2005-06-30": 1.71, "2005-03-31": "-3.39800"}, "Net Cash Flow": {"2020-09-30": 237.385, "2020-06-30": -321.258, "2020-03-31": "511.27100", "2019-12-31": 30.841, "2019-09-30": -9.668, "2019-06-30": -3.191, "2019-03-31": "31.23000", "2018-12-31": -41.051, "2018-09-30": 7.615, "2018-06-30": 10.074, "2018-03-31": "-77.75500", "2017-12-31": 97.837, "2017-09-30": 5.225, "2017-06-30": 11.766, "2017-03-31": "0.50700", "2016-12-31": -13.811, "2016-09-30": 12.632, "2016-06-30": -8.054, "2016-03-31": "-0.47200", "2015-12-31": 11.605, "2015-09-30": 13.413, "2015-06-30": -12.134, "2015-03-31": "-30.27200", "2014-12-31": 12.932, "2014-09-30": -13.156, "2014-06-30": -39.417, "2014-03-31": "-59.50100", "2013-12-31": 118.701, "2013-09-30": -8.924, "2013-06-30": -11.723, "2013-03-31": "-31.51800", "2012-12-31": 32.744, "2012-09-30": 1.44, "2012-06-30": -13.917, "2012-03-31": "-45.47100", "2011-12-31": 40.412, "2011-09-30": -54.917, "2011-06-30": 45.077, "2011-03-31": "-33.63600", "2010-12-31": -53.382, "2010-09-30": -117.386, "2010-06-30": -34.272, "2010-03-31": "-115.76600", "2009-12-31": 153.547, "2009-09-30": -76.266, "2009-06-30": 85.717, "2009-03-31": "-61.41400", "2008-12-31": 81.206, "2008-09-30": 16.932, "2008-06-30": 68.396, "2008-03-31": "-44.55400", "2007-12-31": 40.132, "2007-09-30": 16.487, "2007-06-30": 36.515, "2007-03-31": "-94.19100", "2006-12-31": 72.577, "2006-09-30": 37.736, "2006-06-30": -0.411, "2006-03-31": "-71.93800", "2005-12-31": 6.926, "2005-09-30": 16.649, "2005-06-30": 72.367, "2005-03-31": "-71.88000"}, "Stock-Based Compensation": {"2020-09-30": 5.71, "2020-06-30": 5.156, "2020-03-31": "-17.51400", "2019-12-31": 11.81, "2019-09-30": 13.338, "2019-06-30": 12.662, "2019-03-31": "7.11000", "2018-12-31": 2.051, "2018-09-30": 9.516, "2018-06-30": 13.355, "2018-03-31": "7.69900", "2017-12-31": 4.858, "2017-09-30": 12.632, "2017-06-30": 10.858, "2017-03-31": "8.49700", "2016-12-31": 14.619, "2016-09-30": 16.171, "2016-06-30": 13.312, "2016-03-31": "14.14400", "2015-12-31": 9.534, "2015-09-30": 13.079, "2015-06-30": 13.502, "2015-03-31": "8.49900", "2014-12-31": 12.624, "2014-09-30": 13.747, "2014-06-30": 10.542, "2014-03-31": "8.96300", "2013-12-31": 10.832, "2013-09-30": 7.963, "2013-06-30": 11.422, "2013-03-31": "5.31000", "2012-12-31": 5.446, "2012-09-30": 11.818, "2012-06-30": 11.295, "2012-03-31": "8.75400", "2011-12-31": 10.887, "2011-09-30": 13.883, "2011-06-30": 9.615, "2011-03-31": "8.34500", "2010-12-31": 10.165, "2010-09-30": 12.467, "2010-06-30": 6.857, "2010-03-31": "6.14200", "2009-12-31": 7.58, "2009-09-30": 11.342, "2009-06-30": 6.236, "2009-03-31": "6.06700", "2008-12-31": 2.369, "2008-09-30": 11.506, "2008-06-30": 6.956, "2008-03-31": "9.26000", "2007-12-31": 5.833, "2007-09-30": 10.099, "2007-06-30": 6.608, "2007-03-31": "4.11700", "2006-12-31": 5.531, "2006-09-30": 8.124, "2006-06-30": 5.517, "2006-03-31": "3.85700", "2005-12-31": 4.885, "2005-09-30": 8.051, "2005-06-30": 4.796, "2005-03-31": "3.74000"}, "Common Stock Dividends Paid": {"2020-09-30": -0.529, "2020-06-30": 0.198, "2020-03-31": "-3.66400", "2019-12-31": -1.931, "2019-09-30": 4.031, "2019-06-30": -2.807, "2019-03-31": "52.20500", "2018-12-31": -1.209, "2018-09-30": -1.464, "2018-06-30": -4.129, "2018-03-31": "-0.54900", "2017-12-31": 15.248, "2017-09-30": -4.32, "2017-06-30": -16.337, "2017-03-31": "-3.26400", "2016-12-31": -5.984, "2016-09-30": -6.206, "2016-06-30": -18.064, "2016-03-31": "-2.09600", "2015-12-31": -10.985, "2015-09-30": -7.635, "2015-06-30": -11.568, "2015-03-31": "-3.11300", "2014-12-31": -2.186, "2014-09-30": -5.111, "2014-06-30": -13.926, "2014-03-31": "-3.76300", "2013-12-31": -1.175, "2013-09-30": -5.041, "2013-06-30": -10.216, "2013-03-31": "-2.79200", "2012-12-31": -9.703, "2012-09-30": -2.986, "2012-06-30": -6.514, "2012-03-31": "-2.08100", "2011-12-31": -2.177, "2011-09-30": -1.461, "2011-06-30": -5.355, "2011-03-31": "-1.06200", "2010-12-31": -2.792, "2010-09-30": -2.003, "2010-06-30": -6.438, "2010-03-31": "-1.29800", "2009-12-31": -0.746, "2009-09-30": -0.289, "2009-06-30": -1.569, "2009-03-31": "", "2008-12-31": -2.15, "2008-09-30": 0, "2008-06-30": 0, "2008-03-31": "", "2007-12-31": 0, "2007-09-30": 0, "2007-06-30": 0, "2007-03-31": "", "2006-12-31": 0, "2006-09-30": 0, "2006-06-30": 0, "2006-03-31": "", "2005-12-31": 0, "2005-09-30": 0, "2005-06-30": 0, "2005-03-31": ""}}, "financial ratios": {"Current Ratio": {"2019-12-31": "1.58290", "2018-12-31": "1.29710", "2017-12-31": "1.44430", "2016-12-31": "1.44050", "2015-12-31": "1.50490", "2014-12-31": "1.63650", "2013-12-31": "1.82800", "2012-12-31": "1.83630", "2011-12-31": "1.78710", "2010-12-31": "1.85710", "2009-12-31": "2.04740", "2008-12-31": "1.74550", "2007-12-31": "1.96550", "2006-12-31": "2.03050", "2005-12-31": "2.18810"}, "Long-term Debt / Capital": {"2019-12-31": "0.14650", "2018-12-31": "0.21680", "2017-12-31": "0.24320", "2016-12-31": "0.20350", "2015-12-31": "0.13840", "2014-12-31": "0.16160", "2013-12-31": "0.13900", "2012-12-31": "0.15730", "2011-12-31": "0.13000", "2010-12-31": "0.14080", "2009-12-31": "0.10120", "2008-12-31": "0.12650", "2007-12-31": "0.19210", "2006-12-31": "0.23660", "2005-12-31": "0.28150"}, "Debt/Equity Ratio": {"2019-12-31": "0.20850", "2018-12-31": "0.54780", "2017-12-31": "0.58990", "2016-12-31": "0.43520", "2015-12-31": "0.28050", "2014-12-31": "0.25970", "2013-12-31": "0.17400", "2012-12-31": "0.20390", "2011-12-31": "0.18140", "2010-12-31": "0.18290", "2009-12-31": "0.12390", "2008-12-31": "0.23580", "2007-12-31": "0.25650", "2006-12-31": "0.33950", "2005-12-31": "0.42000"}, "Gross Margin": {"2019-12-31": "30.95280", "2018-12-31": "30.90750", "2017-12-31": "30.91890", "2016-12-31": "27.88250", "2015-12-31": "28.28820", "2014-12-31": "28.07060", "2013-12-31": "27.78070", "2012-12-31": "28.04840", "2011-12-31": "28.34690", "2010-12-31": "28.84200", "2009-12-31": "29.31660", "2008-12-31": "29.37580", "2007-12-31": "28.96650", "2006-12-31": "29.18870", "2005-12-31": "28.90870"}, "Operating Margin": {"2019-12-31": "7.19280", "2018-12-31": "6.37760", "2017-12-31": "7.53940", "2016-12-31": "6.66780", "2015-12-31": "6.90490", "2014-12-31": "6.89530", "2013-12-31": "7.08170", "2012-12-31": "6.92350", "2011-12-31": "6.82450", "2010-12-31": "6.92370", "2009-12-31": "7.09790", "2008-12-31": "6.57150", "2007-12-31": "6.56960", "2006-12-31": "6.06400", "2005-12-31": "5.79770"}, "EBIT Margin": {"2019-12-31": "7.19280", "2018-12-31": "6.37760", "2017-12-31": "7.53940", "2016-12-31": "6.66780", "2015-12-31": "6.90490", "2014-12-31": "6.89530", "2013-12-31": "7.08170", "2012-12-31": "6.92350", "2011-12-31": "6.82450", "2010-12-31": "6.92370", "2009-12-31": "7.09790", "2008-12-31": "6.57150", "2007-12-31": "6.56960", "2006-12-31": "6.06400", "2005-12-31": "5.79770"}, "EBITDA Margin": {"2019-12-31": "9.04490", "2018-12-31": "7.90270", "2017-12-31": "9.04620", "2016-12-31": "8.13500", "2015-12-31": "8.40190", "2014-12-31": "8.36320", "2013-12-31": "8.48580", "2012-12-31": "8.32530", "2011-12-31": "8.18320", "2010-12-31": "8.32160", "2009-12-31": "8.43590", "2008-12-31": "7.88450", "2007-12-31": "7.91580", "2006-12-31": "7.35330", "2005-12-31": "7.13100"}, "Pre-Tax Profit Margin": {"2019-12-31": "6.81270", "2018-12-31": "5.70030", "2017-12-31": "7.08950", "2016-12-31": "6.53180", "2015-12-31": "6.78060", "2014-12-31": "6.83910", "2013-12-31": "6.95240", "2012-12-31": "6.75830", "2011-12-31": "6.67400", "2010-12-31": "6.67000", "2009-12-31": "6.92410", "2008-12-31": "6.19790", "2007-12-31": "6.42640", "2006-12-31": "5.88300", "2005-12-31": "5.43610"}, "Net Profit Margin": {"2019-12-31": "6.95720", "2018-12-31": "5.69020", "2017-12-31": "4.57370", "2016-12-31": "4.37950", "2015-12-31": "4.50680", "2014-12-31": "4.49390", "2013-12-31": "4.51390", "2012-12-31": "4.34090", "2011-12-31": "4.31010", "2010-12-31": "4.32840", "2009-12-31": "4.75890", "2008-12-31": "3.75300", "2007-12-31": "3.59490", "2006-12-31": "3.25180", "2005-12-31": "3.08790"}, "Asset Turnover": {"2019-12-31": "1.39640", "2018-12-31": "1.10790", "2017-12-31": "1.12960", "2016-12-31": "1.71170", "2015-12-31": "1.63420", "2014-12-31": "1.68950", "2013-12-31": "1.69980", "2012-12-31": "1.67600", "2011-12-31": "1.79960", "2010-12-31": "1.65520", "2009-12-31": "1.70450", "2008-12-31": "1.77270", "2007-12-31": "1.77730", "2006-12-31": "1.74790", "2005-12-31": "1.75220"}, "Inventory Turnover Ratio": {"2019-12-31": "4.82570", "2018-12-31": "4.59680", "2017-12-31": "3.17340", "2016-12-31": "5.00990", "2015-12-31": "5.04830", "2014-12-31": "5.61840", "2013-12-31": "5.52190", "2012-12-31": "5.34480", "2011-12-31": "6.44850", "2010-12-31": "6.15480", "2009-12-31": "5.96170", "2008-12-31": "6.15880", "2007-12-31": "6.27460", "2006-12-31": "6.10510", "2005-12-31": "6.36470"}, "Receiveable Turnover": {"2019-12-31": "8.01270", "2018-12-31": "8.05770", "2017-12-31": "5.83360", "2016-12-31": "9.22680", "2015-12-31": "8.64330", "2014-12-31": "9.19840", "2013-12-31": "9.06040", "2012-12-31": "8.80620", "2011-12-31": "9.60340", "2010-12-31": "8.49730", "2009-12-31": "9.01350", "2008-12-31": "8.69230", "2007-12-31": "8.31540", "2006-12-31": "8.25540", "2005-12-31": "7.76840"}, "Days Sales In Receivables": {"2019-12-31": "45.55270", "2018-12-31": "45.29850", "2017-12-31": "62.56860", "2016-12-31": "39.55880", "2015-12-31": "42.22910", "2014-12-31": "39.68070", "2013-12-31": "40.28530", "2012-12-31": "41.44820", "2011-12-31": "38.00720", "2010-12-31": "42.95470", "2009-12-31": "40.49500", "2008-12-31": "41.99100", "2007-12-31": "43.89430", "2006-12-31": "44.21370", "2005-12-31": "46.98500"}, "ROE - Return On Equity": {"2019-12-31": "19.98440", "2018-12-31": "12.71790", "2017-12-31": "11.27580", "2016-12-31": "19.86560", "2015-12-31": "18.13170", "2014-12-31": "17.94590", "2013-12-31": "16.91040", "2012-12-31": "16.18540", "2011-12-31": "16.62770", "2010-12-31": "14.59330", "2009-12-31": "15.28760", "2008-12-31": "15.19310", "2007-12-31": "14.03840", "2006-12-31": "12.47690", "2005-12-31": "12.06540"}, "Return On Tangible Equity": {"2019-12-31": "121.97460", "2018-12-31": "41.52570", "2017-12-31": "-217.29780", "2016-12-31": "347.99910", "2015-12-31": "135.51500", "2014-12-31": "175.14230", "2013-12-31": "64.06920", "2012-12-31": "76.61250", "2011-12-31": "76.79890", "2010-12-31": "60.43140", "2009-12-31": "34.04270", "2008-12-31": "42.38510", "2007-12-31": "37.27510", "2006-12-31": "34.26500", "2005-12-31": "30.19850"}, "ROA - Return On Assets": {"2019-12-31": "10.14480", "2018-12-31": "5.29900", "2017-12-31": "4.04980", "2016-12-31": "8.23020", "2015-12-31": "8.04690", "2014-12-31": "8.23350", "2013-12-31": "8.38210", "2012-12-31": "7.93750", "2011-12-31": "8.53680", "2010-12-31": "7.74340", "2009-12-31": "8.61430", "2008-12-31": "7.48150", "2007-12-31": "7.54020", "2006-12-31": "6.37000", "2005-12-31": "5.83460"}, "ROI - Return On Investment": {"2019-12-31": "17.05750", "2018-12-31": "9.96080", "2017-12-31": "8.53330", "2016-12-31": "15.82350", "2015-12-31": "15.62210", "2014-12-31": "15.04620", "2013-12-31": "14.55920", "2012-12-31": "13.64010", "2011-12-31": "14.46670", "2010-12-31": "12.53910", "2009-12-31": "13.74050", "2008-12-31": "13.27140", "2007-12-31": "11.34140", "2006-12-31": "9.52530", "2005-12-31": "8.66840"}, "Book Value Per Share": {"2019-12-31": "25.32310", "2018-12-31": "23.39330", "2017-12-31": "18.37730", "2016-12-31": "17.63680", "2015-12-31": "17.51390", "2014-12-31": "16.76280", "2013-12-31": "16.28090", "2012-12-31": "14.88810", "2011-12-31": "13.53100", "2010-12-31": "13.12260", "2009-12-31": "11.92480", "2008-12-31": "9.91780", "2007-12-31": "9.93250", "2006-12-31": "8.31060", "2005-12-31": "7.17150"}, "Operating Cash Flow Per Share": {"2019-12-31": -0.0723, "2018-12-31": 1.0065, "2017-12-31": -0.4767, "2016-12-31": 0.2666, "2015-12-31": 0.203, "2014-12-31": -0.3348, "2013-12-31": 1.5183, "2012-12-31": -0.7224, "2011-12-31": 0.874, "2010-12-31": -0.0776, "2009-12-31": 0.0886, "2008-12-31": 0.6263, "2007-12-31": 0.1729, "2006-12-31": -0.1297, "2005-12-31": 1.4396}, "Free Cash Flow Per Share": {"2019-12-31": -0.1193, "2018-12-31": 0.9373, "2017-12-31": -0.4425, "2016-12-31": 0.2639, "2015-12-31": 0.2558, "2014-12-31": -0.47, "2013-12-31": 1.4599, "2012-12-31": -0.7637, "2011-12-31": 0.8391, "2010-12-31": -0.0015, "2009-12-31": 0.0824, "2008-12-31": 0.6591, "2007-12-31": 0.2341, "2006-12-31": -0.2154, "2005-12-31": 1.1524}}, "financial ratios, quarterly": {"Current Ratio": {"2020-09-30": "1.48600", "2020-06-30": "1.47760", "2020-03-31": "1.64070", "2019-12-31": "1.58290", "2019-09-30": "1.63240", "2019-06-30": "1.70310", "2019-03-31": "1.65490", "2018-12-31": "1.29710", "2018-09-30": "1.29850", "2018-06-30": "1.28830", "2018-03-31": "1.44270", "2017-12-31": "1.44430", "2017-09-30": "1.55200", "2017-06-30": "1.55330", "2017-03-31": "1.48430", "2016-12-31": "1.44050", "2016-09-30": "1.61100", "2016-06-30": "1.71520", "2016-03-31": "1.64580", "2015-12-31": "1.50490", "2015-09-30": "1.73610", "2015-06-30": "1.77510", "2015-03-31": "1.81160", "2014-12-31": "1.63650", "2014-09-30": "1.71660", "2014-06-30": "1.88610", "2014-03-31": "1.78330", "2013-12-31": "1.82800", "2013-09-30": "1.82200", "2013-06-30": "1.95780", "2013-03-31": "2.08070", "2012-12-31": "1.83630", "2012-09-30": "1.73380", "2012-06-30": "1.81630", "2012-03-31": "2.02520", "2011-12-31": "1.78710", "2011-09-30": "1.92880", "2011-06-30": "1.89900", "2011-03-31": "1.83240", "2010-12-31": "1.85710", "2010-09-30": "1.74560", "2010-06-30": "2.15610", "2010-03-31": "2.18900", "2009-12-31": "2.04740", "2009-09-30": "2.02090", "2009-06-30": "1.97550", "2009-03-31": "1.91750", "2008-12-31": "1.74550", "2008-09-30": "1.83000", "2008-06-30": "2.09490", "2008-03-31": "2.10600", "2007-12-31": "1.96550", "2007-09-30": "1.82810", "2007-06-30": "2.24790", "2007-03-31": "2.22260", "2006-12-31": "2.03050", "2006-09-30": "2.09410", "2006-06-30": "2.26570", "2006-03-31": "2.30100", "2005-12-31": "2.18810", "2005-09-30": "2.33470", "2005-06-30": "2.27740", "2005-03-31": "2.32250"}, "Long-term Debt / Capital": {"2020-09-30": "0.11960", "2020-06-30": "0.12470", "2020-03-31": "0.19360", "2019-12-31": "0.14650", "2019-09-30": "0.20140", "2019-06-30": "0.22020", "2019-03-31": "0.22180", "2018-12-31": "0.21680", "2018-09-30": "0.22650", "2018-06-30": "0.25210", "2018-03-31": "0.25570", "2017-12-31": "0.24320", "2017-09-30": "0.23110", "2017-06-30": "0.21580", "2017-03-31": "0.20220", "2016-12-31": "0.20350", "2016-09-30": "0.19830", "2016-06-30": "0.19150", "2016-03-31": "0.18600", "2015-12-31": "0.13840", "2015-09-30": "0.16870", "2015-06-30": "0.17040", "2015-03-31": "0.19290", "2014-12-31": "0.16160", "2014-09-30": "0.18270", "2014-06-30": "0.18920", "2014-03-31": "0.16120", "2013-12-31": "0.13900", "2013-09-30": "0.10300", "2013-06-30": "0.14580", "2013-03-31": "0.18890", "2012-12-31": "0.15730", "2012-09-30": "0.14500", "2012-06-30": "0.14850", "2012-03-31": "0.15200", "2011-12-31": "0.13000", "2011-09-30": "0.12770", "2011-06-30": "0.12650", "2011-03-31": "0.14270", "2010-12-31": "0.14080", "2010-09-30": "0.13940", "2010-06-30": "0.18760", "2010-03-31": "0.19260", "2009-12-31": "0.10120", "2009-09-30": "0.10470", "2009-06-30": "0.10740", "2009-03-31": "0.11250", "2008-12-31": "0.12650", "2008-09-30": "0.12140", "2008-06-30": "0.18040", "2008-03-31": "0.18520", "2007-12-31": "0.19210", "2007-09-30": "0.20530", "2007-06-30": "0.22320", "2007-03-31": "0.23260", "2006-12-31": "0.23660", "2006-09-30": "0.24500", "2006-06-30": "0.26400", "2006-03-31": "0.27320", "2005-12-31": "0.28150", "2005-09-30": "0.29980", "2005-06-30": "0.30870", "2005-03-31": "0.31420"}, "Debt/Equity Ratio": {"2020-09-30": "0.29870", "2020-06-30": "0.31160", "2020-03-31": "0.37640", "2019-12-31": "0.20850", "2019-09-30": "0.31490", "2019-06-30": "0.35550", "2019-03-31": "0.37560", "2018-12-31": "0.54780", "2018-09-30": "0.63150", "2018-06-30": "0.74490", "2018-03-31": "0.67610", "2017-12-31": "0.58990", "2017-09-30": "0.51540", "2017-06-30": "0.47790", "2017-03-31": "0.50040", "2016-12-31": "0.43520", "2016-09-30": "0.36810", "2016-06-30": "0.32310", "2016-03-31": "0.37980", "2015-12-31": "0.28050", "2015-09-30": "0.27140", "2015-06-30": "0.25670", "2015-03-31": "0.30390", "2014-12-31": "0.25970", "2014-09-30": "0.29260", "2014-06-30": "0.26490", "2014-03-31": "0.28080", "2013-12-31": "0.17400", "2013-09-30": "0.15040", "2013-06-30": "0.17890", "2013-03-31": "0.25300", "2012-12-31": "0.20390", "2012-09-30": "0.23680", "2012-06-30": "0.21490", "2012-03-31": "0.19030", "2011-12-31": "0.18140", "2011-09-30": "0.17000", "2011-06-30": "0.17220", "2011-03-31": "0.20950", "2010-12-31": "0.18290", "2010-09-30": "0.25750", "2010-06-30": "0.24210", "2010-03-31": "0.25030", "2009-12-31": "0.12390", "2009-09-30": "0.12930", "2009-06-30": "0.19220", "2009-03-31": "0.20440", "2008-12-31": "0.23580", "2008-09-30": "0.22030", "2008-06-30": "0.23550", "2008-03-31": "0.24320", "2007-12-31": "0.25650", "2007-09-30": "0.27740", "2007-06-30": "0.30660", "2007-03-31": "0.32940", "2006-12-31": "0.33950", "2006-09-30": "0.35520", "2006-06-30": "0.38340", "2006-03-31": "0.40210", "2005-12-31": "0.42000", "2005-09-30": "0.43720", "2005-06-30": "0.45730", "2005-03-31": "0.46700"}, "Gross Margin": {"2020-09-30": "26.55850", "2020-06-30": "26.97070", "2020-03-31": "30.71550", "2019-12-31": "30.37150", "2019-09-30": "30.34030", "2019-06-30": "31.35150", "2019-03-31": "31.84770", "2018-12-31": "30.37060", "2018-09-30": "30.66610", "2018-06-30": "31.01550", "2018-03-31": "31.63160", "2017-12-31": "-95.56420", "2017-09-30": "26.44830", "2017-06-30": "27.42880", "2017-03-31": "28.15380", "2016-12-31": "27.53940", "2016-09-30": "27.49160", "2016-06-30": "27.90020", "2016-03-31": "28.67140", "2015-12-31": "27.84970", "2015-09-30": "27.88360", "2015-06-30": "28.55030", "2015-03-31": "28.95690", "2014-12-31": "28.29150", "2014-09-30": "27.50540", "2014-06-30": "27.85310", "2014-03-31": "28.66940", "2013-12-31": "27.68870", "2013-09-30": "27.23110", "2013-06-30": "28.00620", "2013-03-31": "28.20960", "2012-12-31": "27.54880", "2012-09-30": "27.29840", "2012-06-30": "28.36290", "2012-03-31": "29.08880", "2011-12-31": "27.88670", "2011-09-30": "27.81750", "2011-06-30": "28.73430", "2011-03-31": "29.04990", "2010-12-31": "28.40240", "2010-09-30": "28.38410", "2010-06-30": "29.50380", "2010-03-31": "29.14450", "2009-12-31": "29.46520", "2009-09-30": "28.70060", "2009-06-30": "29.60730", "2009-03-31": "29.51170", "2008-12-31": "29.23020", "2008-09-30": "28.92540", "2008-06-30": "29.74740", "2008-03-31": "29.61220", "2007-12-31": "27.97230", "2007-09-30": "28.51600", "2007-06-30": "29.83220", "2007-03-31": "29.84790", "2006-12-31": "28.99880", "2006-09-30": "28.80410", "2006-06-30": "29.94540", "2006-03-31": "29.05900", "2005-12-31": "29.91740", "2005-09-30": "28.14480", "2005-06-30": "29.09520", "2005-03-31": "28.35320"}, "Operating Margin": {"2020-09-30": "6.60780", "2020-06-30": "-0.44130", "2020-03-31": "7.15830", "2019-12-31": "7.35630", "2019-09-30": "7.46180", "2019-06-30": "6.62990", "2019-03-31": "7.30600", "2018-12-31": "6.39020", "2018-09-30": "5.23310", "2018-06-30": "6.78350", "2018-03-31": "7.13630", "2017-12-31": "-19.83600", "2017-09-30": "6.75550", "2017-06-30": "6.88560", "2017-03-31": "6.63600", "2016-12-31": "6.85630", "2016-09-30": "7.00560", "2016-06-30": "6.28960", "2016-03-31": "6.49450", "2015-12-31": "7.03960", "2015-09-30": "7.03250", "2015-06-30": "6.96110", "2015-03-31": "6.54990", "2014-12-31": "7.51050", "2014-09-30": "6.63510", "2014-06-30": "6.91460", "2014-03-31": "6.47150", "2013-12-31": "7.39730", "2013-09-30": "6.83180", "2013-06-30": "7.36120", "2013-03-31": "6.69840", "2012-12-31": "7.52940", "2012-09-30": "6.70630", "2012-06-30": "7.02730", "2012-03-31": "6.35030", "2011-12-31": "6.98130", "2011-09-30": "6.78420", "2011-06-30": "7.09720", "2011-03-31": "6.38170", "2010-12-31": "7.01720", "2010-09-30": "7.25470", "2010-06-30": "7.46220", "2010-03-31": "5.89440", "2009-12-31": "7.70630", "2009-09-30": "6.86290", "2009-06-30": "7.58790", "2009-03-31": "6.09860", "2008-12-31": "6.64760", "2008-09-30": "7.01940", "2008-06-30": "6.94710", "2008-03-31": "5.60360", "2007-12-31": "7.44830", "2007-09-30": "6.42280", "2007-06-30": "6.55020", "2007-03-31": "5.62700", "2006-12-31": "7.35390", "2006-09-30": "5.02190", "2006-06-30": "6.40060", "2006-03-31": "5.24350", "2005-12-31": "6.78750", "2005-09-30": "5.18760", "2005-06-30": "6.07170", "2005-03-31": "5.01050"}, "EBIT Margin": {"2020-09-30": "6.60780", "2020-06-30": "-0.44130", "2020-03-31": "7.15830", "2019-12-31": "7.35630", "2019-09-30": "7.46180", "2019-06-30": "6.62990", "2019-03-31": "7.30600", "2018-12-31": "6.39020", "2018-09-30": "5.23310", "2018-06-30": "6.78350", "2018-03-31": "7.13630", "2017-12-31": "-19.83600", "2017-09-30": "6.75550", "2017-06-30": "6.88560", "2017-03-31": "6.63600", "2016-12-31": "6.85640", "2016-09-30": "7.00560", "2016-06-30": "6.28960", "2016-03-31": "6.49450", "2015-12-31": "7.03960", "2015-09-30": "7.03250", "2015-06-30": "6.96110", "2015-03-31": "6.54990", "2014-12-31": "7.51050", "2014-09-30": "6.63510", "2014-06-30": "6.91460", "2014-03-31": "6.47150", "2013-12-31": "7.39730", "2013-09-30": "6.83180", "2013-06-30": "7.36120", "2013-03-31": "6.69840", "2012-12-31": "7.52940", "2012-09-30": "6.70630", "2012-06-30": "7.02730", "2012-03-31": "6.35030", "2011-12-31": "6.98130", "2011-09-30": "6.78420", "2011-06-30": "7.09720", "2011-03-31": "6.38170", "2010-12-31": "7.01720", "2010-09-30": "7.25470", "2010-06-30": "7.46220", "2010-03-31": "5.89440", "2009-12-31": "7.70640", "2009-09-30": "6.86290", "2009-06-30": "7.58790", "2009-03-31": "6.09860", "2008-12-31": "6.64760", "2008-09-30": "7.01940", "2008-06-30": "6.94710", "2008-03-31": "5.60360", "2007-12-31": "7.44840", "2007-09-30": "6.42280", "2007-06-30": "6.55020", "2007-03-31": "5.62700", "2006-12-31": "7.35390", "2006-09-30": "5.02190", "2006-06-30": "6.40060", "2006-03-31": "5.24350", "2005-12-31": "6.78750", "2005-09-30": "5.18760", "2005-06-30": "6.07170", "2005-03-31": "5.01050"}, "EBITDA Margin": {"2020-09-30": "", "2020-06-30": "", "2020-03-31": "", "2019-12-31": "", "2019-09-30": "", "2019-06-30": "", "2019-03-31": "", "2018-12-31": "", "2018-09-30": "", "2018-06-30": "", "2018-03-31": "", "2017-12-31": "", "2017-09-30": "", "2017-06-30": "", "2017-03-31": "", "2016-12-31": "", "2016-09-30": "", "2016-06-30": "", "2016-03-31": "", "2015-12-31": "", "2015-09-30": "", "2015-06-30": "", "2015-03-31": "", "2014-12-31": "", "2014-09-30": "", "2014-06-30": "", "2014-03-31": "", "2013-12-31": "", "2013-09-30": "", "2013-06-30": "", "2013-03-31": "", "2012-12-31": "", "2012-09-30": "", "2012-06-30": "", "2012-03-31": "", "2011-12-31": "", "2011-09-30": "", "2011-06-30": "", "2011-03-31": "", "2010-12-31": "", "2010-09-30": "", "2010-06-30": "", "2010-03-31": "", "2009-12-31": "", "2009-09-30": "", "2009-06-30": "", "2009-03-31": "", "2008-12-31": "", "2008-09-30": "", "2008-06-30": "", "2008-03-31": "", "2007-12-31": "", "2007-09-30": "", "2007-06-30": "", "2007-03-31": "", "2006-12-31": "", "2006-09-30": "", "2006-06-30": "", "2006-03-31": "", "2005-12-31": "", "2005-09-30": "", "2005-06-30": "", "2005-03-31": ""}, "Pre-Tax Profit Margin": {"2020-09-30": "6.23750", "2020-06-30": "-0.96250", "2020-03-31": "6.95890", "2019-12-31": "7.09960", "2019-09-30": "7.11870", "2019-06-30": "6.19900", "2019-03-31": "6.79970", "2018-12-31": "5.64020", "2018-09-30": "4.50770", "2018-06-30": "6.18130", "2018-03-31": "6.51160", "2017-12-31": "-13.45090", "2017-09-30": "6.47620", "2017-06-30": "6.64490", "2017-03-31": "6.39070", "2016-12-31": "6.63180", "2016-09-30": "6.84690", "2016-06-30": "6.16630", "2016-03-31": "6.47090", "2015-12-31": "6.90380", "2015-09-30": "6.90430", "2015-06-30": "6.83900", "2015-03-31": "6.44080", "2014-12-31": "7.39680", "2014-09-30": "6.50890", "2014-06-30": "6.86780", "2014-03-31": "6.54460", "2013-12-31": "7.38560", "2013-09-30": "6.80830", "2013-06-30": "7.29340", "2013-03-31": "6.26710", "2012-12-31": "7.33520", "2012-09-30": "6.57020", "2012-06-30": "6.87860", "2012-03-31": "6.17000", "2011-12-31": "6.83990", "2011-09-30": "6.65390", "2011-06-30": "6.95860", "2011-03-31": "6.18510", "2010-12-31": "6.83410", "2010-09-30": "7.02370", "2010-06-30": "7.18090", "2010-03-31": "5.56410", "2009-12-31": "7.57730", "2009-09-30": "6.81190", "2009-06-30": "7.32080", "2009-03-31": "5.83460", "2008-12-31": "6.42410", "2008-09-30": "6.42080", "2008-06-30": "6.58690", "2008-03-31": "5.30350", "2007-12-31": "7.02420", "2007-09-30": "6.56090", "2007-06-30": "6.44870", "2007-03-31": "5.47850", "2006-12-31": "7.20440", "2006-09-30": "4.96380", "2006-06-30": "6.09650", "2006-03-31": "5.01820", "2005-12-31": "6.50670", "2005-09-30": "4.83160", "2005-06-30": "5.72260", "2005-03-31": "4.53640"}, "Net Profit Margin": {"2020-09-30": "4.98910", "2020-06-30": "-0.64100", "2020-03-31": "5.36300", "2019-12-31": "12.35930", "2019-09-30": "5.60260", "2019-06-30": "4.67890", "2019-03-31": "4.65130", "2018-12-31": "5.37800", "2018-09-30": "5.15710", "2018-06-30": "6.09720", "2018-03-31": "6.16760", "2017-12-31": "3.28210", "2017-09-30": "4.36660", "2017-06-30": "4.44700", "2017-03-31": "4.81530", "2016-12-31": "4.46070", "2016-09-30": "4.66690", "2016-06-30": "4.18070", "2016-03-31": "4.19290", "2015-12-31": "4.55810", "2015-09-30": "4.75590", "2015-06-30": "4.48510", "2015-03-31": "4.19890", "2014-12-31": "4.92080", "2014-09-30": "4.37450", "2014-06-30": "4.44430", "2014-03-31": "4.20130", "2013-12-31": "4.91880", "2013-09-30": "4.57130", "2013-06-30": "4.53340", "2013-03-31": "3.98860", "2012-12-31": "4.66970", "2012-09-30": "4.33740", "2012-06-30": "4.45550", "2012-03-31": "3.84710", "2011-12-31": "4.47540", "2011-09-30": "4.35480", "2011-06-30": "4.43410", "2011-03-31": "3.92730", "2010-12-31": "4.59560", "2010-09-30": "4.64180", "2010-06-30": "4.54210", "2010-03-31": "3.45960", "2009-12-31": "4.83790", "2009-09-30": "5.81050", "2009-06-30": "4.57080", "2009-03-31": "3.69270", "2008-12-31": "3.55620", "2008-09-30": "4.10460", "2008-06-30": "3.93520", "2008-03-31": "3.38030", "2007-12-31": "4.43530", "2007-09-30": "3.95680", "2007-06-30": "2.43960", "2007-03-31": "3.31980", "2006-12-31": "4.39120", "2006-09-30": "3.15150", "2006-06-30": "3.79030", "2006-03-31": "1.39950", "2005-12-31": "3.94310", "2005-09-30": "2.07050", "2005-06-30": "3.34630", "2005-03-31": "2.90430"}, "Asset Turnover": {"2020-09-30": "0.36370", "2020-06-30": "0.23020", "2020-03-31": "0.32300", "2019-12-31": "0.37320", "2019-09-30": "0.35350", "2019-06-30": "0.34420", "2019-03-31": "0.33030", "2018-12-31": "0.29090", "2018-09-30": "0.28070", "2018-06-30": "0.29660", "2018-03-31": "0.28720", "2017-12-31": "-0.03310", "2017-09-30": "0.42220", "2017-06-30": "0.43110", "2017-03-31": "0.42700", "2016-12-31": "0.46160", "2016-09-30": "0.43190", "2016-06-30": "0.43300", "2016-03-31": "0.41100", "2015-12-31": "0.43830", "2015-09-30": "0.42150", "2015-06-30": "0.43060", "2015-03-31": "0.41480", "2014-12-31": "0.44020", "2014-09-30": "0.42800", "2014-06-30": "0.43650", "2014-03-31": "0.41330", "2013-12-31": "0.44920", "2013-09-30": "0.44500", "2013-06-30": "0.46310", "2013-03-31": "0.44060", "2012-12-31": "0.45150", "2012-09-30": "0.43650", "2012-06-30": "0.45530", "2012-03-31": "0.44100", "2011-12-31": "0.49370", "2011-09-30": "0.44010", "2011-06-30": "0.43630", "2011-03-31": "0.40620", "2010-12-31": "0.44500", "2010-09-30": "0.41120", "2010-06-30": "0.41860", "2010-03-31": "0.41300", "2009-12-31": "0.46560", "2009-09-30": "0.44810", "2009-06-30": "0.44090", "2009-03-31": "0.43270", "2008-12-31": "0.43720", "2008-09-30": "0.46890", "2008-06-30": "0.47290", "2008-03-31": "0.44910", "2007-12-31": "0.50910", "2007-09-30": "0.45850", "2007-06-30": "0.47880", "2007-03-31": "0.46530", "2006-12-31": "0.49790", "2006-09-30": "0.45870", "2006-06-30": "0.45020", "2006-03-31": "0.45260", "2005-12-31": "0.47740", "2005-09-30": "0.45350", "2005-06-30": "0.45270", "2005-03-31": "0.45420"}, "Inventory Turnover Ratio": {"2020-09-30": "1.42530", "2020-06-30": "0.87440", "2020-03-31": "1.26680", "2019-12-31": "1.30060", "2019-09-30": "1.28790", "2019-06-30": "1.22880", "2019-03-31": "1.17380", "2018-12-31": "1.21630", "2018-09-30": "0.84500", "2018-06-30": "0.82770", "2018-03-31": "0.77130", "2017-12-31": "-0.26300", "2017-09-30": "1.37390", "2017-06-30": "1.41680", "2017-03-31": "1.29310", "2016-12-31": "1.35760", "2016-09-30": "1.41490", "2016-06-30": "1.39710", "2016-03-31": "1.28980", "2015-12-31": "1.36230", "2015-09-30": "1.35930", "2015-06-30": "1.42950", "2015-03-31": "1.34860", "2014-12-31": "1.45930", "2014-09-30": "1.48170", "2014-06-30": "1.50090", "2014-03-31": "1.39020", "2013-12-31": "1.46100", "2013-09-30": "1.52190", "2013-06-30": "1.56680", "2013-03-31": "1.44930", "2012-12-31": "1.44990", "2012-09-30": "1.51470", "2012-06-30": "1.61420", "2012-03-31": "1.52540", "2011-12-31": "1.78040", "2011-09-30": "1.65020", "2011-06-30": "1.63850", "2011-03-31": "1.48540", "2010-12-31": "1.66490", "2010-09-30": "1.59620", "2010-06-30": "1.63460", "2010-03-31": "1.54730", "2009-12-31": "1.62510", "2009-09-30": "1.53580", "2009-06-30": "1.53330", "2009-03-31": "1.41310", "2008-12-31": "1.52210", "2008-09-30": "1.59750", "2008-06-30": "1.66210", "2008-03-31": "1.52640", "2007-12-31": "1.82250", "2007-09-30": "1.59080", "2007-06-30": "1.67950", "2007-03-31": "1.57580", "2006-12-31": "1.74390", "2006-09-30": "1.55000", "2006-06-30": "1.51530", "2006-03-31": "1.60990", "2005-12-31": "1.70960", "2005-09-30": "1.67320", "2005-06-30": "1.58420", "2005-03-31": "1.53680"}, "Receiveable Turnover": {"2020-09-30": "2.01760", "2020-06-30": "1.52960", "2020-03-31": "2.02620", "2019-12-31": "2.14160", "2019-09-30": "1.96160", "2019-06-30": "2.03320", "2019-03-31": "1.97830", "2018-12-31": "2.11550", "2018-09-30": "1.44720", "2018-06-30": "1.48360", "2018-03-31": "1.44220", "2017-12-31": "-0.17080", "2017-09-30": "2.04660", "2017-06-30": "2.17130", "2017-03-31": "2.14480", "2016-12-31": "2.48850", "2016-09-30": "2.09500", "2016-06-30": "2.21620", "2016-03-31": "2.12790", "2015-12-31": "2.31820", "2015-09-30": "2.19500", "2015-06-30": "2.25810", "2015-03-31": "2.24120", "2014-12-31": "2.39650", "2014-09-30": "2.22510", "2014-06-30": "2.20130", "2014-03-31": "2.17660", "2013-12-31": "2.39420", "2013-09-30": "2.12910", "2013-06-30": "2.30000", "2013-03-31": "2.23070", "2012-12-31": "2.37240", "2012-09-30": "2.15450", "2012-06-30": "2.26420", "2012-03-31": "2.19230", "2011-12-31": "2.63460", "2011-09-30": "2.14810", "2011-06-30": "2.21230", "2011-03-31": "2.08330", "2010-12-31": "2.28450", "2010-09-30": "2.05140", "2010-06-30": "2.22840", "2010-03-31": "2.19200", "2009-12-31": "2.46220", "2009-09-30": "2.17120", "2009-06-30": "2.19900", "2009-03-31": "2.19340", "2008-12-31": "2.14380", "2008-09-30": "2.14280", "2008-06-30": "2.24310", "2008-03-31": "2.16620", "2007-12-31": "2.38200", "2007-09-30": "1.96910", "2007-06-30": "2.17660", "2007-03-31": "2.12190", "2006-12-31": "2.35180", "2006-09-30": "2.06020", "2006-06-30": "2.05770", "2006-03-31": "2.12620", "2005-12-31": "2.11670", "2005-09-30": "1.83870", "2005-06-30": "1.90190", "2005-03-31": "1.93180"}, "Days Sales In Receivables": {"2020-09-30": "44.60720", "2020-06-30": "58.83890", "2020-03-31": "44.41850", "2019-12-31": "42.02500", "2019-09-30": "45.88090", "2019-06-30": "44.26510", "2019-03-31": "45.49270", "2018-12-31": "42.54300", "2018-09-30": "62.18790", "2018-06-30": "60.66360", "2018-03-31": "62.40520", "2017-12-31": "-527.02310", "2017-09-30": "43.97620", "2017-06-30": "41.45030", "2017-03-31": "41.96270", "2016-12-31": "36.16630", "2016-09-30": "42.95920", "2016-06-30": "40.61100", "2016-03-31": "42.29540", "2015-12-31": "38.82380", "2015-09-30": "41.00300", "2015-06-30": "39.85600", "2015-03-31": "40.15780", "2014-12-31": "37.55480", "2014-09-30": "40.44830", "2014-06-30": "40.88580", "2014-03-31": "41.34920", "2013-12-31": "37.59130", "2013-09-30": "42.27180", "2013-06-30": "39.13030", "2013-03-31": "40.34630", "2012-12-31": "37.93640", "2012-09-30": "41.77280", "2012-06-30": "39.74940", "2012-03-31": "41.05360", "2011-12-31": "34.16120", "2011-09-30": "41.89790", "2011-06-30": "40.68100", "2011-03-31": "43.20120", "2010-12-31": "39.39600", "2010-09-30": "43.87210", "2010-06-30": "40.38740", "2010-03-31": "41.05750", "2009-12-31": "36.55250", "2009-09-30": "41.45130", "2009-06-30": "40.92840", "2009-03-31": "41.03130", "2008-12-31": "41.98240", "2008-09-30": "42.00040", "2008-06-30": "40.12240", "2008-03-31": "41.54800", "2007-12-31": "37.78390", "2007-09-30": "45.70550", "2007-06-30": "41.34820", "2007-03-31": "42.41450", "2006-12-31": "38.26940", "2006-09-30": "43.68460", "2006-06-30": "43.73800", "2006-03-31": "42.32920", "2005-12-31": "42.51870", "2005-09-30": "48.94740", "2005-06-30": "47.32130", "2005-03-31": "46.58860"}, "ROE - Return On Equity": {"2020-09-30": "4.00320", "2020-06-30": "-0.38250", "2020-03-31": "3.71200", "2019-12-31": "9.28870", "2019-09-30": "4.13990", "2019-06-30": "3.52320", "2019-03-31": "3.62080", "2018-12-31": "3.52610", "2018-09-30": "2.81690", "2018-06-30": "3.92040", "2018-03-31": "3.93960", "2017-12-31": "-4.68440", "2017-09-30": "4.99790", "2017-06-30": "5.09710", "2017-03-31": "5.37500", "2016-12-31": "5.47960", "2016-09-30": "5.00460", "2016-06-30": "4.50320", "2016-03-31": "4.27030", "2015-12-31": "4.87880", "2015-09-30": "4.80620", "2015-06-30": "4.52220", "2015-03-31": "4.07840", "2014-12-31": "5.11120", "2014-09-30": "4.40380", "2014-06-30": "4.45470", "2014-03-31": "3.90660", "2013-12-31": "4.84110", "2013-09-30": "4.29260", "2013-06-30": "4.63950", "2013-03-31": "3.82550", "2012-12-31": "4.65300", "2012-09-30": "4.09270", "2012-06-30": "4.30920", "2012-03-31": "3.52370", "2011-12-31": "4.75920", "2011-09-30": "3.96790", "2011-06-30": "4.08010", "2011-03-31": "3.38910", "2010-12-31": "4.02930", "2010-09-30": "3.99020", "2010-06-30": "4.10950", "2010-03-31": "3.06870", "2009-12-31": "4.28790", "2009-09-30": "4.74280", "2009-06-30": "3.69310", "2009-03-31": "2.92690", "2008-12-31": "3.92530", "2008-09-30": "3.73900", "2008-06-30": "3.73840", "2008-03-31": "2.90440", "2007-12-31": "5.13260", "2007-09-30": "3.62510", "2007-06-30": "3.47350", "2007-03-31": "2.87680", "2006-12-31": "4.32750", "2006-09-30": "2.78980", "2006-06-30": "3.32150", "2006-03-31": "2.74290", "2005-12-31": "3.93370", "2005-09-30": "2.77680", "2005-06-30": "3.24940", "2005-03-31": "2.70310"}, "Return On Tangible Equity": {"2020-09-30": "19.14630", "2020-06-30": "-2.22500", "2020-03-31": "23.05950", "2019-12-31": "56.69340", "2019-09-30": "34.51200", "2019-06-30": "31.63760", "2019-03-31": "35.68880", "2018-12-31": "11.51310", "2018-09-30": "85.30000", "2018-06-30": "211.73360", "2018-03-31": "-206.98780", "2017-12-31": "90.27370", "2017-09-30": "117.41820", "2017-06-30": "119.42300", "2017-03-31": "109.25590", "2016-12-31": "95.99020", "2016-09-30": "43.45460", "2016-06-30": "32.69340", "2016-03-31": "32.10660", "2015-12-31": "36.46420", "2015-09-30": "33.25650", "2015-06-30": "32.97460", "2015-03-31": "40.03690", "2014-12-31": "49.88290", "2014-09-30": "44.24550", "2014-06-30": "29.78390", "2014-03-31": "25.67390", "2013-12-31": "18.34160", "2013-09-30": "18.04270", "2013-06-30": "21.14510", "2013-03-31": "19.15580", "2012-12-31": "22.02450", "2012-09-30": "20.62950", "2012-06-30": "19.81350", "2012-03-31": "14.02010", "2011-12-31": "21.98150", "2011-09-30": "16.27920", "2011-06-30": "17.09290", "2011-03-31": "16.93180", "2010-12-31": "16.68560", "2010-09-30": "17.87160", "2010-06-30": "18.93310", "2010-03-31": "11.53170", "2009-12-31": "9.54850", "2009-09-30": "11.11460", "2009-06-30": "7.89110", "2009-03-31": "6.43980", "2008-12-31": "10.95060", "2008-09-30": "8.51180", "2008-06-30": "9.20050", "2008-03-31": "7.35430", "2007-12-31": "13.62820", "2007-09-30": "10.40830", "2007-06-30": "8.50840", "2007-03-31": "7.69420", "2006-12-31": "11.88450", "2006-09-30": "7.94950", "2006-06-30": "9.05740", "2006-03-31": "7.38450", "2005-12-31": "9.84570", "2005-09-30": "7.50170", "2005-06-30": "9.40710", "2005-03-31": "8.44540"}, "ROA - Return On Assets": {"2020-09-30": "1.94390", "2020-06-30": "-0.18930", "2020-03-31": "1.78010", "2019-12-31": "4.71520", "2019-09-30": "2.01790", "2019-06-30": "1.70710", "2019-03-31": "1.73050", "2018-12-31": "1.46920", "2018-09-30": "1.14710", "2018-06-30": "1.46730", "2018-03-31": "1.44940", "2017-12-31": "-1.68240", "2017-09-30": "2.01620", "2017-06-30": "2.10750", "2017-03-31": "2.19520", "2016-12-31": "2.27020", "2016-09-30": "2.19020", "2016-06-30": "2.00640", "2016-03-31": "1.88670", "2015-12-31": "2.16520", "2015-09-30": "2.21920", "2015-06-30": "2.12280", "2015-03-31": "1.87870", "2014-12-31": "2.34500", "2014-09-30": "2.02650", "2014-06-30": "2.12150", "2014-03-31": "1.87290", "2013-12-31": "2.39960", "2013-09-30": "2.20480", "2013-06-30": "2.35130", "2013-03-31": "1.89570", "2012-12-31": "2.28190", "2012-09-30": "2.06020", "2012-06-30": "2.21920", "2012-03-31": "1.87120", "2011-12-31": "2.44340", "2011-09-30": "2.10090", "2011-06-30": "2.15110", "2011-03-31": "1.73040", "2010-12-31": "2.13800", "2010-09-30": "2.05210", "2010-06-30": "2.10890", "2010-03-31": "1.57770", "2009-12-31": "2.41620", "2009-09-30": "2.65640", "2009-06-30": "2.20000", "2009-03-31": "1.72420", "2008-12-31": "1.93290", "2008-09-30": "2.07660", "2008-06-30": "2.07860", "2008-03-31": "1.61640", "2007-12-31": "2.75680", "2007-09-30": "1.84770", "2007-06-30": "1.87940", "2007-03-31": "1.54200", "2006-12-31": "2.20940", "2006-09-30": "1.44410", "2006-06-30": "1.69810", "2006-03-31": "1.38790", "2005-12-31": "1.90230", "2005-09-30": "1.34200", "2005-06-30": "1.54800", "2005-03-31": "1.30350"}, "ROI - Return On Investment": {"2020-09-30": "3.52430", "2020-06-30": "-0.33480", "2020-03-31": "2.99330", "2019-12-31": "7.92820", "2019-09-30": "3.30630", "2019-06-30": "2.74740", "2019-03-31": "2.81760", "2018-12-31": "2.76170", "2018-09-30": "2.17900", "2018-06-30": "2.93200", "2018-03-31": "2.93210", "2017-12-31": "-3.54500", "2017-09-30": "3.84310", "2017-06-30": "3.99710", "2017-03-31": "4.28830", "2016-12-31": "4.36470", "2016-09-30": "4.01220", "2016-06-30": "3.64090", "2016-03-31": "3.47610", "2015-12-31": "4.20360", "2015-09-30": "3.99530", "2015-06-30": "3.75180", "2015-03-31": "3.29180", "2014-12-31": "4.28540", "2014-09-30": "3.59900", "2014-06-30": "3.61190", "2014-03-31": "3.27690", "2013-12-31": "4.16800", "2013-09-30": "3.85030", "2013-06-30": "3.96310", "2013-03-31": "3.10310", "2012-12-31": "3.92130", "2012-09-30": "3.49920", "2012-06-30": "3.66910", "2012-03-31": "2.98810", "2011-12-31": "4.14070", "2011-09-30": "3.46130", "2011-06-30": "3.56390", "2011-03-31": "2.90550", "2010-12-31": "3.46210", "2010-09-30": "3.43400", "2010-06-30": "3.33870", "2010-03-31": "2.47760", "2009-12-31": "3.85400", "2009-09-30": "4.24630", "2009-06-30": "3.29650", "2009-03-31": "2.59760", "2008-12-31": "3.42880", "2008-09-30": "3.28530", "2008-06-30": "3.06420", "2008-03-31": "2.36660", "2007-12-31": "4.14650", "2007-09-30": "2.88090", "2007-06-30": "2.69830", "2007-03-31": "2.20770", "2006-12-31": "3.30380", "2006-09-30": "2.10630", "2006-06-30": "2.44460", "2006-03-31": "1.99360", "2005-12-31": "2.82620", "2005-09-30": "1.94430", "2005-06-30": "2.24640", "2005-03-31": "1.85370"}, "Book Value Per Share": {"2020-09-30": "26.62060", "2020-06-30": "25.42540", "2020-03-31": "25.31570", "2019-12-31": "25.32310", "2019-09-30": "23.65260", "2019-06-30": "23.31300", "2019-03-31": "22.91790", "2018-12-31": "23.39330", "2018-09-30": "22.41380", "2018-06-30": "19.07510", "2018-03-31": "18.90550", "2017-12-31": "18.37730", "2017-09-30": "19.24280", "2017-06-30": "18.52790", "2017-03-31": "17.58820", "2016-12-31": "17.63680", "2016-09-30": "18.00000", "2016-06-30": "18.06260", "2016-03-31": "17.76890", "2015-12-31": "17.51390", "2015-09-30": "17.64070", "2015-06-30": "17.13020", "2015-03-31": "16.31000", "2014-12-31": "16.76280", "2014-09-30": "16.70100", "2014-06-30": "16.78110", "2014-03-31": "16.47360", "2013-12-31": "16.28090", "2013-09-30": "15.75610", "2013-06-30": "15.09030", "2013-03-31": "14.76090", "2012-12-31": "14.88810", "2012-09-30": "14.57600", "2012-06-30": "14.00400", "2012-03-31": "14.01350", "2011-12-31": "13.53100", "2011-09-30": "13.97740", "2011-06-30": "13.93530", "2011-03-31": "13.26780", "2010-12-31": "13.12260", "2010-09-30": "12.81890", "2010-06-30": "12.38610", "2010-03-31": "11.99950", "2009-12-31": "11.92480", "2009-09-30": "11.46620", "2009-06-30": "12.04210", "2009-03-31": "11.21490", "2008-12-31": "9.91780", "2008-09-30": "10.83040", "2008-06-30": "10.74530", "2008-03-31": "10.45130", "2007-12-31": "9.93250", "2007-09-30": "9.34920", "2007-06-30": "8.79880", "2007-03-31": "8.49680", "2006-12-31": "8.31060", "2006-09-30": "7.94290", "2006-06-30": "7.68390", "2006-03-31": "7.35850", "2005-12-31": "7.17150", "2005-09-30": "6.85940", "2005-06-30": "6.67060", "2005-03-31": "6.50230"}, "Operating Cash Flow Per Share": {"2020-09-30": 1.7425, "2020-06-30": -0.6342, "2020-03-31": "0.63230", "2019-12-31": 1.949, "2019-09-30": 1.5667, "2019-06-30": 1.0898, "2019-03-31": "-0.22320", "2018-12-31": 1.9109, "2018-09-30": 1.1371, "2018-06-30": 1.8669, "2018-03-31": "-0.46030", "2017-12-31": 1.5052, "2017-09-30": 0.8356, "2017-06-30": 1.4365, "2017-03-31": "-0.32920", "2016-12-31": 1.6154, "2016-09-30": 1.0991, "2016-06-30": 1.6804, "2016-03-31": "-0.47010", "2015-12-31": 1.9425, "2015-09-30": 0.6409, "2015-06-30": 1.2321, "2015-03-31": "-0.15730", "2014-12-31": 1.5916, "2014-09-30": 1.0263, "2014-06-30": 1.1566, "2014-03-31": "-0.31930", "2013-12-31": 1.5616, "2013-09-30": 0.8827, "2013-06-30": 1.5599, "2013-03-31": "-0.21420", "2012-12-31": 1.1092, "2012-09-30": 0.4453, "2012-06-30": 0.9852, "2012-03-31": "-0.26800", "2011-12-31": 1.5038, "2011-09-30": 0.4925, "2011-06-30": 0.7376, "2011-03-31": "0.26020", "2010-12-31": 1.1722, "2010-09-30": 0.257, "2010-06-30": 0.574, "2010-03-31": "0.11690", "2009-12-31": 1.0046, "2009-09-30": 0.7536, "2009-06-30": 0.5909, "2009-03-31": "-0.15140", "2008-12-31": 1.0767, "2008-09-30": 0.2788, "2008-06-30": 0.6811, "2008-03-31": "0.07250", "2007-12-31": 0.6626, "2007-09-30": 0.3746, "2007-06-30": 0.634, "2007-03-31": "-0.18840", "2006-12-31": 0.9509, "2006-09-30": 0.3556, "2006-06-30": 0.2163, "2006-03-31": "-0.21290", "2005-12-31": 0.8414, "2005-09-30": 0.2173, "2005-06-30": 0.4839, "2005-03-31": "-0.10300"}, "Free Cash Flow Per Share": {"2020-09-30": 1.6932, "2020-06-30": -0.6883, "2020-03-31": "0.47150", "2019-12-31": 1.7678, "2019-09-30": 1.4427, "2019-06-30": 0.9896, "2019-03-31": "-0.32850", "2018-12-31": 1.7682, "2018-09-30": 1.0121, "2018-06-30": 1.7594, "2018-03-31": "-0.54880", "2017-12-31": 1.4602, "2017-09-30": 0.7185, "2017-06-30": 1.3124, "2017-03-31": "-0.43750", "2016-12-31": 1.4587, "2016-09-30": 0.986, "2016-06-30": 1.5977, "2016-03-31": "-0.54630", "2015-12-31": 1.8267, "2015-09-30": 0.5291, "2015-06-30": 1.1252, "2015-03-31": "-0.24880", "2014-12-31": 1.4685, "2014-09-30": 0.8914, "2014-06-30": 1.0426, "2014-03-31": "-0.42610", "2013-12-31": 1.4395, "2013-09-30": 0.7859, "2013-06-30": 1.502, "2013-03-31": "-0.28100", "2012-12-31": 1.0076, "2012-09-30": 0.3797, "2012-06-30": 0.9347, "2012-03-31": "-0.33550", "2011-12-31": 1.4352, "2011-09-30": 0.4283, "2011-06-30": 0.6827, "2011-03-31": "0.20400", "2010-12-31": 1.1075, "2010-09-30": 0.2067, "2010-06-30": 0.5289, "2010-03-31": "0.06800", "2009-12-31": 0.9294, "2009-09-30": 0.7006, "2009-06-30": 0.5058, "2009-03-31": "-0.22320", "2008-12-31": 1.0064, "2008-09-30": 0.1977, "2008-06-30": 0.6281, "2008-03-31": "-0.00200", "2007-12-31": 0.5316, "2007-09-30": 0.3116, "2007-06-30": 0.5659, "2007-03-31": "-0.23800", "2006-12-31": 0.8554, "2006-09-30": 0.2599, "2006-06-30": 0.0972, "2006-03-31": "-0.27550", "2005-12-31": 0.7584, "2005-09-30": 0.1381, "2005-06-30": 0.405, "2005-03-31": "-0.14910"}}, "revenue": {"Henry Schein Annual Revenue (Millions of US $)": {"2019": "$9,986", "2018": "$9,418", "2017": "$8,883", "2016": "$11,572", "2015": "$10,630", "2014": "$10,371", "2013": "$9,561", "2012": "$8,940", "2011": "$8,530", "2010": "$7,527", "2009": "$6,538", "2008": "$6,380", "2007": "$5,890", "2006": "$5,036", "2005": "$4,526"}, "Henry Schein Quarterly Revenue (Millions of US $)": {"2020-09-30": "$2,840", "2020-06-30": "$1,684", "2020-03-31": "$2,429", "2019-12-31": "$2,669", "2019-09-30": "$2,509", "2019-06-30": "$2,448", "2019-03-31": "$2,360", "2018-12-31": "$2,473", "2018-09-30": "$2,356", "2018-06-30": "$2,316", "2018-03-31": "$2,273", "2017-12-31": "$-260", "2017-09-30": "$3,161", "2017-06-30": "$3,059", "2017-03-31": "$2,923", "2016-12-31": "$3,121", "2016-09-30": "$2,865", "2016-06-30": "$2,873", "2016-03-31": "$2,713", "2015-12-31": "$2,851", "2015-09-30": "$2,686", "2015-06-30": "$2,629", "2015-03-31": "$2,464", "2014-12-31": "$2,702", "2014-09-30": "$2,624", "2014-06-30": "$2,615", "2014-03-31": "$2,430", "2013-12-31": "$2,526", "2013-09-30": "$2,349", "2013-06-30": "$2,392", "2013-03-31": "$2,294", "2012-12-31": "$2,408", "2012-09-30": "$2,231", "2012-06-30": "$2,201", "2012-03-31": "$2,099", "2011-12-31": "$2,340", "2011-09-30": "$2,112", "2011-06-30": "$2,131", "2011-03-31": "$1,948", "2010-12-31": "$2,024", "2010-09-30": "$1,894", "2010-06-30": "$1,849", "2010-03-31": "$1,760", "2009-12-31": "$1,786", "2009-09-30": "$1,659", "2009-06-30": "$1,607", "2009-03-31": "$1,485", "2008-12-31": "$1,574", "2008-09-30": "$1,644", "2008-06-30": "$1,641", "2008-03-31": "$1,522", "2007-12-31": "$1,687", "2007-09-30": "$1,506", "2007-06-30": "$1,387", "2007-03-31": "$1,310", "2006-12-31": "$1,435", "2006-09-30": "$1,247", "2006-06-30": "$1,193", "2006-03-31": "$1,162", "2005-12-31": "$1,233", "2005-09-30": "$1,125", "2005-06-30": "$1,104", "2005-03-31": "$1,063"}}, "gross-profit": {"Henry Schein Annual Gross Profit (Millions of US $)": {"2019": "$3,091", "2018": "$2,911", "2017": "$2,747", "2016": "$3,226", "2015": "$3,007", "2014": "$2,911", "2013": "$2,656", "2012": "$2,508", "2011": "$2,418", "2010": "$2,171", "2009": "$1,917", "2008": "$1,874", "2007": "$1,706", "2006": "$1,470", "2005": "$1,308"}, "Henry Schein Quarterly Gross Profit (Millions of US $)": {"2020-09-30": "$754", "2020-06-30": "$454", "2020-03-31": "$746", "2019-12-31": "$811", "2019-09-30": "$761", "2019-06-30": "$767", "2019-03-31": "$752", "2018-12-31": "$751", "2018-09-30": "$722", "2018-06-30": "$718", "2018-03-31": "$719", "2017-12-31": "$249", "2017-09-30": "$836", "2017-06-30": "$839", "2017-03-31": "$823", "2016-12-31": "$859", "2016-09-30": "$788", "2016-06-30": "$801", "2016-03-31": "$778", "2015-12-31": "$794", "2015-09-30": "$749", "2015-06-30": "$751", "2015-03-31": "$713", "2014-12-31": "$764", "2014-09-30": "$722", "2014-06-30": "$728", "2014-03-31": "$697", "2013-12-31": "$700", "2013-09-30": "$640", "2013-06-30": "$670", "2013-03-31": "$647", "2012-12-31": "$663", "2012-09-30": "$609", "2012-06-30": "$624", "2012-03-31": "$611", "2011-12-31": "$653", "2011-09-30": "$587", "2011-06-30": "$612", "2011-03-31": "$566", "2010-12-31": "$575", "2010-09-30": "$537", "2010-06-30": "$546", "2010-03-31": "$513", "2009-12-31": "$526", "2009-09-30": "$476", "2009-06-30": "$476", "2009-03-31": "$438", "2008-12-31": "$460", "2008-09-30": "$476", "2008-06-30": "$488", "2008-03-31": "$451", "2007-12-31": "$472", "2007-09-30": "$429", "2007-06-30": "$414", "2007-03-31": "$391", "2006-12-31": "$416", "2006-09-30": "$359", "2006-06-30": "$357", "2006-03-31": "$338", "2005-12-31": "$369", "2005-09-30": "$317", "2005-06-30": "$321", "2005-03-31": "$301"}}, "operating-income": {"Henry Schein Annual Operating Income (Millions of US $)": {"2019": "$718", "2018": "$601", "2017": "$670", "2016": "$772", "2015": "$734", "2014": "$715", "2013": "$677", "2012": "$619", "2011": "$582", "2010": "$521", "2009": "$464", "2008": "$419", "2007": "$387", "2006": "$305", "2005": "$262"}, "Henry Schein Quarterly Operating Income (Millions of US $)": {"2020-09-30": "$188", "2020-06-30": "$-7", "2020-03-31": "$174", "2019-12-31": "$196", "2019-09-30": "$187", "2019-06-30": "$162", "2019-03-31": "$172", "2018-12-31": "$158", "2018-09-30": "$123", "2018-06-30": "$157", "2018-03-31": "$162", "2017-12-31": "$52", "2017-09-30": "$214", "2017-06-30": "$211", "2017-03-31": "$194", "2016-12-31": "$214", "2016-09-30": "$201", "2016-06-30": "$181", "2016-03-31": "$176", "2015-12-31": "$201", "2015-09-30": "$189", "2015-06-30": "$183", "2015-03-31": "$161", "2014-12-31": "$203", "2014-09-30": "$174", "2014-06-30": "$181", "2014-03-31": "$157", "2013-12-31": "$187", "2013-09-30": "$160", "2013-06-30": "$176", "2013-03-31": "$154", "2012-12-31": "$181", "2012-09-30": "$150", "2012-06-30": "$155", "2012-03-31": "$133", "2011-12-31": "$163", "2011-09-30": "$143", "2011-06-30": "$151", "2011-03-31": "$124", "2010-12-31": "$142", "2010-09-30": "$137", "2010-06-30": "$138", "2010-03-31": "$104", "2009-12-31": "$138", "2009-09-30": "$114", "2009-06-30": "$122", "2009-03-31": "$91", "2008-12-31": "$105", "2008-09-30": "$115", "2008-06-30": "$114", "2008-03-31": "$85", "2007-12-31": "$126", "2007-09-30": "$97", "2007-06-30": "$91", "2007-03-31": "$74", "2006-12-31": "$106", "2006-09-30": "$63", "2006-06-30": "$76", "2006-03-31": "$61", "2005-12-31": "$84", "2005-09-30": "$58", "2005-06-30": "$67", "2005-03-31": "$53"}}, "ebitda": {"Henry Schein Annual EBITDA (Millions of US $)": {"2019": "$903", "2018": "$744", "2017": "$804", "2016": "$941", "2015": "$893", "2014": "$867", "2013": "$811", "2012": "$744", "2011": "$698", "2010": "$626", "2009": "$552", "2008": "$503", "2007": "$466", "2006": "$370", "2005": "$323"}, "Henry Schein Quarterly EBITDA (Millions of US $)": {"2020-09-30": "$232", "2020-06-30": "$40", "2020-03-31": "$223", "2019-12-31": "$245", "2019-09-30": "$234", "2019-06-30": "$211", "2019-03-31": "$213", "2018-12-31": "$195", "2018-09-30": "$159", "2018-06-30": "$193", "2018-03-31": "$198", "2017-12-31": "$44", "2017-09-30": "$262", "2017-06-30": "$258", "2017-03-31": "$239", "2016-12-31": "$258", "2016-09-30": "$243", "2016-06-30": "$223", "2016-03-31": "$217", "2015-12-31": "$241", "2015-09-30": "$232", "2015-06-30": "$222", "2015-03-31": "$199", "2014-12-31": "$243", "2014-09-30": "$213", "2014-06-30": "$218", "2014-03-31": "$193", "2013-12-31": "$219", "2013-09-30": "$192", "2013-06-30": "$208", "2013-03-31": "$192", "2012-12-31": "$215", "2012-09-30": "$180", "2012-06-30": "$186", "2012-03-31": "$164", "2011-12-31": "$193", "2011-09-30": "$172", "2011-06-30": "$180", "2011-03-31": "$153", "2010-12-31": "$168", "2010-09-30": "$163", "2010-06-30": "$165", "2010-03-31": "$130", "2009-12-31": "$160", "2009-09-30": "$136", "2009-06-30": "$144", "2009-03-31": "$112", "2008-12-31": "$125", "2008-09-30": "$136", "2008-06-30": "$136", "2008-03-31": "$106", "2007-12-31": "$152", "2007-09-30": "$114", "2007-06-30": "$109", "2007-03-31": "$91", "2006-12-31": "$124", "2006-09-30": "$79", "2006-06-30": "$92", "2006-03-31": "$75", "2005-12-31": "$102", "2005-09-30": "$73", "2005-06-30": "$82", "2005-03-31": "$66"}}, "net-income": {"Henry Schein Annual Net Income (Millions of US $)": {"2019": "$695", "2018": "$536", "2017": "$406", "2016": "$507", "2015": "$479", "2014": "$466", "2013": "$432", "2012": "$388", "2011": "$368", "2010": "$326", "2009": "$311", "2008": "$239", "2007": "$212", "2006": "$164", "2005": "$140"}, "Henry Schein Quarterly Net Income (Millions of US $)": {"2020-09-30": "$142", "2020-06-30": "$-11", "2020-03-31": "$130", "2019-12-31": "$330", "2019-09-30": "$141", "2019-06-30": "$115", "2019-03-31": "$110", "2018-12-31": "$133", "2018-09-30": "$121", "2018-06-30": "$141", "2018-03-31": "$140", "2017-12-31": "$-9", "2017-09-30": "$138", "2017-06-30": "$136", "2017-03-31": "$141", "2016-12-31": "$139", "2016-09-30": "$134", "2016-06-30": "$120", "2016-03-31": "$114", "2015-12-31": "$130", "2015-09-30": "$128", "2015-06-30": "$118", "2015-03-31": "$103", "2014-12-31": "$133", "2014-09-30": "$115", "2014-06-30": "$116", "2014-03-31": "$102", "2013-12-31": "$124", "2013-09-30": "$107", "2013-06-30": "$108", "2013-03-31": "$91", "2012-12-31": "$112", "2012-09-30": "$97", "2012-06-30": "$98", "2012-03-31": "$81", "2011-12-31": "$105", "2011-09-30": "$92", "2011-06-30": "$94", "2011-03-31": "$76", "2010-12-31": "$93", "2010-09-30": "$88", "2010-06-30": "$84", "2010-03-31": "$61", "2009-12-31": "$86", "2009-09-30": "$96", "2009-06-30": "$73", "2009-03-31": "$55", "2008-12-31": "$56", "2008-09-30": "$67", "2008-06-30": "$65", "2008-03-31": "$51", "2007-12-31": "$75", "2007-09-30": "$60", "2007-06-30": "$34", "2007-03-31": "$43", "2006-12-31": "$63", "2006-09-30": "$39", "2006-06-30": "$45", "2006-03-31": "$16", "2005-12-31": "$49", "2005-09-30": "$23", "2005-06-30": "$37", "2005-03-31": "$31"}}, "eps-earnings-per-share-diluted": {"Henry Schein Annual EPS": {"2019": "$4.65", "2018": "$3.49", "2017": "$2.57", "2016": "$3.10", "2015": "$2.85", "2014": "$2.72", "2013": "$2.47", "2012": "$2.16", "2011": "$1.99", "2010": "$1.75", "2009": "$1.72", "2008": "$1.32", "2007": "$1.16", "2006": "$0.91", "2005": "$0.79"}, "Henry Schein Quarterly EPS": {"2020-09-30": "$0.99", "2020-06-30": "$-0.08", "2020-03-31": "$0.91", "2019-12-31": "$2.20", "2019-09-30": "$0.95", "2019-06-30": "$0.77", "2019-03-31": "$0.73", "2018-12-31": "$0.87", "2018-09-30": "$0.79", "2018-06-30": "$0.92", "2018-03-31": "$0.91", "2017-12-31": "$-0.04", "2017-09-30": "$0.87", "2017-06-30": "$0.86", "2017-03-31": "$0.88", "2016-12-31": "$0.87", "2016-09-30": "$0.82", "2016-06-30": "$0.73", "2016-03-31": "$0.69", "2015-12-31": "$0.78", "2015-09-30": "$0.76", "2015-06-30": "$0.70", "2015-03-31": "$0.61", "2014-12-31": "$0.79", "2014-09-30": "$0.67", "2014-06-30": "$0.68", "2014-03-31": "$0.59", "2013-12-31": "$0.72", "2013-09-30": "$0.62", "2013-06-30": "$0.62", "2013-03-31": "$0.52", "2012-12-31": "$0.64", "2012-09-30": "$0.54", "2012-06-30": "$0.54", "2012-03-31": "$0.45", "2011-12-31": "$0.58", "2011-09-30": "$0.50", "2011-06-30": "$0.51", "2011-03-31": "$0.41", "2010-12-31": "$0.50", "2010-09-30": "$0.47", "2010-06-30": "$0.45", "2010-03-31": "$0.33", "2009-12-31": "$0.49", "2009-09-30": "$0.53", "2009-06-30": "$0.41", "2009-03-31": "$0.31", "2008-12-31": "$0.32", "2008-09-30": "$0.37", "2008-06-30": "$0.35", "2008-03-31": "$0.28", "2007-12-31": "$0.41", "2007-09-30": "$0.33", "2007-06-30": "$0.19", "2007-03-31": "$0.24", "2006-12-31": "$0.35", "2006-09-30": "$0.22", "2006-06-30": "$0.25", "2006-03-31": "$0.09", "2005-12-31": "$0.28", "2005-09-30": "$0.13", "2005-06-30": "$0.21", "2005-03-31": "$0.18"}}, "shares-outstanding": {"Henry Schein Annual Shares Outstanding (Millions of Shares)": {"2019": "149", "2018": "154", "2017": "158", "2016": "164", "2015": "168", "2014": "171", "2013": "175", "2012": "180", "2011": "185", "2010": "187", "2009": "181", "2008": "182", "2007": "182", "2006": "180", "2005": "177"}, "Henry Schein Quarterly Shares Outstanding (Millions of Shares)": {"2020-09-30": "143", "2020-06-30": "142", "2020-03-31": "143", "2019-12-31": "149", "2019-09-30": "149", "2019-06-30": "149", "2019-03-31": "151", "2018-12-31": "154", "2018-09-30": "154", "2018-06-30": "154", "2018-03-31": "154", "2017-12-31": "158", "2017-09-30": "158", "2017-06-30": "159", "2017-03-31": "160", "2016-12-31": "164", "2016-09-30": "164", "2016-06-30": "165", "2016-03-31": "165", "2015-12-31": "168", "2015-09-30": "168", "2015-06-30": "168", "2015-03-31": "169", "2014-12-31": "171", "2014-09-30": "171", "2014-06-30": "172", "2014-03-31": "173", "2013-12-31": "175", "2013-09-30": "175", "2013-06-30": "176", "2013-03-31": "178", "2012-12-31": "180", "2012-09-30": "179", "2012-06-30": "181", "2012-03-31": "181", "2011-12-31": "185", "2011-09-30": "186", "2011-06-30": "187", "2011-03-31": "186", "2010-12-31": "187", "2010-09-30": "187", "2010-06-30": "187", "2010-03-31": "185", "2009-12-31": "181", "2009-09-30": "183", "2009-06-30": "181", "2009-03-31": "179", "2008-12-31": "182", "2008-09-30": "183", "2008-06-30": "184", "2008-03-31": "185", "2007-12-31": "182", "2007-09-30": "183", "2007-06-30": "181", "2007-03-31": "180", "2006-12-31": "180", "2006-09-30": "180", "2006-06-30": "180", "2006-03-31": "178", "2005-12-31": "177", "2005-09-30": "177", "2005-06-30": "176", "2005-03-31": "176"}}, "total-assets": {"Henry Schein Annual Total Assets (Millions of US $)": {"2019": "$7,151", "2018": "$8,501", "2017": "$7,864", "2016": "$6,760", "2015": "$6,505", "2014": "$6,139", "2013": "$5,625", "2012": "$5,334", "2011": "$4,740", "2010": "$4,547", "2009": "$3,836", "2008": "$3,599", "2007": "$3,314", "2006": "$2,881", "2005": "$2,583"}, "Henry Schein Quarterly Total Assets (Millions of US $)": {"2020-09-30": "$7,810", "2020-06-30": "$7,318", "2020-03-31": "$7,519", "2019-12-31": "$7,151", "2019-09-30": "$7,097", "2019-06-30": "$7,112", "2019-03-31": "$7,145", "2018-12-31": "$8,501", "2018-09-30": "$8,390", "2018-06-30": "$7,810", "2018-03-31": "$7,915", "2017-12-31": "$7,864", "2017-09-30": "$7,487", "2017-06-30": "$7,097", "2017-03-31": "$6,845", "2016-12-31": "$6,760", "2016-09-30": "$6,634", "2016-06-30": "$6,634", "2016-03-31": "$6,601", "2015-12-31": "$6,505", "2015-09-30": "$6,372", "2015-06-30": "$6,106", "2015-03-31": "$5,939", "2014-12-31": "$6,139", "2014-09-30": "$6,131", "2014-06-30": "$5,992", "2014-03-31": "$5,880", "2013-12-31": "$5,625", "2013-09-30": "$5,278", "2013-06-30": "$5,165", "2013-03-31": "$5,206", "2012-12-31": "$5,334", "2012-09-30": "$5,112", "2012-06-30": "$4,835", "2012-03-31": "$4,760", "2011-12-31": "$4,740", "2011-09-30": "$4,798", "2011-06-30": "$4,884", "2011-03-31": "$4,795", "2010-12-31": "$4,547", "2010-09-30": "$4,604", "2010-06-30": "$4,418", "2010-03-31": "$4,263", "2009-12-31": "$3,836", "2009-09-30": "$3,703", "2009-06-30": "$3,645", "2009-03-31": "$3,433", "2008-12-31": "$3,599", "2008-09-30": "$3,507", "2008-06-30": "$3,470", "2008-03-31": "$3,388", "2007-12-31": "$3,314", "2007-09-30": "$3,283", "2007-06-30": "$2,897", "2007-03-31": "$2,815", "2006-12-31": "$2,881", "2006-09-30": "$2,718", "2006-06-30": "$2,650", "2006-03-31": "$2,567", "2005-12-31": "$2,583", "2005-09-30": "$2,482", "2005-06-30": "$2,440", "2005-03-31": "$2,340"}}, "cash-on-hand": {"Henry Schein Annual Cash on Hand (Millions of US $)": {"2019": "$106", "2018": "$57", "2017": "$175", "2016": "$62", "2015": "$72", "2014": "$89", "2013": "$189", "2012": "$122", "2011": "$147", "2010": "$150", "2009": "$471", "2008": "$370", "2007": "$249", "2006": "$297", "2005": "$335"}, "Henry Schein Quarterly Cash on Hand (Millions of US $)": {"2020-09-30": "$533", "2020-06-30": "$296", "2020-03-31": "$617", "2019-12-31": "$106", "2019-09-30": "$75", "2019-06-30": "$85", "2019-03-31": "$88", "2018-12-31": "$57", "2018-09-30": "$120", "2018-06-30": "$111", "2018-03-31": "$99", "2017-12-31": "$175", "2017-09-30": "$80", "2017-06-30": "$75", "2017-03-31": "$63", "2016-12-31": "$62", "2016-09-30": "$76", "2016-06-30": "$64", "2016-03-31": "$72", "2015-12-31": "$72", "2015-09-30": "$60", "2015-06-30": "$47", "2015-03-31": "$59", "2014-12-31": "$89", "2014-09-30": "$77", "2014-06-30": "$90", "2014-03-31": "$129", "2013-12-31": "$189", "2013-09-30": "$70", "2013-06-30": "$79", "2013-03-31": "$91", "2012-12-31": "$122", "2012-09-30": "$89", "2012-06-30": "$88", "2012-03-31": "$102", "2011-12-31": "$147", "2011-09-30": "$107", "2011-06-30": "$162", "2011-03-31": "$117", "2010-12-31": "$150", "2010-09-30": "$204", "2010-06-30": "$336", "2010-03-31": "$382", "2009-12-31": "$471", "2009-09-30": "$318", "2009-06-30": "$394", "2009-03-31": "$308", "2008-12-31": "$370", "2008-09-30": "$288", "2008-06-30": "$283", "2008-03-31": "$239", "2007-12-31": "$249", "2007-09-30": "$235", "2007-06-30": "$279", "2007-03-31": "$202", "2006-12-31": "$297", "2006-09-30": "$176", "2006-06-30": "$239", "2006-03-31": "$240", "2005-12-31": "$335", "2005-09-30": "$229", "2005-06-30": "$187", "2005-03-31": "$115"}}, "long-term-debt": {"Henry Schein Annual Long Term Debt (Millions of US $)": {"2019": "$623", "2018": "$980", "2017": "$908", "2016": "$715", "2015": "$464", "2014": "$543", "2013": "$450", "2012": "$488", "2011": "$364", "2010": "$395", "2009": "$243", "2008": "$257", "2007": "$423", "2006": "$456", "2005": "$490"}, "Henry Schein Quarterly Long Term Debt (Millions of US $)": {"2020-09-30": "$515", "2020-06-30": "$516", "2020-03-31": "$866", "2019-12-31": "$623", "2019-09-30": "$872", "2019-06-30": "$973", "2019-03-31": "$974", "2018-12-31": "$980", "2018-09-30": "$1,000", "2018-06-30": "$985", "2018-03-31": "$1,001", "2017-12-31": "$908", "2017-09-30": "$908", "2017-06-30": "$808", "2017-03-31": "$708", "2016-12-31": "$715", "2016-09-30": "$718", "2016-06-30": "$700", "2016-03-31": "$666", "2015-12-31": "$464", "2015-09-30": "$597", "2015-06-30": "$589", "2015-03-31": "$654", "2014-12-31": "$543", "2014-09-30": "$631", "2014-06-30": "$666", "2014-03-31": "$542", "2013-12-31": "$450", "2013-09-30": "$311", "2013-06-30": "$447", "2013-03-31": "$601", "2012-12-31": "$488", "2012-09-30": "$436", "2012-06-30": "$434", "2012-03-31": "$453", "2011-12-31": "$364", "2011-09-30": "$372", "2011-06-30": "$373", "2011-03-31": "$407", "2010-12-31": "$395", "2010-09-30": "$383", "2010-06-30": "$523", "2010-03-31": "$523", "2009-12-31": "$243", "2009-09-30": "$243", "2009-06-30": "$261", "2009-03-31": "$256", "2008-12-31": "$257", "2008-09-30": "$269", "2008-06-30": "$424", "2008-03-31": "$429", "2007-12-31": "$423", "2007-09-30": "$432", "2007-06-30": "$450", "2007-03-31": "$457", "2006-12-31": "$456", "2006-09-30": "$456", "2006-06-30": "$486", "2006-03-31": "$488", "2005-12-31": "$490", "2005-09-30": "$514", "2005-06-30": "$519", "2005-03-31": "$517"}}, "total-liabilities": {"Henry Schein Annual Total Liabilities (Millions of US $)": {"2019": "$3,521", "2018": "$4,959", "2017": "$5,040", "2016": "$3,960", "2015": "$3,618", "2014": "$3,322", "2013": "$2,837", "2012": "$2,718", "2011": "$2,307", "2010": "$2,135", "2009": "$1,674", "2008": "$1,827", "2007": "$1,534", "2006": "$1,410", "2005": "$1,334"}, "Henry Schein Quarterly Total Liabilities (Millions of US $)": {"2020-09-30": "$4,018", "2020-06-30": "$3,697", "2020-03-31": "$3,913", "2019-12-31": "$3,521", "2019-09-30": "$3,638", "2019-06-30": "$3,666", "2019-03-31": "$3,730", "2018-12-31": "$4,959", "2018-09-30": "$4,974", "2018-06-30": "$4,887", "2018-03-31": "$5,003", "2017-12-31": "$5,040", "2017-09-30": "$4,466", "2017-06-30": "$4,163", "2017-03-31": "$4,049", "2016-12-31": "$3,960", "2016-09-30": "$3,730", "2016-06-30": "$3,678", "2016-03-31": "$3,684", "2015-12-31": "$3,618", "2015-09-30": "$3,430", "2015-06-30": "$3,240", "2015-03-31": "$3,203", "2014-12-31": "$3,322", "2014-09-30": "$3,309", "2014-06-30": "$3,138", "2014-03-31": "$3,061", "2013-12-31": "$2,837", "2013-09-30": "$2,567", "2013-06-30": "$2,547", "2013-03-31": "$2,626", "2012-12-31": "$2,718", "2012-09-30": "$2,538", "2012-06-30": "$2,345", "2012-03-31": "$2,232", "2011-12-31": "$2,307", "2011-09-30": "$2,258", "2011-06-30": "$2,309", "2011-03-31": "$2,347", "2010-12-31": "$2,135", "2010-09-30": "$2,236", "2010-06-30": "$2,151", "2010-03-31": "$2,071", "2009-12-31": "$1,674", "2009-09-30": "$1,629", "2009-06-30": "$1,474", "2009-03-31": "$1,410", "2008-12-31": "$1,827", "2008-09-30": "$1,559", "2008-06-30": "$1,540", "2008-03-31": "$1,503", "2007-12-31": "$1,534", "2007-09-30": "$1,610", "2007-06-30": "$1,329", "2007-03-31": "$1,306", "2006-12-31": "$1,410", "2006-09-30": "$1,311", "2006-06-30": "$1,295", "2006-03-31": "$1,268", "2005-12-31": "$1,334", "2005-09-30": "$1,282", "2005-06-30": "$1,278", "2005-03-31": "$1,212"}}, "total-share-holder-equity": {"Henry Schein Annual Share Holder Equity (Millions of US $)": {"2019": "$3,630", "2018": "$3,542", "2017": "$2,824", "2016": "$2,801", "2015": "$2,887", "2014": "$2,816", "2013": "$2,788", "2012": "$2,616", "2011": "$2,434", "2010": "$2,413", "2009": "$2,162", "2008": "$1,772", "2007": "$1,780", "2006": "$1,471", "2005": "$1,249"}, "Henry Schein Quarterly Share Holder Equity (Millions of US $)": {"2020-09-30": "$3,792", "2020-06-30": "$3,622", "2020-03-31": "$3,606", "2019-12-31": "$3,630", "2019-09-30": "$3,459", "2019-06-30": "$3,446", "2019-03-31": "$3,415", "2018-12-31": "$3,542", "2018-09-30": "$3,417", "2018-06-30": "$2,923", "2018-03-31": "$2,912", "2017-12-31": "$2,824", "2017-09-30": "$3,020", "2017-06-30": "$2,935", "2017-03-31": "$2,795", "2016-12-31": "$2,801", "2016-09-30": "$2,903", "2016-06-30": "$2,956", "2016-03-31": "$2,916", "2015-12-31": "$2,887", "2015-09-30": "$2,942", "2015-06-30": "$2,866", "2015-03-31": "$2,736", "2014-12-31": "$2,816", "2014-09-30": "$2,821", "2014-06-30": "$2,854", "2014-03-31": "$2,819", "2013-12-31": "$2,788", "2013-09-30": "$2,711", "2013-06-30": "$2,617", "2013-03-31": "$2,580", "2012-12-31": "$2,616", "2012-09-30": "$2,573", "2012-06-30": "$2,490", "2012-03-31": "$2,527", "2011-12-31": "$2,434", "2011-09-30": "$2,541", "2011-06-30": "$2,575", "2011-03-31": "$2,448", "2010-12-31": "$2,413", "2010-09-30": "$2,368", "2010-06-30": "$2,267", "2010-03-31": "$2,192", "2009-12-31": "$2,162", "2009-09-30": "$2,074", "2009-06-30": "$2,172", "2009-03-31": "$2,022", "2008-12-31": "$1,772", "2008-09-30": "$1,948", "2008-06-30": "$1,929", "2008-03-31": "$1,886", "2007-12-31": "$1,780", "2007-09-30": "$1,674", "2007-06-30": "$1,567", "2007-03-31": "$1,509", "2006-12-31": "$1,471", "2006-09-30": "$1,407", "2006-06-30": "$1,355", "2006-03-31": "$1,299", "2005-12-31": "$1,249", "2005-09-30": "$1,199", "2005-06-30": "$1,162", "2005-03-31": "$1,128"}}, "profit-margins": {"current": "6.14%"}, "gross margin": {"2020-09-30": "28.74%", "2020-06-30": "29.84%", "2020-03-31": "30.68%", "2019-12-31": "30.95%", "2019-09-30": "30.96%", "2019-06-30": "31.05%", "2019-03-31": "30.96%", "2018-12-31": "30.90%", "2018-09-30": "36.02%", "2018-06-30": "33.67%", "2018-03-31": "32.10%", "2017-12-31": "30.92%", "2017-09-30": "27.37%", "2017-06-30": "27.65%", "2017-03-31": "27.76%", "2016-12-31": "27.88%", "2016-09-30": "27.97%", "2016-06-30": "28.07%", "2016-03-31": "28.24%", "2015-12-31": "28.29%", "2015-09-30": "28.40%", "2015-06-30": "28.31%", "2015-03-31": "28.13%", "2014-12-31": "28.07%", "2014-09-30": "27.93%", "2014-06-30": "27.87%", "2014-03-31": "27.92%", "2013-12-31": "27.79%", "2013-09-30": "27.75%", "2013-06-30": "27.76%", "2013-03-31": "27.84%", "2012-12-31": "28.05%", "2012-09-30": "28.15%", "2012-06-30": "28.28%", "2012-03-31": "28.37%", "2011-12-31": "28.34%", "2011-09-30": "28.48%", "2011-06-30": "28.64%", "2011-03-31": "28.83%", "2010-12-31": "28.84%", "2010-09-30": "29.11%", "2010-06-30": "29.22%", "2010-03-31": "29.23%", "2009-12-31": "29.31%", "2009-09-30": "29.25%", "2009-06-30": "29.32%", "2009-03-31": "29.35%", "2008-12-31": "29.38%", "2008-09-30": "29.06%", "2008-06-30": "28.95%", "2008-03-31": "28.94%", "2007-12-31": "28.96%", "2007-09-30": "29.27%", "2007-06-30": "29.37%", "2007-03-31": "29.37%", "2006-12-31": "29.18%", "2006-09-30": "29.43%", "2006-06-30": "29.30%", "2006-03-31": "29.09%", "2005-12-31": "28.91%"}, "operating margin": {"2020-09-30": "5.73%", "2020-06-30": "5.92%", "2020-03-31": "7.15%", "2019-12-31": "7.18%", "2019-09-30": "6.94%", "2019-06-30": "6.38%", "2019-03-31": "6.42%", "2018-12-31": "6.37%", "2018-09-30": "7.39%", "2018-06-30": "7.81%", "2018-03-31": "7.76%", "2017-12-31": "7.55%", "2017-09-30": "6.79%", "2017-06-30": "6.85%", "2017-03-31": "6.71%", "2016-12-31": "6.67%", "2016-09-30": "6.72%", "2016-06-30": "6.72%", "2016-03-31": "6.88%", "2015-12-31": "6.90%", "2015-09-30": "7.02%", "2015-06-30": "6.92%", "2015-03-31": "6.91%", "2014-12-31": "6.89%", "2014-09-30": "6.86%", "2014-06-30": "6.91%", "2014-03-31": "7.01%", "2013-12-31": "7.08%", "2013-09-30": "7.11%", "2013-06-30": "7.09%", "2013-03-31": "7.01%", "2012-12-31": "6.92%", "2012-09-30": "6.77%", "2012-06-30": "6.79%", "2012-03-31": "6.80%", "2011-12-31": "6.81%", "2011-09-30": "6.82%", "2011-06-30": "6.93%", "2011-03-31": "7.01%", "2010-12-31": "6.92%", "2010-09-30": "7.09%", "2010-06-30": "7.00%", "2010-03-31": "7.02%", "2009-12-31": "7.11%", "2009-09-30": "6.83%", "2009-06-30": "6.86%", "2009-03-31": "6.70%", "2008-12-31": "6.57%", "2008-09-30": "6.78%", "2008-06-30": "6.64%", "2008-03-31": "6.54%", "2007-12-31": "6.59%", "2007-09-30": "6.53%", "2007-06-30": "6.21%", "2007-03-31": "6.15%", "2006-12-31": "6.08%", "2006-09-30": "5.87%", "2006-06-30": "5.92%", "2006-03-31": "5.84%", "2005-12-31": "5.79%"}, "ebitda margin": {"2020-09-30": "7.69%", "2020-06-30": "7.99%", "2020-03-31": "9.08%", "2019-12-31": "9.04%", "2019-09-30": "8.71%", "2019-06-30": "8.07%", "2019-03-31": "8.00%", "2018-12-31": "7.91%", "2018-09-30": "8.89%", "2018-06-30": "9.31%", "2018-03-31": "9.26%", "2017-12-31": "9.04%", "2017-09-30": "8.29%", "2017-06-30": "8.34%", "2017-03-31": "8.17%", "2016-12-31": "8.13%", "2016-09-30": "8.18%", "2016-06-30": "8.21%", "2016-03-31": "8.38%", "2015-12-31": "8.41%", "2015-09-30": "8.55%", "2015-06-30": "8.42%", "2015-03-31": "8.39%", "2014-12-31": "8.36%", "2014-09-30": "8.27%", "2014-06-30": "8.29%", "2014-03-31": "8.37%", "2013-12-31": "8.48%", "2013-09-30": "8.55%", "2013-06-30": "8.53%", "2013-03-31": "8.46%", "2012-12-31": "8.33%", "2012-09-30": "8.15%", "2012-06-30": "8.17%", "2012-03-31": "8.17%", "2011-12-31": "8.18%", "2011-09-30": "8.19%", "2011-06-30": "8.30%", "2011-03-31": "8.41%", "2010-12-31": "8.32%", "2010-09-30": "8.48%", "2010-06-30": "8.38%", "2010-03-31": "8.37%", "2009-12-31": "8.44%", "2009-09-30": "8.17%", "2009-06-30": "8.19%", "2009-03-31": "8.02%", "2008-12-31": "7.88%", "2008-09-30": "8.16%", "2008-06-30": "7.99%", "2008-03-31": "7.88%", "2007-12-31": "7.91%", "2007-09-30": "7.77%", "2007-06-30": "7.49%", "2007-03-31": "7.44%", "2006-12-31": "7.35%", "2006-09-30": "7.20%", "2006-06-30": "7.26%", "2006-03-31": "7.18%", "2005-12-31": "7.14%"}, "pre tax profit margin": {"2020-09-30": "5.39%", "2020-06-30": "5.61%", "2020-03-31": "6.85%", "2019-12-31": "6.81%", "2019-09-30": "6.44%", "2019-06-30": "5.78%", "2019-03-31": "5.77%", "2018-12-31": "5.69%", "2018-09-30": "6.46%", "2018-06-30": "7.09%", "2018-03-31": "7.18%", "2017-12-31": "7.09%", "2017-09-30": "6.54%", "2017-06-30": "6.63%", "2017-03-31": "6.51%", "2016-12-31": "6.53%", "2016-09-30": "6.60%", "2016-06-30": "6.61%", "2016-03-31": "6.78%", "2015-12-31": "6.78%", "2015-09-30": "6.91%", "2015-06-30": "6.81%", "2015-03-31": "6.82%", "2014-12-31": "6.85%", "2014-09-30": "6.84%", "2014-06-30": "6.92%", "2014-03-31": "7.01%", "2013-12-31": "6.96%", "2013-09-30": "6.94%", "2013-06-30": "6.88%", "2013-03-31": "6.78%", "2012-12-31": "6.77%", "2012-09-30": "6.63%", "2012-06-30": "6.65%", "2012-03-31": "6.67%", "2011-12-31": "6.67%", "2011-09-30": "6.66%", "2011-06-30": "6.74%", "2011-03-31": "6.79%", "2010-12-31": "6.67%", "2010-09-30": "6.85%", "2010-06-30": "6.79%", "2010-03-31": "6.81%", "2009-12-31": "6.93%", "2009-09-30": "6.62%", "2009-06-30": "6.53%", "2009-03-31": "6.34%", "2008-12-31": "6.21%", "2008-09-30": "6.38%", "2008-06-30": "6.40%", "2008-03-31": "6.36%", "2007-12-31": "6.43%", "2007-09-30": "6.44%", "2007-06-30": "6.06%", "2007-03-31": "5.98%", "2006-12-31": "5.88%", "2006-09-30": "5.65%", "2006-06-30": "5.62%", "2006-03-31": "5.51%", "2005-12-31": "5.41%"}, "net profit margin": {"2020-09-30": "6.14%", "2020-06-30": "6.35%", "2020-03-31": "7.12%", "2019-12-31": "6.97%", "2019-09-30": "5.10%", "2019-06-30": "4.97%", "2019-03-31": "5.31%", "2018-12-31": "5.68%", "2018-09-30": "5.88%", "2018-06-30": "5.47%", "2018-03-31": "4.92%", "2017-12-31": "4.57%", "2017-09-30": "4.52%", "2017-06-30": "4.60%", "2017-03-31": "4.53%", "2016-12-31": "4.38%", "2016-09-30": "4.41%", "2016-06-30": "4.42%", "2016-03-31": "4.50%", "2015-12-31": "4.51%", "2015-09-30": "4.60%", "2015-06-30": "4.50%", "2015-03-31": "4.49%", "2014-12-31": "4.49%", "2014-09-30": "4.48%", "2014-06-30": "4.53%", "2014-03-31": "4.55%", "2013-12-31": "4.50%", "2013-09-30": "4.43%", "2013-06-30": "4.38%", "2013-03-31": "4.36%", "2012-12-31": "4.34%", "2012-09-30": "4.29%", "2012-06-30": "4.30%", "2012-03-31": "4.28%", "2011-12-31": "4.30%", "2011-09-30": "4.32%", "2011-06-30": "4.39%", "2011-03-31": "4.42%", "2010-12-31": "4.33%", "2010-09-30": "4.38%", "2010-06-30": "4.64%", "2010-03-31": "4.64%", "2009-12-31": "4.74%", "2009-09-30": "4.43%", "2009-06-30": "3.98%", "2009-03-31": "3.83%", "2008-12-31": "3.75%", "2008-09-30": "3.97%", "2008-06-30": "3.95%", "2008-03-31": "3.61%", "2007-12-31": "3.60%", "2007-09-30": "3.55%", "2007-06-30": "3.33%", "2007-03-31": "3.66%", "2006-12-31": "3.24%", "2006-09-30": "3.08%", "2006-06-30": "2.82%", "2006-03-31": "2.70%", "2005-12-31": "3.09%"}, "pe ratio": {"current": "24.02", "2021-02-11": "17.15", "2020-09-30": "14.48", "2020-06-30": "14.52", "2020-03-31": "10.37", "2019-12-31": "14.23", "2019-09-30": "19.13", "2019-06-30": "22.12", "2019-03-31": "18.16", "2018-12-31": "22.50", "2018-09-30": "33.21", "2018-06-30": "27.52", "2018-03-31": "26.10", "2017-12-31": "27.46", "2017-09-30": "23.63", "2017-06-30": "26.80", "2017-03-31": "25.83", "2016-12-31": "24.51", "2016-09-30": "27.07", "2016-06-30": "29.92", "2016-03-31": "29.51", "2015-12-31": "27.75", "2015-09-30": "23.28", "2015-06-30": "25.75", "2015-03-31": "25.52", "2014-12-31": "25.07", "2014-09-30": "21.98", "2014-06-30": "22.86", "2014-03-31": "23.54", "2013-12-31": "23.22", "2013-09-30": "21.85", "2013-06-30": "20.81", "2013-03-31": "20.80", "2012-12-31": "18.66", "2012-09-30": "18.86", "2012-06-30": "19.10", "2012-03-31": "18.73", "2011-12-31": "16.23", "2011-09-30": "16.23", "2011-06-30": "18.99", "2011-03-31": "19.17", "2010-12-31": "17.54", "2010-09-30": "17.03", "2010-06-30": "15.46", "2010-03-31": "17.02", "2009-12-31": "15.43", "2009-09-30": "17.66", "2009-06-30": "17.06", "2009-03-31": "14.76", "2008-12-31": "13.74", "2008-09-30": "18.69", "2008-06-30": "18.55", "2008-03-31": "23.52", "2007-12-31": "26.13", "2007-09-30": "27.65", "2007-06-30": "26.85", "2007-03-31": "26.03", "2006-12-31": "26.91"}, "price sales": {"2021-02-11": "1.05", "2020-09-30": "0.88", "2020-06-30": "0.92", "2020-03-31": "0.74", "2019-12-31": "1.00", "2019-09-30": "0.98", "2019-06-30": "1.10", "2019-03-31": "0.97", "2018-12-31": "1.28", "2018-09-30": "1.96", "2018-06-30": "1.51", "2018-03-31": "1.28", "2017-12-31": "1.25", "2017-09-30": "1.07", "2017-06-30": "1.24", "2017-03-31": "1.18", "2016-12-31": "1.08", "2016-09-30": "1.19", "2016-06-30": "1.32", "2016-03-31": "1.33", "2015-12-31": "1.25", "2015-09-30": "1.07", "2015-06-30": "1.16", "2015-03-31": "1.15", "2014-12-31": "1.13", "2014-09-30": "0.99", "2014-06-30": "1.04", "2014-03-31": "1.08", "2013-12-31": "1.05", "2013-09-30": "0.97", "2013-06-30": "0.91", "2013-03-31": "0.91", "2012-12-31": "0.81", "2012-09-30": "0.81", "2012-06-30": "0.82", "2012-03-31": "0.81", "2011-12-31": "0.70", "2011-09-30": "0.70", "2011-06-30": "0.84", "2011-03-31": "0.85", "2010-12-31": "0.76", "2010-09-30": "0.74", "2010-06-30": "0.72", "2010-03-31": "0.79", "2009-12-31": "0.73", "2009-09-30": "0.79", "2009-06-30": "0.69", "2009-03-31": "0.57", "2008-12-31": "0.53", "2008-09-30": "0.76", "2008-06-30": "0.74", "2008-03-31": "0.86", "2007-12-31": "0.95", "2007-09-30": "0.98", "2007-06-30": "0.90", "2007-03-31": "0.96", "2006-12-31": "0.87"}, "price book": {"current": "2.66", "2021-02-11": "2.62", "2020-09-30": "2.21", "2020-06-30": "2.30", "2020-03-31": "2.00", "2019-12-31": "2.63", "2019-09-30": "2.68", "2019-06-30": "3.00", "2019-03-31": "2.62", "2018-12-31": "3.36", "2018-09-30": "3.79", "2018-06-30": "3.81", "2018-03-31": "3.56", "2017-12-31": "3.80", "2017-09-30": "4.26", "2017-06-30": "4.94", "2017-03-31": "4.83", "2016-12-31": "4.30", "2016-09-30": "4.53", "2016-06-30": "4.89", "2016-03-31": "4.86", "2015-12-31": "4.52", "2015-09-30": "3.76", "2015-06-30": "4.15", "2015-03-31": "4.28", "2014-12-31": "4.06", "2014-09-30": "3.49", "2014-06-30": "3.54", "2014-03-31": "3.62", "2013-12-31": "3.51", "2013-09-30": "3.29", "2013-06-30": "3.17", "2013-03-31": "3.13", "2012-12-31": "2.70", "2012-09-30": "2.72", "2012-06-30": "2.80", "2012-03-31": "2.70", "2011-12-31": "2.38", "2011-09-30": "2.22", "2011-06-30": "2.57", "2011-03-31": "2.64", "2010-12-31": "2.34", "2010-09-30": "2.28", "2010-06-30": "2.22", "2010-03-31": "2.45", "2009-12-31": "2.21", "2009-09-30": "2.39", "2009-06-30": "1.99", "2009-03-31": "1.78", "2008-12-31": "1.85", "2008-09-30": "2.49", "2008-06-30": "2.40", "2008-03-31": "2.75", "2007-12-31": "3.09", "2007-09-30": "3.25", "2007-06-30": "3.04", "2007-03-31": "3.25", "2006-12-31": "2.95", "2006-09-30": "3.16", "2006-06-30": "3.04", "2006-03-31": "3.25"}, "price fcf": {"2021-02-11": "", "2020-09-30": "$3.24", "2020-06-30": "$2.99", "2020-03-31": "$4.67", "2019-12-31": "$3.87", "2019-09-30": "$3.87", "2019-06-30": "$3.44", "2019-03-31": "$4.21", "2018-12-31": "$3.99", "2018-09-30": "$3.68", "2018-06-30": "$3.39", "2018-03-31": "$2.94", "2017-12-31": "$3.05", "2017-09-30": "$3.05", "2017-06-30": "$3.32", "2017-03-31": "$3.60", "2016-12-31": "$3.50", "2016-09-30": "$3.86", "2016-06-30": "$3.41", "2016-03-31": "$2.93", "2015-12-31": "$3.23", "2015-09-30": "$2.87", "2015-06-30": "$3.24", "2015-03-31": "$3.15", "2014-12-31": "$2.98", "2014-09-30": "$2.95", "2014-06-30": "$2.84", "2014-03-31": "$3.30", "2013-12-31": "$3.45", "2013-09-30": "$3.01", "2013-06-30": "$2.61", "2013-03-31": "$2.04", "2012-12-31": "$1.99", "2012-09-30": "$2.41", "2012-06-30": "$2.46", "2012-03-31": "$2.21", "2011-12-31": "$2.75", "2011-09-30": "$2.42", "2011-06-30": "$2.20", "2011-03-31": "$2.05", "2010-12-31": "$1.91", "2010-09-30": "$1.73", "2010-06-30": "$2.23", "2010-03-31": "$2.20", "2009-12-31": "$1.91", "2009-09-30": "$1.99", "2009-06-30": "$1.49", "2009-03-31": "$1.61", "2008-12-31": "$1.83", "2008-09-30": "$1.36", "2008-06-30": "$1.47", "2008-03-31": "$1.41", "2007-12-31": "$1.17", "2007-09-30": "$1.49", "2007-06-30": "$1.44", "2007-03-31": "$0.97", "2006-12-31": "$0.94"}, "net worth": {"value": "$10.08B"}, "current ratio": {"current": "1.49", "2020-09-30": "1.49", "2020-06-30": "1.48", "2020-03-31": "1.64", "2019-12-31": "1.58", "2019-09-30": "1.63", "2019-06-30": "1.70", "2019-03-31": "1.66", "2018-12-31": "1.30", "2018-09-30": "1.30", "2018-06-30": "1.29", "2018-03-31": "1.44", "2017-12-31": "1.44", "2017-09-30": "1.55", "2017-06-30": "1.55", "2017-03-31": "1.48", "2016-12-31": "1.44", "2016-09-30": "1.61", "2016-06-30": "1.72", "2016-03-31": "1.65", "2015-12-31": "1.51", "2015-09-30": "1.74", "2015-06-30": "1.78", "2015-03-31": "1.81", "2014-12-31": "1.64", "2014-09-30": "1.72", "2014-06-30": "1.89", "2014-03-31": "1.78", "2013-12-31": "1.83", "2013-09-30": "1.82", "2013-06-30": "1.96", "2013-03-31": "2.08", "2012-12-31": "1.84", "2012-09-30": "1.73", "2012-06-30": "1.82", "2012-03-31": "2.03", "2011-12-31": "1.79", "2011-09-30": "1.93", "2011-06-30": "1.90", "2011-03-31": "1.83", "2010-12-31": "1.86", "2010-09-30": "1.75", "2010-06-30": "2.16", "2010-03-31": "2.19", "2009-12-31": "2.05", "2009-09-30": "2.02", "2009-06-30": "1.98", "2009-03-31": "1.92", "2008-12-31": "1.75", "2008-09-30": "1.83", "2008-06-30": "2.10", "2008-03-31": "2.11", "2007-12-31": "1.97", "2007-09-30": "1.83", "2007-06-30": "2.25", "2007-03-31": "2.22", "2006-12-31": "2.03", "2006-09-30": "2.09", "2006-06-30": "2.27", "2006-03-31": "2.30", "2005-12-31": "2.19", "2005-09-30": "2.34", "2005-06-30": "2.28", "2005-03-31": "2.32"}, "quick ratio": {"2020-09-30": "0.92", "2020-06-30": "0.87", "2020-03-31": "1.04", "2019-12-31": "0.88", "2019-09-30": "0.92", "2019-06-30": "0.95", "2019-03-31": "0.93", "2018-12-31": "0.86", "2018-09-30": "0.70", "2018-06-30": "0.68", "2018-03-31": "0.74", "2017-12-31": "0.76", "2017-09-30": "0.86", "2017-06-30": "0.85", "2017-03-31": "0.77", "2016-12-31": "0.72", "2016-09-30": "0.89", "2016-06-30": "0.94", "2016-03-31": "0.89", "2015-12-31": "0.80", "2015-09-30": "0.94", "2015-06-30": "0.97", "2015-03-31": "0.97", "2014-12-31": "0.89", "2014-09-30": "0.96", "2014-06-30": "1.07", "2014-03-31": "1.01", "2013-12-31": "1.02", "2013-09-30": "1.05", "2013-06-30": "1.12", "2013-03-31": "1.17", "2012-12-31": "1.02", "2012-09-30": "1.00", "2012-06-30": "1.06", "2012-03-31": "1.17", "2011-12-31": "1.04", "2011-09-30": "1.16", "2011-06-30": "1.15", "2011-03-31": "1.08", "2010-12-31": "1.11", "2010-09-30": "1.09", "2010-06-30": "1.38", "2010-03-31": "1.39", "2009-12-31": "1.33", "2009-09-30": "1.27", "2009-06-30": "1.28", "2009-03-31": "1.19", "2008-12-31": "1.13", "2008-09-30": "1.17", "2008-06-30": "1.34", "2008-03-31": "1.32", "2007-12-31": "1.26", "2007-09-30": "1.16", "2007-06-30": "1.46", "2007-03-31": "1.39", "2006-12-31": "1.31", "2006-09-30": "1.30", "2006-06-30": "1.45", "2006-03-31": "1.51", "2005-12-31": "1.49", "2005-09-30": "1.57", "2005-06-30": "1.48", "2005-03-31": "1.46"}, "debt equity ratio": {"current": "0.14", "2020-09-30": "1.06", "2020-06-30": "1.02", "2020-03-31": "1.09", "2019-12-31": "0.97", "2019-09-30": "1.05", "2019-06-30": "1.06", "2019-03-31": "1.09", "2018-12-31": "1.40", "2018-09-30": "1.46", "2018-06-30": "1.67", "2018-03-31": "1.72", "2017-12-31": "1.78", "2017-09-30": "1.48", "2017-06-30": "1.42", "2017-03-31": "1.45", "2016-12-31": "1.41", "2016-09-30": "1.29", "2016-06-30": "1.24", "2016-03-31": "1.26", "2015-12-31": "1.25", "2015-09-30": "1.17", "2015-06-30": "1.13", "2015-03-31": "1.17", "2014-12-31": "1.18", "2014-09-30": "1.17", "2014-06-30": "1.10", "2014-03-31": "1.09", "2013-12-31": "1.02", "2013-09-30": "0.95", "2013-06-30": "0.97", "2013-03-31": "1.02", "2012-12-31": "1.04", "2012-09-30": "0.99", "2012-06-30": "0.94", "2012-03-31": "0.88", "2011-12-31": "0.95", "2011-09-30": "0.89", "2011-06-30": "0.90", "2011-03-31": "0.96", "2010-12-31": "0.89", "2010-09-30": "0.94", "2010-06-30": "0.95", "2010-03-31": "0.95", "2009-12-31": "0.78", "2009-09-30": "0.79", "2009-06-30": "0.68", "2009-03-31": "0.70", "2008-12-31": "1.03", "2008-09-30": "0.80", "2008-06-30": "0.80", "2008-03-31": "0.80", "2007-12-31": "0.86", "2007-09-30": "0.96", "2007-06-30": "0.85", "2007-03-31": "0.87", "2006-12-31": "0.96", "2006-09-30": "0.93", "2006-06-30": "0.96", "2006-03-31": "0.98", "2005-12-31": "1.07", "2005-09-30": "1.07", "2005-06-30": "1.10", "2005-03-31": "1.07"}, "return on equity": {"2020-09-30": "16.14%", "2020-06-30": "16.48%", "2020-03-31": "20.25%", "2019-12-31": "19.96%", "2019-09-30": "14.40%", "2019-06-30": "13.86%", "2019-03-31": "15.19%", "2018-12-31": "16.73%", "2018-09-30": "13.02%", "2018-06-30": "14.04%", "2018-03-31": "13.86%", "2017-12-31": "14.03%", "2017-09-30": "19.18%", "2017-06-30": "19.24%", "2017-03-31": "18.65%", "2016-12-31": "17.52%", "2016-09-30": "17.08%", "2016-06-30": "16.82%", "2016-03-31": "16.88%", "2015-12-31": "16.76%", "2015-09-30": "16.97%", "2015-06-30": "16.69%", "2015-03-31": "16.64%", "2014-12-31": "16.48%", "2014-09-30": "16.20%", "2014-06-30": "16.08%", "2014-03-31": "16.13%", "2013-12-31": "16.08%", "2013-09-30": "15.89%", "2013-06-30": "15.71%", "2013-03-31": "15.52%", "2012-12-31": "15.21%", "2012-09-30": "15.20%", "2012-06-30": "15.05%", "2012-03-31": "14.77%", "2011-12-31": "14.68%", "2011-09-30": "14.23%", "2011-06-30": "14.32%", "2011-03-31": "14.36%", "2010-12-31": "14.11%", "2010-09-30": "14.20%", "2010-06-30": "15.04%", "2010-03-31": "14.70%", "2009-12-31": "14.71%", "2009-09-30": "13.93%", "2009-06-30": "12.69%", "2009-03-31": "12.67%", "2008-12-31": "12.69%", "2008-09-30": "13.68%", "2008-06-30": "13.81%", "2008-03-31": "12.74%", "2007-12-31": "12.99%", "2007-09-30": "12.86%", "2007-06-30": "12.03%", "2007-03-31": "13.24%", "2006-12-31": "11.79%", "2006-09-30": "11.22%", "2006-06-30": "10.43%", "2006-03-31": "10.19%", "2005-12-31": "11.82%"}, "return on assets": {"2020-09-30": "7.93%", "2020-06-30": "8.11%", "2020-03-31": "9.92%", "2019-12-31": "9.77%", "2019-09-30": "6.69%", "2019-06-30": "6.15%", "2019-03-31": "6.34%", "2018-12-31": "6.56%", "2018-09-30": "4.92%", "2018-06-30": "5.28%", "2018-03-31": "5.34%", "2017-12-31": "5.54%", "2017-09-30": "7.86%", "2017-06-30": "8.05%", "2017-03-31": "7.95%", "2016-12-31": "7.62%", "2016-09-30": "7.55%", "2016-06-30": "7.54%", "2016-03-31": "7.66%", "2015-12-31": "7.69%", "2015-09-30": "7.85%", "2015-06-30": "7.72%", "2015-03-31": "7.72%", "2014-12-31": "7.72%", "2014-09-30": "7.74%", "2014-06-30": "7.89%", "2014-03-31": "8.04%", "2013-12-31": "8.08%", "2013-09-30": "7.97%", "2013-06-30": "7.84%", "2013-03-31": "7.77%", "2012-12-31": "7.74%", "2012-09-30": "7.84%", "2012-06-30": "7.86%", "2012-03-31": "7.76%", "2011-12-31": "7.64%", "2011-09-30": "7.46%", "2011-06-30": "7.46%", "2011-03-31": "7.43%", "2010-12-31": "7.31%", "2010-09-30": "7.45%", "2010-06-30": "8.06%", "2010-03-31": "8.18%", "2009-12-31": "8.48%", "2009-09-30": "7.79%", "2009-06-30": "7.08%", "2009-03-31": "6.94%", "2008-12-31": "6.85%", "2008-09-30": "7.54%", "2008-06-30": "7.46%", "2008-03-31": "6.83%", "2007-12-31": "6.89%", "2007-09-30": "6.74%", "2007-06-30": "6.33%", "2007-03-31": "6.87%", "2006-12-31": "6.03%", "2006-09-30": "5.67%", "2006-06-30": "5.17%", "2006-03-31": "4.96%", "2005-12-31": "5.69%"}, "return on investments": {"2020-09-30": "12.84%", "2020-06-30": "12.80%", "2020-03-31": "16.46%", "2019-12-31": "16.49%", "2019-09-30": "15.38%", "2019-06-30": "13.86%", "2019-03-31": "14.16%", "2018-12-31": "14.32%", "2018-09-30": "12.37%", "2018-06-30": "15.12%", "2018-03-31": "16.69%", "2017-12-31": "18.01%", "2017-09-30": "22.68%", "2017-06-30": "22.80%", "2017-03-31": "22.10%", "2016-12-31": "21.48%", "2016-09-30": "21.36%", "2016-06-30": "21.15%", "2016-03-31": "21.51%", "2015-12-31": "21.38%", "2015-09-30": "21.42%", "2015-06-30": "21.12%", "2015-03-31": "20.96%", "2014-12-31": "20.89%", "2014-09-30": "20.60%", "2014-06-30": "20.85%", "2014-03-31": "21.44%", "2013-12-31": "21.66%", "2013-09-30": "21.70%", "2013-06-30": "21.40%", "2013-03-31": "20.95%", "2012-12-31": "20.60%", "2012-09-30": "20.53%", "2012-06-30": "20.46%", "2012-03-31": "20.28%", "2011-12-31": "20.19%", "2011-09-30": "19.44%", "2011-06-30": "19.50%", "2011-03-31": "19.31%", "2010-12-31": "18.84%", "2010-09-30": "19.40%", "2010-06-30": "19.32%", "2010-03-31": "19.37%", "2009-12-31": "19.72%", "2009-09-30": "19.08%", "2009-06-30": "19.34%", "2009-03-31": "19.15%", "2008-12-31": "18.80%", "2008-09-30": "19.37%", "2008-06-30": "18.80%", "2008-03-31": "18.47%", "2007-12-31": "18.71%", "2007-09-30": "18.36%", "2007-06-30": "17.19%", "2007-03-31": "16.80%", "2006-12-31": "16.50%", "2006-09-30": "15.71%", "2006-06-30": "15.76%", "2006-03-31": "15.61%", "2005-12-31": "15.46%"}, "return on tangible equity": {"2020-09-30": "91.24%", "2020-06-30": "106.64%", "2020-03-31": "145.09%", "2019-12-31": "160.00%", "2019-09-30": "89.51%", "2019-06-30": "99.38%", "2019-03-31": "126.41%", "2018-12-31": "178.78%", "2018-09-30": "-4491.43%", "2018-06-30": "-8631.58%", "2018-03-31": "3115.38%", "2017-12-31": "662.86%", "2017-09-30": "401.45%", "2017-06-30": "290.62%", "2017-03-31": "205.58%", "2016-12-31": "157.33%", "2016-09-30": "131.49%", "2016-06-30": "122.54%", "2016-03-31": "123.12%", "2015-12-31": "129.20%", "2015-09-30": "139.11%", "2015-06-30": "151.05%", "2015-03-31": "146.39%", "2014-12-31": "130.72%", "2014-09-30": "97.60%", "2014-06-30": "80.29%", "2014-03-31": "73.99%", "2013-12-31": "69.64%", "2013-09-30": "73.11%", "2013-06-30": "75.84%", "2013-03-31": "75.09%", "2012-12-31": "69.29%", "2012-09-30": "68.83%", "2012-06-30": "64.74%", "2012-03-31": "62.10%", "2011-12-31": "65.22%", "2011-09-30": "61.55%", "2011-06-30": "63.33%", "2011-03-31": "65.14%", "2010-12-31": "59.63%", "2010-09-30": "49.55%", "2010-06-30": "44.63%", "2010-03-31": "36.58%", "2009-12-31": "32.71%", "2009-09-30": "32.42%", "2009-06-30": "29.31%", "2009-03-31": "30.44%", "2008-12-31": "31.67%", "2008-09-30": "33.79%", "2008-06-30": "36.09%", "2008-03-31": "33.36%", "2007-12-31": "34.51%", "2007-09-30": "34.44%", "2007-06-30": "32.05%", "2007-03-31": "36.35%", "2006-12-31": "32.45%", "2006-09-30": "30.22%", "2006-06-30": "27.68%", "2006-03-31": "27.37%", "2005-12-31": "32.83%"}, "dividend yield history": {"last payout": "$0.00", "last yield": "0.00%"}}