{"ticker": "HUBB", "price": {"title": "Hubbell Inc Historical Annual Stock Price Data", "value": 161.91, "historical": {"2020": {"Average Stock Price": "137.0051", "Year Open": "148.5000", "Year High": "164.1400", "Year Low": "86.7100", "Year Close": "156.7900", "Annual % Change": "6.07%"}, "2019": {"Average Stock Price": "127.1385", "Year Open": "99.0200", "Year High": "148.8400", "Year Low": "96.2700", "Year Close": "147.8200", "Annual % Change": "48.80%"}, "2018": {"Average Stock Price": "118.5273", "Year Open": "134.2000", "Year High": "139.2100", "Year Low": "92.7600", "Year Close": "99.3400", "Annual % Change": "-26.60%"}, "2017": {"Average Stock Price": "118.8037", "Year Open": "117.6400", "Year High": "137.5000", "Year Low": "109.8900", "Year Close": "135.3400", "Annual % Change": "15.97%"}, "2016": {"Average Stock Price": "104.2982", "Year Open": "101.9800", "Year High": "118.5400", "Year Low": "86.2900", "Year Close": "116.7000", "Annual % Change": "15.50%"}, "2015": {"Average Stock Price": "102.0740", "Year Open": "101.4200", "Year High": "103.3000", "Year Low": "101.0400", "Year Close": "101.0400", "Annual % Change": "0.00%"}}}, "market cap": {"value": "$8.78B"}, "income statement": {"Revenue": {"2020-12-31": "4186.00000", "2019-12-31": "4591.00000", "2018-12-31": "4481.70000", "2017-12-31": "3668.80000", "2016-12-31": "3505.20000", "2015-12-31": "3390.40000", "2014-12-31": "3359.40000", "2013-12-31": "3183.90000", "2012-12-31": "3044.40000", "2011-12-31": "2871.60000", "2010-12-31": "2541.20000", "2009-12-31": "2355.60000", "2008-12-31": "2704.40000", "2007-12-31": "2533.90000", "2006-12-31": "2414.30000", "2005-12-31": "2104.90000"}, "Cost Of Goods Sold": {"2020-12-31": "2976.70000", "2019-12-31": "3238.30000", "2018-12-31": "3181.30000", "2017-12-31": "2513.70000", "2016-12-31": "2400.10000", "2015-12-31": "2298.60000", "2014-12-31": "2250.40000", "2013-12-31": "2113.40000", "2012-12-31": "2032.20000", "2011-12-31": "1947.90000", "2010-12-31": "1712.50000", "2009-12-31": "1629.70000", "2008-12-31": "1901.00000", "2007-12-31": "1798.10000", "2006-12-31": "1757.50000", "2005-12-31": "1509.90000"}, "Gross Profit": {"2020-12-31": "1209.30000", "2019-12-31": "1352.70000", "2018-12-31": "1300.40000", "2017-12-31": "1155.10000", "2016-12-31": "1105.10000", "2015-12-31": "1091.80000", "2014-12-31": "1109.00000", "2013-12-31": "1070.50000", "2012-12-31": "1012.20000", "2011-12-31": "923.70010", "2010-12-31": "828.70000", "2009-12-31": "725.90010", "2008-12-31": "803.39990", "2007-12-31": "735.79990", "2006-12-31": "656.80000", "2005-12-31": "594.99990"}, "Research And Development Expenses": {"2020-12-31": "", "2019-12-31": "", "2018-12-31": "", "2017-12-31": "", "2016-12-31": "", "2015-12-31": "", "2014-12-31": "", "2013-12-31": "", "2012-12-31": "", "2011-12-31": "", "2010-12-31": "", "2009-12-31": "", "2008-12-31": "", "2007-12-31": "", "2006-12-31": "", "2005-12-31": ""}, "SG&A Expenses": {"2020-12-31": "676.30000", "2019-12-31": "756.10000", "2018-12-31": "743.50000", "2017-12-31": "636.30000", "2016-12-31": "615.30000", "2015-12-31": "617.20000", "2014-12-31": "591.60000", "2013-12-31": "562.90000", "2012-12-31": "540.40000", "2011-12-31": "499.90000", "2010-12-31": "460.90000", "2009-12-31": "431.20000", "2008-12-31": "457.40000", "2007-12-31": "436.40000", "2006-12-31": "415.60000", "2005-12-31": "357.90000"}, "Other Operating Income Or Expenses": {"2020-12-31": "", "2019-12-31": "", "2018-12-31": "", "2017-12-31": "", "2016-12-31": "", "2015-12-31": "", "2014-12-31": "", "2013-12-31": "", "2012-12-31": "", "2011-12-31": "", "2010-12-31": "", "2009-12-31": "", "2008-12-31": "", "2007-12-31": "", "2006-12-31": "-7.30000", "2005-12-31": "-10.30000"}, "Operating Expenses": {"2020-12-31": "3653.00000", "2019-12-31": "3994.40000", "2018-12-31": "3924.80000", "2017-12-31": "3150.00000", "2016-12-31": "3015.40000", "2015-12-31": "2915.80000", "2014-12-31": "2842.00000", "2013-12-31": "2676.30000", "2012-12-31": "2572.60000", "2011-12-31": "2447.80000", "2010-12-31": "2173.40000", "2009-12-31": "2060.90000", "2008-12-31": "2358.40000", "2007-12-31": "2234.50000", "2006-12-31": "2180.40000", "2005-12-31": "1878.10000"}, "Operating Income": {"2020-12-31": "533.00000", "2019-12-31": "596.60010", "2018-12-31": "556.90010", "2017-12-31": "518.80000", "2016-12-31": "489.79980", "2015-12-31": "474.59990", "2014-12-31": "517.39990", "2013-12-31": "507.60010", "2012-12-31": "471.79980", "2011-12-31": "423.80000", "2010-12-31": "367.80000", "2009-12-31": "294.70020", "2008-12-31": "346.00000", "2007-12-31": "299.39990", "2006-12-31": "233.89990", "2005-12-31": "226.79980"}, "Total Non-Operating Income/Expense": {"2020-12-31": "-79.50000", "2019-12-31": "-76.10000", "2018-12-31": "-89.90000", "2017-12-31": "-75.70000", "2016-12-31": "-59.40000", "2015-12-31": "-56.00000", "2014-12-31": "-31.90000", "2013-12-31": "-33.80000", "2012-12-31": "-30.00000", "2011-12-31": "-34.00000", "2010-12-31": "-47.40000", "2009-12-31": "-33.10000", "2008-12-31": "-27.60000", "2007-12-31": "-15.20000", "2006-12-31": "-12.40000", "2005-12-31": "-11.10000"}, "Pre-Tax Income": {"2020-12-31": "453.50000", "2019-12-31": "520.50000", "2018-12-31": "467.00000", "2017-12-31": "443.10000", "2016-12-31": "430.40000", "2015-12-31": "418.60000", "2014-12-31": "485.50000", "2013-12-31": "473.80000", "2012-12-31": "441.80000", "2011-12-31": "389.80000", "2010-12-31": "320.40000", "2009-12-31": "261.60000", "2008-12-31": "318.40000", "2007-12-31": "284.20000", "2006-12-31": "221.50000", "2005-12-31": "215.70000"}, "Income Taxes": {"2020-12-31": "97.50000", "2019-12-31": "113.10000", "2018-12-31": "100.90000", "2017-12-31": "193.20000", "2016-12-31": "132.60000", "2015-12-31": "136.50000", "2014-12-31": "158.30000", "2013-12-31": "144.00000", "2012-12-31": "139.70000", "2011-12-31": "119.60000", "2010-12-31": "101.60000", "2009-12-31": "80.30000", "2008-12-31": "95.20000", "2007-12-31": "75.90000", "2006-12-31": "63.40000", "2005-12-31": "50.60000"}, "Income After Taxes": {"2020-12-31": "356.00000", "2019-12-31": "407.40000", "2018-12-31": "366.10000", "2017-12-31": "249.90000", "2016-12-31": "297.80000", "2015-12-31": "282.10000", "2014-12-31": "327.20000", "2013-12-31": "329.80000", "2012-12-31": "302.10000", "2011-12-31": "270.20000", "2010-12-31": "218.80000", "2009-12-31": "181.30000", "2008-12-31": "223.20000", "2007-12-31": "208.30000", "2006-12-31": "158.10000", "2005-12-31": "165.10000"}, "Other Income": {"2020-12-31": "", "2019-12-31": "", "2018-12-31": "", "2017-12-31": "", "2016-12-31": "", "2015-12-31": "", "2014-12-31": "", "2013-12-31": "", "2012-12-31": "", "2011-12-31": "", "2010-12-31": "", "2009-12-31": "", "2008-12-31": "", "2007-12-31": "", "2006-12-31": "", "2005-12-31": ""}, "Income From Continuous Operations": {"2020-12-31": "356.00000", "2019-12-31": "407.40000", "2018-12-31": "366.10000", "2017-12-31": "249.90000", "2016-12-31": "297.80000", "2015-12-31": "282.10000", "2014-12-31": "327.20000", "2013-12-31": "329.80000", "2012-12-31": "302.10000", "2011-12-31": "270.20000", "2010-12-31": "218.80000", "2009-12-31": "181.30000", "2008-12-31": "223.20000", "2007-12-31": "208.30000", "2006-12-31": "158.10000", "2005-12-31": "165.10000"}, "Income From Discontinued Operations": {"2020-12-31": "", "2019-12-31": "", "2018-12-31": "", "2017-12-31": "", "2016-12-31": "", "2015-12-31": "", "2014-12-31": "", "2013-12-31": "", "2012-12-31": "", "2011-12-31": "", "2010-12-31": "", "2009-12-31": "", "2008-12-31": "", "2007-12-31": "", "2006-12-31": "", "2005-12-31": ""}, "Net Income": {"2020-12-31": "351.20000", "2019-12-31": "399.40000", "2018-12-31": "358.90000", "2017-12-31": "242.30000", "2016-12-31": "292.10000", "2015-12-31": "276.60000", "2014-12-31": "324.40000", "2013-12-31": "325.50000", "2012-12-31": "298.70000", "2011-12-31": "266.90000", "2010-12-31": "216.30000", "2009-12-31": "179.30000", "2008-12-31": "221.90000", "2007-12-31": "207.70000", "2006-12-31": "158.10000", "2005-12-31": "165.10000"}, "EBITDA": {"2020-12-31": "690.60000", "2019-12-31": "747.60010", "2018-12-31": "705.30020", "2017-12-31": "617.00010", "2016-12-31": "580.69980", "2015-12-31": "559.79990", "2014-12-31": "596.59990", "2013-12-31": "578.20010", "2012-12-31": "538.59980", "2011-12-31": "492.00010", "2010-12-31": "440.30000", "2009-12-31": "365.30020", "2008-12-31": "409.10000", "2007-12-31": "359.59990", "2006-12-31": "289.29990", "2005-12-31": "277.19980"}, "EBIT": {"2020-12-31": "533.00000", "2019-12-31": "596.60010", "2018-12-31": "556.90010", "2017-12-31": "518.80000", "2016-12-31": "489.79980", "2015-12-31": "474.59990", "2014-12-31": "517.39990", "2013-12-31": "507.60010", "2012-12-31": "471.79980", "2011-12-31": "423.80000", "2010-12-31": "367.80000", "2009-12-31": "294.70020", "2008-12-31": "346.00000", "2007-12-31": "299.39990", "2006-12-31": "233.89990", "2005-12-31": "226.79980"}, "Basic Shares Outstanding": {"2020-12-31": "54.20000", "2019-12-31": "54.40000", "2018-12-31": "54.60000", "2017-12-31": "54.80000", "2016-12-31": "55.50000", "2015-12-31": "57.70000", "2014-12-31": "58.80000", "2013-12-31": "59.10000", "2012-12-31": "59.10000", "2011-12-31": "59.70000", "2010-12-31": "59.90000", "2009-12-31": "56.80000", "2008-12-31": "56.20000", "2007-12-31": "59.00000", "2006-12-31": "60.40000", "2005-12-31": "61.00000"}, "Shares Outstanding": {"2020-12-31": "54.50000", "2019-12-31": "54.70000", "2018-12-31": "54.90000", "2017-12-31": "55.10000", "2016-12-31": "55.70000", "2015-12-31": "58.00000", "2014-12-31": "59.20000", "2013-12-31": "59.60000", "2012-12-31": "59.80000", "2011-12-31": "60.40000", "2010-12-31": "60.30000", "2009-12-31": "57.00000", "2008-12-31": "56.50000", "2007-12-31": "59.50000", "2006-12-31": "61.10000", "2005-12-31": "61.80000"}, "Basic EPS": {"2020-12-31": "6.46000", "2019-12-31": "7.35000", "2018-12-31": "6.57000", "2017-12-31": "4.42000", "2016-12-31": "5.26000", "2015-12-31": "4.79000", "2014-12-31": "5.51000", "2013-12-31": "5.51000", "2012-12-31": "5.05000", "2011-12-31": "4.47000", "2010-12-31": "3.61000", "2009-12-31": "3.16000", "2008-12-31": "3.96000", "2007-12-31": "3.53000", "2006-12-31": "2.62000", "2005-12-31": "2.71000"}, "EPS - Earnings Per Share": {"2020-12-31": "6.43000", "2019-12-31": "7.31000", "2018-12-31": "6.54000", "2017-12-31": "4.39000", "2016-12-31": "5.24000", "2015-12-31": "4.77000", "2014-12-31": "5.48000", "2013-12-31": "5.47000", "2012-12-31": "5.00000", "2011-12-31": "4.42000", "2010-12-31": "3.59000", "2009-12-31": "3.15000", "2008-12-31": "3.93000", "2007-12-31": "3.49000", "2006-12-31": "2.59000", "2005-12-31": "2.67000"}}, "income statement, quarterly": {"Revenue": {"2020-12-31": "1037.90000", "2020-09-30": "1108.60000", "2020-06-30": "949.20000", "2020-03-31": "1090.30000", "2019-12-31": "1103.30000", "2019-09-30": "1204.00000", "2019-06-30": "1196.40000", "2019-03-31": "1087.30000", "2018-12-31": "1144.10000", "2018-09-30": "1179.70000", "2018-06-30": "1166.70000", "2018-03-31": "991.20000", "2017-12-31": "917.70000", "2017-09-30": "950.50000", "2017-06-30": "948.30000", "2017-03-31": "852.30000", "2016-12-31": "854.19980", "2016-09-30": "907.40000", "2016-06-30": "908.80000", "2016-03-31": "834.80000", "2015-12-31": "829.69990", "2015-09-30": "877.00000", "2015-06-30": "874.00000", "2015-03-31": "809.70000", "2014-12-31": "848.79980", "2014-09-30": "895.30000", "2014-06-30": "855.80000", "2014-03-31": "759.50000", "2013-12-31": "806.60000", "2013-09-30": "835.90000", "2013-06-30": "801.30000", "2013-03-31": "740.10000", "2012-12-31": "752.49990", "2012-09-30": "789.70000", "2012-06-30": "778.40000", "2012-03-31": "723.80000", "2011-12-31": "740.00010", "2011-09-30": "764.30000", "2011-06-30": "709.20000", "2011-03-31": "658.10000", "2010-12-31": "639.29990", "2010-09-30": "685.00000", "2010-06-30": "646.40000", "2010-03-31": "570.50000", "2009-12-31": "591.90000", "2009-09-30": "593.90000", "2009-06-30": "584.20000", "2009-03-31": "585.60000", "2008-12-31": "652.09990", "2008-09-30": "734.80000", "2008-06-30": "689.60000", "2008-03-31": "627.90000", "2007-12-31": "614.69990", "2007-09-30": "652.70000", "2007-06-30": "640.80000", "2007-03-31": "625.70000", "2006-12-31": "589.10010", "2006-09-30": "649.00000", "2006-06-30": "603.20000", "2006-03-31": "573.00000", "2005-12-31": "535.70000", "2005-09-30": "561.10000", "2005-06-30": "520.50000", "2005-03-31": "487.60000"}, "Cost Of Goods Sold": {"2020-12-31": "752.20000", "2020-09-30": "779.00000", "2020-06-30": "668.70000", "2020-03-31": "776.80000", "2019-12-31": "777.30000", "2019-09-30": "842.00000", "2019-06-30": "839.00000", "2019-03-31": "780.00000", "2018-12-31": "823.50010", "2018-09-30": "830.70000", "2018-06-30": "818.80000", "2018-03-31": "708.30000", "2017-12-31": "628.30000", "2017-09-30": "642.90000", "2017-06-30": "652.80000", "2017-03-31": "589.70000", "2016-12-31": "591.20010", "2016-09-30": "618.70000", "2016-06-30": "615.30000", "2016-03-31": "574.90000", "2015-12-31": "562.80000", "2015-09-30": "587.00000", "2015-06-30": "590.90000", "2015-03-31": "557.90000", "2014-12-31": "573.50000", "2014-09-30": "599.10000", "2014-06-30": "563.30000", "2014-03-31": "514.50000", "2013-12-31": "535.70000", "2013-09-30": "544.60000", "2013-06-30": "529.30000", "2013-03-31": "503.80000", "2012-12-31": "502.70000", "2012-09-30": "521.20000", "2012-06-30": "518.60000", "2012-03-31": "489.70000", "2011-12-31": "503.70000", "2011-09-30": "512.00000", "2011-06-30": "479.30000", "2011-03-31": "452.90000", "2010-12-31": "432.49990", "2010-09-30": "449.80000", "2010-06-30": "435.40000", "2010-03-31": "394.80000", "2009-12-31": "400.09990", "2009-09-30": "401.00000", "2009-06-30": "410.00000", "2009-03-31": "418.60000", "2008-12-31": "466.20000", "2008-09-30": "514.60000", "2008-06-30": "479.70000", "2008-03-31": "440.50000", "2007-12-31": "433.80000", "2007-09-30": "458.10000", "2007-06-30": "453.50000", "2007-03-31": "452.70000", "2006-12-31": "437.40000", "2006-09-30": "468.10000", "2006-06-30": "437.50000", "2006-03-31": "414.50000", "2005-12-31": "384.70000", "2005-09-30": "396.90000", "2005-06-30": "377.40000", "2005-03-31": "350.90000"}, "Gross Profit": {"2020-12-31": "285.70000", "2020-09-30": "329.60000", "2020-06-30": "280.50000", "2020-03-31": "313.50010", "2019-12-31": "326.00000", "2019-09-30": "362.00000", "2019-06-30": "357.40000", "2019-03-31": "307.30000", "2018-12-31": "320.60030", "2018-09-30": "348.99990", "2018-06-30": "347.90000", "2018-03-31": "282.90000", "2017-12-31": "289.40000", "2017-09-30": "307.60000", "2017-06-30": "295.50000", "2017-03-31": "262.60000", "2016-12-31": "262.99970", "2016-09-30": "288.70000", "2016-06-30": "293.50000", "2016-03-31": "259.90000", "2015-12-31": "266.89980", "2015-09-30": "290.00000", "2015-06-30": "283.10000", "2015-03-31": "251.80000", "2014-12-31": "275.29980", "2014-09-30": "296.20000", "2014-06-30": "292.50000", "2014-03-31": "245.00000", "2013-12-31": "270.90000", "2013-09-30": "291.30000", "2013-06-30": "272.00000", "2013-03-31": "236.30000", "2012-12-31": "249.79990", "2012-09-30": "268.50000", "2012-06-30": "259.80000", "2012-03-31": "234.10000", "2011-12-31": "236.30010", "2011-09-30": "252.30000", "2011-06-30": "229.90000", "2011-03-31": "205.20000", "2010-12-31": "206.80000", "2010-09-30": "235.20000", "2010-06-30": "211.00000", "2010-03-31": "175.70000", "2009-12-31": "191.80010", "2009-09-30": "192.90000", "2009-06-30": "174.20000", "2009-03-31": "167.00000", "2008-12-31": "185.89980", "2008-09-30": "220.20000", "2008-06-30": "209.90000", "2008-03-31": "187.40000", "2007-12-31": "180.89990", "2007-09-30": "194.60000", "2007-06-30": "187.30000", "2007-03-31": "173.00000", "2006-12-31": "151.70010", "2006-09-30": "180.90000", "2006-06-30": "165.70000", "2006-03-31": "158.50000", "2005-12-31": "151.00000", "2005-09-30": "164.20000", "2005-06-30": "143.10000", "2005-03-31": "136.70000"}, "Research And Development Expenses": {"2020-12-31": "", "2020-09-30": "", "2020-06-30": "", "2020-03-31": "", "2019-12-31": "", "2019-09-30": "", "2019-06-30": "", "2019-03-31": "", "2018-12-31": "", "2018-09-30": "", "2018-06-30": "", "2018-03-31": "", "2017-12-31": "", "2017-09-30": "", "2017-06-30": "", "2017-03-31": "", "2016-12-31": "", "2016-09-30": "", "2016-06-30": "", "2016-03-31": "", "2015-12-31": "", "2015-09-30": "", "2015-06-30": "", "2015-03-31": "", "2014-12-31": "", "2014-09-30": "", "2014-06-30": "", "2014-03-31": "", "2013-12-31": "", "2013-09-30": "", "2013-06-30": "", "2013-03-31": "", "2012-12-31": "", "2012-09-30": "", "2012-06-30": "", "2012-03-31": "", "2011-12-31": "", "2011-09-30": "", "2011-06-30": "", "2011-03-31": "", "2010-12-31": "", "2010-09-30": "", "2010-06-30": "", "2010-03-31": "", "2009-12-31": "", "2009-09-30": "", "2009-06-30": "", "2009-03-31": "", "2008-12-31": "", "2008-09-30": "", "2008-06-30": "", "2008-03-31": "", "2007-12-31": "", "2007-09-30": "", "2007-06-30": "", "2007-03-31": "", "2006-12-31": "", "2006-09-30": "", "2006-06-30": "", "2006-03-31": "", "2005-12-31": "", "2005-09-30": "", "2005-06-30": "", "2005-03-31": ""}, "SG&A Expenses": {"2020-12-31": "165.90000", "2020-09-30": "166.70000", "2020-06-30": "149.00000", "2020-03-31": "194.70000", "2019-12-31": "190.10000", "2019-09-30": "189.10000", "2019-06-30": "190.50000", "2019-03-31": "186.40000", "2018-12-31": "184.00000", "2018-09-30": "185.20000", "2018-06-30": "191.00000", "2018-03-31": "183.30000", "2017-12-31": "162.90000", "2017-09-30": "157.50000", "2017-06-30": "161.10000", "2017-03-31": "154.80000", "2016-12-31": "143.20000", "2016-09-30": "152.70000", "2016-06-30": "161.40000", "2016-03-31": "158.00000", "2015-12-31": "155.00000", "2015-09-30": "159.00000", "2015-06-30": "156.40000", "2015-03-31": "146.80000", "2014-12-31": "149.20000", "2014-09-30": "153.40000", "2014-06-30": "148.80000", "2014-03-31": "140.20000", "2013-12-31": "144.70000", "2013-09-30": "139.70000", "2013-06-30": "139.90000", "2013-03-31": "138.60000", "2012-12-31": "139.30000", "2012-09-30": "133.40000", "2012-06-30": "135.30000", "2012-03-31": "132.40000", "2011-12-31": "126.50000", "2011-09-30": "127.00000", "2011-06-30": "124.80000", "2011-03-31": "121.60000", "2010-12-31": "115.80000", "2010-09-30": "117.60000", "2010-06-30": "117.50000", "2010-03-31": "110.00000", "2009-12-31": "112.30000", "2009-09-30": "101.60000", "2009-06-30": "107.60000", "2009-03-31": "109.70000", "2008-12-31": "113.50000", "2008-09-30": "116.90000", "2008-06-30": "114.90000", "2008-03-31": "112.10000", "2007-12-31": "112.30000", "2007-09-30": "105.70000", "2007-06-30": "109.30000", "2007-03-31": "109.10000", "2006-12-31": "106.30000", "2006-09-30": "107.30000", "2006-06-30": "102.90000", "2006-03-31": "99.10000", "2005-12-31": "87.60000", "2005-09-30": "89.90000", "2005-06-30": "88.00000", "2005-03-31": "92.40000"}, "Other Operating Income Or Expenses": {"2020-12-31": "", "2020-09-30": "", "2020-06-30": "", "2020-03-31": "", "2019-12-31": "", "2019-09-30": "", "2019-06-30": "", "2019-03-31": "", "2018-12-31": "", "2018-09-30": "", "2018-06-30": "", "2018-03-31": "", "2017-12-31": "", "2017-09-30": "", "2017-06-30": "", "2017-03-31": "", "2016-12-31": "", "2016-09-30": "", "2016-06-30": "", "2016-03-31": "", "2015-12-31": "", "2015-09-30": "", "2015-06-30": "", "2015-03-31": "", "2014-12-31": "", "2014-09-30": "", "2014-06-30": "", "2014-03-31": "", "2013-12-31": "", "2013-09-30": "", "2013-06-30": "", "2013-03-31": "", "2012-12-31": "", "2012-09-30": "", "2012-06-30": "", "2012-03-31": "", "2011-12-31": "", "2011-09-30": "", "2011-06-30": "", "2011-03-31": "", "2010-12-31": "", "2010-09-30": "", "2010-06-30": "", "2010-03-31": "", "2009-12-31": "", "2009-09-30": "", "2009-06-30": "", "2009-03-31": "", "2008-12-31": "", "2008-09-30": "", "2008-06-30": "", "2008-03-31": "", "2007-12-31": "", "2007-09-30": "", "2007-06-30": "", "2007-03-31": "", "2006-12-31": "-3.70000", "2006-09-30": "-0.70000", "2006-06-30": "-1.40000", "2006-03-31": "-1.50000", "2005-12-31": "-5.20000", "2005-09-30": "-1.00000", "2005-06-30": "-2.20000", "2005-03-31": "-1.90000"}, "Operating Expenses": {"2020-12-31": "918.10000", "2020-09-30": "945.70000", "2020-06-30": "817.70000", "2020-03-31": "971.50000", "2019-12-31": "967.39980", "2019-09-30": "1031.10000", "2019-06-30": "1029.50000", "2019-03-31": "966.40000", "2018-12-31": "1007.50000", "2018-09-30": "1015.90000", "2018-06-30": "1009.80000", "2018-03-31": "891.60000", "2017-12-31": "791.20010", "2017-09-30": "800.40000", "2017-06-30": "813.90000", "2017-03-31": "744.50000", "2016-12-31": "734.40000", "2016-09-30": "771.40000", "2016-06-30": "776.70000", "2016-03-31": "732.90000", "2015-12-31": "717.80000", "2015-09-30": "746.00000", "2015-06-30": "747.30000", "2015-03-31": "704.70000", "2014-12-31": "722.70000", "2014-09-30": "752.50000", "2014-06-30": "712.10000", "2014-03-31": "654.70000", "2013-12-31": "680.39980", "2013-09-30": "684.30000", "2013-06-30": "669.20000", "2013-03-31": "642.40000", "2012-12-31": "642.00010", "2012-09-30": "654.60000", "2012-06-30": "653.90000", "2012-03-31": "622.10000", "2011-12-31": "630.20010", "2011-09-30": "639.00000", "2011-06-30": "604.10000", "2011-03-31": "574.50000", "2010-12-31": "548.30000", "2010-09-30": "567.40000", "2010-06-30": "552.90000", "2010-03-31": "504.80000", "2009-12-31": "512.40000", "2009-09-30": "502.60000", "2009-06-30": "517.60000", "2009-03-31": "528.30000", "2008-12-31": "579.69980", "2008-09-30": "631.50000", "2008-06-30": "594.60000", "2008-03-31": "552.60000", "2007-12-31": "546.09990", "2007-09-30": "563.80000", "2007-06-30": "562.80000", "2007-03-31": "561.80000", "2006-12-31": "547.40000", "2006-09-30": "576.10000", "2006-06-30": "541.80000", "2006-03-31": "515.10000", "2005-12-31": "477.50010", "2005-09-30": "487.80000", "2005-06-30": "467.60000", "2005-03-31": "445.20000"}, "Operating Income": {"2020-12-31": "119.80000", "2020-09-30": "162.90000", "2020-06-30": "131.50000", "2020-03-31": "118.80000", "2019-12-31": "135.90030", "2019-09-30": "172.90000", "2019-06-30": "166.90000", "2019-03-31": "120.90000", "2018-12-31": "136.60050", "2018-09-30": "163.79990", "2018-06-30": "156.90000", "2018-03-31": "99.60000", "2017-12-31": "126.49990", "2017-09-30": "150.10000", "2017-06-30": "134.40000", "2017-03-31": "107.80000", "2016-12-31": "119.79970", "2016-09-30": "136.00000", "2016-06-30": "132.10000", "2016-03-31": "101.90000", "2015-12-31": "111.89990", "2015-09-30": "131.00000", "2015-06-30": "126.70000", "2015-03-31": "105.00000", "2014-12-31": "126.09980", "2014-09-30": "142.80000", "2014-06-30": "143.70000", "2014-03-31": "104.80000", "2013-12-31": "126.20020", "2013-09-30": "151.60000", "2013-06-30": "132.10000", "2013-03-31": "97.70000", "2012-12-31": "110.49980", "2012-09-30": "135.10000", "2012-06-30": "124.50010", "2012-03-31": "101.70000", "2011-12-31": "109.80000", "2011-09-30": "125.30000", "2011-06-30": "105.10000", "2011-03-31": "83.60000", "2010-12-31": "90.99990", "2010-09-30": "117.60000", "2010-06-30": "93.50000", "2010-03-31": "65.70000", "2009-12-31": "79.50010", "2009-09-30": "91.30000", "2009-06-30": "66.60000", "2009-03-31": "57.30000", "2008-12-31": "72.40000", "2008-09-30": "103.30000", "2008-06-30": "94.99990", "2008-03-31": "75.30010", "2007-12-31": "68.60000", "2007-09-30": "88.90000", "2007-06-30": "78.00000", "2007-03-31": "63.90000", "2006-12-31": "41.70010", "2006-09-30": "72.90000", "2006-06-30": "61.40000", "2006-03-31": "57.90000", "2005-12-31": "58.19990", "2005-09-30": "73.30000", "2005-06-30": "52.90000", "2005-03-31": "42.40000"}, "Total Non-Operating Income/Expense": {"2020-12-31": "-18.20000", "2020-09-30": "-23.90000", "2020-06-30": "-18.50000", "2020-03-31": "-18.90000", "2019-12-31": "-5.00000", "2019-09-30": "-4.90000", "2019-06-30": "-43.30000", "2019-03-31": "-22.90000", "2018-12-31": "-21.90000", "2018-09-30": "-21.30000", "2018-06-30": "-22.90000", "2018-03-31": "-23.80000", "2017-12-31": "-14.60000", "2017-09-30": "-26.50000", "2017-06-30": "-17.70000", "2017-03-31": "-16.90000", "2016-12-31": "-21.90000", "2016-09-30": "-11.90000", "2016-06-30": "-15.30000", "2016-03-31": "-10.30000", "2015-12-31": "-21.10000", "2015-09-30": "-15.90000", "2015-06-30": "-8.70000", "2015-03-31": "-10.30000", "2014-12-31": "-7.90000", "2014-09-30": "-8.00000", "2014-06-30": "-7.30000", "2014-03-31": "-8.70000", "2013-12-31": "-9.70000", "2013-09-30": "-8.30000", "2013-06-30": "-9.30000", "2013-03-31": "-6.50000", "2012-12-31": "-8.40000", "2012-09-30": "-6.10000", "2012-06-30": "-8.40000", "2012-03-31": "-7.10000", "2011-12-31": "-7.90000", "2011-09-30": "-7.30000", "2011-06-30": "-9.20000", "2011-03-31": "-9.60000", "2010-12-31": "-22.90000", "2010-09-30": "-8.40000", "2010-06-30": "-8.00000", "2010-03-31": "-8.10000", "2009-12-31": "-9.40000", "2009-09-30": "-7.40000", "2009-06-30": "-8.80000", "2009-03-31": "-7.50000", "2008-12-31": "-7.80000", "2008-09-30": "-7.60000", "2008-06-30": "-6.50000", "2008-03-31": "-5.70000", "2007-12-31": "-4.40000", "2007-09-30": "-3.20000", "2007-06-30": "-3.00000", "2007-03-31": "-4.60000", "2006-12-31": "-4.40000", "2006-09-30": "-4.70000", "2006-06-30": "-1.70000", "2006-03-31": "-1.60000", "2005-12-31": "-2.60000", "2005-09-30": "-3.00000", "2005-06-30": "-2.80000", "2005-03-31": "-2.70000"}, "Pre-Tax Income": {"2020-12-31": "101.60000", "2020-09-30": "139.00000", "2020-06-30": "113.00000", "2020-03-31": "99.90000", "2019-12-31": "130.90000", "2019-09-30": "168.00000", "2019-06-30": "123.60000", "2019-03-31": "98.00000", "2018-12-31": "114.70000", "2018-09-30": "142.50000", "2018-06-30": "134.00000", "2018-03-31": "75.80000", "2017-12-31": "111.90000", "2017-09-30": "123.60000", "2017-06-30": "116.70000", "2017-03-31": "90.90000", "2016-12-31": "97.90000", "2016-09-30": "124.10000", "2016-06-30": "116.80000", "2016-03-31": "91.60000", "2015-12-31": "90.80000", "2015-09-30": "115.10000", "2015-06-30": "118.00000", "2015-03-31": "94.70000", "2014-12-31": "118.20000", "2014-09-30": "134.80000", "2014-06-30": "136.40000", "2014-03-31": "96.10000", "2013-12-31": "116.50000", "2013-09-30": "143.30000", "2013-06-30": "122.80000", "2013-03-31": "91.20000", "2012-12-31": "102.10000", "2012-09-30": "129.00000", "2012-06-30": "116.10000", "2012-03-31": "94.60000", "2011-12-31": "101.90000", "2011-09-30": "118.00000", "2011-06-30": "95.90000", "2011-03-31": "74.00000", "2010-12-31": "68.10000", "2010-09-30": "109.20000", "2010-06-30": "85.50000", "2010-03-31": "57.60000", "2009-12-31": "70.10000", "2009-09-30": "83.90000", "2009-06-30": "57.80000", "2009-03-31": "49.80000", "2008-12-31": "64.60000", "2008-09-30": "95.70000", "2008-06-30": "88.50000", "2008-03-31": "69.60000", "2007-12-31": "64.20000", "2007-09-30": "85.70000", "2007-06-30": "75.00000", "2007-03-31": "59.30000", "2006-12-31": "37.30000", "2006-09-30": "68.20000", "2006-06-30": "59.70000", "2006-03-31": "56.30000", "2005-12-31": "55.60000", "2005-09-30": "70.30000", "2005-06-30": "50.10000", "2005-03-31": "39.70000"}, "Income Taxes": {"2020-12-31": "19.00000", "2020-09-30": "30.40000", "2020-06-30": "23.90000", "2020-03-31": "24.20000", "2019-12-31": "27.80000", "2019-09-30": "35.40000", "2019-06-30": "25.70000", "2019-03-31": "24.20000", "2018-12-31": "25.50000", "2018-09-30": "27.80000", "2018-06-30": "31.60000", "2018-03-31": "16.00000", "2017-12-31": "89.50000", "2017-09-30": "40.80000", "2017-06-30": "35.90000", "2017-03-31": "27.00000", "2016-12-31": "32.20000", "2016-09-30": "36.00000", "2016-06-30": "34.80000", "2016-03-31": "29.60000", "2015-12-31": "28.10000", "2015-09-30": "40.40000", "2015-06-30": "36.70000", "2015-03-31": "31.30000", "2014-12-31": "37.60000", "2014-09-30": "44.30000", "2014-06-30": "45.60000", "2014-03-31": "30.80000", "2013-12-31": "33.70000", "2013-09-30": "46.10000", "2013-06-30": "39.80000", "2013-03-31": "24.40000", "2012-12-31": "29.20000", "2012-09-30": "41.40000", "2012-06-30": "38.10000", "2012-03-31": "31.00000", "2011-12-31": "31.40000", "2011-09-30": "34.70000", "2011-06-30": "30.20000", "2011-03-31": "23.30000", "2010-12-31": "17.90000", "2010-09-30": "37.50000", "2010-06-30": "27.60000", "2010-03-31": "18.60000", "2009-12-31": "20.00000", "2009-09-30": "26.40000", "2009-06-30": "18.20000", "2009-03-31": "15.70000", "2008-12-31": "17.80000", "2008-09-30": "29.20000", "2008-06-30": "27.00000", "2008-03-31": "21.20000", "2007-12-31": "16.20000", "2007-09-30": "20.40000", "2007-06-30": "21.70000", "2007-03-31": "17.60000", "2006-12-31": "8.10000", "2006-09-30": "20.60000", "2006-06-30": "18.10000", "2006-03-31": "16.60000", "2005-12-31": "3.50000", "2005-09-30": "21.80000", "2005-06-30": "14.40000", "2005-03-31": "10.90000"}, "Income After Taxes": {"2020-12-31": "82.60000", "2020-09-30": "108.60000", "2020-06-30": "89.10000", "2020-03-31": "75.70000", "2019-12-31": "103.10000", "2019-09-30": "132.60000", "2019-06-30": "97.90000", "2019-03-31": "73.80000", "2018-12-31": "89.20000", "2018-09-30": "114.70000", "2018-06-30": "102.40000", "2018-03-31": "59.80000", "2017-12-31": "22.40000", "2017-09-30": "82.80000", "2017-06-30": "80.80000", "2017-03-31": "63.90000", "2016-12-31": "65.70000", "2016-09-30": "88.10000", "2016-06-30": "82.00000", "2016-03-31": "62.00000", "2015-12-31": "62.70000", "2015-09-30": "74.70000", "2015-06-30": "81.30000", "2015-03-31": "63.40000", "2014-12-31": "80.60000", "2014-09-30": "90.50000", "2014-06-30": "90.80000", "2014-03-31": "65.30000", "2013-12-31": "82.80000", "2013-09-30": "97.20000", "2013-06-30": "83.00000", "2013-03-31": "66.80000", "2012-12-31": "72.90000", "2012-09-30": "87.60000", "2012-06-30": "78.00000", "2012-03-31": "63.60000", "2011-12-31": "70.50000", "2011-09-30": "83.30000", "2011-06-30": "65.70000", "2011-03-31": "50.70000", "2010-12-31": "50.20000", "2010-09-30": "71.70000", "2010-06-30": "57.90000", "2010-03-31": "39.00000", "2009-12-31": "50.10000", "2009-09-30": "57.50000", "2009-06-30": "39.60000", "2009-03-31": "34.10000", "2008-12-31": "46.80000", "2008-09-30": "66.50000", "2008-06-30": "61.50000", "2008-03-31": "48.40000", "2007-12-31": "48.00000", "2007-09-30": "65.30000", "2007-06-30": "53.30000", "2007-03-31": "41.70000", "2006-12-31": "29.20000", "2006-09-30": "47.60000", "2006-06-30": "41.60000", "2006-03-31": "39.70000", "2005-12-31": "52.10000", "2005-09-30": "48.50000", "2005-06-30": "35.70000", "2005-03-31": "28.80000"}, "Other Income": {"2020-12-31": "", "2020-09-30": "", "2020-06-30": "", "2020-03-31": "", "2019-12-31": "", "2019-09-30": "", "2019-06-30": "", "2019-03-31": "", "2018-12-31": "", "2018-09-30": "", "2018-06-30": "", "2018-03-31": "", "2017-12-31": "", "2017-09-30": "", "2017-06-30": "", "2017-03-31": "", "2016-12-31": "", "2016-09-30": "", "2016-06-30": "", "2016-03-31": "", "2015-12-31": "", "2015-09-30": "", "2015-06-30": "", "2015-03-31": "", "2014-12-31": "", "2014-09-30": "", "2014-06-30": "", "2014-03-31": "", "2013-12-31": "", "2013-09-30": "", "2013-06-30": "", "2013-03-31": "", "2012-12-31": "", "2012-09-30": "", "2012-06-30": "", "2012-03-31": "", "2011-12-31": "", "2011-09-30": "", "2011-06-30": "", "2011-03-31": "", "2010-12-31": "", "2010-09-30": "", "2010-06-30": "", "2010-03-31": "", "2009-12-31": "", "2009-09-30": "", "2009-06-30": "", "2009-03-31": "", "2008-12-31": "", "2008-09-30": "", "2008-06-30": "", "2008-03-31": "", "2007-12-31": "", "2007-09-30": "", "2007-06-30": "", "2007-03-31": "", "2006-12-31": "", "2006-09-30": "", "2006-06-30": "", "2006-03-31": "", "2005-12-31": "", "2005-09-30": "", "2005-06-30": "", "2005-03-31": ""}, "Income From Continuous Operations": {"2020-12-31": "82.60000", "2020-09-30": "108.60000", "2020-06-30": "89.10000", "2020-03-31": "75.70000", "2019-12-31": "103.10000", "2019-09-30": "132.60000", "2019-06-30": "97.90000", "2019-03-31": "73.80000", "2018-12-31": "89.20000", "2018-09-30": "114.70000", "2018-06-30": "102.40000", "2018-03-31": "59.80000", "2017-12-31": "22.40000", "2017-09-30": "82.80000", "2017-06-30": "80.80000", "2017-03-31": "63.90000", "2016-12-31": "65.70000", "2016-09-30": "88.10000", "2016-06-30": "82.00000", "2016-03-31": "62.00000", "2015-12-31": "62.70000", "2015-09-30": "74.70000", "2015-06-30": "81.30000", "2015-03-31": "63.40000", "2014-12-31": "80.60000", "2014-09-30": "90.50000", "2014-06-30": "90.80000", "2014-03-31": "65.30000", "2013-12-31": "82.80000", "2013-09-30": "97.20000", "2013-06-30": "83.00000", "2013-03-31": "66.80000", "2012-12-31": "72.90000", "2012-09-30": "87.60000", "2012-06-30": "78.00000", "2012-03-31": "63.60000", "2011-12-31": "70.50000", "2011-09-30": "83.30000", "2011-06-30": "65.70000", "2011-03-31": "50.70000", "2010-12-31": "50.20000", "2010-09-30": "71.70000", "2010-06-30": "57.90000", "2010-03-31": "39.00000", "2009-12-31": "50.10000", "2009-09-30": "57.50000", "2009-06-30": "39.60000", "2009-03-31": "34.10000", "2008-12-31": "46.80000", "2008-09-30": "66.50000", "2008-06-30": "61.50000", "2008-03-31": "48.40000", "2007-12-31": "48.00000", "2007-09-30": "65.30000", "2007-06-30": "53.30000", "2007-03-31": "41.70000", "2006-12-31": "29.20000", "2006-09-30": "47.60000", "2006-06-30": "41.60000", "2006-03-31": "39.70000", "2005-12-31": "52.10000", "2005-09-30": "48.50000", "2005-06-30": "35.70000", "2005-03-31": "28.80000"}, "Income From Discontinued Operations": {"2020-12-31": "", "2020-09-30": "", "2020-06-30": "", "2020-03-31": "", "2019-12-31": "", "2019-09-30": "", "2019-06-30": "", "2019-03-31": "", "2018-12-31": "", "2018-09-30": "", "2018-06-30": "", "2018-03-31": "", "2017-12-31": "", "2017-09-30": "", "2017-06-30": "", "2017-03-31": "", "2016-12-31": "", "2016-09-30": "", "2016-06-30": "", "2016-03-31": "", "2015-12-31": "", "2015-09-30": "", "2015-06-30": "", "2015-03-31": "", "2014-12-31": "", "2014-09-30": "", "2014-06-30": "", "2014-03-31": "", "2013-12-31": "", "2013-09-30": "", "2013-06-30": "", "2013-03-31": "", "2012-12-31": "", "2012-09-30": "", "2012-06-30": "", "2012-03-31": "", "2011-12-31": "", "2011-09-30": "", "2011-06-30": "", "2011-03-31": "", "2010-12-31": "", "2010-09-30": "", "2010-06-30": "", "2010-03-31": "", "2009-12-31": "", "2009-09-30": "", "2009-06-30": "", "2009-03-31": "", "2008-12-31": "", "2008-09-30": "", "2008-06-30": "", "2008-03-31": "", "2007-12-31": "", "2007-09-30": "", "2007-06-30": "", "2007-03-31": "", "2006-12-31": "", "2006-09-30": "", "2006-06-30": "", "2006-03-31": "", "2005-12-31": "", "2005-09-30": "", "2005-06-30": "", "2005-03-31": ""}, "Net Income": {"2020-12-31": "80.90000", "2020-09-30": "106.70000", "2020-06-30": "87.90000", "2020-03-31": "74.70000", "2019-12-31": "101.60000", "2019-09-30": "130.20000", "2019-06-30": "95.60000", "2019-03-31": "72.00000", "2018-12-31": "86.90000", "2018-09-30": "113.60000", "2018-06-30": "100.30000", "2018-03-31": "58.10000", "2017-12-31": "20.40000", "2017-09-30": "80.50000", "2017-06-30": "78.80000", "2017-03-31": "62.60000", "2016-12-31": "64.20000", "2016-09-30": "86.40000", "2016-06-30": "80.80000", "2016-03-31": "60.70000", "2015-12-31": "61.40000", "2015-09-30": "73.10000", "2015-06-30": "79.90000", "2015-03-31": "62.20000", "2014-12-31": "81.00000", "2014-09-30": "89.50000", "2014-06-30": "89.90000", "2014-03-31": "64.00000", "2013-12-31": "81.60000", "2013-09-30": "96.20000", "2013-06-30": "81.80000", "2013-03-31": "65.90000", "2012-12-31": "71.70000", "2012-09-30": "86.80000", "2012-06-30": "77.20000", "2012-03-31": "63.00000", "2011-12-31": "69.70000", "2011-09-30": "82.20000", "2011-06-30": "64.90000", "2011-03-31": "50.10000", "2010-12-31": "49.50000", "2010-09-30": "71.00000", "2010-06-30": "57.40000", "2010-03-31": "38.40000", "2009-12-31": "49.40000", "2009-09-30": "57.00000", "2009-06-30": "39.20000", "2009-03-31": "33.70000", "2008-12-31": "45.50000", "2008-09-30": "66.50000", "2008-06-30": "61.50000", "2008-03-31": "48.40000", "2007-12-31": "47.40000", "2007-09-30": "65.30000", "2007-06-30": "53.30000", "2007-03-31": "41.70000", "2006-12-31": "29.20000", "2006-09-30": "47.60000", "2006-06-30": "41.60000", "2006-03-31": "39.70000", "2005-12-31": "52.10000", "2005-09-30": "48.50000", "2005-06-30": "35.70000", "2005-03-31": "28.80000"}, "EBITDA": {"2020-12-31": "", "2020-09-30": "202.30000", "2020-06-30": "170.20000", "2020-03-31": "157.70000", "2019-12-31": "175.80030", "2019-09-30": "210.30000", "2019-06-30": "204.00000", "2019-03-31": "157.50000", "2018-12-31": "172.20050", "2018-09-30": "200.29990", "2018-06-30": "193.90000", "2018-03-31": "138.90000", "2017-12-31": "149.99990", "2017-09-30": "175.20000", "2017-06-30": "159.80000", "2017-03-31": "132.00000", "2016-12-31": "142.09970", "2016-09-30": "158.70000", "2016-06-30": "155.30000", "2016-03-31": "124.60000", "2015-12-31": "133.49990", "2015-09-30": "151.70000", "2015-06-30": "147.89990", "2015-03-31": "126.70000", "2014-12-31": "146.29980", "2014-09-30": "162.90000", "2014-06-30": "163.70000", "2014-03-31": "123.70000", "2013-12-31": "144.30020", "2013-09-30": "169.70000", "2013-06-30": "149.30000", "2013-03-31": "114.89990", "2012-12-31": "128.09980", "2012-09-30": "151.30000", "2012-06-30": "141.30010", "2012-03-31": "117.90000", "2011-12-31": "126.30000", "2011-09-30": "142.20000", "2011-06-30": "122.30000", "2011-03-31": "101.20000", "2010-12-31": "108.69990", "2010-09-30": "135.60000", "2010-06-30": "112.00000", "2010-03-31": "84.00000", "2009-12-31": "99.00010", "2009-09-30": "108.00000", "2009-06-30": "83.90000", "2009-03-31": "74.40000", "2008-12-31": "89.10000", "2008-09-30": "119.30000", "2008-06-30": "110.29990", "2008-03-31": "90.40010", "2007-12-31": "84.00000", "2007-09-30": "103.80000", "2007-06-30": "93.00000", "2007-03-31": "78.80000", "2006-12-31": "55.90010", "2006-09-30": "87.20000", "2006-06-30": "75.40000", "2006-03-31": "70.80000", "2005-12-31": "71.89990", "2005-09-30": "85.60000", "2005-06-30": "65.30000", "2005-03-31": "54.40000"}, "EBIT": {"2020-12-31": "119.80000", "2020-09-30": "162.90000", "2020-06-30": "131.50000", "2020-03-31": "118.80000", "2019-12-31": "135.90000", "2019-09-30": "172.90000", "2019-06-30": "166.90000", "2019-03-31": "120.90000", "2018-12-31": "136.60020", "2018-09-30": "163.79990", "2018-06-30": "156.90000", "2018-03-31": "99.60000", "2017-12-31": "126.50010", "2017-09-30": "150.10000", "2017-06-30": "134.40000", "2017-03-31": "107.80000", "2016-12-31": "119.79980", "2016-09-30": "136.00000", "2016-06-30": "132.10000", "2016-03-31": "101.90000", "2015-12-31": "111.89990", "2015-09-30": "131.00000", "2015-06-30": "126.70000", "2015-03-31": "105.00000", "2014-12-31": "126.09990", "2014-09-30": "142.80000", "2014-06-30": "143.70000", "2014-03-31": "104.80000", "2013-12-31": "126.20010", "2013-09-30": "151.60000", "2013-06-30": "132.10000", "2013-03-31": "97.70000", "2012-12-31": "110.49970", "2012-09-30": "135.10000", "2012-06-30": "124.50010", "2012-03-31": "101.70000", "2011-12-31": "109.80000", "2011-09-30": "125.30000", "2011-06-30": "105.10000", "2011-03-31": "83.60000", "2010-12-31": "91.00000", "2010-09-30": "117.60000", "2010-06-30": "93.50000", "2010-03-31": "65.70000", "2009-12-31": "79.50020", "2009-09-30": "91.30000", "2009-06-30": "66.60000", "2009-03-31": "57.30000", "2008-12-31": "72.40000", "2008-09-30": "103.30000", "2008-06-30": "94.99990", "2008-03-31": "75.30010", "2007-12-31": "68.59990", "2007-09-30": "88.90000", "2007-06-30": "78.00000", "2007-03-31": "63.90000", "2006-12-31": "41.70000", "2006-09-30": "72.90000", "2006-06-30": "61.40000", "2006-03-31": "57.90000", "2005-12-31": "58.19980", "2005-09-30": "73.30000", "2005-06-30": "52.90000", "2005-03-31": "42.40000"}, "Basic Shares Outstanding": {"2020-12-31": "54.20000", "2020-09-30": "54.20000", "2020-06-30": "54.10000", "2020-03-31": "54.30000", "2019-12-31": "54.40000", "2019-09-30": "54.30000", "2019-06-30": "54.30000", "2019-03-31": "54.40000", "2018-12-31": "54.60000", "2018-09-30": "54.60000", "2018-06-30": "54.70000", "2018-03-31": "54.70000", "2017-12-31": "54.80000", "2017-09-30": "54.60000", "2017-06-30": "54.80000", "2017-03-31": "55.20000", "2016-12-31": "55.50000", "2016-09-30": "55.30000", "2016-06-30": "55.30000", "2016-03-31": "56.30000", "2015-12-31": "57.70000", "2015-09-30": "57.70000", "2015-06-30": "57.70000", "2015-03-31": "58.00000", "2014-12-31": "58.80000", "2014-09-30": "58.90000", "2014-06-30": "59.00000", "2014-03-31": "59.00000", "2013-12-31": "59.10000", "2013-09-30": "59.10000", "2013-06-30": "59.10000", "2013-03-31": "59.10000", "2012-12-31": "59.10000", "2012-09-30": "59.10000", "2012-06-30": "59.10000", "2012-03-31": "59.20000", "2011-12-31": "59.70000", "2011-09-30": "59.30000", "2011-06-30": "60.00000", "2011-03-31": "60.40000", "2010-12-31": "59.90000", "2010-09-30": "59.80000", "2010-06-30": "59.80000", "2010-03-31": "59.70000", "2009-12-31": "56.80000", "2009-09-30": "56.30000", "2009-06-30": "56.20000", "2009-03-31": "56.20000", "2008-12-31": "56.20000", "2008-09-30": "56.10000", "2008-06-30": "56.00000", "2008-03-31": "56.70000", "2007-12-31": "59.00000", "2007-09-30": "58.30000", "2007-06-30": "59.40000", "2007-03-31": "59.70000", "2006-12-31": "60.40000", "2006-09-30": "60.30000", "2006-06-30": "60.70000", "2006-03-31": "60.50000", "2005-12-31": "61.00000", "2005-09-30": "60.70000", "2005-06-30": "61.00000", "2005-03-31": "61.50000"}, "Shares Outstanding": {"2020-12-31": "54.60000", "2020-09-30": "54.50000", "2020-06-30": "54.30000", "2020-03-31": "54.60000", "2019-12-31": "54.70000", "2019-09-30": "54.60000", "2019-06-30": "54.60000", "2019-03-31": "54.60000", "2018-12-31": "54.90000", "2018-09-30": "54.90000", "2018-06-30": "54.90000", "2018-03-31": "55.10000", "2017-12-31": "55.10000", "2017-09-30": "54.90000", "2017-06-30": "55.10000", "2017-03-31": "55.60000", "2016-12-31": "55.70000", "2016-09-30": "55.50000", "2016-06-30": "55.60000", "2016-03-31": "56.50000", "2015-12-31": "58.00000", "2015-09-30": "57.90000", "2015-06-30": "58.00000", "2015-03-31": "58.30000", "2014-12-31": "59.20000", "2014-09-30": "59.40000", "2014-06-30": "59.40000", "2014-03-31": "59.50000", "2013-12-31": "59.60000", "2013-09-30": "59.50000", "2013-06-30": "59.60000", "2013-03-31": "59.60000", "2012-12-31": "59.80000", "2012-09-30": "59.70000", "2012-06-30": "59.70000", "2012-03-31": "59.90000", "2011-12-31": "60.40000", "2011-09-30": "59.90000", "2011-06-30": "60.80000", "2011-03-31": "61.20000", "2010-12-31": "60.30000", "2010-09-30": "60.20000", "2010-06-30": "60.20000", "2010-03-31": "60.10000", "2009-12-31": "57.00000", "2009-09-30": "56.50000", "2009-06-30": "56.30000", "2009-03-31": "56.30000", "2008-12-31": "56.50000", "2008-09-30": "56.50000", "2008-06-30": "56.50000", "2008-03-31": "57.20000", "2007-12-31": "59.50000", "2007-09-30": "59.20000", "2007-06-30": "60.20000", "2007-03-31": "60.40000", "2006-12-31": "61.10000", "2006-09-30": "61.10000", "2006-06-30": "61.60000", "2006-03-31": "61.20000", "2005-12-31": "61.80000", "2005-09-30": "61.50000", "2005-06-30": "61.90000", "2005-03-31": "62.70000"}, "Basic EPS": {"2020-12-31": "1.49000", "2020-09-30": "1.97000", "2020-06-30": "1.62000", "2020-03-31": "1.38000", "2019-12-31": "1.87000", "2019-09-30": "2.40000", "2019-06-30": "1.76000", "2019-03-31": "1.32000", "2018-12-31": "1.61000", "2018-09-30": "2.07000", "2018-06-30": "1.83000", "2018-03-31": "1.06000", "2017-12-31": "0.38000", "2017-09-30": "1.47000", "2017-06-30": "1.44000", "2017-03-31": "1.13000", "2016-12-31": "1.16000", "2016-09-30": "1.56000", "2016-06-30": "1.46000", "2016-03-31": "1.08000", "2015-12-31": "1.06000", "2015-09-30": "1.27000", "2015-06-30": "1.39000", "2015-03-31": "1.07000", "2014-12-31": "1.38000", "2014-09-30": "1.52000", "2014-06-30": "1.53000", "2014-03-31": "1.08000", "2013-12-31": "1.39000", "2013-09-30": "1.63000", "2013-06-30": "1.38000", "2013-03-31": "1.11000", "2012-12-31": "1.21000", "2012-09-30": "1.47000", "2012-06-30": "1.31000", "2012-03-31": "1.06000", "2011-12-31": "1.18000", "2011-09-30": "1.38000", "2011-06-30": "1.08000", "2011-03-31": "0.83000", "2010-12-31": "0.82000", "2010-09-30": "1.19000", "2010-06-30": "0.96000", "2010-03-31": "0.64000", "2009-12-31": "0.85000", "2009-09-30": "1.01000", "2009-06-30": "0.70000", "2009-03-31": "0.60000", "2008-12-31": "0.83000", "2008-09-30": "1.18000", "2008-06-30": "1.10000", "2008-03-31": "0.85000", "2007-12-31": "0.81000", "2007-09-30": "1.12000", "2007-06-30": "0.90000", "2007-03-31": "0.70000", "2006-12-31": "0.49000", "2006-09-30": "0.79000", "2006-06-30": "0.68000", "2006-03-31": "0.66000", "2005-12-31": "0.86000", "2005-09-30": "0.80000", "2005-06-30": "0.58000", "2005-03-31": "0.47000"}, "EPS - Earnings Per Share": {"2020-12-31": "1.48000", "2020-09-30": "1.96000", "2020-06-30": "1.62000", "2020-03-31": "1.37000", "2019-12-31": "1.86000", "2019-09-30": "2.38000", "2019-06-30": "1.75000", "2019-03-31": "1.32000", "2018-12-31": "1.61000", "2018-09-30": "2.06000", "2018-06-30": "1.82000", "2018-03-31": "1.05000", "2017-12-31": "0.36000", "2017-09-30": "1.47000", "2017-06-30": "1.43000", "2017-03-31": "1.13000", "2016-12-31": "1.15000", "2016-09-30": "1.56000", "2016-06-30": "1.45000", "2016-03-31": "1.08000", "2015-12-31": "1.06000", "2015-09-30": "1.27000", "2015-06-30": "1.37000", "2015-03-31": "1.07000", "2014-12-31": "1.38000", "2014-09-30": "1.51000", "2014-06-30": "1.51000", "2014-03-31": "1.08000", "2013-12-31": "1.38000", "2013-09-30": "1.62000", "2013-06-30": "1.37000", "2013-03-31": "1.10000", "2012-12-31": "1.21000", "2012-09-30": "1.45000", "2012-06-30": "1.29000", "2012-03-31": "1.05000", "2011-12-31": "1.16000", "2011-09-30": "1.37000", "2011-06-30": "1.07000", "2011-03-31": "0.82000", "2010-12-31": "0.82000", "2010-09-30": "1.18000", "2010-06-30": "0.95000", "2010-03-31": "0.64000", "2009-12-31": "0.84000", "2009-09-30": "1.01000", "2009-06-30": "0.70000", "2009-03-31": "0.60000", "2008-12-31": "0.81000", "2008-09-30": "1.18000", "2008-06-30": "1.09000", "2008-03-31": "0.85000", "2007-12-31": "0.81000", "2007-09-30": "1.10000", "2007-06-30": "0.89000", "2007-03-31": "0.69000", "2006-12-31": "0.49000", "2006-09-30": "0.78000", "2006-06-30": "0.67000", "2006-03-31": "0.65000", "2005-12-31": "0.84000", "2005-09-30": "0.79000", "2005-06-30": "0.58000", "2005-03-31": "0.46000"}}, "balance sheet": {"Cash On Hand": {"2020-12-31": "268.90000", "2019-12-31": "196.20000", "2018-12-31": "198.20000", "2017-12-31": "389.50000", "2016-12-31": "448.80000", "2015-12-31": "355.70000", "2014-12-31": "661.70000", "2013-12-31": "750.80000", "2012-12-31": "653.80000", "2011-12-31": "582.40000", "2010-12-31": "529.50000", "2009-12-31": "261.10000", "2008-12-31": "178.20000", "2007-12-31": "77.50000", "2006-12-31": "81.20000", "2005-12-31": "231.90000"}, "Receivables": {"2020-12-31": "634.70000", "2019-12-31": "683.00000", "2018-12-31": "725.40000", "2017-12-31": "540.30000", "2016-12-31": "530.00000", "2015-12-31": "466.60000", "2014-12-31": "469.80000", "2013-12-31": "440.90000", "2012-12-31": "405.20000", "2011-12-31": "394.30000", "2010-12-31": "341.80000", "2009-12-31": "310.10000", "2008-12-31": "357.00000", "2007-12-31": "332.40000", "2006-12-31": "354.30000", "2005-12-31": "310.40000"}, "Inventory": {"2020-12-31": "607.30000", "2019-12-31": "633.00000", "2018-12-31": "651.00000", "2017-12-31": "634.70000", "2016-12-31": "532.40000", "2015-12-31": "540.00000", "2014-12-31": "441.80000", "2013-12-31": "385.70000", "2012-12-31": "341.70000", "2011-12-31": "318.30000", "2010-12-31": "298.40000", "2009-12-31": "263.50000", "2008-12-31": "335.20000", "2007-12-31": "322.90000", "2006-12-31": "338.20000", "2005-12-31": "237.10000"}, "Pre-Paid Expenses": {"2020-12-31": "", "2019-12-31": "", "2018-12-31": "", "2017-12-31": "", "2016-12-31": "", "2015-12-31": "", "2014-12-31": "", "2013-12-31": "", "2012-12-31": "", "2011-12-31": "", "2010-12-31": "", "2009-12-31": "", "2008-12-31": "", "2007-12-31": "", "2006-12-31": "", "2005-12-31": ""}, "Other Current Assets": {"2020-12-31": "76.70000", "2019-12-31": "62.00000", "2018-12-31": "69.10000", "2017-12-31": "39.60000", "2016-12-31": "40.10000", "2015-12-31": "25.50000", "2014-12-31": "", "2013-12-31": "", "2012-12-31": "", "2011-12-31": "", "2010-12-31": "", "2009-12-31": "", "2008-12-31": "", "2007-12-31": "", "2006-12-31": "", "2005-12-31": ""}, "Total Current Assets": {"2020-12-31": "1587.60000", "2019-12-31": "1574.20000", "2018-12-31": "1643.70000", "2017-12-31": "1604.10000", "2016-12-31": "1551.30000", "2015-12-31": "1387.80000", "2014-12-31": "1629.40000", "2013-12-31": "1632.40000", "2012-12-31": "1456.20000", "2011-12-31": "1353.50000", "2010-12-31": "1226.10000", "2009-12-31": "911.30000", "2008-12-31": "919.10000", "2007-12-31": "788.00000", "2006-12-31": "814.40000", "2005-12-31": "820.10000"}, "Property, Plant, And Equipment": {"2020-12-31": "519.20000", "2019-12-31": "505.20000", "2018-12-31": "502.10000", "2017-12-31": "458.30000", "2016-12-31": "439.80000", "2015-12-31": "419.70000", "2014-12-31": "401.20000", "2013-12-31": "377.10000", "2012-12-31": "364.70000", "2011-12-31": "359.60000", "2010-12-31": "358.30000", "2009-12-31": "368.80000", "2008-12-31": "349.10000", "2007-12-31": "327.10000", "2006-12-31": "318.50000", "2005-12-31": "267.80000"}, "Long-Term Investments": {"2020-12-31": "71.10000", "2019-12-31": "55.70000", "2018-12-31": "56.30000", "2017-12-31": "57.70000", "2016-12-31": "56.40000", "2015-12-31": "49.50000", "2014-12-31": "44.10000", "2013-12-31": "35.80000", "2012-12-31": "36.70000", "2011-12-31": "42.00000", "2010-12-31": "30.20000", "2009-12-31": "25.50000", "2008-12-31": "35.10000", "2007-12-31": "39.20000", "2006-12-31": "0.30000", "2005-12-31": "78.80000"}, "Goodwill And Intangible Assets": {"2020-12-31": "2733.90000", "2019-12-31": "2593.30000", "2018-12-31": "2603.90000", "2017-12-31": "1549.40000", "2016-12-31": "1422.50000", "2015-12-31": "1300.70000", "2014-12-31": "1197.50000", "2013-12-31": "1087.00000", "2012-12-31": "1043.60000", "2011-12-31": "996.80000", "2010-12-31": "997.50000", "2009-12-31": "1097.20000", "2008-12-31": "812.20000", "2007-12-31": "709.10000", "2006-12-31": "618.30000", "2005-12-31": "500.30000"}, "Other Long-Term Assets": {"2020-12-31": "173.30000", "2019-12-31": "174.60000", "2018-12-31": "66.10000", "2017-12-31": "51.10000", "2016-12-31": "55.00000", "2015-12-31": "51.00000", "2014-12-31": "47.90000", "2013-12-31": "54.90000", "2012-12-31": "45.80000", "2011-12-31": "94.60000", "2010-12-31": "93.70000", "2009-12-31": "", "2008-12-31": "", "2007-12-31": "", "2006-12-31": "", "2005-12-31": ""}, "Total Long-Term Assets": {"2020-12-31": "3497.50000", "2019-12-31": "3328.80000", "2018-12-31": "3228.40000", "2017-12-31": "2116.50000", "2016-12-31": "1973.70000", "2015-12-31": "1820.90000", "2014-12-31": "1690.70000", "2013-12-31": "1554.80000", "2012-12-31": "1490.80000", "2011-12-31": "1493.00000", "2010-12-31": "1479.70000", "2009-12-31": "1491.50000", "2008-12-31": "1196.40000", "2007-12-31": "1075.40000", "2006-12-31": "937.10000", "2005-12-31": "846.90000"}, "Total Assets": {"2020-12-31": "5085.10000", "2019-12-31": "4903.00000", "2018-12-31": "4872.10000", "2017-12-31": "3720.60000", "2016-12-31": "3525.00000", "2015-12-31": "3208.70000", "2014-12-31": "3320.10000", "2013-12-31": "3187.20000", "2012-12-31": "2947.00000", "2011-12-31": "2846.50000", "2010-12-31": "2705.80000", "2009-12-31": "2402.80000", "2008-12-31": "2115.50000", "2007-12-31": "1863.40000", "2006-12-31": "1751.50000", "2005-12-31": "1667.00000"}, "Total Current Liabilities": {"2020-12-31": "948.20000", "2019-12-31": "844.90000", "2018-12-31": "839.30000", "2017-12-31": "706.10000", "2016-12-31": "589.60000", "2015-12-31": "603.10000", "2014-12-31": "499.20000", "2013-12-31": "467.00000", "2012-12-31": "447.40000", "2011-12-31": "492.10000", "2010-12-31": "445.00000", "2009-12-31": "418.50000", "2008-12-31": "425.00000", "2007-12-31": "419.50000", "2006-12-31": "382.30000", "2005-12-31": "360.50000"}, "Long Term Debt": {"2020-12-31": "1436.90000", "2019-12-31": "1506.00000", "2018-12-31": "1737.10000", "2017-12-31": "987.10000", "2016-12-31": "990.50000", "2015-12-31": "595.90000", "2014-12-31": "594.90000", "2013-12-31": "597.20000", "2012-12-31": "596.70000", "2011-12-31": "596.30000", "2010-12-31": "595.90000", "2009-12-31": "497.20000", "2008-12-31": "497.40000", "2007-12-31": "199.40000", "2006-12-31": "199.30000", "2005-12-31": "199.20000"}, "Other Non-Current Liabilities": {"2020-12-31": "614.60000", "2019-12-31": "591.60000", "2018-12-31": "496.80000", "2017-12-31": "379.50000", "2016-12-31": "341.70000", "2015-12-31": "260.70000", "2014-12-31": "290.30000", "2013-12-31": "208.20000", "2012-12-31": "235.00000", "2011-12-31": "284.60000", "2010-12-31": "201.40000", "2009-12-31": "185.10000", "2008-12-31": "182.00000", "2007-12-31": "161.90000", "2006-12-31": "154.40000", "2005-12-31": "109.20000"}, "Total Long Term Liabilities": {"2020-12-31": "2051.50000", "2019-12-31": "2097.60000", "2018-12-31": "2233.90000", "2017-12-31": "1366.60000", "2016-12-31": "1332.20000", "2015-12-31": "856.60000", "2014-12-31": "885.20000", "2013-12-31": "805.40000", "2012-12-31": "831.70000", "2011-12-31": "880.90000", "2010-12-31": "797.30000", "2009-12-31": "682.30000", "2008-12-31": "679.40000", "2007-12-31": "361.30000", "2006-12-31": "353.70000", "2005-12-31": "308.40000"}, "Total Liabilities": {"2020-12-31": "2999.70000", "2019-12-31": "2942.50000", "2018-12-31": "3073.20000", "2017-12-31": "2072.70000", "2016-12-31": "1921.80000", "2015-12-31": "1459.70000", "2014-12-31": "1384.40000", "2013-12-31": "1272.40000", "2012-12-31": "1279.10000", "2011-12-31": "1373.00000", "2010-12-31": "1242.30000", "2009-12-31": "1100.80000", "2008-12-31": "1104.40000", "2007-12-31": "780.80000", "2006-12-31": "736.00000", "2005-12-31": "668.90000"}, "Common Stock Net": {"2020-12-31": "", "2019-12-31": "0.60000", "2018-12-31": "0.60000", "2017-12-31": "0.60000", "2016-12-31": "0.60000", "2015-12-31": "0.60000", "2014-12-31": "0.60000", "2013-12-31": "0.60000", "2012-12-31": "0.60000", "2011-12-31": "0.60000", "2010-12-31": "0.60000", "2009-12-31": "0.60000", "2008-12-31": "0.60000", "2007-12-31": "0.60000", "2006-12-31": "0.60000", "2005-12-31": "0.60000"}, "Retained Earnings (Accumulated Deficit)": {"2020-12-31": "", "2019-12-31": "2279.40000", "2018-12-31": "2064.40000", "2017-12-31": "1892.40000", "2016-12-31": "1879.30000", "2015-12-31": "1886.10000", "2014-12-31": "1944.10000", "2013-12-31": "1740.20000", "2012-12-31": "1715.70000", "2011-12-31": "1515.80000", "2010-12-31": "1338.60000", "2009-12-31": "1208.00000", "2008-12-31": "1108.00000", "2007-12-31": "962.70000", "2006-12-31": "827.40000", "2005-12-31": "749.10000"}, "Comprehensive Income": {"2020-12-31": "", "2019-12-31": "-332.90000", "2018-12-31": "-285.70000", "2017-12-31": "-269.80000", "2016-12-31": "-302.50000", "2015-12-31": "-224.20000", "2014-12-31": "-164.30000", "2013-12-31": "-71.00000", "2012-12-31": "-119.10000", "2011-12-31": "-150.40000", "2010-12-31": "-81.30000", "2009-12-31": "-68.80000", "2008-12-31": "-116.80000", "2007-12-31": "26.00000", "2006-12-31": "-32.40000", "2005-12-31": "-10.80000"}, "Other Share Holders Equity": {"2020-12-31": "", "2019-12-31": "", "2018-12-31": "", "2017-12-31": "", "2016-12-31": "", "2015-12-31": "", "2014-12-31": "", "2013-12-31": "", "2012-12-31": "", "2011-12-31": "", "2010-12-31": "", "2009-12-31": "", "2008-12-31": "", "2007-12-31": "", "2006-12-31": "", "2005-12-31": ""}, "Share Holder Equity": {"2020-12-31": "2085.40000", "2019-12-31": "1960.50000", "2018-12-31": "1798.90000", "2017-12-31": "1647.90000", "2016-12-31": "1603.20000", "2015-12-31": "1749.00000", "2014-12-31": "1935.70000", "2013-12-31": "1914.80000", "2012-12-31": "1667.90000", "2011-12-31": "1473.50000", "2010-12-31": "1463.50000", "2009-12-31": "1302.00000", "2008-12-31": "1011.10000", "2007-12-31": "1082.60000", "2006-12-31": "1015.50000", "2005-12-31": "998.10000"}, "Total Liabilities And Share Holders Equity": {"2020-12-31": "5085.10000", "2019-12-31": "4903.00000", "2018-12-31": "4872.10000", "2017-12-31": "3720.60000", "2016-12-31": "3525.00000", "2015-12-31": "3208.70000", "2014-12-31": "3320.10000", "2013-12-31": "3187.20000", "2012-12-31": "2947.00000", "2011-12-31": "2846.50000", "2010-12-31": "2705.80000", "2009-12-31": "2402.80000", "2008-12-31": "2115.50000", "2007-12-31": "1863.40000", "2006-12-31": "1751.50000", "2005-12-31": "1667.00000"}}, "balance sheet, quarterly": {"Cash On Hand": {"2020-12-31": "268.90000", "2020-09-30": "278.20000", "2020-06-30": "494.90000", "2020-03-31": "313.50000", "2019-12-31": "196.20000", "2019-09-30": "311.30000", "2019-06-30": "220.40000", "2019-03-31": "214.80000", "2018-12-31": "198.20000", "2018-09-30": "240.00000", "2018-06-30": "205.30000", "2018-03-31": "231.80000", "2017-12-31": "389.50000", "2017-09-30": "400.00000", "2017-06-30": "381.50000", "2017-03-31": "390.80000", "2016-12-31": "448.80000", "2016-09-30": "378.20000", "2016-06-30": "348.40000", "2016-03-31": "332.70000", "2015-12-31": "355.70000", "2015-09-30": "443.70000", "2015-06-30": "454.70000", "2015-03-31": "422.90000", "2014-12-31": "661.70000", "2014-09-30": "661.90000", "2014-06-30": "605.80000", "2014-03-31": "655.10000", "2013-12-31": "750.80000", "2013-09-30": "640.90000", "2013-06-30": "593.60000", "2013-03-31": "616.30000", "2012-12-31": "653.80000", "2012-09-30": "614.60000", "2012-06-30": "559.80000", "2012-03-31": "576.30000", "2011-12-31": "582.40000", "2011-09-30": "518.50000", "2011-06-30": "517.20000", "2011-03-31": "504.70000", "2010-12-31": "529.50000", "2010-09-30": "354.20000", "2010-06-30": "290.20000", "2010-03-31": "264.70000", "2009-12-31": "261.10000", "2009-09-30": "412.40000", "2009-06-30": "282.10000", "2009-03-31": "192.00000", "2008-12-31": "178.20000", "2008-09-30": "194.10000", "2008-06-30": "218.00000", "2008-03-31": "100.30000", "2007-12-31": "77.50000", "2007-09-30": "86.50000", "2007-06-30": "69.20000", "2007-03-31": "86.90000", "2006-12-31": "81.20000", "2006-09-30": "54.90000", "2006-06-30": "74.80000", "2006-03-31": "170.00000", "2005-12-31": "231.90000", "2005-09-30": "268.40000", "2005-06-30": "307.10000", "2005-03-31": "316.40000"}, "Receivables": {"2020-12-31": "634.70000", "2020-09-30": "711.40000", "2020-06-30": "644.10000", "2020-03-31": "707.70000", "2019-12-31": "683.00000", "2019-09-30": "787.10000", "2019-06-30": "785.50000", "2019-03-31": "716.20000", "2018-12-31": "725.40000", "2018-09-30": "788.20000", "2018-06-30": "779.70000", "2018-03-31": "704.00000", "2017-12-31": "540.30000", "2017-09-30": "615.10000", "2017-06-30": "600.80000", "2017-03-31": "545.00000", "2016-12-31": "530.00000", "2016-09-30": "565.90000", "2016-06-30": "516.80000", "2016-03-31": "503.70000", "2015-12-31": "466.60000", "2015-09-30": "530.90000", "2015-06-30": "512.50000", "2015-03-31": "501.70000", "2014-12-31": "469.80000", "2014-09-30": "542.80000", "2014-06-30": "506.00000", "2014-03-31": "468.30000", "2013-12-31": "440.90000", "2013-09-30": "499.50000", "2013-06-30": "468.80000", "2013-03-31": "443.60000", "2012-12-31": "405.20000", "2012-09-30": "468.60000", "2012-06-30": "437.60000", "2012-03-31": "415.80000", "2011-12-31": "394.30000", "2011-09-30": "455.30000", "2011-06-30": "408.10000", "2011-03-31": "397.50000", "2010-12-31": "341.80000", "2010-09-30": "409.40000", "2010-06-30": "371.70000", "2010-03-31": "348.40000", "2009-12-31": "310.10000", "2009-09-30": "332.20000", "2009-06-30": "326.80000", "2009-03-31": "334.40000", "2008-12-31": "357.00000", "2008-09-30": "428.70000", "2008-06-30": "383.40000", "2008-03-31": "371.00000", "2007-12-31": "332.40000", "2007-09-30": "421.20000", "2007-06-30": "389.90000", "2007-03-31": "399.20000", "2006-12-31": "354.30000", "2006-09-30": "411.20000", "2006-06-30": "377.10000", "2006-03-31": "355.80000", "2005-12-31": "310.40000", "2005-09-30": "341.20000", "2005-06-30": "300.90000", "2005-03-31": "299.70000"}, "Inventory": {"2020-12-31": "607.30000", "2020-09-30": "584.90000", "2020-06-30": "604.20000", "2020-03-31": "595.70000", "2019-12-31": "633.00000", "2019-09-30": "662.00000", "2019-06-30": "661.90000", "2019-03-31": "663.00000", "2018-12-31": "651.00000", "2018-09-30": "672.50000", "2018-06-30": "686.70000", "2018-03-31": "714.30000", "2017-12-31": "634.70000", "2017-09-30": "623.60000", "2017-06-30": "585.30000", "2017-03-31": "547.80000", "2016-12-31": "532.40000", "2016-09-30": "545.70000", "2016-06-30": "546.80000", "2016-03-31": "559.50000", "2015-12-31": "540.00000", "2015-09-30": "527.00000", "2015-06-30": "511.90000", "2015-03-31": "485.50000", "2014-12-31": "441.80000", "2014-09-30": "445.90000", "2014-06-30": "429.80000", "2014-03-31": "418.10000", "2013-12-31": "385.70000", "2013-09-30": "401.90000", "2013-06-30": "384.70000", "2013-03-31": "350.60000", "2012-12-31": "341.70000", "2012-09-30": "356.30000", "2012-06-30": "355.30000", "2012-03-31": "337.40000", "2011-12-31": "318.30000", "2011-09-30": "331.20000", "2011-06-30": "324.20000", "2011-03-31": "303.70000", "2010-12-31": "298.40000", "2010-09-30": "294.00000", "2010-06-30": "276.50000", "2010-03-31": "270.40000", "2009-12-31": "263.50000", "2009-09-30": "247.90000", "2009-06-30": "279.60000", "2009-03-31": "320.10000", "2008-12-31": "335.20000", "2008-09-30": "340.00000", "2008-06-30": "331.70000", "2008-03-31": "332.90000", "2007-12-31": "322.90000", "2007-09-30": "316.20000", "2007-06-30": "316.40000", "2007-03-31": "318.10000", "2006-12-31": "338.20000", "2006-09-30": "341.60000", "2006-06-30": "306.10000", "2006-03-31": "259.30000", "2005-12-31": "237.10000", "2005-09-30": "224.90000", "2005-06-30": "229.60000", "2005-03-31": "232.30000"}, "Pre-Paid Expenses": {"2020-12-31": "", "2020-09-30": "", "2020-06-30": "", "2020-03-31": "", "2019-12-31": "", "2019-09-30": "", "2019-06-30": "", "2019-03-31": "", "2018-12-31": "", "2018-09-30": "", "2018-06-30": "", "2018-03-31": "", "2017-12-31": "", "2017-09-30": "", "2017-06-30": "", "2017-03-31": "", "2016-12-31": "", "2016-09-30": "", "2016-06-30": "", "2016-03-31": "", "2015-12-31": "", "2015-09-30": "", "2015-06-30": "", "2015-03-31": "", "2014-12-31": "", "2014-09-30": "", "2014-06-30": "", "2014-03-31": "", "2013-12-31": "", "2013-09-30": "", "2013-06-30": "", "2013-03-31": "", "2012-12-31": "", "2012-09-30": "", "2012-06-30": "", "2012-03-31": "", "2011-12-31": "", "2011-09-30": "", "2011-06-30": "", "2011-03-31": "", "2010-12-31": "", "2010-09-30": "", "2010-06-30": "", "2010-03-31": "", "2009-12-31": "", "2009-09-30": "", "2009-06-30": "", "2009-03-31": "", "2008-12-31": "", "2008-09-30": "", "2008-06-30": "", "2008-03-31": "", "2007-12-31": "", "2007-09-30": "", "2007-06-30": "", "2007-03-31": "", "2006-12-31": "", "2006-09-30": "", "2006-06-30": "", "2006-03-31": "45.80000", "2005-12-31": "", "2005-09-30": "", "2005-06-30": "", "2005-03-31": ""}, "Other Current Assets": {"2020-12-31": "76.70000", "2020-09-30": "65.90000", "2020-06-30": "50.40000", "2020-03-31": "58.10000", "2019-12-31": "62.00000", "2019-09-30": "49.50000", "2019-06-30": "61.20000", "2019-03-31": "56.60000", "2018-12-31": "69.10000", "2018-09-30": "59.40000", "2018-06-30": "64.20000", "2018-03-31": "70.70000", "2017-12-31": "39.60000", "2017-09-30": "46.30000", "2017-06-30": "42.00000", "2017-03-31": "34.00000", "2016-12-31": "40.10000", "2016-09-30": "31.90000", "2016-06-30": "", "2016-03-31": "", "2015-12-31": "25.50000", "2015-09-30": "", "2015-06-30": "", "2015-03-31": "", "2014-12-31": "", "2014-09-30": "", "2014-06-30": "", "2014-03-31": "", "2013-12-31": "", "2013-09-30": "", "2013-06-30": "", "2013-03-31": "", "2012-12-31": "", "2012-09-30": "", "2012-06-30": "", "2012-03-31": "", "2011-12-31": "", "2011-09-30": "", "2011-06-30": "", "2011-03-31": "", "2010-12-31": "", "2010-09-30": "", "2010-06-30": "", "2010-03-31": "", "2009-12-31": "", "2009-09-30": "", "2009-06-30": "", "2009-03-31": "", "2008-12-31": "", "2008-09-30": "", "2008-06-30": "", "2008-03-31": "", "2007-12-31": "", "2007-09-30": "", "2007-06-30": "", "2007-03-31": "", "2006-12-31": "", "2006-09-30": "", "2006-06-30": "", "2006-03-31": "", "2005-12-31": "", "2005-09-30": "", "2005-06-30": "", "2005-03-31": ""}, "Total Current Assets": {"2020-12-31": "1587.60000", "2020-09-30": "1640.40000", "2020-06-30": "1793.60000", "2020-03-31": "1675.00000", "2019-12-31": "1574.20000", "2019-09-30": "1809.90000", "2019-06-30": "1729.00000", "2019-03-31": "1650.60000", "2018-12-31": "1643.70000", "2018-09-30": "1760.10000", "2018-06-30": "1735.90000", "2018-03-31": "1720.80000", "2017-12-31": "1604.10000", "2017-09-30": "1685.00000", "2017-06-30": "1609.60000", "2017-03-31": "1517.60000", "2016-12-31": "1551.30000", "2016-09-30": "1521.70000", "2016-06-30": "1452.00000", "2016-03-31": "1425.40000", "2015-12-31": "1387.80000", "2015-09-30": "1566.10000", "2015-06-30": "1536.80000", "2015-03-31": "1470.50000", "2014-12-31": "1629.40000", "2014-09-30": "1703.30000", "2014-06-30": "1603.40000", "2014-03-31": "1600.30000", "2013-12-31": "1632.40000", "2013-09-30": "1596.30000", "2013-06-30": "1504.80000", "2013-03-31": "1470.50000", "2012-12-31": "1456.20000", "2012-09-30": "1492.60000", "2012-06-30": "1405.90000", "2012-03-31": "1384.90000", "2011-12-31": "1353.50000", "2011-09-30": "1364.50000", "2011-06-30": "1307.90000", "2011-03-31": "1267.20000", "2010-12-31": "1226.10000", "2010-09-30": "1125.10000", "2010-06-30": "1024.50000", "2010-03-31": "971.90000", "2009-12-31": "911.30000", "2009-09-30": "1037.10000", "2009-06-30": "939.20000", "2009-03-31": "900.70000", "2008-12-31": "919.10000", "2008-09-30": "1010.40000", "2008-06-30": "994.60000", "2008-03-31": "867.00000", "2007-12-31": "788.00000", "2007-09-30": "873.60000", "2007-06-30": "822.30000", "2007-03-31": "852.30000", "2006-12-31": "814.40000", "2006-09-30": "844.70000", "2006-06-30": "803.00000", "2006-03-31": "830.90000", "2005-12-31": "820.10000", "2005-09-30": "873.50000", "2005-06-30": "881.80000", "2005-03-31": "893.10000"}, "Property, Plant, And Equipment": {"2020-12-31": "519.20000", "2020-09-30": "485.30000", "2020-06-30": "489.10000", "2020-03-31": "495.50000", "2019-12-31": "505.20000", "2019-09-30": "497.60000", "2019-06-30": "509.30000", "2019-03-31": "504.50000", "2018-12-31": "502.10000", "2018-09-30": "499.50000", "2018-06-30": "496.30000", "2018-03-31": "494.90000", "2017-12-31": "458.30000", "2017-09-30": "449.10000", "2017-06-30": "441.60000", "2017-03-31": "437.80000", "2016-12-31": "439.80000", "2016-09-30": "436.30000", "2016-06-30": "431.30000", "2016-03-31": "430.80000", "2015-12-31": "419.70000", "2015-09-30": "411.00000", "2015-06-30": "409.00000", "2015-03-31": "402.40000", "2014-12-31": "401.20000", "2014-09-30": "400.50000", "2014-06-30": "400.10000", "2014-03-31": "385.80000", "2013-12-31": "377.10000", "2013-09-30": "370.30000", "2013-06-30": "370.00000", "2013-03-31": "364.50000", "2012-12-31": "364.70000", "2012-09-30": "356.90000", "2012-06-30": "356.50000", "2012-03-31": "361.60000", "2011-12-31": "359.60000", "2011-09-30": "357.30000", "2011-06-30": "365.00000", "2011-03-31": "365.60000", "2010-12-31": "358.30000", "2010-09-30": "357.70000", "2010-06-30": "361.50000", "2010-03-31": "366.00000", "2009-12-31": "368.80000", "2009-09-30": "329.10000", "2009-06-30": "341.20000", "2009-03-31": "344.70000", "2008-12-31": "349.10000", "2008-09-30": "341.50000", "2008-06-30": "332.60000", "2008-03-31": "331.10000", "2007-12-31": "327.10000", "2007-09-30": "322.50000", "2007-06-30": "323.30000", "2007-03-31": "325.20000", "2006-12-31": "318.50000", "2006-09-30": "311.00000", "2006-06-30": "298.30000", "2006-03-31": "272.30000", "2005-12-31": "267.80000", "2005-09-30": "266.10000", "2005-06-30": "260.00000", "2005-03-31": "261.50000"}, "Long-Term Investments": {"2020-12-31": "71.10000", "2020-09-30": "60.40000", "2020-06-30": "54.30000", "2020-03-31": "53.20000", "2019-12-31": "55.70000", "2019-09-30": "50.00000", "2019-06-30": "56.90000", "2019-03-31": "57.50000", "2018-12-31": "56.30000", "2018-09-30": "61.20000", "2018-06-30": "57.30000", "2018-03-31": "56.50000", "2017-12-31": "57.70000", "2017-09-30": "56.50000", "2017-06-30": "57.10000", "2017-03-31": "59.20000", "2016-12-31": "56.40000", "2016-09-30": "52.40000", "2016-06-30": "55.60000", "2016-03-31": "54.40000", "2015-12-31": "49.50000", "2015-09-30": "47.40000", "2015-06-30": "43.10000", "2015-03-31": "45.50000", "2014-12-31": "44.10000", "2014-09-30": "36.60000", "2014-06-30": "39.80000", "2014-03-31": "38.30000", "2013-12-31": "35.80000", "2013-09-30": "35.70000", "2013-06-30": "39.50000", "2013-03-31": "41.40000", "2012-12-31": "36.70000", "2012-09-30": "38.00000", "2012-06-30": "38.50000", "2012-03-31": "41.50000", "2011-12-31": "42.00000", "2011-09-30": "39.30000", "2011-06-30": "34.70000", "2011-03-31": "31.60000", "2010-12-31": "30.20000", "2010-09-30": "31.00000", "2010-06-30": "35.70000", "2010-03-31": "29.20000", "2009-12-31": "25.50000", "2009-09-30": "30.50000", "2009-06-30": "37.60000", "2009-03-31": "38.90000", "2008-12-31": "35.10000", "2008-09-30": "34.70000", "2008-06-30": "35.20000", "2008-03-31": "34.50000", "2007-12-31": "39.20000", "2007-09-30": "36.90000", "2007-06-30": "27.10000", "2007-03-31": "14.00000", "2006-12-31": "0.30000", "2006-09-30": "35.40000", "2006-06-30": "58.60000", "2006-03-31": "85.40000", "2005-12-31": "78.80000", "2005-09-30": "79.70000", "2005-06-30": "48.20000", "2005-03-31": "64.00000"}, "Goodwill And Intangible Assets": {"2020-12-31": "2733.90000", "2020-09-30": "2537.40000", "2020-06-30": "2549.40000", "2020-03-31": "2565.90000", "2019-12-31": "2593.30000", "2019-09-30": "2546.40000", "2019-06-30": "2568.70000", "2019-03-31": "2588.90000", "2018-12-31": "2603.90000", "2018-09-30": "2613.70000", "2018-06-30": "2625.30000", "2018-03-31": "2649.60000", "2017-12-31": "1549.40000", "2017-09-30": "1500.60000", "2017-06-30": "1505.50000", "2017-03-31": "1427.80000", "2016-12-31": "1422.50000", "2016-09-30": "1432.70000", "2016-06-30": "1431.50000", "2016-03-31": "1443.20000", "2015-12-31": "1300.70000", "2015-09-30": "1308.10000", "2015-06-30": "1288.30000", "2015-03-31": "1287.20000", "2014-12-31": "1197.50000", "2014-09-30": "1206.10000", "2014-06-30": "1204.40000", "2014-03-31": "1163.00000", "2013-12-31": "1087.00000", "2013-09-30": "1098.00000", "2013-06-30": "1087.50000", "2013-03-31": "1066.40000", "2012-12-31": "1043.60000", "2012-09-30": "1023.00000", "2012-06-30": "1030.30000", "2012-03-31": "1006.10000", "2011-12-31": "996.80000", "2011-09-30": "982.60000", "2011-06-30": "994.10000", "2011-03-31": "996.90000", "2010-12-31": "997.50000", "2010-09-30": "1095.40000", "2010-06-30": "1137.40000", "2010-03-31": "1142.30000", "2009-12-31": "1097.20000", "2009-09-30": "823.00000", "2009-06-30": "816.30000", "2009-03-31": "805.40000", "2008-12-31": "812.20000", "2008-09-30": "878.40000", "2008-06-30": "802.20000", "2008-03-31": "801.80000", "2007-12-31": "709.10000", "2007-09-30": "636.40000", "2007-06-30": "636.00000", "2007-03-31": "632.60000", "2006-12-31": "618.30000", "2006-09-30": "600.00000", "2006-06-30": "594.10000", "2006-03-31": "502.60000", "2005-12-31": "500.30000", "2005-09-30": "477.60000", "2005-06-30": "436.70000", "2005-03-31": "424.60000"}, "Other Long-Term Assets": {"2020-12-31": "173.30000", "2020-09-30": "153.60000", "2020-06-30": "172.30000", "2020-03-31": "169.50000", "2019-12-31": "174.60000", "2019-09-30": "170.40000", "2019-06-30": "172.10000", "2019-03-31": "174.60000", "2018-12-31": "66.10000", "2018-09-30": "63.00000", "2018-06-30": "56.30000", "2018-03-31": "53.60000", "2017-12-31": "51.10000", "2017-09-30": "52.00000", "2017-06-30": "52.90000", "2017-03-31": "52.20000", "2016-12-31": "55.00000", "2016-09-30": "48.00000", "2016-06-30": "47.30000", "2016-03-31": "47.10000", "2015-12-31": "51.00000", "2015-09-30": "49.90000", "2015-06-30": "52.90000", "2015-03-31": "50.10000", "2014-12-31": "47.90000", "2014-09-30": "64.90000", "2014-06-30": "61.90000", "2014-03-31": "56.20000", "2013-12-31": "54.90000", "2013-09-30": "40.90000", "2013-06-30": "39.20000", "2013-03-31": "44.90000", "2012-12-31": "45.80000", "2012-09-30": "61.80000", "2012-06-30": "78.10000", "2012-03-31": "83.80000", "2011-12-31": "94.60000", "2011-09-30": "66.40000", "2011-06-30": "73.70000", "2011-03-31": "80.80000", "2010-12-31": "93.70000", "2010-09-30": "", "2010-06-30": "", "2010-03-31": "", "2009-12-31": "", "2009-09-30": "", "2009-06-30": "", "2009-03-31": "", "2008-12-31": "", "2008-09-30": "", "2008-06-30": "", "2008-03-31": "", "2007-12-31": "", "2007-09-30": "", "2007-06-30": "", "2007-03-31": "", "2006-12-31": "", "2006-09-30": "", "2006-06-30": "", "2006-03-31": "", "2005-12-31": "", "2005-09-30": "", "2005-06-30": "", "2005-03-31": ""}, "Total Long-Term Assets": {"2020-12-31": "3497.50000", "2020-09-30": "3236.70000", "2020-06-30": "3265.10000", "2020-03-31": "3284.10000", "2019-12-31": "3328.80000", "2019-09-30": "3264.40000", "2019-06-30": "3307.00000", "2019-03-31": "3325.50000", "2018-12-31": "3228.40000", "2018-09-30": "3237.40000", "2018-06-30": "3235.20000", "2018-03-31": "3254.60000", "2017-12-31": "2116.50000", "2017-09-30": "2058.20000", "2017-06-30": "2057.10000", "2017-03-31": "1977.00000", "2016-12-31": "1973.70000", "2016-09-30": "1969.40000", "2016-06-30": "1965.70000", "2016-03-31": "1975.50000", "2015-12-31": "1820.90000", "2015-09-30": "1816.40000", "2015-06-30": "1793.30000", "2015-03-31": "1785.20000", "2014-12-31": "1690.70000", "2014-09-30": "1708.10000", "2014-06-30": "1706.20000", "2014-03-31": "1643.30000", "2013-12-31": "1554.80000", "2013-09-30": "1544.90000", "2013-06-30": "1536.20000", "2013-03-31": "1517.20000", "2012-12-31": "1490.80000", "2012-09-30": "1479.70000", "2012-06-30": "1503.40000", "2012-03-31": "1493.00000", "2011-12-31": "1493.00000", "2011-09-30": "1445.60000", "2011-06-30": "1467.50000", "2011-03-31": "1474.90000", "2010-12-31": "1479.70000", "2010-09-30": "1484.10000", "2010-06-30": "1534.60000", "2010-03-31": "1537.50000", "2009-12-31": "1491.50000", "2009-09-30": "1182.60000", "2009-06-30": "1195.10000", "2009-03-31": "1189.00000", "2008-12-31": "1196.40000", "2008-09-30": "1254.60000", "2008-06-30": "1170.00000", "2008-03-31": "1167.40000", "2007-12-31": "1075.40000", "2007-09-30": "995.80000", "2007-06-30": "986.40000", "2007-03-31": "971.80000", "2006-12-31": "937.10000", "2006-09-30": "946.40000", "2006-06-30": "951.00000", "2006-03-31": "860.29990", "2005-12-31": "846.90000", "2005-09-30": "823.40000", "2005-06-30": "744.90000", "2005-03-31": "750.10000"}, "Total Assets": {"2020-12-31": "5085.10000", "2020-09-30": "4877.10000", "2020-06-30": "5058.70000", "2020-03-31": "4959.10000", "2019-12-31": "4903.00000", "2019-09-30": "5074.30000", "2019-06-30": "5036.00000", "2019-03-31": "4976.10000", "2018-12-31": "4872.10000", "2018-09-30": "4997.50000", "2018-06-30": "4971.10000", "2018-03-31": "4975.40000", "2017-12-31": "3720.60000", "2017-09-30": "3743.20000", "2017-06-30": "3666.70000", "2017-03-31": "3494.60000", "2016-12-31": "3525.00000", "2016-09-30": "3491.10000", "2016-06-30": "3417.70000", "2016-03-31": "3400.90000", "2015-12-31": "3208.70000", "2015-09-30": "3382.50000", "2015-06-30": "3330.10000", "2015-03-31": "3255.70000", "2014-12-31": "3320.10000", "2014-09-30": "3411.40000", "2014-06-30": "3309.60000", "2014-03-31": "3243.60000", "2013-12-31": "3187.20000", "2013-09-30": "3141.20000", "2013-06-30": "3041.00000", "2013-03-31": "2987.70000", "2012-12-31": "2947.00000", "2012-09-30": "2972.30000", "2012-06-30": "2909.30000", "2012-03-31": "2877.90000", "2011-12-31": "2846.50000", "2011-09-30": "2810.10000", "2011-06-30": "2775.40000", "2011-03-31": "2742.10000", "2010-12-31": "2705.80000", "2010-09-30": "2609.20000", "2010-06-30": "2559.10000", "2010-03-31": "2509.40000", "2009-12-31": "2402.80000", "2009-09-30": "2219.70000", "2009-06-30": "2134.30000", "2009-03-31": "2089.70000", "2008-12-31": "2115.50000", "2008-09-30": "2265.00000", "2008-06-30": "2164.60000", "2008-03-31": "2034.40000", "2007-12-31": "1863.40000", "2007-09-30": "1869.40000", "2007-06-30": "1808.70000", "2007-03-31": "1824.10000", "2006-12-31": "1751.50000", "2006-09-30": "1791.10000", "2006-06-30": "1754.00000", "2006-03-31": "1691.20000", "2005-12-31": "1667.00000", "2005-09-30": "1696.90000", "2005-06-30": "1626.70000", "2005-03-31": "1643.20000"}, "Total Current Liabilities": {"2020-12-31": "948.20000", "2020-09-30": "792.70000", "2020-06-30": "880.70000", "2020-03-31": "841.30000", "2019-12-31": "844.90000", "2019-09-30": "866.20000", "2019-06-30": "874.10000", "2019-03-31": "847.90000", "2018-12-31": "839.30000", "2018-09-30": "938.00000", "2018-06-30": "871.40000", "2018-03-31": "898.50000", "2017-12-31": "706.10000", "2017-09-30": "740.60000", "2017-06-30": "1025.30000", "2017-03-31": "576.00000", "2016-12-31": "589.60000", "2016-09-30": "577.50000", "2016-06-30": "578.00000", "2016-03-31": "565.50000", "2015-12-31": "603.10000", "2015-09-30": "553.50000", "2015-06-30": "516.30000", "2015-03-31": "514.10000", "2014-12-31": "499.20000", "2014-09-30": "525.40000", "2014-06-30": "464.50000", "2014-03-31": "471.60000", "2013-12-31": "467.00000", "2013-09-30": "484.60000", "2013-06-30": "452.40000", "2013-03-31": "444.60000", "2012-12-31": "447.40000", "2012-09-30": "493.00000", "2012-06-30": "480.60000", "2012-03-31": "488.70000", "2011-12-31": "492.10000", "2011-09-30": "529.80000", "2011-06-30": "483.80000", "2011-03-31": "485.60000", "2010-12-31": "445.00000", "2010-09-30": "477.40000", "2010-06-30": "445.80000", "2010-03-31": "432.20000", "2009-12-31": "418.50000", "2009-09-30": "404.20000", "2009-06-30": "372.60000", "2009-03-31": "380.90000", "2008-12-31": "425.00000", "2008-09-30": "474.00000", "2008-06-30": "410.40000", "2008-03-31": "634.70000", "2007-12-31": "419.50000", "2007-09-30": "481.40000", "2007-06-30": "394.30000", "2007-03-31": "433.00000", "2006-12-31": "382.30000", "2006-09-30": "433.40000", "2006-06-30": "407.70000", "2006-03-31": "386.40000", "2005-12-31": "360.50000", "2005-09-30": "445.30000", "2005-06-30": "397.20000", "2005-03-31": "388.90000"}, "Long Term Debt": {"2020-12-31": "1436.90000", "2020-09-30": "1436.30000", "2020-06-30": "1610.40000", "2020-03-31": "1597.30000", "2019-12-31": "1506.00000", "2019-09-30": "1714.10000", "2019-06-30": "1722.80000", "2019-03-31": "1731.50000", "2018-12-31": "1737.10000", "2018-09-30": "1792.50000", "2018-06-30": "1897.60000", "2018-03-31": "1903.20000", "2017-12-31": "987.10000", "2017-09-30": "986.70000", "2017-06-30": "691.80000", "2017-03-31": "990.90000", "2016-12-31": "990.50000", "2016-09-30": "990.10000", "2016-06-30": "989.70000", "2016-03-31": "989.50000", "2015-12-31": "595.90000", "2015-09-30": "597.90000", "2015-06-30": "597.80000", "2015-03-31": "597.70000", "2014-12-31": "594.90000", "2014-09-30": "597.50000", "2014-06-30": "597.40000", "2014-03-31": "597.30000", "2013-12-31": "597.20000", "2013-09-30": "597.10000", "2013-06-30": "596.90000", "2013-03-31": "596.80000", "2012-12-31": "596.70000", "2012-09-30": "596.60000", "2012-06-30": "596.50000", "2012-03-31": "596.40000", "2011-12-31": "596.30000", "2011-09-30": "596.20000", "2011-06-30": "596.10000", "2011-03-31": "596.00000", "2010-12-31": "595.90000", "2010-09-30": "502.10000", "2010-06-30": "500.60000", "2010-03-31": "499.80000", "2009-12-31": "497.20000", "2009-09-30": "497.50000", "2009-06-30": "494.70000", "2009-03-31": "497.50000", "2008-12-31": "497.40000", "2008-09-30": "497.30000", "2008-06-30": "497.20000", "2008-03-31": "199.50000", "2007-12-31": "199.40000", "2007-09-30": "199.40000", "2007-06-30": "199.40000", "2007-03-31": "199.40000", "2006-12-31": "199.30000", "2006-09-30": "199.30000", "2006-06-30": "199.30000", "2006-03-31": "199.20000", "2005-12-31": "199.20000", "2005-09-30": "199.20000", "2005-06-30": "199.10000", "2005-03-31": "199.10000"}, "Other Non-Current Liabilities": {"2020-12-31": "614.60000", "2020-09-30": "617.10000", "2020-06-30": "594.10000", "2020-03-31": "592.00000", "2019-12-31": "591.60000", "2019-09-30": "578.40000", "2019-06-30": "584.10000", "2019-03-31": "569.80000", "2018-12-31": "496.80000", "2018-09-30": "495.20000", "2018-06-30": "500.30000", "2018-03-31": "495.20000", "2017-12-31": "379.50000", "2017-09-30": "348.20000", "2017-06-30": "346.40000", "2017-03-31": "338.90000", "2016-12-31": "341.70000", "2016-09-30": "288.90000", "2016-06-30": "270.60000", "2016-03-31": "270.20000", "2015-12-31": "260.70000", "2015-09-30": "277.50000", "2015-06-30": "279.50000", "2015-03-31": "272.70000", "2014-12-31": "290.30000", "2014-09-30": "253.50000", "2014-06-30": "241.50000", "2014-03-31": "230.30000", "2013-12-31": "208.20000", "2013-09-30": "255.60000", "2013-06-30": "248.20000", "2013-03-31": "242.30000", "2012-12-31": "235.00000", "2012-09-30": "264.10000", "2012-06-30": "281.10000", "2012-03-31": "285.70000", "2011-12-31": "284.60000", "2011-09-30": "201.60000", "2011-06-30": "201.20000", "2011-03-31": "197.90000", "2010-12-31": "201.40000", "2010-09-30": "196.80000", "2010-06-30": "248.10000", "2010-03-31": "247.60000", "2009-12-31": "185.10000", "2009-09-30": "192.10000", "2009-06-30": "189.90000", "2009-03-31": "183.40000", "2008-12-31": "182.00000", "2008-09-30": "180.90000", "2008-06-30": "174.20000", "2008-03-31": "170.40000", "2007-12-31": "161.90000", "2007-09-30": "170.80000", "2007-06-30": "174.70000", "2007-03-31": "172.30000", "2006-12-31": "154.40000", "2006-09-30": "120.20000", "2006-06-30": "113.40000", "2006-03-31": "111.40000", "2005-12-31": "109.20000", "2005-09-30": "96.30000", "2005-06-30": "94.40000", "2005-03-31": "90.10000"}, "Total Long Term Liabilities": {"2020-12-31": "2051.50000", "2020-09-30": "2053.40000", "2020-06-30": "2204.50000", "2020-03-31": "2189.30000", "2019-12-31": "2097.60000", "2019-09-30": "2292.50000", "2019-06-30": "2306.90000", "2019-03-31": "2301.30000", "2018-12-31": "2233.90000", "2018-09-30": "2287.70000", "2018-06-30": "2397.90000", "2018-03-31": "2398.40000", "2017-12-31": "1366.60000", "2017-09-30": "1334.90000", "2017-06-30": "1038.20000", "2017-03-31": "1329.80000", "2016-12-31": "1332.20000", "2016-09-30": "1279.00000", "2016-06-30": "1260.30000", "2016-03-31": "1259.70000", "2015-12-31": "856.60000", "2015-09-30": "875.40000", "2015-06-30": "877.30000", "2015-03-31": "870.40000", "2014-12-31": "885.20000", "2014-09-30": "851.00000", "2014-06-30": "838.90000", "2014-03-31": "827.60000", "2013-12-31": "805.40000", "2013-09-30": "852.70000", "2013-06-30": "845.10000", "2013-03-31": "839.10000", "2012-12-31": "831.70000", "2012-09-30": "860.70000", "2012-06-30": "877.60000", "2012-03-31": "882.10000", "2011-12-31": "880.90000", "2011-09-30": "797.80000", "2011-06-30": "797.30000", "2011-03-31": "793.90000", "2010-12-31": "797.30000", "2010-09-30": "698.90000", "2010-06-30": "748.70000", "2010-03-31": "747.40000", "2009-12-31": "682.30000", "2009-09-30": "689.60000", "2009-06-30": "684.60000", "2009-03-31": "680.90000", "2008-12-31": "679.40000", "2008-09-30": "678.20000", "2008-06-30": "671.40000", "2008-03-31": "369.90000", "2007-12-31": "361.30000", "2007-09-30": "370.20000", "2007-06-30": "374.10000", "2007-03-31": "371.70000", "2006-12-31": "353.70000", "2006-09-30": "319.50000", "2006-06-30": "312.70000", "2006-03-31": "310.60000", "2005-12-31": "308.40000", "2005-09-30": "295.50000", "2005-06-30": "293.50000", "2005-03-31": "289.20000"}, "Total Liabilities": {"2020-12-31": "2999.70000", "2020-09-30": "2846.10000", "2020-06-30": "3085.20000", "2020-03-31": "3030.60000", "2019-12-31": "2942.50000", "2019-09-30": "3158.70000", "2019-06-30": "3181.00000", "2019-03-31": "3149.20000", "2018-12-31": "3073.20000", "2018-09-30": "3225.70000", "2018-06-30": "3269.30000", "2018-03-31": "3296.90000", "2017-12-31": "2072.70000", "2017-09-30": "2075.50000", "2017-06-30": "2063.50000", "2017-03-31": "1905.80000", "2016-12-31": "1921.80000", "2016-09-30": "1856.50000", "2016-06-30": "1838.30000", "2016-03-31": "1825.20000", "2015-12-31": "1459.70000", "2015-09-30": "1428.90000", "2015-06-30": "1393.60000", "2015-03-31": "1384.50000", "2014-12-31": "1384.40000", "2014-09-30": "1376.40000", "2014-06-30": "1303.40000", "2014-03-31": "1299.20000", "2013-12-31": "1272.40000", "2013-09-30": "1337.30000", "2013-06-30": "1297.50000", "2013-03-31": "1283.70000", "2012-12-31": "1279.10000", "2012-09-30": "1353.70000", "2012-06-30": "1358.20000", "2012-03-31": "1370.80000", "2011-12-31": "1373.00000", "2011-09-30": "1327.60000", "2011-06-30": "1281.10000", "2011-03-31": "1279.50000", "2010-12-31": "1242.30000", "2010-09-30": "1176.30000", "2010-06-30": "1194.50000", "2010-03-31": "1179.60000", "2009-12-31": "1100.80000", "2009-09-30": "1093.80000", "2009-06-30": "1057.20000", "2009-03-31": "1061.80000", "2008-12-31": "1104.40000", "2008-09-30": "1152.20000", "2008-06-30": "1081.80000", "2008-03-31": "1004.60000", "2007-12-31": "780.80000", "2007-09-30": "851.60000", "2007-06-30": "768.40000", "2007-03-31": "804.70000", "2006-12-31": "736.00000", "2006-09-30": "752.90000", "2006-06-30": "720.40000", "2006-03-31": "697.00000", "2005-12-31": "668.90000", "2005-09-30": "740.80000", "2005-06-30": "690.70000", "2005-03-31": "678.10000"}, "Common Stock Net": {"2020-12-31": "", "2020-09-30": "0.60000", "2020-06-30": "0.60000", "2020-03-31": "0.60000", "2019-12-31": "0.60000", "2019-09-30": "0.60000", "2019-06-30": "0.60000", "2019-03-31": "0.60000", "2018-12-31": "0.60000", "2018-09-30": "0.60000", "2018-06-30": "0.50000", "2018-03-31": "0.60000", "2017-12-31": "0.60000", "2017-09-30": "0.50000", "2017-06-30": "0.50000", "2017-03-31": "0.50000", "2016-12-31": "0.60000", "2016-09-30": "0.60000", "2016-06-30": "0.60000", "2016-03-31": "0.60000", "2015-12-31": "0.60000", "2015-09-30": "0.60000", "2015-06-30": "0.60000", "2015-03-31": "0.60000", "2014-12-31": "0.60000", "2014-09-30": "0.60000", "2014-06-30": "0.60000", "2014-03-31": "0.60000", "2013-12-31": "0.60000", "2013-09-30": "0.60000", "2013-06-30": "0.60000", "2013-03-31": "0.60000", "2012-12-31": "0.60000", "2012-09-30": "0.60000", "2012-06-30": "0.60000", "2012-03-31": "0.60000", "2011-12-31": "0.60000", "2011-09-30": "0.60000", "2011-06-30": "0.60000", "2011-03-31": "0.60000", "2010-12-31": "0.60000", "2010-09-30": "0.60000", "2010-06-30": "0.60000", "2010-03-31": "0.60000", "2009-12-31": "0.60000", "2009-09-30": "0.60000", "2009-06-30": "0.60000", "2009-03-31": "0.60000", "2008-12-31": "0.60000", "2008-09-30": "0.60000", "2008-06-30": "0.60000", "2008-03-31": "0.60000", "2007-12-31": "0.60000", "2007-09-30": "0.60000", "2007-06-30": "0.60000", "2007-03-31": "0.60000", "2006-12-31": "0.60000", "2006-09-30": "0.60000", "2006-06-30": "0.60000", "2006-03-31": "0.60000", "2005-12-31": "0.60000", "2005-09-30": "0.60000", "2005-06-30": "0.60000", "2005-03-31": "0.60000"}, "Retained Earnings (Accumulated Deficit)": {"2020-12-31": "", "2020-09-30": "2366.00000", "2020-06-30": "2308.40000", "2020-03-31": "2269.60000", "2019-12-31": "2279.40000", "2019-09-30": "2227.50000", "2019-06-30": "2143.80000", "2019-03-31": "2114.70000", "2018-12-31": "2064.40000", "2018-09-30": "2034.10000", "2018-06-30": "1967.00000", "2018-03-31": "1908.90000", "2017-12-31": "1892.40000", "2017-09-30": "1914.30000", "2017-06-30": "1871.80000", "2017-03-31": "1867.20000", "2016-12-31": "1879.30000", "2016-09-30": "1853.70000", "2016-06-30": "1802.00000", "2016-03-31": "1789.80000", "2015-12-31": "1886.10000", "2015-09-30": "2062.50000", "2015-06-30": "2021.60000", "2015-03-31": "1973.90000", "2014-12-31": "1944.10000", "2014-09-30": "2088.00000", "2014-06-30": "2027.80000", "2014-03-31": "1967.20000", "2013-12-31": "1740.20000", "2013-09-30": "1880.10000", "2013-06-30": "1810.30000", "2013-03-31": "1754.90000", "2012-12-31": "1715.70000", "2012-09-30": "1670.60000", "2012-06-30": "1607.80000", "2012-03-31": "1554.60000", "2011-12-31": "1515.80000", "2011-09-30": "1468.30000", "2011-06-30": "1408.30000", "2011-03-31": "1365.90000", "2010-12-31": "1338.60000", "2010-09-30": "1310.70000", "2010-06-30": "1261.00000", "2010-03-31": "1224.90000", "2009-12-31": "1208.00000", "2009-09-30": "1179.20000", "2009-06-30": "1141.70000", "2009-03-31": "1122.00000", "2008-12-31": "1108.00000", "2008-09-30": "1081.30000", "2008-06-30": "1034.50000", "2008-03-31": "992.60000", "2007-12-31": "962.70000", "2007-09-30": "933.80000", "2007-06-30": "887.60000", "2007-03-31": "854.00000", "2006-12-31": "827.40000", "2006-09-30": "818.00000", "2006-06-30": "790.20000", "2006-03-31": "768.70000", "2005-12-31": "749.10000", "2005-09-30": "717.10000", "2005-06-30": "688.70000", "2005-03-31": "673.00000"}, "Comprehensive Income": {"2020-12-31": "", "2020-09-30": "-356.30000", "2020-06-30": "-351.90000", "2020-03-31": "-355.30000", "2019-12-31": "-332.90000", "2019-09-30": "-325.70000", "2019-06-30": "", "2019-03-31": "", "2018-12-31": "-285.70000", "2018-09-30": "", "2018-06-30": "", "2018-03-31": "", "2017-12-31": "-269.80000", "2017-09-30": "", "2017-06-30": "", "2017-03-31": "", "2016-12-31": "-302.50000", "2016-09-30": "", "2016-06-30": "", "2016-03-31": "", "2015-12-31": "-224.20000", "2015-09-30": "", "2015-06-30": "", "2015-03-31": "", "2014-12-31": "-164.30000", "2014-09-30": "", "2014-06-30": "", "2014-03-31": "", "2013-12-31": "-71.00000", "2013-09-30": "", "2013-06-30": "", "2013-03-31": "", "2012-12-31": "-119.10000", "2012-09-30": "", "2012-06-30": "", "2012-03-31": "", "2011-12-31": "-150.40000", "2011-09-30": "", "2011-06-30": "", "2011-03-31": "", "2010-12-31": "-81.30000", "2010-09-30": "", "2010-06-30": "", "2010-03-31": "", "2009-12-31": "-68.80000", "2009-09-30": "", "2009-06-30": "", "2009-03-31": "", "2008-12-31": "-116.80000", "2008-09-30": "", "2008-06-30": "", "2008-03-31": "", "2007-12-31": "26.00000", "2007-09-30": "", "2007-06-30": "", "2007-03-31": "", "2006-12-31": "-32.40000", "2006-09-30": "", "2006-06-30": "", "2006-03-31": "", "2005-12-31": "-10.80000", "2005-09-30": "", "2005-06-30": "", "2005-03-31": ""}, "Other Share Holders Equity": {"2020-12-31": "", "2020-09-30": "", "2020-06-30": "", "2020-03-31": "", "2019-12-31": "", "2019-09-30": "", "2019-06-30": "-308.30000", "2019-03-31": "-305.70000", "2018-12-31": "", "2018-09-30": "-279.10000", "2018-06-30": "-284.50000", "2018-03-31": "-256.80000", "2017-12-31": "", "2017-09-30": "-262.40000", "2017-06-30": "-279.30000", "2017-03-31": "-288.20000", "2016-12-31": "", "2016-09-30": "-235.60000", "2016-06-30": "-235.70000", "2016-03-31": "-223.80000", "2015-12-31": "", "2015-09-30": "-198.80000", "2015-06-30": "-171.30000", "2015-03-31": "-186.00000", "2014-12-31": "", "2014-09-30": "-81.20000", "2014-06-30": "-58.20000", "2014-03-31": "-68.00000", "2013-12-31": "", "2013-09-30": "-124.80000", "2013-06-30": "-136.80000", "2013-03-31": "-125.70000", "2012-12-31": "", "2012-09-30": "-135.20000", "2012-06-30": "-150.00000", "2012-03-31": "-136.50000", "2011-12-31": "", "2011-09-30": "-83.90000", "2011-06-30": "-63.60000", "2011-03-31": "-71.40000", "2010-12-31": "", "2010-09-30": "-58.40000", "2010-06-30": "-73.20000", "2010-03-31": "-71.60000", "2009-12-31": "", "2009-09-30": "-87.40000", "2009-06-30": "-94.00000", "2009-03-31": "-121.00000", "2008-12-31": "", "2008-09-30": "17.40000", "2008-06-30": "36.70000", "2008-03-31": "31.80000", "2007-12-31": "", "2007-09-30": "-16.90000", "2007-06-30": "-22.30000", "2007-03-31": "-30.20000", "2006-12-31": "", "2006-09-30": "-1.70000", "2006-06-30": "-6.10000", "2006-03-31": "-10.80000", "2005-12-31": "", "2005-09-30": "-7.60000", "2005-06-30": "-7.30000", "2005-03-31": "-4.10000"}, "Share Holder Equity": {"2020-12-31": "2085.40000", "2020-09-30": "2031.00000", "2020-06-30": "1973.50000", "2020-03-31": "1928.50000", "2019-12-31": "1960.50000", "2019-09-30": "1915.60000", "2019-06-30": "1855.00000", "2019-03-31": "1826.90000", "2018-12-31": "1798.90000", "2018-09-30": "1771.80000", "2018-06-30": "1701.80000", "2018-03-31": "1678.50000", "2017-12-31": "1647.90000", "2017-09-30": "1667.70000", "2017-06-30": "1603.20000", "2017-03-31": "1588.80000", "2016-12-31": "1603.20000", "2016-09-30": "1634.60000", "2016-06-30": "1579.40000", "2016-03-31": "1575.70000", "2015-12-31": "1749.00000", "2015-09-30": "1953.60000", "2015-06-30": "1936.50000", "2015-03-31": "1871.20000", "2014-12-31": "1935.70000", "2014-09-30": "2035.00000", "2014-06-30": "2006.20000", "2014-03-31": "1944.40000", "2013-12-31": "1914.80000", "2013-09-30": "1803.90000", "2013-06-30": "1743.50000", "2013-03-31": "1704.00000", "2012-12-31": "1667.90000", "2012-09-30": "1618.60000", "2012-06-30": "1551.10000", "2012-03-31": "1507.10000", "2011-12-31": "1473.50000", "2011-09-30": "1482.50000", "2011-06-30": "1494.30000", "2011-03-31": "1462.60000", "2010-12-31": "1463.50000", "2010-09-30": "1432.90000", "2010-06-30": "1364.60000", "2010-03-31": "1329.80000", "2009-12-31": "1302.00000", "2009-09-30": "1125.90000", "2009-06-30": "1077.10000", "2009-03-31": "1027.90000", "2008-12-31": "1011.10000", "2008-09-30": "1112.80000", "2008-06-30": "1082.80000", "2008-03-31": "1029.80000", "2007-12-31": "1082.60000", "2007-09-30": "1017.80000", "2007-06-30": "1040.30000", "2007-03-31": "1019.40000", "2006-12-31": "1015.50000", "2006-09-30": "1038.20000", "2006-06-30": "1033.60000", "2006-03-31": "994.20000", "2005-12-31": "998.10000", "2005-09-30": "956.10000", "2005-06-30": "936.00000", "2005-03-31": "965.10000"}, "Total Liabilities And Share Holders Equity": {"2020-12-31": "5085.10000", "2020-09-30": "4877.10000", "2020-06-30": "5058.70000", "2020-03-31": "4959.10000", "2019-12-31": "4903.00000", "2019-09-30": "5074.30000", "2019-06-30": "5036.00000", "2019-03-31": "4976.10000", "2018-12-31": "4872.10000", "2018-09-30": "4997.50000", "2018-06-30": "4971.10000", "2018-03-31": "4975.40000", "2017-12-31": "3720.60000", "2017-09-30": "3743.20000", "2017-06-30": "3666.70000", "2017-03-31": "3494.60000", "2016-12-31": "3525.00000", "2016-09-30": "3491.10000", "2016-06-30": "3417.70000", "2016-03-31": "3400.90000", "2015-12-31": "3208.70000", "2015-09-30": "3382.50000", "2015-06-30": "3330.10000", "2015-03-31": "3255.70000", "2014-12-31": "3320.10000", "2014-09-30": "3411.40000", "2014-06-30": "3309.60000", "2014-03-31": "3243.60000", "2013-12-31": "3187.20000", "2013-09-30": "3141.20000", "2013-06-30": "3041.00000", "2013-03-31": "2987.70000", "2012-12-31": "2947.00000", "2012-09-30": "2972.30000", "2012-06-30": "2909.30000", "2012-03-31": "2877.90000", "2011-12-31": "2846.50000", "2011-09-30": "2810.10000", "2011-06-30": "2775.40000", "2011-03-31": "2742.10000", "2010-12-31": "2705.80000", "2010-09-30": "2609.20000", "2010-06-30": "2559.10000", "2010-03-31": "2509.40000", "2009-12-31": "2402.80000", "2009-09-30": "2219.70000", "2009-06-30": "2134.30000", "2009-03-31": "2089.70000", "2008-12-31": "2115.50000", "2008-09-30": "2265.00000", "2008-06-30": "2164.60000", "2008-03-31": "2034.40000", "2007-12-31": "1863.40000", "2007-09-30": "1869.40000", "2007-06-30": "1808.70000", "2007-03-31": "1824.10000", "2006-12-31": "1751.50000", "2006-09-30": "1791.10000", "2006-06-30": "1754.00000", "2006-03-31": "1691.20000", "2005-12-31": "1667.00000", "2005-09-30": "1696.90000", "2005-06-30": "1626.70000", "2005-03-31": "1643.20000"}}, "cash flow statement": {"Net Income/Loss": {"2020-12-31": "351.20000", "2019-12-31": "407.40000", "2018-12-31": "366.10000", "2017-12-31": "249.90000", "2016-12-31": "297.80000", "2015-12-31": "282.10000", "2014-12-31": "327.20000", "2013-12-31": "329.80000", "2012-12-31": "302.10000", "2011-12-31": "270.20000", "2010-12-31": "218.80000", "2009-12-31": "181.30000", "2008-12-31": "223.20000", "2007-12-31": "208.30000", "2006-12-31": "158.10000", "2005-12-31": "165.10000"}, "Total Depreciation And Amortization - Cash Flow": {"2020-12-31": "157.60000", "2019-12-31": "151.00000", "2018-12-31": "148.40000", "2017-12-31": "98.20000", "2016-12-31": "90.90000", "2015-12-31": "85.20000", "2014-12-31": "79.20000", "2013-12-31": "70.60000", "2012-12-31": "66.80000", "2011-12-31": "68.20000", "2010-12-31": "72.50000", "2009-12-31": "70.60000", "2008-12-31": "63.10000", "2007-12-31": "60.20000", "2006-12-31": "55.40000", "2005-12-31": "50.40000"}, "Other Non-Cash Items": {"2020-12-31": "50.30000", "2019-12-31": "10.10000", "2018-12-31": "48.60000", "2017-12-31": "9.20000", "2016-12-31": "24.00000", "2015-12-31": "-1.70000", "2014-12-31": "14.40000", "2013-12-31": "20.70000", "2012-12-31": "4.80000", "2011-12-31": "-4.70000", "2010-12-31": "4.10000", "2009-12-31": "9.20000", "2008-12-31": "3.40000", "2007-12-31": "-24.30000", "2006-12-31": "16.10000", "2005-12-31": "-21.00000"}, "Total Non-Cash Items": {"2020-12-31": "207.90000", "2019-12-31": "161.10000", "2018-12-31": "197.00000", "2017-12-31": "107.40000", "2016-12-31": "114.90000", "2015-12-31": "83.50000", "2014-12-31": "93.60000", "2013-12-31": "91.30000", "2012-12-31": "71.60000", "2011-12-31": "63.50000", "2010-12-31": "76.60000", "2009-12-31": "79.80000", "2008-12-31": "66.50000", "2007-12-31": "35.90000", "2006-12-31": "71.50000", "2005-12-31": "29.40000"}, "Change In Accounts Receivable": {"2020-12-31": "55.50000", "2019-12-31": "46.20000", "2018-12-31": "-75.40000", "2017-12-31": "3.90000", "2016-12-31": "-42.30000", "2015-12-31": "1.90000", "2014-12-31": "-17.80000", "2013-12-31": "-30.90000", "2012-12-31": "-1.80000", "2011-12-31": "-51.60000", "2010-12-31": "-26.10000", "2009-12-31": "85.50000", "2008-12-31": "-3.70000", "2007-12-31": "27.80000", "2006-12-31": "-30.70000", "2005-12-31": "-16.90000"}, "Change In Inventories": {"2020-12-31": "50.70000", "2019-12-31": "12.20000", "2018-12-31": "34.20000", "2017-12-31": "-90.30000", "2016-12-31": "18.40000", "2015-12-31": "-80.80000", "2014-12-31": "-46.90000", "2013-12-31": "-25.90000", "2012-12-31": "-11.80000", "2011-12-31": "-16.40000", "2010-12-31": "-32.60000", "2009-12-31": "98.70000", "2008-12-31": "6.90000", "2007-12-31": "24.20000", "2006-12-31": "-86.30000", "2005-12-31": "-13.20000"}, "Change In Accounts Payable": {"2020-12-31": "22.60000", "2019-12-31": "", "2018-12-31": "", "2017-12-31": "", "2016-12-31": "", "2015-12-31": "", "2014-12-31": "", "2013-12-31": "", "2012-12-31": "", "2011-12-31": "", "2010-12-31": "", "2009-12-31": "", "2008-12-31": "", "2007-12-31": "", "2006-12-31": "", "2005-12-31": ""}, "Change In Assets/Liabilities": {"2020-12-31": "-39.90000", "2019-12-31": "-35.30000", "2018-12-31": "-4.80000", "2017-12-31": "108.10000", "2016-12-31": "22.20000", "2015-12-31": "52.70000", "2014-12-31": "35.40000", "2013-12-31": "17.50000", "2012-12-31": "-11.00000", "2011-12-31": "69.30000", "2010-12-31": "29.50000", "2009-12-31": "-47.60000", "2008-12-31": "26.30000", "2007-12-31": "39.00000", "2006-12-31": "27.30000", "2005-12-31": "19.70000"}, "Total Change In Assets/Liabilities": {"2020-12-31": "88.90000", "2019-12-31": "23.10000", "2018-12-31": "-46.00000", "2017-12-31": "21.70000", "2016-12-31": "-1.70000", "2015-12-31": "-26.20000", "2014-12-31": "-29.30000", "2013-12-31": "-39.30000", "2012-12-31": "-24.60000", "2011-12-31": "1.30000", "2010-12-31": "-29.20000", "2009-12-31": "136.60000", "2008-12-31": "29.50000", "2007-12-31": "91.00000", "2006-12-31": "-89.70000", "2005-12-31": "-10.40000"}, "Cash Flow From Operating Activities": {"2020-12-31": "648.00000", "2019-12-31": "591.60000", "2018-12-31": "517.10000", "2017-12-31": "379.00000", "2016-12-31": "411.00000", "2015-12-31": "339.40000", "2014-12-31": "391.50000", "2013-12-31": "381.80000", "2012-12-31": "349.10000", "2011-12-31": "335.00000", "2010-12-31": "266.20000", "2009-12-31": "397.70000", "2008-12-31": "319.20000", "2007-12-31": "335.20000", "2006-12-31": "139.90000", "2005-12-31": "184.10000"}, "Net Change In Property, Plant, And Equipment": {"2020-12-31": "-88.40000", "2019-12-31": "-90.80000", "2018-12-31": "-89.40000", "2017-12-31": "-61.30000", "2016-12-31": "-56.40000", "2015-12-31": "-76.40000", "2014-12-31": "-54.30000", "2013-12-31": "-55.40000", "2012-12-31": "-44.30000", "2011-12-31": "-45.80000", "2010-12-31": "-45.40000", "2009-12-31": "-28.80000", "2008-12-31": "-48.40000", "2007-12-31": "-50.80000", "2006-12-31": "-86.20000", "2005-12-31": "-58.80000"}, "Net Change In Intangible Assets": {"2020-12-31": "", "2019-12-31": "", "2018-12-31": "", "2017-12-31": "", "2016-12-31": "", "2015-12-31": "", "2014-12-31": "", "2013-12-31": "", "2012-12-31": "", "2011-12-31": "", "2010-12-31": "", "2009-12-31": "", "2008-12-31": "", "2007-12-31": "", "2006-12-31": "", "2005-12-31": ""}, "Net Acquisitions/Divestitures": {"2020-12-31": "-239.60000", "2019-12-31": "-37.40000", "2018-12-31": "-1118.00000", "2017-12-31": "-184.10000", "2016-12-31": "-173.40000", "2015-12-31": "-163.40000", "2014-12-31": "-183.80000", "2013-12-31": "-96.50000", "2012-12-31": "-83.90000", "2011-12-31": "-29.60000", "2010-12-31": "", "2009-12-31": "-355.80000", "2008-12-31": "-267.40000", "2007-12-31": "-52.90000", "2006-12-31": "-145.70000", "2005-12-31": "-54.30000"}, "Net Change In Short-term Investments": {"2020-12-31": "", "2019-12-31": "", "2018-12-31": "", "2017-12-31": "", "2016-12-31": "", "2015-12-31": "", "2014-12-31": "", "2013-12-31": "", "2012-12-31": "", "2011-12-31": "", "2010-12-31": "", "2009-12-31": "", "2008-12-31": "", "2007-12-31": "", "2006-12-31": "-0.40000", "2005-12-31": ""}, "Net Change In Long-Term Investments": {"2020-12-31": "-6.20000", "2019-12-31": "-1.60000", "2018-12-31": "3.90000", "2017-12-31": "-3.50000", "2016-12-31": "-6.70000", "2015-12-31": "-10.70000", "2014-12-31": "-5.50000", "2013-12-31": "-0.60000", "2012-12-31": "9.90000", "2011-12-31": "-14.40000", "2010-12-31": "-10.50000", "2009-12-31": "9.50000", "2008-12-31": "3.90000", "2007-12-31": "-2.60000", "2006-12-31": "164.20000", "2005-12-31": "81.10000"}, "Net Change In Investments - Total": {"2020-12-31": "-6.20000", "2019-12-31": "-1.60000", "2018-12-31": "3.90000", "2017-12-31": "-3.50000", "2016-12-31": "-6.70000", "2015-12-31": "-10.70000", "2014-12-31": "-5.50000", "2013-12-31": "-0.60000", "2012-12-31": "9.90000", "2011-12-31": "-14.40000", "2010-12-31": "-10.50000", "2009-12-31": "9.50000", "2008-12-31": "3.90000", "2007-12-31": "-2.60000", "2006-12-31": "163.80000", "2005-12-31": "81.10000"}, "Investing Activities - Other": {"2020-12-31": "5.40000", "2019-12-31": "0.90000", "2018-12-31": "2.10000", "2017-12-31": "3.30000", "2016-12-31": "6.30000", "2015-12-31": "0.90000", "2014-12-31": "1.00000", "2013-12-31": "1.40000", "2012-12-31": "2.20000", "2011-12-31": "3.30000", "2010-12-31": "1.20000", "2009-12-31": "2.00000", "2008-12-31": "5.50000", "2007-12-31": "0.60000", "2006-12-31": "1.40000", "2005-12-31": "1.60000"}, "Cash Flow From Investing Activities": {"2020-12-31": "-328.80000", "2019-12-31": "-128.90000", "2018-12-31": "-1201.40000", "2017-12-31": "-245.60000", "2016-12-31": "-230.20000", "2015-12-31": "-249.60000", "2014-12-31": "-242.60000", "2013-12-31": "-151.10000", "2012-12-31": "-116.10000", "2011-12-31": "-86.50000", "2010-12-31": "-54.70000", "2009-12-31": "-373.10000", "2008-12-31": "-306.40000", "2007-12-31": "-105.70000", "2006-12-31": "-66.70000", "2005-12-31": "-30.40000"}, "Net Long-Term Debt": {"2020-12-31": "-106.30000", "2019-12-31": "-225.00000", "2018-12-31": "778.70000", "2017-12-31": "-12.30000", "2016-12-31": "397.00000", "2015-12-31": "", "2014-12-31": "", "2013-12-31": "", "2012-12-31": "-2.90000", "2011-12-31": "", "2010-12-31": "97.50000", "2009-12-31": "", "2008-12-31": "297.70000", "2007-12-31": "", "2006-12-31": "", "2005-12-31": "-100.00000"}, "Net Current Debt": {"2020-12-31": "121.90000", "2019-12-31": "-0.10000", "2018-12-31": "-37.20000", "2017-12-31": "64.60000", "2016-12-31": "-50.30000", "2015-12-31": "46.80000", "2014-12-31": "1.20000", "2013-12-31": "0.30000", "2012-12-31": "", "2011-12-31": "1.40000", "2010-12-31": "1.70000", "2009-12-31": "", "2008-12-31": "-36.70000", "2007-12-31": "15.80000", "2006-12-31": "-8.90000", "2005-12-31": "28.40000"}, "Debt Issuance/Retirement Net - Total": {"2020-12-31": "15.60000", "2019-12-31": "-225.10000", "2018-12-31": "741.50000", "2017-12-31": "52.30000", "2016-12-31": "346.70000", "2015-12-31": "46.80000", "2014-12-31": "1.20000", "2013-12-31": "0.30000", "2012-12-31": "-2.90000", "2011-12-31": "1.40000", "2010-12-31": "99.20000", "2009-12-31": "", "2008-12-31": "261.00000", "2007-12-31": "15.80000", "2006-12-31": "-8.90000", "2005-12-31": "-71.60000"}, "Net Common Equity Issued/Repurchased": {"2020-12-31": "-41.30000", "2019-12-31": "-35.00000", "2018-12-31": "-40.00000", "2017-12-31": "-92.50000", "2016-12-31": "-246.80000", "2015-12-31": "-279.80000", "2014-12-31": "-103.10000", "2013-12-31": "-28.60000", "2012-12-31": "-50.80000", "2011-12-31": "-115.80000", "2010-12-31": "26.00000", "2009-12-31": "127.70000", "2008-12-31": "-88.50000", "2007-12-31": "-145.10000", "2006-12-31": "-56.60000", "2005-12-31": "-29.90000"}, "Net Total Equity Issued/Repurchased": {"2020-12-31": "-41.30000", "2019-12-31": "-35.00000", "2018-12-31": "-40.00000", "2017-12-31": "-92.50000", "2016-12-31": "-246.80000", "2015-12-31": "-279.80000", "2014-12-31": "-103.10000", "2013-12-31": "-28.60000", "2012-12-31": "-50.80000", "2011-12-31": "-115.80000", "2010-12-31": "26.00000", "2009-12-31": "127.70000", "2008-12-31": "-88.50000", "2007-12-31": "-145.10000", "2006-12-31": "-56.60000", "2005-12-31": "-29.90000"}, "Total Common And Preferred Stock Dividends Paid": {"2020-12-31": "-201.40000", "2019-12-31": "-197.90000", "2018-12-31": "-176.20000", "2017-12-31": "-161.10000", "2016-12-31": "-146.80000", "2015-12-31": "-138.70000", "2014-12-31": "-122.90000", "2013-12-31": "-111.00000", "2012-12-31": "-123.60000", "2011-12-31": "-91.00000", "2010-12-31": "-86.70000", "2009-12-31": "-79.30000", "2008-12-31": "-76.90000", "2007-12-31": "-78.40000", "2006-12-31": "-80.10000", "2005-12-31": "-80.60000"}, "Financial Activities - Other": {"2020-12-31": "-17.10000", "2019-12-31": "-13.00000", "2018-12-31": "-18.80000", "2017-12-31": "-13.00000", "2016-12-31": "-12.50000", "2015-12-31": "-7.30000", "2014-12-31": "9.20000", "2013-12-31": "8.40000", "2012-12-31": "15.60000", "2011-12-31": "7.10000", "2010-12-31": "7.00000", "2009-12-31": "1.40000", "2008-12-31": "-1.90000", "2007-12-31": "7.30000", "2006-12-31": "6.00000", "2005-12-31": ""}, "Cash Flow From Financial Activities": {"2020-12-31": "-244.20000", "2019-12-31": "-471.00000", "2018-12-31": "506.50000", "2017-12-31": "-214.30000", "2016-12-31": "-59.40000", "2015-12-31": "-379.00000", "2014-12-31": "-215.60000", "2013-12-31": "-130.90000", "2012-12-31": "-161.70000", "2011-12-31": "-198.30000", "2010-12-31": "45.50000", "2009-12-31": "49.80000", "2008-12-31": "93.70000", "2007-12-31": "-200.40000", "2006-12-31": "-139.60000", "2005-12-31": "-182.10000"}, "Net Cash Flow": {"2020-12-31": "77.60000", "2019-12-31": "-7.00000", "2018-12-31": "-186.00000", "2017-12-31": "-62.60000", "2016-12-31": "94.10000", "2015-12-31": "-310.40000", "2014-12-31": "-86.80000", "2013-12-31": "95.70000", "2012-12-31": "75.40000", "2011-12-31": "48.90000", "2010-12-31": "262.20000", "2009-12-31": "80.30000", "2008-12-31": "100.70000", "2007-12-31": "32.20000", "2006-12-31": "-65.30000", "2005-12-31": "-29.30000"}, "Stock-Based Compensation": {"2020-12-31": "23.90000", "2019-12-31": "16.40000", "2018-12-31": "24.20000", "2017-12-31": "22.30000", "2016-12-31": "22.30000", "2015-12-31": "17.00000", "2014-12-31": "16.40000", "2013-12-31": "14.30000", "2012-12-31": "15.80000", "2011-12-31": "15.10000", "2010-12-31": "11.40000", "2009-12-31": "10.30000", "2008-12-31": "12.50000", "2007-12-31": "12.70000", "2006-12-31": "11.80000", "2005-12-31": "0.70000"}, "Common Stock Dividends Paid": {"2020-12-31": "-201.40000", "2019-12-31": "-197.90000", "2018-12-31": "-176.20000", "2017-12-31": "-161.10000", "2016-12-31": "-146.80000", "2015-12-31": "-138.70000", "2014-12-31": "-122.90000", "2013-12-31": "-111.00000", "2012-12-31": "-123.60000", "2011-12-31": "-91.00000", "2010-12-31": "-86.70000", "2009-12-31": "-79.30000", "2008-12-31": "-76.90000", "2007-12-31": "-78.40000", "2006-12-31": "-80.10000", "2005-12-31": "-80.60000"}}, "cash flow statement, quarterly": {"Net Income/Loss": {"2020-12-31": 77.8, "2020-09-30": 108.6, "2020-06-30": 89.1, "2020-03-31": "75.70000", "2019-12-31": 103.1, "2019-09-30": 132.6, "2019-06-30": 97.9, "2019-03-31": "73.80000", "2018-12-31": 89.2, "2018-09-30": 114.7, "2018-06-30": 102.4, "2018-03-31": "59.80000", "2017-12-31": 22.4, "2017-09-30": 82.8, "2017-06-30": 80.8, "2017-03-31": "63.90000", "2016-12-31": 65.7, "2016-09-30": 88.1, "2016-06-30": 82, "2016-03-31": "62.00000", "2015-12-31": 62.7, "2015-09-30": 74.7, "2015-06-30": 81.3, "2015-03-31": "63.40000", "2014-12-31": 80.6, "2014-09-30": 90.5, "2014-06-30": 90.8, "2014-03-31": "65.30000", "2013-12-31": 82.8, "2013-09-30": 97.2, "2013-06-30": 83, "2013-03-31": "66.80000", "2012-12-31": 72.9, "2012-09-30": 87.6, "2012-06-30": 78, "2012-03-31": "63.60000", "2011-12-31": 70.5, "2011-09-30": 83.3, "2011-06-30": 65.7, "2011-03-31": "50.70000", "2010-12-31": 50.2, "2010-09-30": 71.7, "2010-06-30": 57.9, "2010-03-31": "39.00000", "2009-12-31": 50.1, "2009-09-30": 57.5, "2009-06-30": 39.6, "2009-03-31": "34.10000", "2008-12-31": 46.8, "2008-09-30": 66.5, "2008-06-30": 61.5, "2008-03-31": "48.40000", "2007-12-31": 48, "2007-09-30": 65.3, "2007-06-30": 53.3, "2007-03-31": "41.70000", "2006-12-31": 29.2, "2006-09-30": 47.6, "2006-06-30": 41.6, "2006-03-31": "39.70000", "2005-12-31": 52.1, "2005-09-30": 48.5, "2005-06-30": 35.7, "2005-03-31": "28.80000"}, "Total Depreciation And Amortization - Cash Flow": {"2020-12-31": 40.6, "2020-09-30": 39.4, "2020-06-30": 38.7, "2020-03-31": "38.90000", "2019-12-31": 39.9, "2019-09-30": 37.4, "2019-06-30": 37.1, "2019-03-31": "36.60000", "2018-12-31": 35.6, "2018-09-30": 36.5, "2018-06-30": 37, "2018-03-31": "39.30000", "2017-12-31": 23.5, "2017-09-30": 25.1, "2017-06-30": 25.4, "2017-03-31": "24.20000", "2016-12-31": 22.3, "2016-09-30": 22.7, "2016-06-30": 23.2, "2016-03-31": "22.70000", "2015-12-31": 21.6, "2015-09-30": 20.7, "2015-06-30": 21.2, "2015-03-31": "21.70000", "2014-12-31": 20.2, "2014-09-30": 20.1, "2014-06-30": 20, "2014-03-31": "18.90000", "2013-12-31": 18.1, "2013-09-30": 18.1, "2013-06-30": 17.2, "2013-03-31": "17.20000", "2012-12-31": 17.6, "2012-09-30": 16.2, "2012-06-30": 16.8, "2012-03-31": "16.20000", "2011-12-31": 16.5, "2011-09-30": 16.9, "2011-06-30": 17.2, "2011-03-31": "17.60000", "2010-12-31": 17.7, "2010-09-30": 18, "2010-06-30": 18.5, "2010-03-31": "18.30000", "2009-12-31": 19.5, "2009-09-30": 16.7, "2009-06-30": 17.3, "2009-03-31": "17.10000", "2008-12-31": 16.7, "2008-09-30": 16, "2008-06-30": 15.3, "2008-03-31": "15.10000", "2007-12-31": 15.4, "2007-09-30": 14.9, "2007-06-30": 15, "2007-03-31": "14.90000", "2006-12-31": 14.2, "2006-09-30": 14.3, "2006-06-30": 14, "2006-03-31": "12.90000", "2005-12-31": 13.7, "2005-09-30": 12.3, "2005-06-30": 12.4, "2005-03-31": "12.00000"}, "Other Non-Cash Items": {"2020-12-31": 15.6, "2020-09-30": 8.1, "2020-06-30": 2.6, "2020-03-31": "24.00000", "2019-12-31": -6.6, "2019-09-30": -7.8, "2019-06-30": 16.1, "2019-03-31": "8.40000", "2018-12-31": 17.5, "2018-09-30": 18.3, "2018-06-30": 9.4, "2018-03-31": "3.40000", "2017-12-31": -16.1, "2017-09-30": 16.2, "2017-06-30": 7.5, "2017-03-31": "1.60000", "2016-12-31": -0.1, "2016-09-30": 11.2, "2016-06-30": 7.2, "2016-03-31": "5.70000", "2015-12-31": 19.4, "2015-09-30": -5.2, "2015-06-30": 0.3, "2015-03-31": "-16.20000", "2014-12-31": 10.6, "2014-09-30": 1.3, "2014-06-30": 0.1, "2014-03-31": "2.40000", "2013-12-31": 3.1, "2013-09-30": 9, "2013-06-30": 6.8, "2013-03-31": "1.80000", "2012-12-31": 15.3, "2012-09-30": -6, "2012-06-30": -2, "2012-03-31": "-2.50000", "2011-12-31": -17.6, "2011-09-30": -0.3, "2011-06-30": 6.7, "2011-03-31": "6.50000", "2010-12-31": -2, "2010-09-30": -2.5, "2010-06-30": 4.6, "2010-03-31": "4.00000", "2009-12-31": -4.4, "2009-09-30": 6.6, "2009-06-30": -1.5, "2009-03-31": "8.50000", "2008-12-31": -4.3, "2008-09-30": 0.3, "2008-06-30": 5.5, "2008-03-31": "1.90000", "2007-12-31": 1.2, "2007-09-30": -8, "2007-06-30": -3.9, "2007-03-31": "-13.60000", "2006-12-31": 4.5, "2006-09-30": 11.7, "2006-06-30": -1.7, "2006-03-31": "1.60000", "2005-12-31": -17.7, "2005-09-30": 2.1, "2005-06-30": -7.8, "2005-03-31": "2.40000"}, "Total Non-Cash Items": {"2020-12-31": 56.2, "2020-09-30": 47.5, "2020-06-30": 41.3, "2020-03-31": "62.90000", "2019-12-31": 33.3, "2019-09-30": 29.6, "2019-06-30": 53.2, "2019-03-31": "45.00000", "2018-12-31": 53.1, "2018-09-30": 54.8, "2018-06-30": 46.4, "2018-03-31": "42.70000", "2017-12-31": 7.4, "2017-09-30": 41.3, "2017-06-30": 32.9, "2017-03-31": "25.80000", "2016-12-31": 22.2, "2016-09-30": 33.9, "2016-06-30": 30.4, "2016-03-31": "28.40000", "2015-12-31": 41, "2015-09-30": 15.5, "2015-06-30": 21.5, "2015-03-31": "5.50000", "2014-12-31": 30.8, "2014-09-30": 21.4, "2014-06-30": 20.1, "2014-03-31": "21.30000", "2013-12-31": 21.2, "2013-09-30": 27.1, "2013-06-30": 24, "2013-03-31": "19.00000", "2012-12-31": 32.9, "2012-09-30": 10.2, "2012-06-30": 14.8, "2012-03-31": "13.70000", "2011-12-31": -1.1, "2011-09-30": 16.6, "2011-06-30": 23.9, "2011-03-31": "24.10000", "2010-12-31": 15.7, "2010-09-30": 15.5, "2010-06-30": 23.1, "2010-03-31": "22.30000", "2009-12-31": 15.1, "2009-09-30": 23.3, "2009-06-30": 15.8, "2009-03-31": "25.60000", "2008-12-31": 12.4, "2008-09-30": 16.3, "2008-06-30": 20.8, "2008-03-31": "17.00000", "2007-12-31": 16.6, "2007-09-30": 6.9, "2007-06-30": 11.1, "2007-03-31": "1.30000", "2006-12-31": 18.7, "2006-09-30": 26, "2006-06-30": 12.3, "2006-03-31": "14.50000", "2005-12-31": -4, "2005-09-30": 14.4, "2005-06-30": 4.6, "2005-03-31": "14.40000"}, "Change In Accounts Receivable": {"2020-12-31": 97.6, "2020-09-30": -67.1, "2020-06-30": 61.8, "2020-03-31": "-36.80000", "2019-12-31": 113.7, "2019-09-30": -8.5, "2019-06-30": -68.3, "2019-03-31": "9.30000", "2018-12-31": 58.5, "2018-09-30": -5.6, "2018-06-30": -81.4, "2018-03-31": "-46.90000", "2017-12-31": 76.9, "2017-09-30": -11.3, "2017-06-30": -48.6, "2017-03-31": "-13.10000", "2016-12-31": 31.5, "2016-09-30": -33.8, "2016-06-30": -12.9, "2016-03-31": "-27.10000", "2015-12-31": 62.4, "2015-09-30": -23.1, "2015-06-30": -8.6, "2015-03-31": "-28.80000", "2014-12-31": 70.6, "2014-09-30": -41.3, "2014-06-30": -27.2, "2014-03-31": "-19.90000", "2013-12-31": 56.5, "2013-09-30": -28, "2013-06-30": -25.9, "2013-03-31": "-33.50000", "2012-12-31": 65, "2012-09-30": -29.1, "2012-06-30": -16.5, "2012-03-31": "-21.20000", "2011-12-31": 64.7, "2011-09-30": -53.8, "2011-06-30": -5.2, "2011-03-31": "-57.30000", "2010-12-31": 71.3, "2010-09-30": -36.2, "2010-06-30": -25.6, "2010-03-31": "-35.60000", "2009-12-31": 54.1, "2009-09-30": -5.3, "2009-06-30": 10.5, "2009-03-31": "26.20000", "2008-12-31": 74.7, "2008-09-30": -35.1, "2008-06-30": -14, "2008-03-31": "-29.30000", "2007-12-31": 90.8, "2007-09-30": -31.9, "2007-06-30": 9.1, "2007-03-31": "-40.20000", "2006-12-31": 59.3, "2006-09-30": -35.4, "2006-06-30": -13.5, "2006-03-31": "-41.10000", "2005-12-31": 32.1, "2005-09-30": -38, "2005-06-30": -1.2, "2005-03-31": "-9.80000"}, "Change In Inventories": {"2020-12-31": 5.6, "2020-09-30": 20.6, "2020-06-30": -8.2, "2020-03-31": "32.70000", "2019-12-31": 35.6, "2019-09-30": -13.3, "2019-06-30": 0.6, "2019-03-31": "-10.70000", "2018-12-31": 16.4, "2018-09-30": 13.9, "2018-06-30": 23, "2018-03-31": "-19.10000", "2017-12-31": -11.1, "2017-09-30": -36.4, "2017-06-30": -30.6, "2017-03-31": "-12.20000", "2016-12-31": 9.8, "2016-09-30": 4.5, "2016-06-30": 10.2, "2016-03-31": "-6.10000", "2015-12-31": -10.5, "2015-09-30": -19, "2015-06-30": -25.2, "2015-03-31": "-26.10000", "2014-12-31": 2.9, "2014-09-30": -18.6, "2014-06-30": -6.1, "2014-03-31": "-25.10000", "2013-12-31": 19.2, "2013-09-30": -14.7, "2013-06-30": -23.4, "2013-03-31": "-7.00000", "2012-12-31": 17.7, "2012-09-30": 1.1, "2012-06-30": -15.2, "2012-03-31": "-15.40000", "2011-12-31": 17.1, "2011-09-30": -11.2, "2011-06-30": -18.4, "2011-03-31": "-3.90000", "2010-12-31": -3.3, "2010-09-30": -14.7, "2010-06-30": -6.6, "2010-03-31": "-8.00000", "2009-12-31": 8.6, "2009-09-30": 33.3, "2009-06-30": 44.7, "2009-03-31": "12.10000", "2008-12-31": 9, "2008-09-30": -2.1, "2008-06-30": 1.3, "2008-03-31": "-1.30000", "2007-12-31": -0.2, "2007-09-30": 1, "2007-06-30": 2.5, "2007-03-31": "20.90000", "2006-12-31": 7.7, "2006-09-30": -35.7, "2006-06-30": -36.1, "2006-03-31": "-22.20000", "2005-12-31": -11.7, "2005-09-30": 10.2, "2005-06-30": 2.2, "2005-03-31": "-13.90000"}, "Change In Accounts Payable": {"2020-12-31": -22.4, "2020-09-30": 31.9, "2020-06-30": -2.1, "2020-03-31": "15.20000", "2019-12-31": -30.6, "2019-09-30": -8.4, "2019-06-30": 26.4, "2019-03-31": "12.60000", "2018-12-31": -48.1, "2018-09-30": 1.7, "2018-06-30": 47.1, "2018-03-31": "-0.70000", "2017-12-31": -50.7, "2017-09-30": -5.4, "2017-06-30": 47.6, "2017-03-31": "8.50000", "2016-12-31": 0, "2016-09-30": 0, "2016-06-30": 0, "2016-03-31": "", "2015-12-31": 0, "2015-09-30": 0, "2015-06-30": 0, "2015-03-31": "", "2014-12-31": 0, "2014-09-30": 0, "2014-06-30": 0, "2014-03-31": "", "2013-12-31": 0, "2013-09-30": 0, "2013-06-30": 0, "2013-03-31": "", "2012-12-31": 0, "2012-09-30": 0, "2012-06-30": 0, "2012-03-31": "", "2011-12-31": 0, "2011-09-30": 0, "2011-06-30": 0, "2011-03-31": "", "2010-12-31": 0, "2010-09-30": 0, "2010-06-30": 0, "2010-03-31": "", "2009-12-31": 0, "2009-09-30": 0, "2009-06-30": 0, "2009-03-31": "", "2008-12-31": 0, "2008-09-30": 0, "2008-06-30": 0, "2008-03-31": "", "2007-12-31": 0, "2007-09-30": 0, "2007-06-30": 0, "2007-03-31": "", "2006-12-31": 0, "2006-09-30": 0, "2006-06-30": 0, "2006-03-31": "", "2005-12-31": 0, "2005-09-30": 0, "2005-06-30": 0, "2005-03-31": ""}, "Change In Assets/Liabilities": {"2020-12-31": -22.4, "2020-09-30": 10.4, "2020-06-30": 13.4, "2020-03-31": "-41.30000", "2019-12-31": -48.6, "2019-09-30": 43.5, "2019-06-30": 21.7, "2019-03-31": "-51.90000", "2018-12-31": 8.8, "2018-09-30": 7.4, "2018-06-30": 15.2, "2018-03-31": "-36.20000", "2017-12-31": 105.5, "2017-09-30": 26.4, "2017-06-30": -13.8, "2017-03-31": "-10.00000", "2016-12-31": 12.6, "2016-09-30": 49.9, "2016-06-30": -45.4, "2016-03-31": "5.10000", "2015-12-31": -9.3, "2015-09-30": 46.3, "2015-06-30": 3.9, "2015-03-31": "11.80000", "2014-12-31": -31.7, "2014-09-30": 85.1, "2014-06-30": -19.8, "2014-03-31": "1.80000", "2013-12-31": -23.8, "2013-09-30": 35.8, "2013-06-30": 8.1, "2013-03-31": "-2.60000", "2012-12-31": -31.4, "2012-09-30": 17.6, "2012-06-30": -1.6, "2012-03-31": "4.40000", "2011-12-31": -33.4, "2011-09-30": 65.9, "2011-06-30": -3.1, "2011-03-31": "39.90000", "2010-12-31": -43.7, "2010-09-30": 46.6, "2010-06-30": 20.4, "2010-03-31": "6.20000", "2009-12-31": -27.3, "2009-09-30": 34.6, "2009-06-30": -3.5, "2009-03-31": "-51.40000", "2008-12-31": -58.6, "2008-09-30": 64.2, "2008-06-30": 23.1, "2008-03-31": "-2.40000", "2007-12-31": -41.2, "2007-09-30": 40.5, "2007-06-30": 29.8, "2007-03-31": "9.90000", "2006-12-31": -57.9, "2006-09-30": 26.8, "2006-06-30": 32.8, "2006-03-31": "25.60000", "2005-12-31": -11.3, "2005-09-30": 41.1, "2005-06-30": 8.3, "2005-03-31": "-18.40000"}, "Total Change In Assets/Liabilities": {"2020-12-31": 58.4, "2020-09-30": -4.2, "2020-06-30": 64.9, "2020-03-31": "-30.20000", "2019-12-31": 70.1, "2019-09-30": 13.3, "2019-06-30": -19.6, "2019-03-31": "-40.70000", "2018-12-31": 35.6, "2018-09-30": 17.4, "2018-06-30": 3.9, "2018-03-31": "-102.90000", "2017-12-31": 120.6, "2017-09-30": -26.7, "2017-06-30": -45.4, "2017-03-31": "-26.80000", "2016-12-31": 53.9, "2016-09-30": 20.6, "2016-06-30": -48.1, "2016-03-31": "-28.10000", "2015-12-31": 42.6, "2015-09-30": 4.2, "2015-06-30": -29.9, "2015-03-31": "-43.10000", "2014-12-31": 41.8, "2014-09-30": 25.2, "2014-06-30": -53.1, "2014-03-31": "-43.20000", "2013-12-31": 51.9, "2013-09-30": -6.9, "2013-06-30": -41.2, "2013-03-31": "-43.10000", "2012-12-31": 51.3, "2012-09-30": -10.4, "2012-06-30": -33.3, "2012-03-31": "-32.20000", "2011-12-31": 48.4, "2011-09-30": 0.9, "2011-06-30": -26.7, "2011-03-31": "-21.30000", "2010-12-31": 24.3, "2010-09-30": -4.3, "2010-06-30": -11.8, "2010-03-31": "-37.40000", "2009-12-31": 35.4, "2009-09-30": 62.6, "2009-06-30": 51.7, "2009-03-31": "-13.10000", "2008-12-31": 25.1, "2008-09-30": 27, "2008-06-30": 10.4, "2008-03-31": "-33.00000", "2007-12-31": 49.4, "2007-09-30": 9.6, "2007-06-30": 41.4, "2007-03-31": "-9.40000", "2006-12-31": 9.1, "2006-09-30": -44.3, "2006-06-30": -16.8, "2006-03-31": "-37.70000", "2005-12-31": 9.1, "2005-09-30": 13.3, "2005-06-30": 9.3, "2005-03-31": "-42.10000"}, "Cash Flow From Operating Activities": {"2020-12-31": 192.4, "2020-09-30": 151.9, "2020-06-30": 195.3, "2020-03-31": "108.40000", "2019-12-31": 206.5, "2019-09-30": 175.5, "2019-06-30": 131.5, "2019-03-31": "78.10000", "2018-12-31": 177.9, "2018-09-30": 186.9, "2018-06-30": 152.7, "2018-03-31": "-0.40000", "2017-12-31": 150.4, "2017-09-30": 97.4, "2017-06-30": 68.3, "2017-03-31": "62.90000", "2016-12-31": 141.8, "2016-09-30": 142.6, "2016-06-30": 64.3, "2016-03-31": "62.30000", "2015-12-31": 146.3, "2015-09-30": 94.4, "2015-06-30": 72.9, "2015-03-31": "25.80000", "2014-12-31": 153.2, "2014-09-30": 137.1, "2014-06-30": 57.8, "2014-03-31": "43.40000", "2013-12-31": 155.9, "2013-09-30": 117.4, "2013-06-30": 65.8, "2013-03-31": "42.70000", "2012-12-31": 157.1, "2012-09-30": 87.4, "2012-06-30": 59.5, "2012-03-31": "45.10000", "2011-12-31": 117.8, "2011-09-30": 100.8, "2011-06-30": 62.9, "2011-03-31": "53.50000", "2010-12-31": 90.2, "2010-09-30": 82.9, "2010-06-30": 69.2, "2010-03-31": "23.90000", "2009-12-31": 100.6, "2009-09-30": 143.4, "2009-06-30": 107.1, "2009-03-31": "46.60000", "2008-12-31": 84.3, "2008-09-30": 109.8, "2008-06-30": 92.7, "2008-03-31": "32.40000", "2007-12-31": 114, "2007-09-30": 81.8, "2007-06-30": 105.8, "2007-03-31": "33.60000", "2006-12-31": 57, "2006-09-30": 29.3, "2006-06-30": 37.1, "2006-03-31": "16.50000", "2005-12-31": 57.2, "2005-09-30": 76.2, "2005-06-30": 49.6, "2005-03-31": "1.10000"}, "Net Change In Property, Plant, And Equipment": {"2020-12-31": -36.7, "2020-09-30": -16.7, "2020-06-30": -17.2, "2020-03-31": "-17.80000", "2019-12-31": -51.6, "2019-09-30": 8.5, "2019-06-30": -24.4, "2019-03-31": "-23.30000", "2018-12-31": -18.7, "2018-09-30": -23.2, "2018-06-30": -25.5, "2018-03-31": "-22.00000", "2017-12-31": -8.1, "2017-09-30": -20.2, "2017-06-30": -19.4, "2017-03-31": "-13.60000", "2016-12-31": -10.6, "2016-09-30": -15.9, "2016-06-30": -14.6, "2016-03-31": "-15.30000", "2015-12-31": -24.1, "2015-09-30": -17.8, "2015-06-30": -18.2, "2015-03-31": "-16.30000", "2014-12-31": -11.7, "2014-09-30": -15.5, "2014-06-30": -14.4, "2014-03-31": "-12.70000", "2013-12-31": -15, "2013-09-30": -14.4, "2013-06-30": -13, "2013-03-31": "-13.00000", "2012-12-31": -13, "2012-09-30": -10.3, "2012-06-30": -9.6, "2012-03-31": "-11.40000", "2011-12-31": -4.5, "2011-09-30": -10.2, "2011-06-30": -9.1, "2011-03-31": "-22.00000", "2010-12-31": -11.6, "2010-09-30": -11.5, "2010-06-30": -11.2, "2010-03-31": "-11.10000", "2009-12-31": -9.5, "2009-09-30": -5.6, "2009-06-30": -5.7, "2009-03-31": "-8.00000", "2008-12-31": -14.4, "2008-09-30": -10, "2008-06-30": -12.1, "2008-03-31": "-11.90000", "2007-12-31": -6.2, "2007-09-30": -11.6, "2007-06-30": -12.3, "2007-03-31": "-20.70000", "2006-12-31": -19.1, "2006-09-30": -29, "2006-06-30": -20.9, "2006-03-31": "-17.20000", "2005-12-31": -12.2, "2005-09-30": -18, "2005-06-30": -15.6, "2005-03-31": "-13.00000"}, "Net Change In Intangible Assets": {"2020-12-31": 0, "2020-09-30": 0, "2020-06-30": 0, "2020-03-31": "", "2019-12-31": 0, "2019-09-30": 0, "2019-06-30": 0, "2019-03-31": "", "2018-12-31": 0, "2018-09-30": 0, "2018-06-30": 0, "2018-03-31": "", "2017-12-31": 0, "2017-09-30": 0, "2017-06-30": 0, "2017-03-31": "", "2016-12-31": 0, "2016-09-30": 0, "2016-06-30": 0, "2016-03-31": "", "2015-12-31": 0, "2015-09-30": 0, "2015-06-30": 0, "2015-03-31": "", "2014-12-31": 0, "2014-09-30": 0, "2014-06-30": 0, "2014-03-31": "", "2013-12-31": 0, "2013-09-30": 0, "2013-06-30": 0, "2013-03-31": "", "2012-12-31": 0, "2012-09-30": 0, "2012-06-30": 0, "2012-03-31": "", "2011-12-31": 0, "2011-09-30": 0, "2011-06-30": 0, "2011-03-31": "", "2010-12-31": 0, "2010-09-30": 0, "2010-06-30": 0, "2010-03-31": "", "2009-12-31": 0, "2009-09-30": 0, "2009-06-30": 0, "2009-03-31": "", "2008-12-31": 0, "2008-09-30": 0, "2008-06-30": 0, "2008-03-31": "", "2007-12-31": 0, "2007-09-30": 0, "2007-06-30": 0, "2007-03-31": "", "2006-12-31": 0, "2006-09-30": 0, "2006-06-30": 0, "2006-03-31": "", "2005-12-31": 0, "2005-09-30": 0, "2005-06-30": 0, "2005-03-31": ""}, "Net Acquisitions/Divestitures": {"2020-12-31": -237.6, "2020-09-30": 0, "2020-06-30": 0.1, "2020-03-31": "-2.10000", "2019-12-31": -32.4, "2019-09-30": -5, "2019-06-30": 0, "2019-03-31": "", "2018-12-31": 0, "2018-09-30": -2, "2018-06-30": 3.4, "2018-03-31": "-1119.40000", "2017-12-31": -73.8, "2017-09-30": -1.8, "2017-06-30": -89.3, "2017-03-31": "-19.20000", "2016-12-31": -0.9, "2016-09-30": -0.9, "2016-06-30": 0.6, "2016-03-31": "-172.20000", "2015-12-31": -0.1, "2015-09-30": -36.3, "2015-06-30": -0.2, "2015-03-31": "-126.80000", "2014-12-31": -19.9, "2014-09-30": -16.6, "2014-06-30": -56.4, "2014-03-31": "-90.90000", "2013-12-31": 0, "2013-09-30": -14.8, "2013-06-30": -44.2, "2013-03-31": "-37.50000", "2012-12-31": -37.7, "2012-09-30": 6.8, "2012-06-30": -42.1, "2012-03-31": "-10.90000", "2011-12-31": -29.6, "2011-09-30": 0, "2011-06-30": 0, "2011-03-31": "", "2010-12-31": 0, "2010-09-30": 0, "2010-06-30": 0, "2010-03-31": "", "2009-12-31": -355.5, "2009-09-30": 0, "2009-06-30": 0, "2009-03-31": "-0.30000", "2008-12-31": -61.5, "2008-09-30": -102.6, "2008-06-30": -0.1, "2008-03-31": "-103.20000", "2007-12-31": -50, "2007-09-30": -0.1, "2007-06-30": 0, "2007-03-31": "-2.80000", "2006-12-31": -28.3, "2006-09-30": 0.6, "2006-06-30": -117.9, "2006-03-31": "-0.10000", "2005-12-31": -1.1, "2005-09-30": -47.7, "2005-06-30": 0, "2005-03-31": "-5.50000"}, "Net Change In Short-term Investments": {"2020-12-31": 0, "2020-09-30": 0, "2020-06-30": 0, "2020-03-31": "", "2019-12-31": 0, "2019-09-30": 0, "2019-06-30": 0, "2019-03-31": "", "2018-12-31": 0, "2018-09-30": 0, "2018-06-30": 0, "2018-03-31": "", "2017-12-31": 0, "2017-09-30": 0, "2017-06-30": 0, "2017-03-31": "", "2016-12-31": 0, "2016-09-30": 0, "2016-06-30": 0, "2016-03-31": "", "2015-12-31": 0, "2015-09-30": 0, "2015-06-30": 0, "2015-03-31": "", "2014-12-31": 0, "2014-09-30": 0, "2014-06-30": 0, "2014-03-31": "", "2013-12-31": 0, "2013-09-30": 0, "2013-06-30": 0, "2013-03-31": "", "2012-12-31": 0, "2012-09-30": 0, "2012-06-30": 0, "2012-03-31": "", "2011-12-31": 0, "2011-09-30": 0, "2011-06-30": 0, "2011-03-31": "", "2010-12-31": 0, "2010-09-30": 0, "2010-06-30": 0, "2010-03-31": "", "2009-12-31": 0, "2009-09-30": 0, "2009-06-30": 0, "2009-03-31": "", "2008-12-31": 0, "2008-09-30": 0, "2008-06-30": 0, "2008-03-31": "", "2007-12-31": 0, "2007-09-30": 0, "2007-06-30": 0, "2007-03-31": "", "2006-12-31": -0.4, "2006-09-30": 0, "2006-06-30": 0, "2006-03-31": "", "2005-12-31": 0, "2005-09-30": 0, "2005-06-30": 0, "2005-03-31": ""}, "Net Change In Long-Term Investments": {"2020-12-31": -8.4, "2020-09-30": -4.2, "2020-06-30": 4.6, "2020-03-31": "1.80000", "2019-12-31": -7.5, "2019-09-30": 3.3, "2019-06-30": 0.9, "2019-03-31": "1.70000", "2018-12-31": 3, "2018-09-30": -5.9, "2018-06-30": 6.1, "2018-03-31": "0.70000", "2017-12-31": -2.5, "2017-09-30": -0.8, "2017-06-30": 0.7, "2017-03-31": "-0.90000", "2016-12-31": -2.4, "2016-09-30": -4.3, "2016-06-30": 1, "2016-03-31": "-1.00000", "2015-12-31": -4.6, "2015-09-30": -4.6, "2015-06-30": 1.3, "2015-03-31": "-2.80000", "2014-12-31": -7.5, "2014-09-30": 3.3, "2014-06-30": -1.9, "2014-03-31": "0.60000", "2013-12-31": 0.2, "2013-09-30": 0.3, "2013-06-30": 4.4, "2013-03-31": "-5.50000", "2012-12-31": 1.2, "2012-09-30": 6.6, "2012-06-30": 1.6, "2012-03-31": "0.50000", "2011-12-31": -8.6, "2011-09-30": -4.9, "2011-06-30": -1.8, "2011-03-31": "0.90000", "2010-12-31": 1.5, "2010-09-30": -2.8, "2010-06-30": -8.7, "2010-03-31": "-0.50000", "2009-12-31": 3.2, "2009-09-30": 7.4, "2009-06-30": 1.1, "2009-03-31": "-2.20000", "2008-12-31": -0.1, "2008-09-30": 0.2, "2008-06-30": -1.2, "2008-03-31": "5.00000", "2007-12-31": -2.1, "2007-09-30": -0.2, "2007-06-30": 0, "2007-03-31": "-0.30000", "2006-12-31": -1.1, "2006-09-30": 45.1, "2006-06-30": 111.7, "2006-03-31": "8.50000", "2005-12-31": -19, "2005-09-30": -5.9, "2005-06-30": 87.1, "2005-03-31": "18.90000"}, "Net Change In Investments - Total": {"2020-12-31": -8.4, "2020-09-30": -4.2, "2020-06-30": 4.6, "2020-03-31": "1.80000", "2019-12-31": -7.5, "2019-09-30": 3.3, "2019-06-30": 0.9, "2019-03-31": "1.70000", "2018-12-31": 3, "2018-09-30": -5.9, "2018-06-30": 6.1, "2018-03-31": "0.70000", "2017-12-31": -2.5, "2017-09-30": -0.8, "2017-06-30": 0.7, "2017-03-31": "-0.90000", "2016-12-31": -2.4, "2016-09-30": -4.3, "2016-06-30": 1, "2016-03-31": "-1.00000", "2015-12-31": -4.6, "2015-09-30": -4.6, "2015-06-30": 1.3, "2015-03-31": "-2.80000", "2014-12-31": -7.5, "2014-09-30": 3.3, "2014-06-30": -1.9, "2014-03-31": "0.60000", "2013-12-31": 0.2, "2013-09-30": 0.3, "2013-06-30": 4.4, "2013-03-31": "-5.50000", "2012-12-31": 1.2, "2012-09-30": 6.6, "2012-06-30": 1.6, "2012-03-31": "0.50000", "2011-12-31": -8.6, "2011-09-30": -4.9, "2011-06-30": -1.8, "2011-03-31": "0.90000", "2010-12-31": 1.5, "2010-09-30": -2.8, "2010-06-30": -8.7, "2010-03-31": "-0.50000", "2009-12-31": 3.2, "2009-09-30": 7.4, "2009-06-30": 1.1, "2009-03-31": "-2.20000", "2008-12-31": -0.1, "2008-09-30": 0.2, "2008-06-30": -1.2, "2008-03-31": "5.00000", "2007-12-31": -2.1, "2007-09-30": -0.2, "2007-06-30": 0, "2007-03-31": "-0.30000", "2006-12-31": -1.5, "2006-09-30": 45.1, "2006-06-30": 111.7, "2006-03-31": "8.50000", "2005-12-31": -19, "2005-09-30": -5.9, "2005-06-30": 87.1, "2005-03-31": "18.90000"}, "Investing Activities - Other": {"2020-12-31": 0.3, "2020-09-30": 1.4, "2020-06-30": 1.2, "2020-03-31": "2.50000", "2019-12-31": -2.9, "2019-09-30": 0.2, "2019-06-30": 2.1, "2019-03-31": "1.50000", "2018-12-31": -0.2, "2018-09-30": 0.7, "2018-06-30": 0.7, "2018-03-31": "0.90000", "2017-12-31": 0.4, "2017-09-30": 0.2, "2017-06-30": 1.8, "2017-03-31": "0.90000", "2016-12-31": 3, "2016-09-30": 2.3, "2016-06-30": 0.5, "2016-03-31": "0.50000", "2015-12-31": -1.2, "2015-09-30": 0.6, "2015-06-30": 0.3, "2015-03-31": "1.20000", "2014-12-31": -0.6, "2014-09-30": 0.2, "2014-06-30": 1.4, "2014-03-31": "", "2013-12-31": -3, "2013-09-30": 0.4, "2013-06-30": 3.8, "2013-03-31": "0.20000", "2012-12-31": -4.7, "2012-09-30": 0.6, "2012-06-30": 0.8, "2012-03-31": "5.50000", "2011-12-31": -2.2, "2011-09-30": 1.5, "2011-06-30": 1.9, "2011-03-31": "2.10000", "2010-12-31": -1.1, "2010-09-30": 1.2, "2010-06-30": 0, "2010-03-31": "1.10000", "2009-12-31": 0.3, "2009-09-30": 0.1, "2009-06-30": 1.3, "2009-03-31": "0.30000", "2008-12-31": -0.5, "2008-09-30": 3.4, "2008-06-30": 1.4, "2008-03-31": "1.20000", "2007-12-31": -3.3, "2007-09-30": 0, "2007-06-30": 2.9, "2007-03-31": "1.00000", "2006-12-31": -0.5, "2006-09-30": 1, "2006-06-30": 0.6, "2006-03-31": "0.30000", "2005-12-31": -3.2, "2005-09-30": 1.9, "2005-06-30": 1.4, "2005-03-31": "1.50000"}, "Cash Flow From Investing Activities": {"2020-12-31": -282.4, "2020-09-30": -19.5, "2020-06-30": -11.3, "2020-03-31": "-15.60000", "2019-12-31": -94.4, "2019-09-30": 7, "2019-06-30": -21.4, "2019-03-31": "-20.10000", "2018-12-31": -15.9, "2018-09-30": -30.4, "2018-06-30": -15.3, "2018-03-31": "-1139.80000", "2017-12-31": -84, "2017-09-30": -22.6, "2017-06-30": -106.2, "2017-03-31": "-32.80000", "2016-12-31": -10.9, "2016-09-30": -18.8, "2016-06-30": -12.5, "2016-03-31": "-188.00000", "2015-12-31": -30, "2015-09-30": -58.1, "2015-06-30": -16.8, "2015-03-31": "-144.70000", "2014-12-31": -39.7, "2014-09-30": -28.6, "2014-06-30": -71.3, "2014-03-31": "-103.00000", "2013-12-31": -17.8, "2013-09-30": -28.5, "2013-06-30": -49, "2013-03-31": "-55.80000", "2012-12-31": -54.2, "2012-09-30": 3.7, "2012-06-30": -49.3, "2012-03-31": "-16.30000", "2011-12-31": -44.9, "2011-09-30": -13.6, "2011-06-30": -9, "2011-03-31": "-19.00000", "2010-12-31": -11.2, "2010-09-30": -13.1, "2010-06-30": -19.9, "2010-03-31": "-10.50000", "2009-12-31": -361.5, "2009-09-30": 1.9, "2009-06-30": -3.3, "2009-03-31": "-10.20000", "2008-12-31": -76.5, "2008-09-30": -109, "2008-06-30": -12, "2008-03-31": "-108.90000", "2007-12-31": -61.6, "2007-09-30": -11.9, "2007-06-30": -9.4, "2007-03-31": "-22.80000", "2006-12-31": -49.4, "2006-09-30": 17.7, "2006-06-30": -26.5, "2006-03-31": "-8.50000", "2005-12-31": -35.5, "2005-09-30": -69.7, "2005-06-30": 72.9, "2005-03-31": "1.90000"}, "Net Long-Term Debt": {"2020-12-31": 0, "2020-09-30": -215.7, "2020-06-30": 15.7, "2020-03-31": "93.70000", "2019-12-31": -206.2, "2019-09-30": -6.3, "2019-06-30": -6.2, "2019-03-31": "-6.30000", "2018-12-31": -56.3, "2018-09-30": -106.2, "2018-06-30": -6.3, "2018-03-31": "947.50000", "2017-12-31": 0, "2017-09-30": -12.3, "2017-06-30": 0, "2017-03-31": "", "2016-12-31": 0, "2016-09-30": 0, "2016-06-30": 0, "2016-03-31": "397.00000", "2015-12-31": 0, "2015-09-30": 0, "2015-06-30": 0, "2015-03-31": "", "2014-12-31": 0, "2014-09-30": 0, "2014-06-30": 0, "2014-03-31": "", "2013-12-31": 0, "2013-09-30": 0, "2013-06-30": 0, "2013-03-31": "", "2012-12-31": -2.9, "2012-09-30": 0, "2012-06-30": 0, "2012-03-31": "", "2011-12-31": 0, "2011-09-30": 0, "2011-06-30": 0, "2011-03-31": "", "2010-12-31": 97.5, "2010-09-30": 0, "2010-06-30": 0, "2010-03-31": "", "2009-12-31": 0, "2009-09-30": 0, "2009-06-30": 0, "2009-03-31": "", "2008-12-31": 0, "2008-09-30": 0, "2008-06-30": 297.7, "2008-03-31": "", "2007-12-31": 0, "2007-09-30": 0, "2007-06-30": 0, "2007-03-31": "", "2006-12-31": 0, "2006-09-30": 0, "2006-06-30": 0, "2006-03-31": "", "2005-12-31": -100, "2005-09-30": 0, "2005-06-30": 0, "2005-03-31": ""}, "Net Current Debt": {"2020-12-31": 130.9, "2020-09-30": -82.5, "2020-06-30": 35.4, "2020-03-31": "38.10000", "2019-12-31": 26.5, "2019-09-30": -21.6, "2019-06-30": -26.2, "2019-03-31": "21.20000", "2018-12-31": -74.2, "2018-09-30": 39.1, "2018-06-30": -86.6, "2018-03-31": "84.50000", "2017-12-31": -26.1, "2017-09-30": -10.1, "2017-06-30": 98.8, "2017-03-31": "2.00000", "2016-12-31": -2.6, "2016-09-30": -57.8, "2016-06-30": 58.3, "2016-03-31": "-48.20000", "2015-12-31": 47.8, "2015-09-30": 0.2, "2015-06-30": 0.2, "2015-03-31": "-1.40000", "2014-12-31": 0.5, "2014-09-30": 0, "2014-06-30": 0.1, "2014-03-31": "0.60000", "2013-12-31": 0.2, "2013-09-30": 0.1, "2013-06-30": 0, "2013-03-31": "", "2012-12-31": 2.7, "2012-09-30": 0, "2012-06-30": -0.1, "2012-03-31": "-2.60000", "2011-12-31": 0.8, "2011-09-30": 0.3, "2011-06-30": 0.3, "2011-03-31": "", "2010-12-31": -0.5, "2010-09-30": -1.2, "2010-06-30": 0, "2010-03-31": "3.40000", "2009-12-31": 0, "2009-09-30": 0, "2009-06-30": 0, "2009-03-31": "", "2008-12-31": 0, "2008-09-30": 0, "2008-06-30": -243.5, "2008-03-31": "206.80000", "2007-12-31": -32.6, "2007-09-30": 52.6, "2007-06-30": -59.4, "2007-03-31": "55.20000", "2006-12-31": 7.1, "2006-09-30": 4.9, "2006-06-30": -11.8, "2006-03-31": "-9.10000", "2005-12-31": 21.6, "2005-09-30": 6.8, "2005-06-30": 0, "2005-03-31": ""}, "Debt Issuance/Retirement Net - Total": {"2020-12-31": 130.9, "2020-09-30": -298.2, "2020-06-30": 51.1, "2020-03-31": "131.80000", "2019-12-31": -179.7, "2019-09-30": -27.9, "2019-06-30": -32.4, "2019-03-31": "14.90000", "2018-12-31": -130.5, "2018-09-30": -67.1, "2018-06-30": -92.9, "2018-03-31": "1032.00000", "2017-12-31": -26.1, "2017-09-30": -22.4, "2017-06-30": 98.8, "2017-03-31": "2.00000", "2016-12-31": -2.6, "2016-09-30": -57.8, "2016-06-30": 58.3, "2016-03-31": "348.80000", "2015-12-31": 47.8, "2015-09-30": 0.2, "2015-06-30": 0.2, "2015-03-31": "-1.40000", "2014-12-31": 0.5, "2014-09-30": 0, "2014-06-30": 0.1, "2014-03-31": "0.60000", "2013-12-31": 0.2, "2013-09-30": 0.1, "2013-06-30": 0, "2013-03-31": "", "2012-12-31": -0.2, "2012-09-30": 0, "2012-06-30": -0.1, "2012-03-31": "-2.60000", "2011-12-31": 0.8, "2011-09-30": 0.3, "2011-06-30": 0.3, "2011-03-31": "", "2010-12-31": 97, "2010-09-30": -1.2, "2010-06-30": 0, "2010-03-31": "3.40000", "2009-12-31": 0, "2009-09-30": 0, "2009-06-30": 0, "2009-03-31": "", "2008-12-31": 0, "2008-09-30": 0, "2008-06-30": 54.2, "2008-03-31": "206.80000", "2007-12-31": -32.6, "2007-09-30": 52.6, "2007-06-30": -59.4, "2007-03-31": "55.20000", "2006-12-31": 7.1, "2006-09-30": 4.9, "2006-06-30": -11.8, "2006-03-31": "-9.10000", "2005-12-31": -78.4, "2005-09-30": 6.8, "2005-06-30": 0, "2005-03-31": ""}, "Net Common Equity Issued/Repurchased": {"2020-12-31": 0, "2020-09-30": 0, "2020-06-30": 0, "2020-03-31": "-41.30000", "2019-12-31": 0, "2019-09-30": -5, "2019-06-30": -20, "2019-03-31": "-10.00000", "2018-12-31": -20, "2018-09-30": -10, "2018-06-30": -10, "2018-03-31": "", "2017-12-31": 0.1, "2017-09-30": 0, "2017-06-30": -40, "2017-03-31": "-52.60000", "2016-12-31": 0, "2016-09-30": 0, "2016-06-30": -45, "2016-03-31": "-201.80000", "2015-12-31": -203.8, "2015-09-30": 0, "2015-06-30": 0, "2015-03-31": "-76.00000", "2014-12-31": -69.2, "2014-09-30": -11.3, "2014-06-30": -11.6, "2014-03-31": "-11.00000", "2013-12-31": 0.9, "2013-09-30": -24.1, "2013-06-30": -6.2, "2013-03-31": "0.80000", "2012-12-31": -16.6, "2012-09-30": -11.9, "2012-06-30": 1.5, "2012-03-31": "-23.80000", "2011-12-31": 4.7, "2011-09-30": -55.3, "2011-06-30": -21.7, "2011-03-31": "-43.50000", "2010-12-31": 17.8, "2010-09-30": 1.1, "2010-06-30": -2.5, "2010-03-31": "9.60000", "2009-12-31": 125, "2009-09-30": 2.3, "2009-06-30": 0.4, "2009-03-31": "", "2008-12-31": 0, "2008-09-30": -0.2, "2008-06-30": 3.5, "2008-03-31": "-91.80000", "2007-12-31": -11.8, "2007-09-30": -78.3, "2007-06-30": -26.7, "2007-03-31": "-28.30000", "2006-12-31": -6.7, "2006-09-30": -30.9, "2006-06-30": 7.8, "2006-03-31": "-26.80000", "2005-12-31": 9.6, "2005-09-30": -8.7, "2005-06-30": -43.1, "2005-03-31": "12.30000"}, "Net Total Equity Issued/Repurchased": {"2020-12-31": 0, "2020-09-30": 0, "2020-06-30": 0, "2020-03-31": "-41.30000", "2019-12-31": 0, "2019-09-30": -5, "2019-06-30": -20, "2019-03-31": "-10.00000", "2018-12-31": -20, "2018-09-30": -10, "2018-06-30": -10, "2018-03-31": "", "2017-12-31": 0.1, "2017-09-30": 0, "2017-06-30": -40, "2017-03-31": "-52.60000", "2016-12-31": 0, "2016-09-30": 0, "2016-06-30": -45, "2016-03-31": "-201.80000", "2015-12-31": -203.8, "2015-09-30": 0, "2015-06-30": 0, "2015-03-31": "-76.00000", "2014-12-31": -69.2, "2014-09-30": -11.3, "2014-06-30": -11.6, "2014-03-31": "-11.00000", "2013-12-31": 0.9, "2013-09-30": -24.1, "2013-06-30": -6.2, "2013-03-31": "0.80000", "2012-12-31": -16.6, "2012-09-30": -11.9, "2012-06-30": 1.5, "2012-03-31": "-23.80000", "2011-12-31": 4.7, "2011-09-30": -55.3, "2011-06-30": -21.7, "2011-03-31": "-43.50000", "2010-12-31": 17.8, "2010-09-30": 1.1, "2010-06-30": -2.5, "2010-03-31": "9.60000", "2009-12-31": 125, "2009-09-30": 2.3, "2009-06-30": 0.4, "2009-03-31": "", "2008-12-31": 0, "2008-09-30": -0.2, "2008-06-30": 3.5, "2008-03-31": "-91.80000", "2007-12-31": -11.8, "2007-09-30": -78.3, "2007-06-30": -26.7, "2007-03-31": "-28.30000", "2006-12-31": -6.7, "2006-09-30": -30.9, "2006-06-30": 7.8, "2006-03-31": "-26.80000", "2005-12-31": 9.6, "2005-09-30": -8.7, "2005-06-30": -43.1, "2005-03-31": "12.30000"}, "Total Common And Preferred Stock Dividends Paid": {"2020-12-31": -51.1, "2020-09-30": -49.8, "2020-06-30": -50.4, "2020-03-31": "-50.10000", "2019-12-31": -49.7, "2019-09-30": -54.1, "2019-06-30": -47.3, "2019-03-31": "-46.80000", "2018-12-31": -45.9, "2018-09-30": -43.1, "2018-06-30": -43.9, "2018-03-31": "-43.30000", "2017-12-31": -42.1, "2017-09-30": -39.5, "2017-06-30": -39.3, "2017-03-31": "-40.20000", "2016-12-31": -38.9, "2016-09-30": -36.3, "2016-06-30": -35.4, "2016-03-31": "-36.20000", "2015-12-31": -39, "2015-09-30": -33.1, "2015-06-30": -33.5, "2015-03-31": "-33.10000", "2014-12-31": -32.6, "2014-09-30": -29.9, "2014-06-30": -30.3, "2014-03-31": "-30.10000", "2013-12-31": -30, "2013-09-30": -27, "2013-06-30": -26.9, "2013-03-31": "-27.10000", "2012-12-31": -51.3, "2012-09-30": -24.7, "2012-06-30": -24.8, "2012-03-31": "-22.80000", "2011-12-31": -22.6, "2011-09-30": -22.8, "2011-06-30": -23.4, "2011-03-31": "-22.20000", "2010-12-31": -21.8, "2010-09-30": -22, "2010-06-30": -21.7, "2010-03-31": "-21.20000", "2009-12-31": -19.9, "2009-09-30": -20, "2009-06-30": -19.7, "2009-03-31": "-19.70000", "2008-12-31": -19.6, "2008-09-30": -19.7, "2008-06-30": -18.5, "2008-03-31": "-19.10000", "2007-12-31": -19.1, "2007-09-30": -19.7, "2007-06-30": -19.7, "2007-03-31": "-19.90000", "2006-12-31": -19.9, "2006-09-30": -20.1, "2006-06-30": -19.9, "2006-03-31": "-20.20000", "2005-12-31": -20.1, "2005-09-30": -20, "2005-06-30": -20.3, "2005-03-31": "-20.20000"}, "Financial Activities - Other": {"2020-12-31": -7.9, "2020-09-30": -2.7, "2020-06-30": -1.8, "2020-03-31": "-4.70000", "2019-12-31": -3.9, "2019-09-30": -2.5, "2019-06-30": -4.8, "2019-03-31": "-1.80000", "2018-12-31": -1.8, "2018-09-30": -1.4, "2018-06-30": -1.9, "2018-03-31": "-13.70000", "2017-12-31": -6.3, "2017-09-30": -3.3, "2017-06-30": -0.1, "2017-03-31": "-3.30000", "2016-12-31": -3.6, "2016-09-30": -2.1, "2016-06-30": -0.5, "2016-03-31": "-6.30000", "2015-12-31": -9.3, "2015-09-30": 0.2, "2015-06-30": 0.5, "2015-03-31": "1.30000", "2014-12-31": 1.5, "2014-09-30": 1.4, "2014-06-30": 1.4, "2014-03-31": "4.90000", "2013-12-31": 1.9, "2013-09-30": 0.8, "2013-06-30": 1.1, "2013-03-31": "4.60000", "2012-12-31": 3.9, "2012-09-30": 2.2, "2012-06-30": 0.9, "2012-03-31": "8.60000", "2011-12-31": 3, "2011-09-30": 0.1, "2011-06-30": 0.4, "2011-03-31": "3.60000", "2010-12-31": 4.6, "2010-09-30": 0.2, "2010-06-30": 0.2, "2010-03-31": "2.00000", "2009-12-31": 1.2, "2009-09-30": 0.2, "2009-06-30": 0, "2009-03-31": "", "2008-12-31": -0.1, "2008-09-30": -0.3, "2008-06-30": -1.8, "2008-03-31": "0.30000", "2007-12-31": 1.3, "2007-09-30": 1.1, "2007-06-30": 3.7, "2007-03-31": "1.20000", "2006-12-31": 2.2, "2006-09-30": 0.2, "2006-06-30": 2.5, "2006-03-31": "1.10000", "2005-12-31": 0, "2005-09-30": 0, "2005-06-30": 0, "2005-03-31": ""}, "Cash Flow From Financial Activities": {"2020-12-31": 71.9, "2020-09-30": -350.7, "2020-06-30": -1.1, "2020-03-31": "35.70000", "2019-12-31": -233.3, "2019-09-30": -89.5, "2019-06-30": -104.5, "2019-03-31": "-43.70000", "2018-12-31": -198.2, "2018-09-30": -121.6, "2018-06-30": -148.7, "2018-03-31": "975.00000", "2017-12-31": -74.4, "2017-09-30": -65.2, "2017-06-30": 19.4, "2017-03-31": "-94.10000", "2016-12-31": -45.1, "2016-09-30": -96.2, "2016-06-30": -22.6, "2016-03-31": "104.50000", "2015-12-31": -204.3, "2015-09-30": -32.7, "2015-06-30": -32.8, "2015-03-31": "-109.20000", "2014-12-31": -99.8, "2014-09-30": -39.8, "2014-06-30": -40.4, "2014-03-31": "-35.60000", "2013-12-31": -27, "2013-09-30": -50.2, "2013-06-30": -32, "2013-03-31": "-21.70000", "2012-12-31": -64.2, "2012-09-30": -34.4, "2012-06-30": -22.5, "2012-03-31": "-40.60000", "2011-12-31": -14.1, "2011-09-30": -77.7, "2011-06-30": -44.4, "2011-03-31": "-62.10000", "2010-12-31": 97.6, "2010-09-30": -21.9, "2010-06-30": -24, "2010-03-31": "-6.20000", "2009-12-31": 106.3, "2009-09-30": -17.5, "2009-06-30": -19.3, "2009-03-31": "-19.70000", "2008-12-31": -19.7, "2008-09-30": -20.2, "2008-06-30": 37.4, "2008-03-31": "96.20000", "2007-12-31": -62.2, "2007-09-30": -44.3, "2007-06-30": -102.1, "2007-03-31": "8.20000", "2006-12-31": -17.3, "2006-09-30": -45.9, "2006-06-30": -21.4, "2006-03-31": "-55.00000", "2005-12-31": -88.9, "2005-09-30": -21.9, "2005-06-30": -63.4, "2005-03-31": "-7.90000"}, "Net Cash Flow": {"2020-12-31": -9.6, "2020-09-30": -215.8, "2020-06-30": 185, "2020-03-31": "118.00000", "2019-12-31": -118, "2019-09-30": 90.1, "2019-06-30": 4.6, "2019-03-31": "16.30000", "2018-12-31": -39.8, "2018-09-30": 33.7, "2018-06-30": -21.2, "2018-03-31": "-158.70000", "2017-12-31": -11.4, "2017-09-30": 18.7, "2017-06-30": -13.3, "2017-03-31": "-56.60000", "2016-12-31": 73.1, "2016-09-30": 26, "2016-06-30": 17.7, "2016-03-31": "-22.70000", "2015-12-31": -90.3, "2015-09-30": -10.5, "2015-06-30": 31, "2015-03-31": "-240.60000", "2014-12-31": 0.1, "2014-09-30": 56.4, "2014-06-30": -49.9, "2014-03-31": "-93.40000", "2013-12-31": 110.3, "2013-09-30": 43.8, "2013-06-30": -19.6, "2013-03-31": "-38.80000", "2012-12-31": 39.4, "2012-09-30": 61, "2012-06-30": -17.8, "2012-03-31": "-7.20000", "2011-12-31": 57.8, "2011-09-30": 1.4, "2011-06-30": 13.5, "2011-03-31": "-23.80000", "2010-12-31": 177.9, "2010-09-30": 55, "2010-06-30": 23.1, "2010-03-31": "6.20000", "2009-12-31": -153.9, "2009-09-30": 130.3, "2009-06-30": 90.1, "2009-03-31": "13.80000", "2008-12-31": -15.9, "2008-09-30": -23.9, "2008-06-30": 117.7, "2008-03-31": "22.80000", "2007-12-31": -9, "2007-09-30": 26.7, "2007-06-30": -4.7, "2007-03-31": "19.20000", "2006-12-31": -9.6, "2006-09-30": 1.4, "2006-06-30": -10.2, "2006-03-31": "-46.90000", "2005-12-31": -67.3, "2005-09-30": -15.4, "2005-06-30": 58.6, "2005-03-31": "-5.20000"}, "Stock-Based Compensation": {"2020-12-31": 3.9, "2020-09-30": 4.1, "2020-06-30": 4.3, "2020-03-31": "11.60000", "2019-12-31": 2.9, "2019-09-30": 5.2, "2019-06-30": 4.2, "2019-03-31": "4.10000", "2018-12-31": 10.8, "2018-09-30": 3.9, "2018-06-30": 4.4, "2018-03-31": "5.10000", "2017-12-31": 10.4, "2017-09-30": 3.8, "2017-06-30": 3.9, "2017-03-31": "4.20000", "2016-12-31": 9.2, "2016-09-30": 4.3, "2016-06-30": 4.2, "2016-03-31": "4.60000", "2015-12-31": 6.2, "2015-09-30": 3.5, "2015-06-30": 3.4, "2015-03-31": "3.90000", "2014-12-31": 6.5, "2014-09-30": 3.2, "2014-06-30": 3.3, "2014-03-31": "3.40000", "2013-12-31": 5.9, "2013-09-30": 2.7, "2013-06-30": 2.7, "2013-03-31": "3.00000", "2012-12-31": 7.8, "2012-09-30": 2.7, "2012-06-30": 2.5, "2012-03-31": "2.80000", "2011-12-31": 7.4, "2011-09-30": 2.6, "2011-06-30": 2.6, "2011-03-31": "2.50000", "2010-12-31": 4.5, "2010-09-30": 2.4, "2010-06-30": 2.3, "2010-03-31": "2.20000", "2009-12-31": 4.1, "2009-09-30": 2.2, "2009-06-30": 2, "2009-03-31": "2.00000", "2008-12-31": 4.5, "2008-09-30": 2.7, "2008-06-30": 2.7, "2008-03-31": "2.60000", "2007-12-31": 4.6, "2007-09-30": 2.8, "2007-06-30": 2.7, "2007-03-31": "2.60000", "2006-12-31": 3.6, "2006-09-30": 2.8, "2006-06-30": 2.7, "2006-03-31": "2.70000", "2005-12-31": 0.7, "2005-09-30": 0, "2005-06-30": 0, "2005-03-31": ""}, "Common Stock Dividends Paid": {"2020-12-31": -51.1, "2020-09-30": -49.8, "2020-06-30": -50.4, "2020-03-31": "-50.10000", "2019-12-31": -49.7, "2019-09-30": -54.1, "2019-06-30": -47.3, "2019-03-31": "-46.80000", "2018-12-31": -45.9, "2018-09-30": -43.1, "2018-06-30": -43.9, "2018-03-31": "-43.30000", "2017-12-31": -42.1, "2017-09-30": -39.5, "2017-06-30": -39.3, "2017-03-31": "-40.20000", "2016-12-31": -38.9, "2016-09-30": -36.3, "2016-06-30": -35.4, "2016-03-31": "-36.20000", "2015-12-31": -39, "2015-09-30": -33.1, "2015-06-30": -33.5, "2015-03-31": "-33.10000", "2014-12-31": -32.6, "2014-09-30": -29.9, "2014-06-30": -30.3, "2014-03-31": "-30.10000", "2013-12-31": -30, "2013-09-30": -27, "2013-06-30": -26.9, "2013-03-31": "-27.10000", "2012-12-31": -51.3, "2012-09-30": -24.7, "2012-06-30": -24.8, "2012-03-31": "-22.80000", "2011-12-31": -22.6, "2011-09-30": -22.8, "2011-06-30": -23.4, "2011-03-31": "-22.20000", "2010-12-31": -21.8, "2010-09-30": -22, "2010-06-30": -21.7, "2010-03-31": "-21.20000", "2009-12-31": -19.9, "2009-09-30": -20, "2009-06-30": -19.7, "2009-03-31": "-19.70000", "2008-12-31": -19.6, "2008-09-30": -19.7, "2008-06-30": -18.5, "2008-03-31": "-19.10000", "2007-12-31": -19.1, "2007-09-30": -19.7, "2007-06-30": -19.7, "2007-03-31": "-19.90000", "2006-12-31": -19.9, "2006-09-30": -20.1, "2006-06-30": -19.9, "2006-03-31": "-20.20000", "2005-12-31": -20.1, "2005-09-30": -20, "2005-06-30": -20.3, "2005-03-31": "-20.20000"}}, "financial ratios": {"Current Ratio": {"2019-12-31": "1.86320", "2018-12-31": "1.95840", "2017-12-31": "2.27180", "2016-12-31": "2.63110", "2015-12-31": "2.30110", "2014-12-31": "3.26400", "2013-12-31": "3.49550", "2012-12-31": "3.25480", "2011-12-31": "2.75050", "2010-12-31": "2.75530", "2009-12-31": "2.17750", "2008-12-31": "2.16260", "2007-12-31": "1.87840", "2006-12-31": "2.13030", "2005-12-31": "2.27490"}, "Long-term Debt / Capital": {"2019-12-31": "0.43440", "2018-12-31": "0.49130", "2017-12-31": "0.37460", "2016-12-31": "0.38190", "2015-12-31": "0.25410", "2014-12-31": "0.23510", "2013-12-31": "0.23770", "2012-12-31": "0.26350", "2011-12-31": "0.28810", "2010-12-31": "0.28940", "2009-12-31": "0.27630", "2008-12-31": "0.32970", "2007-12-31": "0.15550", "2006-12-31": "0.16410", "2005-12-31": "0.16640"}, "Debt/Equity Ratio": {"2019-12-31": "0.80150", "2018-12-31": "0.99680", "2017-12-31": "0.64030", "2016-12-31": "0.61980", "2015-12-31": "0.36830", "2014-12-31": "0.30810", "2013-12-31": "0.31200", "2012-12-31": "0.35780", "2011-12-31": "0.40670", "2010-12-31": "0.40840", "2009-12-31": "0.38190", "2008-12-31": "0.49190", "2007-12-31": "0.21810", "2006-12-31": "0.21680", "2005-12-31": "0.22920"}, "Gross Margin": {"2019-12-31": "29.46420", "2018-12-31": "29.01580", "2017-12-31": "31.48440", "2016-12-31": "31.52740", "2015-12-31": "32.20270", "2014-12-31": "33.01190", "2013-12-31": "33.62230", "2012-12-31": "33.24790", "2011-12-31": "32.16670", "2010-12-31": "32.61060", "2009-12-31": "30.81590", "2008-12-31": "29.70710", "2007-12-31": "29.03820", "2006-12-31": "27.20460", "2005-12-31": "28.26740"}, "Operating Margin": {"2019-12-31": "12.99500", "2018-12-31": "12.42610", "2017-12-31": "14.14090", "2016-12-31": "13.97350", "2015-12-31": "13.99830", "2014-12-31": "15.40160", "2013-12-31": "15.94270", "2012-12-31": "15.49730", "2011-12-31": "14.75830", "2010-12-31": "14.47350", "2009-12-31": "12.51060", "2008-12-31": "12.79400", "2007-12-31": "11.81580", "2006-12-31": "9.68810", "2005-12-31": "10.77490"}, "EBIT Margin": {"2019-12-31": "12.99500", "2018-12-31": "12.42610", "2017-12-31": "14.14090", "2016-12-31": "13.97350", "2015-12-31": "13.99830", "2014-12-31": "15.40160", "2013-12-31": "15.94270", "2012-12-31": "15.49730", "2011-12-31": "14.75830", "2010-12-31": "14.47350", "2009-12-31": "12.51060", "2008-12-31": "12.79400", "2007-12-31": "11.81580", "2006-12-31": "9.68810", "2005-12-31": "10.77490"}, "EBITDA Margin": {"2019-12-31": "16.28400", "2018-12-31": "15.73730", "2017-12-31": "16.81750", "2016-12-31": "16.56680", "2015-12-31": "16.51130", "2014-12-31": "17.75910", "2013-12-31": "18.16010", "2012-12-31": "17.69150", "2011-12-31": "17.13330", "2010-12-31": "17.32650", "2009-12-31": "15.50770", "2008-12-31": "15.12720", "2007-12-31": "14.19160", "2006-12-31": "11.98280", "2005-12-31": "13.16930"}, "Pre-Tax Profit Margin": {"2019-12-31": "11.33740", "2018-12-31": "10.42020", "2017-12-31": "12.07750", "2016-12-31": "12.27890", "2015-12-31": "12.34660", "2014-12-31": "14.45200", "2013-12-31": "14.88110", "2012-12-31": "14.51190", "2011-12-31": "13.57430", "2010-12-31": "12.60820", "2009-12-31": "11.10550", "2008-12-31": "11.77340", "2007-12-31": "11.21590", "2006-12-31": "9.17450", "2005-12-31": "10.24750"}, "Net Profit Margin": {"2019-12-31": "8.69960", "2018-12-31": "8.00810", "2017-12-31": "6.60430", "2016-12-31": "8.33330", "2015-12-31": "8.15830", "2014-12-31": "9.65650", "2013-12-31": "10.22330", "2012-12-31": "9.81150", "2011-12-31": "9.29450", "2010-12-31": "8.51170", "2009-12-31": "7.61160", "2008-12-31": "8.20510", "2007-12-31": "8.19690", "2006-12-31": "6.54850", "2005-12-31": "7.84360"}, "Asset Turnover": {"2019-12-31": "0.93640", "2018-12-31": "0.91990", "2017-12-31": "0.98610", "2016-12-31": "0.99440", "2015-12-31": "1.05660", "2014-12-31": "1.01180", "2013-12-31": "0.99900", "2012-12-31": "1.03310", "2011-12-31": "1.00880", "2010-12-31": "0.93920", "2009-12-31": "0.98040", "2008-12-31": "1.27840", "2007-12-31": "1.35980", "2006-12-31": "1.37840", "2005-12-31": "1.26270"}, "Inventory Turnover Ratio": {"2019-12-31": "5.11580", "2018-12-31": "4.88680", "2017-12-31": "3.96050", "2016-12-31": "4.50810", "2015-12-31": "4.25670", "2014-12-31": "5.09370", "2013-12-31": "5.47940", "2012-12-31": "5.94730", "2011-12-31": "6.11970", "2010-12-31": "5.73890", "2009-12-31": "6.18480", "2008-12-31": "5.67120", "2007-12-31": "5.56860", "2006-12-31": "5.19660", "2005-12-31": "6.36820"}, "Receiveable Turnover": {"2019-12-31": "6.72180", "2018-12-31": "6.17820", "2017-12-31": "6.79030", "2016-12-31": "6.61360", "2015-12-31": "7.26620", "2014-12-31": "7.15070", "2013-12-31": "7.22140", "2012-12-31": "7.51330", "2011-12-31": "7.28280", "2010-12-31": "7.43480", "2009-12-31": "7.59630", "2008-12-31": "7.57540", "2007-12-31": "7.62300", "2006-12-31": "6.81430", "2005-12-31": "6.78130"}, "Days Sales In Receivables": {"2019-12-31": "54.30080", "2018-12-31": "59.07830", "2017-12-31": "53.75310", "2016-12-31": "55.18940", "2015-12-31": "50.23270", "2014-12-31": "51.04390", "2013-12-31": "50.54450", "2012-12-31": "48.58040", "2011-12-31": "50.11820", "2010-12-31": "49.09370", "2009-12-31": "48.05000", "2008-12-31": "48.18260", "2007-12-31": "47.88110", "2006-12-31": "53.56400", "2005-12-31": "53.82490"}, "ROE - Return On Equity": {"2019-12-31": "20.78040", "2018-12-31": "20.35130", "2017-12-31": "15.16480", "2016-12-31": "18.57540", "2015-12-31": "16.12920", "2014-12-31": "16.90350", "2013-12-31": "17.22370", "2012-12-31": "18.11260", "2011-12-31": "18.33730", "2010-12-31": "14.95050", "2009-12-31": "13.92470", "2008-12-31": "22.07500", "2007-12-31": "19.24070", "2006-12-31": "15.56870", "2005-12-31": "16.54140"}, "Return On Tangible Equity": {"2019-12-31": "-64.38050", "2018-12-31": "-45.47830", "2017-12-31": "253.70530", "2016-12-31": "164.80360", "2015-12-31": "62.92660", "2014-12-31": "44.32400", "2013-12-31": "39.84050", "2012-12-31": "48.39020", "2011-12-31": "56.68140", "2010-12-31": "46.95280", "2009-12-31": "88.52540", "2008-12-31": "112.21720", "2007-12-31": "55.76970", "2006-12-31": "39.80360", "2005-12-31": "33.16590"}, "ROA - Return On Assets": {"2019-12-31": "8.30920", "2018-12-31": "7.51420", "2017-12-31": "6.71670", "2016-12-31": "8.44820", "2015-12-31": "8.79170", "2014-12-31": "9.85510", "2013-12-31": "10.34760", "2012-12-31": "10.25110", "2011-12-31": "9.49240", "2010-12-31": "8.08630", "2009-12-31": "7.54540", "2008-12-31": "10.55070", "2007-12-31": "11.17850", "2006-12-31": "9.02650", "2005-12-31": "9.90400"}, "ROI - Return On Investment": {"2019-12-31": "11.75250", "2018-12-31": "10.35350", "2017-12-31": "9.48390", "2016-12-31": "11.48170", "2015-12-31": "12.03040", "2014-12-31": "12.92970", "2013-12-31": "13.12900", "2012-12-31": "13.34010", "2011-12-31": "13.05440", "2010-12-31": "10.62450", "2009-12-31": "10.07670", "2008-12-31": "14.79620", "2007-12-31": "16.24810", "2006-12-31": "13.01450", "2005-12-31": "13.78940"}, "Book Value Per Share": {"2019-12-31": "35.96320", "2018-12-31": "32.87760", "2017-12-31": "30.02620", "2016-12-31": "28.86980", "2015-12-31": "30.24020", "2014-12-31": "33.09060", "2013-12-31": "32.35940", "2012-12-31": "28.15640", "2011-12-31": "24.87380", "2010-12-31": "24.11160", "2009-12-31": "21.82330", "2008-12-31": "17.96970", "2007-12-31": "18.68870", "2006-12-31": "16.87490", "2005-12-31": "16.33790"}, "Operating Cash Flow Per Share": {"2019-12-31": 1.3965, "2018-12-31": 2.5405, "2017-12-31": -0.5004, "2016-12-31": 1.5271, "2015-12-31": -0.7615, "2014-12-31": 0.2072, "2013-12-31": 0.5682, "2012-12-31": 0.2914, "2011-12-31": 1.1318, "2010-12-31": -2.5626, "2009-12-31": 1.3276, "2008-12-31": 0.016, "2007-12-31": 3.3439, "2006-12-31": -0.6893, "2005-12-31": 2.979}, "Free Cash Flow Per Share": {"2019-12-31": 1.3649, "2018-12-31": 2.0246, "2017-12-31": -0.6003, "2016-12-31": 1.8317, "2015-12-31": -1.1614, "2014-12-31": 0.2194, "2013-12-31": 0.3795, "2012-12-31": 0.3089, "2011-12-31": 1.1264, "2010-12-31": -2.8102, "2009-12-31": 1.679, "2008-12-31": 0.0131, "2007-12-31": 3.9009, "2006-12-31": -1.1486, "2005-12-31": 2.0275}}, "financial ratios, quarterly": {"Current Ratio": {"2020-09-30": "2.06940", "2020-06-30": "2.03660", "2020-03-31": "1.99100", "2019-12-31": "1.86320", "2019-09-30": "2.08950", "2019-06-30": "1.97800", "2019-03-31": "1.94670", "2018-12-31": "1.95840", "2018-09-30": "1.87640", "2018-06-30": "1.99210", "2018-03-31": "1.91520", "2017-12-31": "2.27180", "2017-09-30": "2.27520", "2017-06-30": "1.56990", "2017-03-31": "2.63470", "2016-12-31": "2.63110", "2016-09-30": "2.63500", "2016-06-30": "2.51210", "2016-03-31": "2.52060", "2015-12-31": "2.30110", "2015-09-30": "2.82940", "2015-06-30": "2.97660", "2015-03-31": "2.86030", "2014-12-31": "3.26400", "2014-09-30": "3.24190", "2014-06-30": "3.45190", "2014-03-31": "3.39330", "2013-12-31": "3.49550", "2013-09-30": "3.29410", "2013-06-30": "3.32630", "2013-03-31": "3.30750", "2012-12-31": "3.25480", "2012-09-30": "3.02760", "2012-06-30": "2.92530", "2012-03-31": "2.83380", "2011-12-31": "2.75050", "2011-09-30": "2.57550", "2011-06-30": "2.70340", "2011-03-31": "2.60960", "2010-12-31": "2.75530", "2010-09-30": "2.35670", "2010-06-30": "2.29810", "2010-03-31": "2.24870", "2009-12-31": "2.17750", "2009-09-30": "2.56580", "2009-06-30": "2.52070", "2009-03-31": "2.36470", "2008-12-31": "2.16260", "2008-09-30": "2.13160", "2008-06-30": "2.42350", "2008-03-31": "1.36600", "2007-12-31": "1.87840", "2007-09-30": "1.81470", "2007-06-30": "2.08550", "2007-03-31": "1.96840", "2006-12-31": "2.13030", "2006-09-30": "1.94900", "2006-06-30": "1.96960", "2006-03-31": "2.15040", "2005-12-31": "2.27490", "2005-09-30": "1.96160", "2005-06-30": "2.22000", "2005-03-31": "2.29650"}, "Long-term Debt / Capital": {"2020-09-30": "0.41420", "2020-06-30": "0.44930", "2020-03-31": "0.45300", "2019-12-31": "0.43440", "2019-09-30": "0.47220", "2019-06-30": "0.48150", "2019-03-31": "0.48660", "2018-12-31": "0.49130", "2018-09-30": "0.50290", "2018-06-30": "0.52720", "2018-03-31": "0.53140", "2017-12-31": "0.37460", "2017-09-30": "0.37170", "2017-06-30": "0.30140", "2017-03-31": "0.38410", "2016-12-31": "0.38190", "2016-09-30": "0.37720", "2016-06-30": "0.38520", "2016-03-31": "0.38570", "2015-12-31": "0.25410", "2015-09-30": "0.23430", "2015-06-30": "0.23590", "2015-03-31": "0.24210", "2014-12-31": "0.23510", "2014-09-30": "0.22700", "2014-06-30": "0.22950", "2014-03-31": "0.23500", "2013-12-31": "0.23770", "2013-09-30": "0.24870", "2013-06-30": "0.25500", "2013-03-31": "0.25940", "2012-12-31": "0.26350", "2012-09-30": "0.26930", "2012-06-30": "0.27780", "2012-03-31": "0.28350", "2011-12-31": "0.28810", "2011-09-30": "0.28680", "2011-06-30": "0.28520", "2011-03-31": "0.28950", "2010-12-31": "0.28940", "2010-09-30": "0.25950", "2010-06-30": "0.26840", "2010-03-31": "0.27320", "2009-12-31": "0.27630", "2009-09-30": "0.30650", "2009-06-30": "0.31470", "2009-03-31": "0.32610", "2008-12-31": "0.32970", "2008-09-30": "0.30890", "2008-06-30": "0.31470", "2008-03-31": "0.16230", "2007-12-31": "0.15550", "2007-09-30": "0.16380", "2007-06-30": "0.16080", "2007-03-31": "0.16360", "2006-12-31": "0.16410", "2006-09-30": "0.16110", "2006-06-30": "0.16170", "2006-03-31": "0.16690", "2005-12-31": "0.16640", "2005-09-30": "0.17240", "2005-06-30": "0.17540", "2005-03-31": "0.17100"}, "Debt/Equity Ratio": {"2020-09-30": "0.71800", "2020-06-30": "0.88960", "2020-03-31": "0.88360", "2019-12-31": "0.80150", "2019-09-30": "0.91360", "2019-06-30": "0.95800", "2019-03-31": "0.99010", "2018-12-31": "0.99680", "2018-09-30": "1.08520", "2018-06-30": "1.16860", "2018-03-31": "1.23960", "2017-12-31": "0.64030", "2017-09-30": "0.64790", "2017-06-30": "0.68310", "2017-03-31": "0.62690", "2016-12-31": "0.61980", "2016-09-30": "0.60930", "2016-06-30": "0.66350", "2016-03-31": "0.62800", "2015-12-31": "0.36830", "2015-09-30": "0.30630", "2015-06-30": "0.30880", "2015-03-31": "0.31940", "2014-12-31": "0.30810", "2014-09-30": "0.29410", "2014-06-30": "0.29830", "2014-03-31": "0.30770", "2013-12-31": "0.31200", "2013-09-30": "0.33110", "2013-06-30": "0.34240", "2013-03-31": "0.35020", "2012-12-31": "0.35780", "2012-09-30": "0.36870", "2012-06-30": "0.38470", "2012-03-31": "0.39590", "2011-12-31": "0.40670", "2011-09-30": "0.40370", "2011-06-30": "0.40040", "2011-03-31": "0.40870", "2010-12-31": "0.40840", "2010-09-30": "0.35200", "2010-06-30": "0.36930", "2010-03-31": "0.37840", "2009-12-31": "0.38190", "2009-09-30": "0.44190", "2009-06-30": "0.45930", "2009-03-31": "0.48400", "2008-12-31": "0.49190", "2008-09-30": "0.44690", "2008-06-30": "0.45920", "2008-03-31": "0.43020", "2007-12-31": "0.21810", "2007-09-30": "0.26400", "2007-06-30": "0.20760", "2007-03-31": "0.27020", "2006-12-31": "0.21680", "2006-09-30": "0.20540", "2006-06-30": "0.20130", "2006-03-31": "0.22080", "2005-12-31": "0.22920", "2005-09-30": "0.32140", "2005-06-30": "0.31960", "2005-03-31": "0.30990"}, "Gross Margin": {"2020-09-30": "29.73120", "2020-06-30": "29.55120", "2020-03-31": "28.75360", "2019-12-31": "29.54770", "2019-09-30": "30.06650", "2019-06-30": "29.87300", "2019-03-31": "28.26270", "2018-12-31": "28.02200", "2018-09-30": "29.58380", "2018-06-30": "29.81920", "2018-03-31": "28.54120", "2017-12-31": "31.53540", "2017-09-30": "32.36190", "2017-06-30": "31.16100", "2017-03-31": "30.81080", "2016-12-31": "30.78910", "2016-09-30": "31.81620", "2016-06-30": "32.29530", "2016-03-31": "31.13320", "2015-12-31": "32.16830", "2015-09-30": "33.06730", "2015-06-30": "32.39130", "2015-03-31": "31.09790", "2014-12-31": "32.43400", "2014-09-30": "33.08390", "2014-06-30": "34.17860", "2014-03-31": "32.25810", "2013-12-31": "33.58540", "2013-09-30": "34.84870", "2013-06-30": "33.94480", "2013-03-31": "31.92810", "2012-12-31": "33.19600", "2012-09-30": "34.00030", "2012-06-30": "33.37620", "2012-03-31": "32.34320", "2011-12-31": "31.93240", "2011-09-30": "33.01060", "2011-06-30": "32.41680", "2011-03-31": "31.18070", "2010-12-31": "32.34790", "2010-09-30": "34.33580", "2010-06-30": "32.64230", "2010-03-31": "30.79760", "2009-12-31": "32.40410", "2009-09-30": "32.48020", "2009-06-30": "29.81860", "2009-03-31": "28.51780", "2008-12-31": "28.50790", "2008-09-30": "29.96730", "2008-06-30": "30.43790", "2008-03-31": "29.84550", "2007-12-31": "29.42900", "2007-09-30": "29.81460", "2007-06-30": "29.22910", "2007-03-31": "27.64900", "2006-12-31": "25.75120", "2006-09-30": "27.87370", "2006-06-30": "27.47020", "2006-03-31": "27.66140", "2005-12-31": "28.18740", "2005-09-30": "29.26390", "2005-06-30": "27.49280", "2005-03-31": "28.03530"}, "Operating Margin": {"2020-09-30": "14.69420", "2020-06-30": "13.85380", "2020-03-31": "10.89610", "2019-12-31": "12.31760", "2019-09-30": "14.36050", "2019-06-30": "13.95020", "2019-03-31": "11.11930", "2018-12-31": "11.93960", "2018-09-30": "13.88490", "2018-06-30": "13.44820", "2018-03-31": "10.04840", "2017-12-31": "13.78450", "2017-09-30": "15.79170", "2017-06-30": "14.17270", "2017-03-31": "12.64810", "2016-12-31": "14.02480", "2016-09-30": "14.98790", "2016-06-30": "14.53570", "2016-03-31": "12.20650", "2015-12-31": "13.48680", "2015-09-30": "14.93730", "2015-06-30": "14.49660", "2015-03-31": "12.96780", "2014-12-31": "14.85630", "2014-09-30": "15.95000", "2014-06-30": "16.79130", "2014-03-31": "13.79860", "2013-12-31": "15.64600", "2013-09-30": "18.13610", "2013-06-30": "16.48570", "2013-03-31": "13.20090", "2012-12-31": "14.68440", "2012-09-30": "17.10780", "2012-06-30": "15.99440", "2012-03-31": "14.05080", "2011-12-31": "14.83780", "2011-09-30": "16.39410", "2011-06-30": "14.81950", "2011-03-31": "12.70320", "2010-12-31": "14.23430", "2010-09-30": "17.16790", "2010-06-30": "14.46470", "2010-03-31": "11.51620", "2009-12-31": "13.43130", "2009-09-30": "15.37300", "2009-06-30": "11.40020", "2009-03-31": "9.78480", "2008-12-31": "11.10260", "2008-09-30": "14.05830", "2008-06-30": "13.77610", "2008-03-31": "11.99240", "2007-12-31": "11.15990", "2007-09-30": "13.62040", "2007-06-30": "12.17230", "2007-03-31": "10.21260", "2006-12-31": "7.07860", "2006-09-30": "11.23270", "2006-06-30": "10.17900", "2006-03-31": "10.10470", "2005-12-31": "10.86430", "2005-09-30": "13.06360", "2005-06-30": "10.16330", "2005-03-31": "8.69570"}, "EBIT Margin": {"2020-09-30": "14.69420", "2020-06-30": "13.85380", "2020-03-31": "10.89610", "2019-12-31": "12.31760", "2019-09-30": "14.36050", "2019-06-30": "13.95020", "2019-03-31": "11.11930", "2018-12-31": "11.93950", "2018-09-30": "13.88490", "2018-06-30": "13.44820", "2018-03-31": "10.04840", "2017-12-31": "13.78450", "2017-09-30": "15.79170", "2017-06-30": "14.17270", "2017-03-31": "12.64810", "2016-12-31": "14.02480", "2016-09-30": "14.98790", "2016-06-30": "14.53570", "2016-03-31": "12.20650", "2015-12-31": "13.48680", "2015-09-30": "14.93730", "2015-06-30": "14.49660", "2015-03-31": "12.96780", "2014-12-31": "14.85630", "2014-09-30": "15.95000", "2014-06-30": "16.79130", "2014-03-31": "13.79860", "2013-12-31": "15.64590", "2013-09-30": "18.13610", "2013-06-30": "16.48570", "2013-03-31": "13.20090", "2012-12-31": "14.68440", "2012-09-30": "17.10780", "2012-06-30": "15.99440", "2012-03-31": "14.05080", "2011-12-31": "14.83780", "2011-09-30": "16.39410", "2011-06-30": "14.81950", "2011-03-31": "12.70320", "2010-12-31": "14.23430", "2010-09-30": "17.16790", "2010-06-30": "14.46470", "2010-03-31": "11.51620", "2009-12-31": "13.43140", "2009-09-30": "15.37300", "2009-06-30": "11.40020", "2009-03-31": "9.78480", "2008-12-31": "11.10260", "2008-09-30": "14.05830", "2008-06-30": "13.77610", "2008-03-31": "11.99240", "2007-12-31": "11.15990", "2007-09-30": "13.62040", "2007-06-30": "12.17230", "2007-03-31": "10.21260", "2006-12-31": "7.07860", "2006-09-30": "11.23270", "2006-06-30": "10.17900", "2006-03-31": "10.10470", "2005-12-31": "10.86430", "2005-09-30": "13.06360", "2005-06-30": "10.16330", "2005-03-31": "8.69570"}, "EBITDA Margin": {"2020-09-30": "", "2020-06-30": "", "2020-03-31": "", "2019-12-31": "", "2019-09-30": "", "2019-06-30": "", "2019-03-31": "", "2018-12-31": "", "2018-09-30": "", "2018-06-30": "", "2018-03-31": "", "2017-12-31": "", "2017-09-30": "", "2017-06-30": "", "2017-03-31": "", "2016-12-31": "", "2016-09-30": "", "2016-06-30": "", "2016-03-31": "", "2015-12-31": "", "2015-09-30": "", "2015-06-30": "", "2015-03-31": "", "2014-12-31": "", "2014-09-30": "", "2014-06-30": "", "2014-03-31": "", "2013-12-31": "", "2013-09-30": "", "2013-06-30": "", "2013-03-31": "", "2012-12-31": "", "2012-09-30": "", "2012-06-30": "", "2012-03-31": "", "2011-12-31": "", "2011-09-30": "", "2011-06-30": "", "2011-03-31": "", "2010-12-31": "", "2010-09-30": "", "2010-06-30": "", "2010-03-31": "", "2009-12-31": "", "2009-09-30": "", "2009-06-30": "", "2009-03-31": "", "2008-12-31": "", "2008-09-30": "", "2008-06-30": "", "2008-03-31": "", "2007-12-31": "", "2007-09-30": "", "2007-06-30": "", "2007-03-31": "", "2006-12-31": "", "2006-09-30": "", "2006-06-30": "", "2006-03-31": "", "2005-12-31": "", "2005-09-30": "", "2005-06-30": "", "2005-03-31": ""}, "Pre-Tax Profit Margin": {"2020-09-30": "12.53830", "2020-06-30": "11.90480", "2020-03-31": "9.16260", "2019-12-31": "11.86440", "2019-09-30": "13.95350", "2019-06-30": "10.33100", "2019-03-31": "9.01320", "2018-12-31": "10.02530", "2018-09-30": "12.07930", "2018-06-30": "11.48540", "2018-03-31": "7.64730", "2017-12-31": "12.19350", "2017-09-30": "13.00370", "2017-06-30": "12.30620", "2017-03-31": "10.66530", "2016-12-31": "11.46100", "2016-09-30": "13.67640", "2016-06-30": "12.85210", "2016-03-31": "10.97270", "2015-12-31": "10.94370", "2015-09-30": "13.12430", "2015-06-30": "13.50110", "2015-03-31": "11.69570", "2014-12-31": "13.92560", "2014-09-30": "15.05640", "2014-06-30": "15.93830", "2014-03-31": "12.65310", "2013-12-31": "14.44330", "2013-09-30": "17.14320", "2013-06-30": "15.32510", "2013-03-31": "12.32270", "2012-12-31": "13.56810", "2012-09-30": "16.33530", "2012-06-30": "14.91520", "2012-03-31": "13.06990", "2011-12-31": "13.77030", "2011-09-30": "15.43900", "2011-06-30": "13.52230", "2011-03-31": "11.24450", "2010-12-31": "10.65230", "2010-09-30": "15.94160", "2010-06-30": "13.22710", "2010-03-31": "10.09640", "2009-12-31": "11.84320", "2009-09-30": "14.12700", "2009-06-30": "9.89390", "2009-03-31": "8.50410", "2008-12-31": "9.90650", "2008-09-30": "13.02400", "2008-06-30": "12.83350", "2008-03-31": "11.08460", "2007-12-31": "10.44410", "2007-09-30": "13.13010", "2007-06-30": "11.70410", "2007-03-31": "9.47740", "2006-12-31": "6.33170", "2006-09-30": "10.50850", "2006-06-30": "9.89720", "2006-03-31": "9.82550", "2005-12-31": "10.37890", "2005-09-30": "12.52900", "2005-06-30": "9.62540", "2005-03-31": "8.14190"}, "Net Profit Margin": {"2020-09-30": "9.62480", "2020-06-30": "9.26040", "2020-03-31": "6.85130", "2019-12-31": "9.20870", "2019-09-30": "10.81400", "2019-06-30": "7.99060", "2019-03-31": "6.62190", "2018-12-31": "7.59550", "2018-09-30": "9.62960", "2018-06-30": "8.59690", "2018-03-31": "5.86160", "2017-12-31": "2.22290", "2017-09-30": "8.46920", "2017-06-30": "8.30960", "2017-03-31": "7.34480", "2016-12-31": "7.51580", "2016-09-30": "9.52170", "2016-06-30": "8.89080", "2016-03-31": "7.27120", "2015-12-31": "7.40030", "2015-09-30": "8.33520", "2015-06-30": "9.14190", "2015-03-31": "7.68190", "2014-12-31": "9.54290", "2014-09-30": "9.99670", "2014-06-30": "10.50480", "2014-03-31": "8.42660", "2013-12-31": "10.11650", "2013-09-30": "11.50860", "2013-06-30": "10.20840", "2013-03-31": "8.90420", "2012-12-31": "9.52820", "2012-09-30": "10.99150", "2012-06-30": "9.91780", "2012-03-31": "8.70410", "2011-12-31": "9.41890", "2011-09-30": "10.75490", "2011-06-30": "9.15120", "2011-03-31": "7.61280", "2010-12-31": "7.74280", "2010-09-30": "10.36500", "2010-06-30": "8.88000", "2010-03-31": "6.73090", "2009-12-31": "8.34600", "2009-09-30": "9.59760", "2009-06-30": "6.71000", "2009-03-31": "5.75480", "2008-12-31": "6.97750", "2008-09-30": "9.05010", "2008-06-30": "8.91820", "2008-03-31": "7.70820", "2007-12-31": "7.71110", "2007-09-30": "10.00460", "2007-06-30": "8.31770", "2007-03-31": "6.66450", "2006-12-31": "4.95670", "2006-09-30": "7.33440", "2006-06-30": "6.89660", "2006-03-31": "6.92840", "2005-12-31": "9.72560", "2005-09-30": "8.64370", "2005-06-30": "6.85880", "2005-03-31": "5.90650"}, "Asset Turnover": {"2020-09-30": "0.22730", "2020-06-30": "0.18760", "2020-03-31": "0.21990", "2019-12-31": "0.22500", "2019-09-30": "0.23730", "2019-06-30": "0.23760", "2019-03-31": "0.21850", "2018-12-31": "0.23480", "2018-09-30": "0.23610", "2018-06-30": "0.23470", "2018-03-31": "0.19920", "2017-12-31": "0.24670", "2017-09-30": "0.25390", "2017-06-30": "0.25860", "2017-03-31": "0.24390", "2016-12-31": "0.24230", "2016-09-30": "0.25990", "2016-06-30": "0.26590", "2016-03-31": "0.24550", "2015-12-31": "0.25860", "2015-09-30": "0.25930", "2015-06-30": "0.26250", "2015-03-31": "0.24870", "2014-12-31": "0.25570", "2014-09-30": "0.26240", "2014-06-30": "0.25860", "2014-03-31": "0.23420", "2013-12-31": "0.25310", "2013-09-30": "0.26610", "2013-06-30": "0.26350", "2013-03-31": "0.24770", "2012-12-31": "0.25530", "2012-09-30": "0.26570", "2012-06-30": "0.26760", "2012-03-31": "0.25150", "2011-12-31": "0.26000", "2011-09-30": "0.27200", "2011-06-30": "0.25550", "2011-03-31": "0.24000", "2010-12-31": "0.23630", "2010-09-30": "0.26250", "2010-06-30": "0.25260", "2010-03-31": "0.22730", "2009-12-31": "0.24630", "2009-09-30": "0.26760", "2009-06-30": "0.27370", "2009-03-31": "0.28020", "2008-12-31": "0.30820", "2008-09-30": "0.32440", "2008-06-30": "0.31860", "2008-03-31": "0.30860", "2007-12-31": "0.32990", "2007-09-30": "0.34910", "2007-06-30": "0.35430", "2007-03-31": "0.34300", "2006-12-31": "0.33630", "2006-09-30": "0.36230", "2006-06-30": "0.34390", "2006-03-31": "0.33880", "2005-12-31": "0.32140", "2005-09-30": "0.33070", "2005-06-30": "0.32000", "2005-03-31": "0.29670"}, "Inventory Turnover Ratio": {"2020-09-30": "1.33190", "2020-06-30": "1.10680", "2020-03-31": "1.30400", "2019-12-31": "1.22800", "2019-09-30": "1.27190", "2019-06-30": "1.26760", "2019-03-31": "1.17650", "2018-12-31": "1.26500", "2018-09-30": "1.23520", "2018-06-30": "1.19240", "2018-03-31": "0.99160", "2017-12-31": "0.98990", "2017-09-30": "1.03090", "2017-06-30": "1.11530", "2017-03-31": "1.07650", "2016-12-31": "1.11040", "2016-09-30": "1.13380", "2016-06-30": "1.12530", "2016-03-31": "1.02750", "2015-12-31": "1.04220", "2015-09-30": "1.11390", "2015-06-30": "1.15430", "2015-03-31": "1.14910", "2014-12-31": "1.29810", "2014-09-30": "1.34360", "2014-06-30": "1.31060", "2014-03-31": "1.23060", "2013-12-31": "1.38890", "2013-09-30": "1.35510", "2013-06-30": "1.37590", "2013-03-31": "1.43700", "2012-12-31": "1.47120", "2012-09-30": "1.46280", "2012-06-30": "1.45960", "2012-03-31": "1.45140", "2011-12-31": "1.58250", "2011-09-30": "1.54590", "2011-06-30": "1.47840", "2011-03-31": "1.49130", "2010-12-31": "1.44940", "2010-09-30": "1.52990", "2010-06-30": "1.57470", "2010-03-31": "1.46010", "2009-12-31": "1.51840", "2009-09-30": "1.61760", "2009-06-30": "1.46640", "2009-03-31": "1.30770", "2008-12-31": "1.39080", "2008-09-30": "1.51350", "2008-06-30": "1.44620", "2008-03-31": "1.32320", "2007-12-31": "1.34350", "2007-09-30": "1.44880", "2007-06-30": "1.43330", "2007-03-31": "1.42310", "2006-12-31": "1.29330", "2006-09-30": "1.37030", "2006-06-30": "1.42930", "2006-03-31": "1.59850", "2005-12-31": "1.62250", "2005-09-30": "1.76480", "2005-06-30": "1.64370", "2005-03-31": "1.51050"}, "Receiveable Turnover": {"2020-09-30": "1.55830", "2020-06-30": "1.47370", "2020-03-31": "1.54060", "2019-12-31": "1.61540", "2019-09-30": "1.52970", "2019-06-30": "1.52310", "2019-03-31": "1.51820", "2018-12-31": "1.57720", "2018-09-30": "1.49670", "2018-06-30": "1.49630", "2018-03-31": "1.40800", "2017-12-31": "1.69850", "2017-09-30": "1.54530", "2017-06-30": "1.57840", "2017-03-31": "1.56390", "2016-12-31": "1.61170", "2016-09-30": "1.60350", "2016-06-30": "1.75850", "2016-03-31": "1.65730", "2015-12-31": "1.77820", "2015-09-30": "1.65190", "2015-06-30": "1.70540", "2015-03-31": "1.61390", "2014-12-31": "1.80670", "2014-09-30": "1.64940", "2014-06-30": "1.69130", "2014-03-31": "1.62180", "2013-12-31": "1.82940", "2013-09-30": "1.67350", "2013-06-30": "1.70930", "2013-03-31": "1.66840", "2012-12-31": "1.85710", "2012-09-30": "1.68520", "2012-06-30": "1.77880", "2012-03-31": "1.74070", "2011-12-31": "1.87670", "2011-09-30": "1.67870", "2011-06-30": "1.73780", "2011-03-31": "1.65560", "2010-12-31": "1.87040", "2010-09-30": "1.67320", "2010-06-30": "1.73900", "2010-03-31": "1.63750", "2009-12-31": "1.90870", "2009-09-30": "1.78780", "2009-06-30": "1.78760", "2009-03-31": "1.75120", "2008-12-31": "1.82660", "2008-09-30": "1.71400", "2008-06-30": "1.79860", "2008-03-31": "1.69250", "2007-12-31": "1.84930", "2007-09-30": "1.54960", "2007-06-30": "1.64350", "2007-03-31": "1.56740", "2006-12-31": "1.66270", "2006-09-30": "1.57830", "2006-06-30": "1.59960", "2006-03-31": "1.61050", "2005-12-31": "1.72580", "2005-09-30": "1.64450", "2005-06-30": "1.72980", "2005-03-31": "1.62700"}, "Days Sales In Receivables": {"2020-09-30": "57.75390", "2020-06-30": "61.07140", "2020-03-31": "58.41790", "2019-12-31": "55.71470", "2019-09-30": "58.83640", "2019-06-30": "59.08980", "2019-03-31": "59.28260", "2018-12-31": "57.06320", "2018-09-30": "60.13220", "2018-06-30": "60.14660", "2018-03-31": "63.92250", "2017-12-31": "52.98790", "2017-09-30": "58.24200", "2017-06-30": "57.01990", "2017-03-31": "57.55020", "2016-12-31": "55.84170", "2016-09-30": "56.12850", "2016-06-30": "51.17960", "2016-03-31": "54.30400", "2015-12-31": "50.61350", "2015-09-30": "54.48230", "2015-06-30": "52.77460", "2015-03-31": "55.76510", "2014-12-31": "49.81390", "2014-09-30": "54.56500", "2014-06-30": "53.21340", "2014-03-31": "55.49310", "2013-12-31": "49.19540", "2013-09-30": "53.78040", "2013-06-30": "52.65440", "2013-03-31": "53.94410", "2012-12-31": "48.46250", "2012-09-30": "53.40510", "2012-06-30": "50.59610", "2012-03-31": "51.70210", "2011-12-31": "47.95540", "2011-09-30": "53.61380", "2011-06-30": "51.78930", "2011-03-31": "54.36100", "2010-12-31": "48.11830", "2010-09-30": "53.78980", "2010-06-30": "51.75280", "2010-03-31": "54.96230", "2009-12-31": "47.15150", "2009-09-30": "50.34180", "2009-06-30": "50.34580", "2009-03-31": "51.39340", "2008-12-31": "49.27160", "2008-09-30": "52.50820", "2008-06-30": "50.03770", "2008-03-31": "53.17730", "2007-12-31": "48.66770", "2007-09-30": "58.07880", "2007-06-30": "54.76120", "2007-03-31": "57.42050", "2006-12-31": "54.12830", "2006-09-30": "57.02310", "2006-06-30": "56.26490", "2006-03-31": "55.88480", "2005-12-31": "52.14860", "2005-09-30": "54.72820", "2005-06-30": "52.02880", "2005-03-31": "55.31790"}, "ROE - Return On Equity": {"2020-09-30": "5.34710", "2020-06-30": "4.51480", "2020-03-31": "3.92530", "2019-12-31": "5.25890", "2019-09-30": "6.92210", "2019-06-30": "5.27760", "2019-03-31": "4.03960", "2018-12-31": "4.95860", "2018-09-30": "6.47360", "2018-06-30": "6.01720", "2018-03-31": "3.56270", "2017-12-31": "1.35930", "2017-09-30": "4.96490", "2017-06-30": "5.03990", "2017-03-31": "4.02190", "2016-12-31": "4.09810", "2016-09-30": "5.38970", "2016-06-30": "5.19180", "2016-03-31": "3.93480", "2015-12-31": "3.58490", "2015-09-30": "3.82370", "2015-06-30": "4.19830", "2015-03-31": "3.38820", "2014-12-31": "4.16390", "2014-09-30": "4.44720", "2014-06-30": "4.52600", "2014-03-31": "3.35840", "2013-12-31": "4.32420", "2013-09-30": "5.38830", "2013-06-30": "4.76050", "2013-03-31": "3.92020", "2012-12-31": "4.37080", "2012-09-30": "5.41210", "2012-06-30": "5.02870", "2012-03-31": "4.22000", "2011-12-31": "4.78450", "2011-09-30": "5.61890", "2011-06-30": "4.39670", "2011-03-31": "3.46640", "2010-12-31": "3.43010", "2010-09-30": "5.00380", "2010-06-30": "4.24300", "2010-03-31": "2.93280", "2009-12-31": "3.84790", "2009-09-30": "5.10700", "2009-06-30": "3.67650", "2009-03-31": "3.31740", "2008-12-31": "4.62860", "2008-09-30": "5.97590", "2008-06-30": "5.67970", "2008-03-31": "4.69990", "2007-12-31": "4.43380", "2007-09-30": "6.41580", "2007-06-30": "5.12350", "2007-03-31": "4.09060", "2006-12-31": "2.87540", "2006-09-30": "4.58490", "2006-06-30": "4.02480", "2006-03-31": "3.99320", "2005-12-31": "5.21990", "2005-09-30": "5.07270", "2005-06-30": "3.81410", "2005-03-31": "2.98410"}, "Return On Tangible Equity": {"2020-09-30": "-21.44550", "2020-06-30": "-15.47150", "2020-03-31": "-11.87640", "2019-12-31": "-16.29270", "2019-09-30": "-21.02090", "2019-06-30": "-13.71730", "2019-03-31": "-9.68500", "2018-12-31": "-11.08080", "2018-09-30": "-13.62400", "2018-06-30": "-11.08830", "2018-03-31": "-6.15800", "2017-12-31": "22.74110", "2017-09-30": "49.55120", "2017-06-30": "82.70220", "2017-03-31": "39.68940", "2016-12-31": "36.35860", "2016-09-30": "43.63540", "2016-06-30": "55.44290", "2016-03-31": "46.79250", "2015-12-31": "13.98620", "2015-09-30": "11.57240", "2015-06-30": "12.54240", "2015-03-31": "10.85620", "2014-12-31": "10.91850", "2014-09-30": "10.91810", "2014-06-30": "11.32450", "2014-03-31": "8.35680", "2013-12-31": "10.00240", "2013-09-30": "13.76970", "2013-06-30": "12.65240", "2013-03-31": "10.47680", "2012-12-31": "11.67710", "2012-09-30": "14.70790", "2012-06-30": "14.97700", "2012-03-31": "12.69460", "2011-12-31": "14.78920", "2011-09-30": "16.66330", "2011-06-30": "13.13480", "2011-03-31": "10.88680", "2010-12-31": "10.77250", "2010-09-30": "21.24440", "2010-06-30": "25.48410", "2010-03-31": "20.80000", "2009-12-31": "24.46290", "2009-09-30": "18.98320", "2009-06-30": "15.18400", "2009-03-31": "15.32590", "2008-12-31": "23.52940", "2008-09-30": "28.37030", "2008-06-30": "21.91730", "2008-03-31": "21.22810", "2007-12-31": "12.85140", "2007-09-30": "17.12110", "2007-06-30": "13.18330", "2007-03-31": "10.78080", "2006-12-31": "7.35150", "2006-09-30": "10.86260", "2006-06-30": "9.46530", "2006-03-31": "8.07570", "2005-12-31": "10.46610", "2005-09-30": "10.13580", "2005-06-30": "7.15000", "2005-03-31": "5.32840"}, "ROA - Return On Assets": {"2020-09-30": "2.22670", "2020-06-30": "1.76130", "2020-03-31": "1.52650", "2019-12-31": "2.10280", "2019-09-30": "2.61320", "2019-06-30": "1.94400", "2019-03-31": "1.48310", "2018-12-31": "1.83080", "2018-09-30": "2.29510", "2018-06-30": "2.05990", "2018-03-31": "1.20190", "2017-12-31": "0.60210", "2017-09-30": "2.21200", "2017-06-30": "2.20360", "2017-03-31": "1.82850", "2016-12-31": "1.86380", "2016-09-30": "2.52360", "2016-06-30": "2.39930", "2016-03-31": "1.82300", "2015-12-31": "1.95410", "2015-09-30": "2.20840", "2015-06-30": "2.44140", "2015-03-31": "1.94740", "2014-12-31": "2.42760", "2014-09-30": "2.65290", "2014-06-30": "2.74350", "2014-03-31": "2.01320", "2013-12-31": "2.59790", "2013-09-30": "3.09440", "2013-06-30": "2.72940", "2013-03-31": "2.23580", "2012-12-31": "2.47370", "2012-09-30": "2.94720", "2012-06-30": "2.68110", "2012-03-31": "2.20990", "2011-12-31": "2.47670", "2011-09-30": "2.96430", "2011-06-30": "2.36720", "2011-03-31": "1.84890", "2010-12-31": "1.85530", "2010-09-30": "2.74800", "2010-06-30": "2.26250", "2010-03-31": "1.55420", "2009-12-31": "2.08510", "2009-09-30": "2.59040", "2009-06-30": "1.85540", "2009-03-31": "1.63180", "2008-12-31": "2.21220", "2008-09-30": "2.93600", "2008-06-30": "2.84120", "2008-03-31": "2.37910", "2007-12-31": "2.57590", "2007-09-30": "3.49310", "2007-06-30": "2.94690", "2007-03-31": "2.28610", "2006-12-31": "1.66710", "2006-09-30": "2.65760", "2006-06-30": "2.37170", "2006-03-31": "2.34740", "2005-12-31": "3.12540", "2005-09-30": "2.85820", "2005-06-30": "2.19460", "2005-03-31": "1.75270"}, "ROI - Return On Investment": {"2020-09-30": "3.13210", "2020-06-30": "2.48610", "2020-03-31": "2.14700", "2019-12-31": "2.97420", "2019-09-30": "3.65320", "2019-06-30": "2.73630", "2019-03-31": "2.07400", "2018-12-31": "2.52260", "2018-09-30": "3.21800", "2018-06-30": "2.84490", "2018-03-31": "1.66960", "2017-12-31": "0.85010", "2017-09-30": "3.11930", "2017-06-30": "3.52070", "2017-03-31": "2.47700", "2016-12-31": "2.53310", "2016-09-30": "3.35660", "2016-06-30": "3.19180", "2016-03-31": "2.41700", "2015-12-31": "2.67390", "2015-09-30": "2.92770", "2015-06-30": "3.20800", "2015-03-31": "2.56790", "2014-12-31": "3.18500", "2014-09-30": "3.43780", "2014-06-30": "3.48750", "2014-03-31": "2.56910", "2013-12-31": "3.29620", "2013-09-30": "4.04830", "2013-06-30": "3.54640", "2013-03-31": "2.90330", "2012-12-31": "3.21910", "2012-09-30": "3.95450", "2012-06-30": "3.63200", "2012-03-31": "3.02350", "2011-12-31": "3.40610", "2011-09-30": "4.00730", "2011-06-30": "3.14290", "2011-03-31": "2.46280", "2010-12-31": "2.43760", "2010-09-30": "3.70540", "2010-06-30": "3.10420", "2010-03-31": "2.13160", "2009-12-31": "2.78460", "2009-09-30": "3.54190", "2009-06-30": "2.51940", "2009-03-31": "2.23550", "2008-12-31": "3.10240", "2008-09-30": "4.13020", "2008-06-30": "3.89240", "2008-03-31": "3.93720", "2007-12-31": "3.74420", "2007-09-30": "5.36480", "2007-06-30": "4.29940", "2007-03-31": "3.42140", "2006-12-31": "2.40370", "2006-09-30": "3.84650", "2006-06-30": "3.37420", "2006-03-31": "3.32660", "2005-12-31": "4.35150", "2005-09-30": "4.19800", "2005-06-30": "3.14510", "2005-03-31": "2.47380"}, "Book Value Per Share": {"2020-09-30": "37.44750", "2020-06-30": "36.39260", "2020-03-31": "35.58050", "2019-12-31": "35.96320", "2019-09-30": "35.22230", "2019-06-30": "34.09360", "2019-03-31": "33.51560", "2018-12-31": "32.87760", "2018-09-30": "32.39120", "2018-06-30": "31.05480", "2018-03-31": "30.62960", "2017-12-31": "30.02620", "2017-09-30": "30.48810", "2017-06-30": "29.30900", "2017-03-31": "28.88730", "2016-12-31": "28.86980", "2016-09-30": "29.50540", "2016-06-30": "28.56060", "2016-03-31": "28.28910", "2015-12-31": "30.24020", "2015-09-30": "33.74090", "2015-06-30": "33.44560", "2015-03-31": "32.31780", "2014-12-31": "33.09060", "2014-09-30": "34.43320", "2014-06-30": "33.94590", "2014-03-31": "32.84460", "2013-12-31": "32.35940", "2013-09-30": "30.52280", "2013-06-30": "29.40140", "2013-03-31": "28.68690", "2012-12-31": "28.15640", "2012-09-30": "27.29510", "2012-06-30": "26.11280", "2012-03-31": "25.45780", "2011-12-31": "24.87380", "2011-09-30": "25.12710", "2011-06-30": "24.90500", "2011-03-31": "24.25540", "2010-12-31": "24.11160", "2010-09-30": "23.88170", "2010-06-30": "22.74330", "2010-03-31": "22.16330", "2009-12-31": "21.82330", "2009-09-30": "19.92740", "2009-06-30": "19.09750", "2009-03-31": "18.22520", "2008-12-31": "17.96970", "2008-09-30": "19.80070", "2008-06-30": "19.30130", "2008-03-31": "18.35650", "2007-12-31": "18.68870", "2007-09-30": "17.57860", "2007-06-30": "17.54300", "2007-03-31": "17.07540", "2006-12-31": "16.87490", "2006-09-30": "17.27450", "2006-06-30": "17.00200", "2006-03-31": "16.45100", "2005-12-31": "16.33790", "2005-09-30": "15.77670", "2005-06-30": "15.41550", "2005-03-31": "15.66770"}, "Operating Cash Flow Per Share": {"2020-09-30": 2.7666, "2020-06-30": 3.6077, "2020-03-31": "1.98530", "2019-12-31": 3.7623, "2019-09-30": 3.2143, "2019-06-30": 2.4084, "2019-03-31": "1.43040", "2018-12-31": 3.2404, "2018-09-30": 3.4044, "2018-06-30": 2.7814, "2018-03-31": "-0.00730", "2017-12-31": 2.7145, "2017-09-30": 1.7828, "2017-06-30": 1.2498, "2017-03-31": "1.13130", "2016-12-31": 2.5283, "2016-09-30": 2.5735, "2016-06-30": 1.1743, "2016-03-31": "1.10270", "2015-12-31": 2.5166, "2015-09-30": 1.6334, "2015-06-30": 1.2592, "2015-03-31": "0.44250", "2014-12-31": 2.6014, "2014-09-30": 2.3081, "2014-06-30": 0.9743, "2014-03-31": "0.72940", "2013-12-31": 2.6094, "2013-09-30": 1.9761, "2013-06-30": 1.1041, "2013-03-31": "0.71640", "2012-12-31": 2.6217, "2012-09-30": 1.464, "2012-06-30": 0.9992, "2012-03-31": "0.75290", "2011-12-31": 1.9204, "2011-09-30": 1.7115, "2011-06-30": 1.0403, "2011-03-31": "0.87420", "2010-12-31": 1.491, "2010-09-30": 1.3771, "2010-06-30": 1.1488, "2010-03-31": "0.39770", "2009-12-31": 1.7188, "2009-09-30": 2.5284, "2009-06-30": 1.9023, "2009-03-31": "0.82770", "2008-12-31": 1.4921, "2008-09-30": 1.9433, "2008-06-30": 1.6478, "2008-03-31": "0.56640", "2007-12-31": 1.8971, "2007-09-30": 1.4209, "2007-06-30": 1.7593, "2007-03-31": "0.55630", "2006-12-31": 0.9329, "2006-09-30": 0.4867, "2006-06-30": 0.6005, "2006-03-31": "0.26960", "2005-12-31": 0.9156, "2005-09-30": 1.2443, "2005-06-30": 0.8016, "2005-03-31": "0.01750"}, "Free Cash Flow Per Share": {"2020-09-30": 2.4626, "2020-06-30": 3.2891, "2020-03-31": "1.65930", "2019-12-31": 2.8202, "2019-09-30": 3.37, "2019-06-30": 1.9615, "2019-03-31": "1.00370", "2018-12-31": 2.8998, "2018-09-30": 2.9818, "2018-06-30": 2.3154, "2018-03-31": "-0.40650", "2017-12-31": 2.571, "2017-09-30": 1.4127, "2017-06-30": 0.8955, "2017-03-31": "0.88670", "2016-12-31": 2.341, "2016-09-30": 2.286, "2016-06-30": 0.9073, "2016-03-31": "0.83190", "2015-12-31": 2.1027, "2015-09-30": 1.3249, "2015-06-30": 0.9439, "2015-03-31": "0.16300", "2014-12-31": 2.4013, "2014-09-30": 2.0471, "2014-06-30": 0.7315, "2014-03-31": "0.51600", "2013-12-31": 2.3589, "2013-09-30": 1.7334, "2013-06-30": 0.8859, "2013-03-31": "0.49830", "2012-12-31": 2.4052, "2012-09-30": 1.2915, "2012-06-30": 0.8377, "2012-03-31": "0.56260", "2011-12-31": 1.8515, "2011-09-30": 1.5336, "2011-06-30": 0.8883, "2011-03-31": "0.51470", "2010-12-31": 1.2996, "2010-09-30": 1.186, "2010-06-30": 0.9631, "2010-03-31": "0.21300", "2009-12-31": 1.5551, "2009-09-30": 2.4301, "2009-06-30": 1.8011, "2009-03-31": "0.68560", "2008-12-31": 1.2371, "2008-09-30": 1.7664, "2008-06-30": 1.431, "2008-03-31": "0.35840", "2007-12-31": 1.7967, "2007-09-30": 1.2157, "2007-06-30": 1.5538, "2007-03-31": "0.21360", "2006-12-31": 0.6203, "2006-09-30": 0.007, "2006-06-30": 0.263, "2006-03-31": "-0.01140", "2005-12-31": 0.7218, "2005-09-30": 0.9487, "2005-06-30": 0.5468, "2005-03-31": "-0.18980"}}, "revenue": {"Hubbell Inc Annual Revenue (Millions of US $)": {"2020": "$4,186", "2019": "$4,591", "2018": "$4,482", "2017": "$3,669", "2016": "$3,505", "2015": "$3,390", "2014": "$3,359", "2013": "$3,184", "2012": "$3,044", "2011": "$2,872", "2010": "$2,541", "2009": "$2,356", "2008": "$2,704", "2007": "$2,534", "2006": "$2,414", "2005": "$2,105"}, "Hubbell Inc Quarterly Revenue (Millions of US $)": {"2020-12-31": "$1,038", "2020-09-30": "$1,109", "2020-06-30": "$949", "2020-03-31": "$1,090", "2019-12-31": "$1,103", "2019-09-30": "$1,204", "2019-06-30": "$1,196", "2019-03-31": "$1,087", "2018-12-31": "$1,144", "2018-09-30": "$1,180", "2018-06-30": "$1,167", "2018-03-31": "$991", "2017-12-31": "$918", "2017-09-30": "$951", "2017-06-30": "$948", "2017-03-31": "$852", "2016-12-31": "$854", "2016-09-30": "$907", "2016-06-30": "$909", "2016-03-31": "$835", "2015-12-31": "$830", "2015-09-30": "$877", "2015-06-30": "$874", "2015-03-31": "$810", "2014-12-31": "$849", "2014-09-30": "$895", "2014-06-30": "$856", "2014-03-31": "$760", "2013-12-31": "$807", "2013-09-30": "$836", "2013-06-30": "$801", "2013-03-31": "$740", "2012-12-31": "$753", "2012-09-30": "$790", "2012-06-30": "$778", "2012-03-31": "$724", "2011-12-31": "$740", "2011-09-30": "$764", "2011-06-30": "$709", "2011-03-31": "$658", "2010-12-31": "$639", "2010-09-30": "$685", "2010-06-30": "$646", "2010-03-31": "$571", "2009-12-31": "$592", "2009-09-30": "$594", "2009-06-30": "$584", "2009-03-31": "$586", "2008-12-31": "$652", "2008-09-30": "$735", "2008-06-30": "$690", "2008-03-31": "$628", "2007-12-31": "$615", "2007-09-30": "$653", "2007-06-30": "$641", "2007-03-31": "$626", "2006-12-31": "$589", "2006-09-30": "$649", "2006-06-30": "$603", "2006-03-31": "$573", "2005-12-31": "$536", "2005-09-30": "$561", "2005-06-30": "$521", "2005-03-31": "$488"}}, "gross-profit": {"Hubbell Inc Annual Gross Profit (Millions of US $)": {"2020": "$1,209", "2019": "$1,353", "2018": "$1,300", "2017": "$1,155", "2016": "$1,105", "2015": "$1,092", "2014": "$1,109", "2013": "$1,071", "2012": "$1,012", "2011": "$924", "2010": "$829", "2009": "$726", "2008": "$803", "2007": "$736", "2006": "$657", "2005": "$595"}, "Hubbell Inc Quarterly Gross Profit (Millions of US $)": {"2020-12-31": "$286", "2020-09-30": "$330", "2020-06-30": "$281", "2020-03-31": "$314", "2019-12-31": "$326", "2019-09-30": "$362", "2019-06-30": "$357", "2019-03-31": "$307", "2018-12-31": "$321", "2018-09-30": "$349", "2018-06-30": "$348", "2018-03-31": "$283", "2017-12-31": "$289", "2017-09-30": "$308", "2017-06-30": "$296", "2017-03-31": "$263", "2016-12-31": "$263", "2016-09-30": "$289", "2016-06-30": "$294", "2016-03-31": "$260", "2015-12-31": "$267", "2015-09-30": "$290", "2015-06-30": "$283", "2015-03-31": "$252", "2014-12-31": "$275", "2014-09-30": "$296", "2014-06-30": "$293", "2014-03-31": "$245", "2013-12-31": "$271", "2013-09-30": "$291", "2013-06-30": "$272", "2013-03-31": "$236", "2012-12-31": "$250", "2012-09-30": "$269", "2012-06-30": "$260", "2012-03-31": "$234", "2011-12-31": "$236", "2011-09-30": "$252", "2011-06-30": "$230", "2011-03-31": "$205", "2010-12-31": "$207", "2010-09-30": "$235", "2010-06-30": "$211", "2010-03-31": "$176", "2009-12-31": "$192", "2009-09-30": "$193", "2009-06-30": "$174", "2009-03-31": "$167", "2008-12-31": "$186", "2008-09-30": "$220", "2008-06-30": "$210", "2008-03-31": "$187", "2007-12-31": "$181", "2007-09-30": "$195", "2007-06-30": "$187", "2007-03-31": "$173", "2006-12-31": "$152", "2006-09-30": "$181", "2006-06-30": "$166", "2006-03-31": "$159", "2005-12-31": "$151", "2005-09-30": "$164", "2005-06-30": "$143", "2005-03-31": "$137"}}, "operating-income": {"Hubbell Inc Annual Operating Income (Millions of US $)": {"2020": "$533", "2019": "$597", "2018": "$557", "2017": "$519", "2016": "$490", "2015": "$475", "2014": "$517", "2013": "$508", "2012": "$472", "2011": "$424", "2010": "$368", "2009": "$295", "2008": "$346", "2007": "$299", "2006": "$234", "2005": "$227"}, "Hubbell Inc Quarterly Operating Income (Millions of US $)": {"2020-12-31": "$120", "2020-09-30": "$163", "2020-06-30": "$132", "2020-03-31": "$119", "2019-12-31": "$136", "2019-09-30": "$173", "2019-06-30": "$167", "2019-03-31": "$121", "2018-12-31": "$137", "2018-09-30": "$164", "2018-06-30": "$157", "2018-03-31": "$100", "2017-12-31": "$127", "2017-09-30": "$150", "2017-06-30": "$134", "2017-03-31": "$108", "2016-12-31": "$120", "2016-09-30": "$136", "2016-06-30": "$132", "2016-03-31": "$102", "2015-12-31": "$112", "2015-09-30": "$131", "2015-06-30": "$127", "2015-03-31": "$105", "2014-12-31": "$126", "2014-09-30": "$143", "2014-06-30": "$144", "2014-03-31": "$105", "2013-12-31": "$126", "2013-09-30": "$152", "2013-06-30": "$132", "2013-03-31": "$98", "2012-12-31": "$111", "2012-09-30": "$135", "2012-06-30": "$125", "2012-03-31": "$102", "2011-12-31": "$110", "2011-09-30": "$125", "2011-06-30": "$105", "2011-03-31": "$84", "2010-12-31": "$91", "2010-09-30": "$118", "2010-06-30": "$94", "2010-03-31": "$66", "2009-12-31": "$80", "2009-09-30": "$91", "2009-06-30": "$67", "2009-03-31": "$57", "2008-12-31": "$72", "2008-09-30": "$103", "2008-06-30": "$95", "2008-03-31": "$75", "2007-12-31": "$69", "2007-09-30": "$89", "2007-06-30": "$78", "2007-03-31": "$64", "2006-12-31": "$42", "2006-09-30": "$73", "2006-06-30": "$61", "2006-03-31": "$58", "2005-12-31": "$58", "2005-09-30": "$73", "2005-06-30": "$53", "2005-03-31": "$42"}}, "ebitda": {"Hubbell Inc Annual EBITDA (Millions of US $)": {"2019": "$748", "2018": "$705", "2017": "$617", "2016": "$581", "2015": "$560", "2014": "$597", "2013": "$578", "2012": "$539", "2011": "$492", "2010": "$440", "2009": "$365", "2008": "$409", "2007": "$360", "2006": "$289", "2005": "$277"}, "Hubbell Inc Quarterly EBITDA (Millions of US $)": {"2020-09-30": "$202", "2020-06-30": "$170", "2020-03-31": "$158", "2019-12-31": "$176", "2019-09-30": "$210", "2019-06-30": "$204", "2019-03-31": "$158", "2018-12-31": "$172", "2018-09-30": "$200", "2018-06-30": "$194", "2018-03-31": "$139", "2017-12-31": "$150", "2017-09-30": "$175", "2017-06-30": "$160", "2017-03-31": "$132", "2016-12-31": "$142", "2016-09-30": "$159", "2016-06-30": "$155", "2016-03-31": "$125", "2015-12-31": "$134", "2015-09-30": "$152", "2015-06-30": "$148", "2015-03-31": "$127", "2014-12-31": "$146", "2014-09-30": "$163", "2014-06-30": "$164", "2014-03-31": "$124", "2013-12-31": "$144", "2013-09-30": "$170", "2013-06-30": "$149", "2013-03-31": "$115", "2012-12-31": "$128", "2012-09-30": "$151", "2012-06-30": "$141", "2012-03-31": "$118", "2011-12-31": "$126", "2011-09-30": "$142", "2011-06-30": "$122", "2011-03-31": "$101", "2010-12-31": "$109", "2010-09-30": "$136", "2010-06-30": "$112", "2010-03-31": "$84", "2009-12-31": "$99", "2009-09-30": "$108", "2009-06-30": "$84", "2009-03-31": "$74", "2008-12-31": "$89", "2008-09-30": "$119", "2008-06-30": "$110", "2008-03-31": "$90", "2007-12-31": "$84", "2007-09-30": "$104", "2007-06-30": "$93", "2007-03-31": "$79", "2006-12-31": "$56", "2006-09-30": "$87", "2006-06-30": "$75", "2006-03-31": "$71", "2005-12-31": "$72", "2005-09-30": "$86", "2005-06-30": "$65", "2005-03-31": "$54"}}, "net-income": {"Hubbell Inc Annual Net Income (Millions of US $)": {"2020": "$351", "2019": "$399", "2018": "$359", "2017": "$242", "2016": "$292", "2015": "$277", "2014": "$324", "2013": "$326", "2012": "$299", "2011": "$267", "2010": "$216", "2009": "$179", "2008": "$222", "2007": "$208", "2006": "$158", "2005": "$165"}, "Hubbell Inc Quarterly Net Income (Millions of US $)": {"2020-12-31": "$81", "2020-09-30": "$107", "2020-06-30": "$88", "2020-03-31": "$75", "2019-12-31": "$102", "2019-09-30": "$130", "2019-06-30": "$96", "2019-03-31": "$72", "2018-12-31": "$87", "2018-09-30": "$114", "2018-06-30": "$100", "2018-03-31": "$58", "2017-12-31": "$20", "2017-09-30": "$81", "2017-06-30": "$79", "2017-03-31": "$63", "2016-12-31": "$64", "2016-09-30": "$86", "2016-06-30": "$81", "2016-03-31": "$61", "2015-12-31": "$61", "2015-09-30": "$73", "2015-06-30": "$80", "2015-03-31": "$62", "2014-12-31": "$81", "2014-09-30": "$90", "2014-06-30": "$90", "2014-03-31": "$64", "2013-12-31": "$82", "2013-09-30": "$96", "2013-06-30": "$82", "2013-03-31": "$66", "2012-12-31": "$72", "2012-09-30": "$87", "2012-06-30": "$77", "2012-03-31": "$63", "2011-12-31": "$70", "2011-09-30": "$82", "2011-06-30": "$65", "2011-03-31": "$50", "2010-12-31": "$50", "2010-09-30": "$71", "2010-06-30": "$57", "2010-03-31": "$38", "2009-12-31": "$49", "2009-09-30": "$57", "2009-06-30": "$39", "2009-03-31": "$34", "2008-12-31": "$46", "2008-09-30": "$67", "2008-06-30": "$62", "2008-03-31": "$48", "2007-12-31": "$47", "2007-09-30": "$65", "2007-06-30": "$53", "2007-03-31": "$42", "2006-12-31": "$29", "2006-09-30": "$48", "2006-06-30": "$42", "2006-03-31": "$40", "2005-12-31": "$52", "2005-09-30": "$49", "2005-06-30": "$36", "2005-03-31": "$29"}}, "eps-earnings-per-share-diluted": {"Hubbell Inc Annual EPS": {"2020": "$6.43", "2019": "$7.31", "2018": "$6.54", "2017": "$4.39", "2016": "$5.24", "2015": "$4.77", "2014": "$5.48", "2013": "$5.47", "2012": "$5.00", "2011": "$4.42", "2010": "$3.59", "2009": "$3.15", "2008": "$3.93", "2007": "$3.49", "2006": "$2.59", "2005": "$2.67"}, "Hubbell Inc Quarterly EPS": {"2020-12-31": "$1.48", "2020-09-30": "$1.96", "2020-06-30": "$1.62", "2020-03-31": "$1.37", "2019-12-31": "$1.86", "2019-09-30": "$2.38", "2019-06-30": "$1.75", "2019-03-31": "$1.32", "2018-12-31": "$1.61", "2018-09-30": "$2.06", "2018-06-30": "$1.82", "2018-03-31": "$1.05", "2017-12-31": "$0.36", "2017-09-30": "$1.47", "2017-06-30": "$1.43", "2017-03-31": "$1.13", "2016-12-31": "$1.15", "2016-09-30": "$1.56", "2016-06-30": "$1.45", "2016-03-31": "$1.08", "2015-12-31": "$1.06", "2015-09-30": "$1.27", "2015-06-30": "$1.37", "2015-03-31": "$1.07", "2014-12-31": "$1.38", "2014-09-30": "$1.51", "2014-06-30": "$1.51", "2014-03-31": "$1.08", "2013-12-31": "$1.38", "2013-09-30": "$1.62", "2013-06-30": "$1.37", "2013-03-31": "$1.10", "2012-12-31": "$1.21", "2012-09-30": "$1.45", "2012-06-30": "$1.29", "2012-03-31": "$1.05", "2011-12-31": "$1.16", "2011-09-30": "$1.37", "2011-06-30": "$1.07", "2011-03-31": "$0.82", "2010-12-31": "$0.82", "2010-09-30": "$1.18", "2010-06-30": "$0.95", "2010-03-31": "$0.64", "2009-12-31": "$0.84", "2009-09-30": "$1.01", "2009-06-30": "$0.70", "2009-03-31": "$0.60", "2008-12-31": "$0.81", "2008-09-30": "$1.18", "2008-06-30": "$1.09", "2008-03-31": "$0.85", "2007-12-31": "$0.81", "2007-09-30": "$1.10", "2007-06-30": "$0.89", "2007-03-31": "$0.69", "2006-12-31": "$0.49", "2006-09-30": "$0.78", "2006-06-30": "$0.67", "2006-03-31": "$0.65", "2005-12-31": "$0.84", "2005-09-30": "$0.79", "2005-06-30": "$0.58", "2005-03-31": "$0.46"}}, "shares-outstanding": {"Hubbell Inc Annual Shares Outstanding (Millions of Shares)": {"2020": "55", "2019": "55", "2018": "55", "2017": "55", "2016": "56", "2015": "58", "2014": "59", "2013": "60", "2012": "60", "2011": "60", "2010": "60", "2009": "57", "2008": "57", "2007": "60", "2006": "61", "2005": "62"}, "Hubbell Inc Quarterly Shares Outstanding (Millions of Shares)": {"2020-12-31": "55", "2020-09-30": "55", "2020-06-30": "54", "2020-03-31": "55", "2019-12-31": "55", "2019-09-30": "55", "2019-06-30": "55", "2019-03-31": "55", "2018-12-31": "55", "2018-09-30": "55", "2018-06-30": "55", "2018-03-31": "55", "2017-12-31": "55", "2017-09-30": "55", "2017-06-30": "55", "2017-03-31": "56", "2016-12-31": "56", "2016-09-30": "56", "2016-06-30": "56", "2016-03-31": "57", "2015-12-31": "58", "2015-09-30": "58", "2015-06-30": "58", "2015-03-31": "58", "2014-12-31": "59", "2014-09-30": "59", "2014-06-30": "59", "2014-03-31": "60", "2013-12-31": "60", "2013-09-30": "60", "2013-06-30": "60", "2013-03-31": "60", "2012-12-31": "60", "2012-09-30": "60", "2012-06-30": "60", "2012-03-31": "60", "2011-12-31": "60", "2011-09-30": "60", "2011-06-30": "61", "2011-03-31": "61", "2010-12-31": "60", "2010-09-30": "60", "2010-06-30": "60", "2010-03-31": "60", "2009-12-31": "57", "2009-09-30": "57", "2009-06-30": "56", "2009-03-31": "56", "2008-12-31": "57", "2008-09-30": "57", "2008-06-30": "57", "2008-03-31": "57", "2007-12-31": "60", "2007-09-30": "59", "2007-06-30": "60", "2007-03-31": "60", "2006-12-31": "61", "2006-09-30": "61", "2006-06-30": "62", "2006-03-31": "61", "2005-12-31": "62", "2005-09-30": "62", "2005-06-30": "62", "2005-03-31": "63"}}, "total-assets": {"Hubbell Inc Annual Total Assets (Millions of US $)": {"2019": "$4,903", "2018": "$4,872", "2017": "$3,721", "2016": "$3,525", "2015": "$3,209", "2014": "$3,320", "2013": "$3,187", "2012": "$2,947", "2011": "$2,847", "2010": "$2,706", "2009": "$2,403", "2008": "$2,116", "2007": "$1,863", "2006": "$1,752", "2005": "$1,667"}, "Hubbell Inc Quarterly Total Assets (Millions of US $)": {"2020-09-30": "$4,877", "2020-06-30": "$5,059", "2020-03-31": "$4,959", "2019-12-31": "$4,903", "2019-09-30": "$5,074", "2019-06-30": "$5,036", "2019-03-31": "$4,976", "2018-12-31": "$4,872", "2018-09-30": "$4,998", "2018-06-30": "$4,971", "2018-03-31": "$4,975", "2017-12-31": "$3,721", "2017-09-30": "$3,743", "2017-06-30": "$3,667", "2017-03-31": "$3,495", "2016-12-31": "$3,525", "2016-09-30": "$3,491", "2016-06-30": "$3,418", "2016-03-31": "$3,401", "2015-12-31": "$3,209", "2015-09-30": "$3,383", "2015-06-30": "$3,330", "2015-03-31": "$3,256", "2014-12-31": "$3,320", "2014-09-30": "$3,411", "2014-06-30": "$3,310", "2014-03-31": "$3,244", "2013-12-31": "$3,187", "2013-09-30": "$3,141", "2013-06-30": "$3,041", "2013-03-31": "$2,988", "2012-12-31": "$2,947", "2012-09-30": "$2,972", "2012-06-30": "$2,909", "2012-03-31": "$2,878", "2011-12-31": "$2,847", "2011-09-30": "$2,810", "2011-06-30": "$2,775", "2011-03-31": "$2,742", "2010-12-31": "$2,706", "2010-09-30": "$2,609", "2010-06-30": "$2,559", "2010-03-31": "$2,509", "2009-12-31": "$2,403", "2009-09-30": "$2,220", "2009-06-30": "$2,134", "2009-03-31": "$2,090", "2008-12-31": "$2,116", "2008-09-30": "$2,265", "2008-06-30": "$2,165", "2008-03-31": "$2,034", "2007-12-31": "$1,863", "2007-09-30": "$1,869", "2007-06-30": "$1,809", "2007-03-31": "$1,824", "2006-12-31": "$1,752", "2006-09-30": "$1,791", "2006-06-30": "$1,754", "2006-03-31": "$1,691", "2005-12-31": "$1,667", "2005-09-30": "$1,697", "2005-06-30": "$1,627", "2005-03-31": "$1,643"}}, "cash-on-hand": {"Hubbell Inc Annual Cash on Hand (Millions of US $)": {"2019": "$196", "2018": "$198", "2017": "$390", "2016": "$449", "2015": "$356", "2014": "$662", "2013": "$751", "2012": "$654", "2011": "$582", "2010": "$530", "2009": "$261", "2008": "$178", "2007": "$78", "2006": "$81", "2005": "$232"}, "Hubbell Inc Quarterly Cash on Hand (Millions of US $)": {"2020-09-30": "$278", "2020-06-30": "$495", "2020-03-31": "$314", "2019-12-31": "$196", "2019-09-30": "$311", "2019-06-30": "$220", "2019-03-31": "$215", "2018-12-31": "$198", "2018-09-30": "$240", "2018-06-30": "$205", "2018-03-31": "$232", "2017-12-31": "$390", "2017-09-30": "$400", "2017-06-30": "$382", "2017-03-31": "$391", "2016-12-31": "$449", "2016-09-30": "$378", "2016-06-30": "$348", "2016-03-31": "$333", "2015-12-31": "$356", "2015-09-30": "$444", "2015-06-30": "$455", "2015-03-31": "$423", "2014-12-31": "$662", "2014-09-30": "$662", "2014-06-30": "$606", "2014-03-31": "$655", "2013-12-31": "$751", "2013-09-30": "$641", "2013-06-30": "$594", "2013-03-31": "$616", "2012-12-31": "$654", "2012-09-30": "$615", "2012-06-30": "$560", "2012-03-31": "$576", "2011-12-31": "$582", "2011-09-30": "$519", "2011-06-30": "$517", "2011-03-31": "$505", "2010-12-31": "$530", "2010-09-30": "$354", "2010-06-30": "$290", "2010-03-31": "$265", "2009-12-31": "$261", "2009-09-30": "$412", "2009-06-30": "$282", "2009-03-31": "$192", "2008-12-31": "$178", "2008-09-30": "$194", "2008-06-30": "$218", "2008-03-31": "$100", "2007-12-31": "$78", "2007-09-30": "$87", "2007-06-30": "$69", "2007-03-31": "$87", "2006-12-31": "$81", "2006-09-30": "$55", "2006-06-30": "$75", "2006-03-31": "$170", "2005-12-31": "$232", "2005-09-30": "$268", "2005-06-30": "$307", "2005-03-31": "$316"}}, "long-term-debt": {"Hubbell Inc Annual Long Term Debt (Millions of US $)": {"2019": "$1,506", "2018": "$1,737", "2017": "$987", "2016": "$991", "2015": "$596", "2014": "$595", "2013": "$597", "2012": "$597", "2011": "$596", "2010": "$596", "2009": "$497", "2008": "$497", "2007": "$199", "2006": "$199", "2005": "$199"}, "Hubbell Inc Quarterly Long Term Debt (Millions of US $)": {"2020-09-30": "$1,436", "2020-06-30": "$1,610", "2020-03-31": "$1,597", "2019-12-31": "$1,506", "2019-09-30": "$1,714", "2019-06-30": "$1,723", "2019-03-31": "$1,732", "2018-12-31": "$1,737", "2018-09-30": "$1,793", "2018-06-30": "$1,898", "2018-03-31": "$1,903", "2017-12-31": "$987", "2017-09-30": "$987", "2017-06-30": "$692", "2017-03-31": "$991", "2016-12-31": "$991", "2016-09-30": "$990", "2016-06-30": "$990", "2016-03-31": "$990", "2015-12-31": "$596", "2015-09-30": "$598", "2015-06-30": "$598", "2015-03-31": "$598", "2014-12-31": "$595", "2014-09-30": "$598", "2014-06-30": "$597", "2014-03-31": "$597", "2013-12-31": "$597", "2013-09-30": "$597", "2013-06-30": "$597", "2013-03-31": "$597", "2012-12-31": "$597", "2012-09-30": "$597", "2012-06-30": "$597", "2012-03-31": "$596", "2011-12-31": "$596", "2011-09-30": "$596", "2011-06-30": "$596", "2011-03-31": "$596", "2010-12-31": "$596", "2010-09-30": "$502", "2010-06-30": "$501", "2010-03-31": "$500", "2009-12-31": "$497", "2009-09-30": "$498", "2009-06-30": "$495", "2009-03-31": "$498", "2008-12-31": "$497", "2008-09-30": "$497", "2008-06-30": "$497", "2008-03-31": "$200", "2007-12-31": "$199", "2007-09-30": "$199", "2007-06-30": "$199", "2007-03-31": "$199", "2006-12-31": "$199", "2006-09-30": "$199", "2006-06-30": "$199", "2006-03-31": "$199", "2005-12-31": "$199", "2005-09-30": "$199", "2005-06-30": "$199", "2005-03-31": "$199"}}, "total-liabilities": {"Hubbell Inc Annual Total Liabilities (Millions of US $)": {"2019": "$2,943", "2018": "$3,073", "2017": "$2,073", "2016": "$1,922", "2015": "$1,460", "2014": "$1,384", "2013": "$1,272", "2012": "$1,279", "2011": "$1,373", "2010": "$1,242", "2009": "$1,101", "2008": "$1,104", "2007": "$781", "2006": "$736", "2005": "$669"}, "Hubbell Inc Quarterly Total Liabilities (Millions of US $)": {"2020-09-30": "$2,846", "2020-06-30": "$3,085", "2020-03-31": "$3,031", "2019-12-31": "$2,943", "2019-09-30": "$3,159", "2019-06-30": "$3,181", "2019-03-31": "$3,149", "2018-12-31": "$3,073", "2018-09-30": "$3,226", "2018-06-30": "$3,269", "2018-03-31": "$3,297", "2017-12-31": "$2,073", "2017-09-30": "$2,076", "2017-06-30": "$2,064", "2017-03-31": "$1,906", "2016-12-31": "$1,922", "2016-09-30": "$1,857", "2016-06-30": "$1,838", "2016-03-31": "$1,825", "2015-12-31": "$1,460", "2015-09-30": "$1,429", "2015-06-30": "$1,394", "2015-03-31": "$1,385", "2014-12-31": "$1,384", "2014-09-30": "$1,376", "2014-06-30": "$1,303", "2014-03-31": "$1,299", "2013-12-31": "$1,272", "2013-09-30": "$1,337", "2013-06-30": "$1,298", "2013-03-31": "$1,284", "2012-12-31": "$1,279", "2012-09-30": "$1,354", "2012-06-30": "$1,358", "2012-03-31": "$1,371", "2011-12-31": "$1,373", "2011-09-30": "$1,328", "2011-06-30": "$1,281", "2011-03-31": "$1,280", "2010-12-31": "$1,242", "2010-09-30": "$1,176", "2010-06-30": "$1,195", "2010-03-31": "$1,180", "2009-12-31": "$1,101", "2009-09-30": "$1,094", "2009-06-30": "$1,057", "2009-03-31": "$1,062", "2008-12-31": "$1,104", "2008-09-30": "$1,152", "2008-06-30": "$1,082", "2008-03-31": "$1,005", "2007-12-31": "$781", "2007-09-30": "$852", "2007-06-30": "$768", "2007-03-31": "$805", "2006-12-31": "$736", "2006-09-30": "$753", "2006-06-30": "$720", "2006-03-31": "$697", "2005-12-31": "$669", "2005-09-30": "$741", "2005-06-30": "$691", "2005-03-31": "$678"}}, "total-share-holder-equity": {"Hubbell Inc Annual Share Holder Equity (Millions of US $)": {"2019": "$1,961", "2018": "$1,799", "2017": "$1,648", "2016": "$1,603", "2015": "$1,749", "2014": "$1,936", "2013": "$1,915", "2012": "$1,668", "2011": "$1,474", "2010": "$1,464", "2009": "$1,302", "2008": "$1,011", "2007": "$1,083", "2006": "$1,016", "2005": "$998"}, "Hubbell Inc Quarterly Share Holder Equity (Millions of US $)": {"2020-09-30": "$2,031", "2020-06-30": "$1,974", "2020-03-31": "$1,929", "2019-12-31": "$1,961", "2019-09-30": "$1,916", "2019-06-30": "$1,855", "2019-03-31": "$1,827", "2018-12-31": "$1,799", "2018-09-30": "$1,772", "2018-06-30": "$1,702", "2018-03-31": "$1,679", "2017-12-31": "$1,648", "2017-09-30": "$1,668", "2017-06-30": "$1,603", "2017-03-31": "$1,589", "2016-12-31": "$1,603", "2016-09-30": "$1,635", "2016-06-30": "$1,579", "2016-03-31": "$1,576", "2015-12-31": "$1,749", "2015-09-30": "$1,954", "2015-06-30": "$1,937", "2015-03-31": "$1,871", "2014-12-31": "$1,936", "2014-09-30": "$2,035", "2014-06-30": "$2,006", "2014-03-31": "$1,944", "2013-12-31": "$1,915", "2013-09-30": "$1,804", "2013-06-30": "$1,744", "2013-03-31": "$1,704", "2012-12-31": "$1,668", "2012-09-30": "$1,619", "2012-06-30": "$1,551", "2012-03-31": "$1,507", "2011-12-31": "$1,474", "2011-09-30": "$1,483", "2011-06-30": "$1,494", "2011-03-31": "$1,463", "2010-12-31": "$1,464", "2010-09-30": "$1,433", "2010-06-30": "$1,365", "2010-03-31": "$1,330", "2009-12-31": "$1,302", "2009-09-30": "$1,126", "2009-06-30": "$1,077", "2009-03-31": "$1,028", "2008-12-31": "$1,011", "2008-09-30": "$1,113", "2008-06-30": "$1,083", "2008-03-31": "$1,030", "2007-12-31": "$1,083", "2007-09-30": "$1,018", "2007-06-30": "$1,040", "2007-03-31": "$1,019", "2006-12-31": "$1,016", "2006-09-30": "$1,038", "2006-06-30": "$1,034", "2006-03-31": "$994", "2005-12-31": "$998", "2005-09-30": "$956", "2005-06-30": "$936", "2005-03-31": "$965"}}, "profit-margins": {"current": "8.39%"}, "gross margin": {"2020-12-31": "28.93%", "2020-09-30": "29.43%", "2020-06-30": "29.52%", "2020-03-31": "29.59%", "2019-12-31": "29.46%", "2019-09-30": "29.09%", "2019-06-30": "28.96%", "2019-03-31": "28.94%", "2018-12-31": "29.03%", "2018-09-30": "29.82%", "2018-06-30": "30.49%", "2018-03-31": "30.88%", "2017-12-31": "31.51%", "2017-09-30": "31.35%", "2017-06-30": "31.20%", "2017-03-31": "31.49%", "2016-12-31": "31.55%", "2016-09-30": "31.89%", "2016-06-30": "32.19%", "2016-03-31": "32.20%", "2015-12-31": "32.20%", "2015-09-30": "32.26%", "2015-06-30": "32.26%", "2015-03-31": "32.73%", "2014-12-31": "33.01%", "2014-09-30": "33.30%", "2014-06-30": "33.75%", "2014-03-31": "33.68%", "2013-12-31": "33.61%", "2013-09-30": "33.53%", "2013-06-30": "33.31%", "2013-03-31": "33.17%", "2012-12-31": "33.28%", "2012-09-30": "32.95%", "2012-06-30": "32.67%", "2012-03-31": "32.41%", "2011-12-31": "32.15%", "2011-09-30": "32.27%", "2011-06-30": "32.59%", "2011-03-31": "32.65%", "2010-12-31": "32.62%", "2010-09-30": "32.64%", "2010-06-30": "32.13%", "2010-03-31": "31.40%", "2009-12-31": "30.81%", "2009-09-30": "29.80%", "2009-06-30": "29.21%", "2009-03-31": "29.40%", "2008-12-31": "29.69%", "2008-09-30": "29.91%", "2008-06-30": "29.89%", "2008-03-31": "29.56%", "2007-12-31": "29.03%", "2007-09-30": "28.18%", "2007-06-30": "27.66%", "2007-03-31": "27.24%", "2006-12-31": "27.26%", "2006-09-30": "27.83%", "2006-06-30": "28.16%", "2006-03-31": "28.16%", "2005-12-31": "28.25%"}, "operating margin": {"2020-12-31": "12.76%", "2020-09-30": "12.94%", "2020-06-30": "12.89%", "2020-03-31": "12.95%", "2019-12-31": "13.01%", "2019-09-30": "12.91%", "2019-06-30": "12.78%", "2019-03-31": "12.65%", "2018-12-31": "12.45%", "2018-09-30": "12.85%", "2018-06-30": "13.24%", "2018-03-31": "13.39%", "2017-12-31": "14.12%", "2017-09-30": "14.20%", "2017-06-30": "13.98%", "2017-03-31": "14.08%", "2016-12-31": "13.98%", "2016-09-30": "13.85%", "2016-06-30": "13.82%", "2016-03-31": "13.82%", "2015-12-31": "14.01%", "2015-09-30": "14.34%", "2015-06-30": "14.61%", "2015-03-31": "15.19%", "2014-12-31": "15.42%", "2014-09-30": "15.61%", "2014-06-30": "16.17%", "2014-03-31": "16.07%", "2013-12-31": "15.95%", "2013-09-30": "15.72%", "2013-06-30": "15.41%", "2013-03-31": "15.29%", "2012-12-31": "15.51%", "2012-09-30": "15.57%", "2012-06-30": "15.37%", "2012-03-31": "15.05%", "2011-12-31": "14.77%", "2011-09-30": "14.62%", "2011-06-30": "14.79%", "2011-03-31": "14.73%", "2010-12-31": "14.52%", "2010-09-30": "14.35%", "2010-06-30": "13.77%", "2010-03-31": "12.99%", "2009-12-31": "12.52%", "2009-09-30": "11.88%", "2009-06-30": "11.69%", "2009-03-31": "12.28%", "2008-12-31": "12.75%", "2008-09-30": "12.82%", "2008-06-30": "12.68%", "2008-03-31": "12.26%", "2007-12-31": "11.83%", "2007-09-30": "10.88%", "2007-06-30": "10.26%", "2007-03-31": "9.73%", "2006-12-31": "9.69%", "2006-09-30": "10.59%", "2006-06-30": "11.00%", "2006-03-31": "11.05%", "2005-12-31": "10.73%"}, "ebitda margin": {"2020-09-30": "16.61%", "2020-06-30": "16.43%", "2020-03-31": "16.29%", "2019-12-31": "16.30%", "2019-09-30": "16.07%", "2019-06-30": "15.93%", "2019-03-31": "15.81%", "2018-12-31": "15.73%", "2018-09-30": "16.05%", "2018-06-30": "16.34%", "2018-03-31": "16.39%", "2017-12-31": "16.82%", "2017-09-30": "16.89%", "2017-06-30": "16.65%", "2017-03-31": "16.70%", "2016-12-31": "16.58%", "2016-09-30": "16.43%", "2016-06-30": "16.37%", "2016-03-31": "16.33%", "2015-12-31": "16.51%", "2015-09-30": "16.80%", "2015-06-30": "17.04%", "2015-03-31": "17.60%", "2014-12-31": "17.77%", "2014-09-30": "17.93%", "2014-06-30": "18.47%", "2014-03-31": "18.32%", "2013-12-31": "18.15%", "2013-09-30": "17.96%", "2013-06-30": "17.61%", "2013-03-31": "17.48%", "2012-12-31": "17.67%", "2012-09-30": "17.68%", "2012-06-30": "17.53%", "2012-03-31": "17.30%", "2011-12-31": "17.10%", "2011-09-30": "17.11%", "2011-06-30": "17.39%", "2011-03-31": "17.43%", "2010-12-31": "17.36%", "2010-09-30": "17.28%", "2010-06-30": "16.77%", "2010-03-31": "16.02%", "2009-12-31": "15.49%", "2009-09-30": "14.69%", "2009-06-30": "14.31%", "2009-03-31": "14.72%", "2008-12-31": "15.08%", "2008-09-30": "15.10%", "2008-06-30": "15.00%", "2008-03-31": "14.62%", "2007-12-31": "14.20%", "2007-09-30": "13.23%", "2007-06-30": "12.57%", "2007-03-31": "12.04%", "2006-12-31": "11.97%", "2006-09-30": "12.92%", "2006-06-30": "13.37%", "2006-03-31": "13.42%", "2005-12-31": "13.15%"}, "pre tax profit margin": {"2020-12-31": "10.85%", "2020-09-30": "11.36%", "2020-06-30": "11.78%", "2020-03-31": "11.39%", "2019-12-31": "11.35%", "2019-09-30": "10.90%", "2019-06-30": "10.42%", "2019-03-31": "10.70%", "2018-12-31": "10.44%", "2018-09-30": "10.93%", "2018-06-30": "11.08%", "2018-03-31": "11.27%", "2017-12-31": "12.10%", "2017-09-30": "11.93%", "2017-06-30": "12.08%", "2017-03-31": "12.21%", "2016-12-31": "12.30%", "2016-09-30": "12.18%", "2016-06-30": "12.03%", "2016-03-31": "12.18%", "2015-12-31": "12.36%", "2015-09-30": "13.08%", "2015-06-30": "13.59%", "2015-03-31": "14.19%", "2014-12-31": "14.43%", "2014-09-30": "14.59%", "2014-06-30": "15.10%", "2014-03-31": "14.95%", "2013-12-31": "14.89%", "2013-09-30": "14.67%", "2013-06-30": "14.43%", "2013-03-31": "14.31%", "2012-12-31": "14.52%", "2012-09-30": "14.58%", "2012-06-30": "14.34%", "2012-03-31": "13.99%", "2011-12-31": "13.58%", "2011-09-30": "12.85%", "2011-06-30": "12.89%", "2011-03-31": "12.82%", "2010-12-31": "12.63%", "2010-09-30": "12.95%", "2010-06-30": "12.40%", "2010-03-31": "11.53%", "2009-12-31": "11.12%", "2009-09-30": "10.64%", "2009-06-30": "10.52%", "2009-03-31": "11.27%", "2008-12-31": "11.83%", "2008-09-30": "11.96%", "2008-06-30": "11.95%", "2008-03-31": "11.63%", "2007-12-31": "11.20%", "2007-09-30": "10.24%", "2007-06-30": "9.54%", "2007-03-31": "9.08%", "2006-12-31": "9.15%", "2006-09-30": "10.17%", "2006-06-30": "10.65%", "2006-03-31": "10.59%", "2005-12-31": "10.26%"}, "net profit margin": {"2020-12-31": "8.39%", "2020-09-30": "8.75%", "2020-06-30": "9.09%", "2020-03-31": "8.77%", "2019-12-31": "8.71%", "2019-09-30": "8.31%", "2019-06-30": "8.01%", "2019-03-31": "8.15%", "2018-12-31": "8.01%", "2018-09-30": "6.86%", "2018-06-30": "6.43%", "2018-03-31": "6.25%", "2017-12-31": "6.62%", "2017-09-30": "7.96%", "2017-06-30": "8.20%", "2017-03-31": "8.35%", "2016-12-31": "8.33%", "2016-09-30": "8.30%", "2016-06-30": "8.00%", "2016-03-31": "8.05%", "2015-12-31": "8.14%", "2015-09-30": "8.68%", "2015-06-30": "9.13%", "2015-03-31": "9.47%", "2014-12-31": "9.67%", "2014-09-30": "9.83%", "2014-06-30": "10.19%", "2014-03-31": "10.11%", "2013-12-31": "10.24%", "2013-09-30": "10.10%", "2013-06-30": "9.96%", "2013-03-31": "9.87%", "2012-12-31": "9.82%", "2012-09-30": "9.80%", "2012-06-30": "9.71%", "2012-03-31": "9.53%", "2011-12-31": "9.30%", "2011-09-30": "8.92%", "2011-06-30": "8.77%", "2011-03-31": "8.68%", "2010-12-31": "8.50%", "2010-09-30": "8.62%", "2010-06-30": "8.36%", "2010-03-31": "7.82%", "2009-12-31": "7.60%", "2009-09-30": "7.28%", "2009-06-30": "7.27%", "2009-03-31": "7.85%", "2008-12-31": "8.24%", "2008-09-30": "8.40%", "2008-06-30": "8.58%", "2008-03-31": "8.40%", "2007-12-31": "8.17%", "2007-09-30": "7.53%", "2007-06-30": "6.87%", "2007-03-31": "6.53%", "2006-12-31": "6.59%", "2006-09-30": "7.71%", "2006-06-30": "8.05%", "2006-03-31": "8.08%", "2005-12-31": "7.88%"}, "pe ratio": {"current": "21.39", "2021-02-05": "32.71", "2020-12-31": "31.67", "2020-09-30": "20.00", "2020-06-30": "17.15", "2020-03-31": "15.31", "2019-12-31": "19.72", "2019-09-30": "18.04", "2019-06-30": "18.64", "2019-03-31": "16.57", "2018-12-31": "14.43", "2018-09-30": "23.90", "2018-06-30": "21.16", "2018-03-31": "26.38", "2017-12-31": "28.62", "2017-09-30": "20.67", "2017-06-30": "19.70", "2017-03-31": "20.69", "2016-12-31": "20.19", "2016-09-30": "18.88"}, "price sales": {"2021-02-05": "2.11", "2020-12-31": "2.04", "2020-09-30": "1.74", "2020-06-30": "1.55", "2020-03-31": "1.34", "2019-12-31": "1.71", "2019-09-30": "1.50", "2019-06-30": "1.49", "2019-03-31": "1.35", "2018-12-31": "1.15", "2018-09-30": "1.64", "2018-06-30": "1.36", "2018-03-31": "1.65", "2017-12-31": "1.89", "2017-09-30": "1.65", "2017-06-30": "1.62", "2017-03-31": "1.73", "2016-12-31": "1.69", "2016-09-30": "1.57"}, "price book": {"current": "4.21", "2021-02-05": "4.32", "2020-09-30": "3.63", "2020-06-30": "3.40", "2020-03-31": "3.16", "2019-12-31": "4.00", "2019-09-30": "3.61", "2019-06-30": "3.68", "2019-03-31": "3.36", "2018-12-31": "2.87", "2018-09-30": "3.91", "2018-06-30": "3.21", "2018-03-31": "3.72", "2017-12-31": "4.19", "2017-09-30": "3.52", "2017-06-30": "3.55", "2017-03-31": "3.80", "2016-12-31": "3.67", "2016-09-30": "3.30", "2016-06-30": "3.31", "2016-03-31": "3.34", "2015-12-31": "2.96"}, "price fcf": {"2021-02-05": "", "2020-09-30": "$10.23", "2020-06-30": "$11.14", "2020-03-31": "$9.81", "2019-12-31": "$9.16", "2019-09-30": "$9.24", "2019-06-30": "$8.85", "2019-03-31": "$9.20", "2018-12-31": "$7.79", "2018-09-30": "$7.46", "2018-06-30": "$5.89", "2018-03-31": "$4.47", "2017-12-31": "$5.77", "2017-09-30": "$5.54", "2017-06-30": "$6.41", "2017-03-31": "$6.42", "2016-12-31": "$6.37", "2016-09-30": "$8.56"}, "net worth": {"value": "$8.78B"}, "current ratio": {"2020-12-31": "1.67", "2020-09-30": "2.07", "2020-06-30": "2.04", "2020-03-31": "1.99", "2019-12-31": "1.86", "2019-09-30": "2.09", "2019-06-30": "1.98", "2019-03-31": "1.95", "2018-12-31": "1.96", "2018-09-30": "1.88", "2018-06-30": "1.99", "2018-03-31": "1.92", "2017-12-31": "2.27", "2017-09-30": "2.28", "2017-06-30": "1.57", "2017-03-31": "2.64", "2016-12-31": "2.63", "2016-09-30": "2.64", "2016-06-30": "2.51", "2016-03-31": "2.52", "2015-12-31": "2.30", "2015-09-30": "2.83", "2015-06-30": "2.98", "2015-03-31": "2.86", "2014-12-31": "3.26", "2014-09-30": "3.24", "2014-06-30": "3.45", "2014-03-31": "3.39", "2013-12-31": "3.50", "2013-09-30": "3.29", "2013-06-30": "3.33", "2013-03-31": "3.31", "2012-12-31": "3.26", "2012-09-30": "3.03", "2012-06-30": "2.93", "2012-03-31": "2.83", "2011-12-31": "2.75", "2011-09-30": "2.58", "2011-06-30": "2.70", "2011-03-31": "2.61", "2010-12-31": "2.76", "2010-09-30": "2.36", "2010-06-30": "2.30", "2010-03-31": "2.25", "2009-12-31": "2.18", "2009-09-30": "2.57", "2009-06-30": "2.52", "2009-03-31": "2.37", "2008-12-31": "2.16", "2008-09-30": "2.13", "2008-06-30": "2.42", "2008-03-31": "1.37", "2007-12-31": "1.88", "2007-09-30": "1.82", "2007-06-30": "2.09", "2007-03-31": "1.97", "2006-12-31": "2.13", "2006-09-30": "1.95", "2006-06-30": "1.97", "2006-03-31": "2.15", "2005-12-31": "2.28", "2005-09-30": "1.96", "2005-06-30": "2.22", "2005-03-31": "2.30"}, "quick ratio": {"2020-12-31": "1.03", "2020-09-30": "1.33", "2020-06-30": "1.35", "2020-03-31": "1.28", "2019-12-31": "1.11", "2019-09-30": "1.33", "2019-06-30": "1.22", "2019-03-31": "1.17", "2018-12-31": "1.18", "2018-09-30": "1.16", "2018-06-30": "1.20", "2018-03-31": "1.12", "2017-12-31": "1.37", "2017-09-30": "1.43", "2017-06-30": "1.00", "2017-03-31": "1.68", "2016-12-31": "1.73", "2016-09-30": "1.69", "2016-06-30": "1.57", "2016-03-31": "1.53", "2015-12-31": "1.41", "2015-09-30": "1.88", "2015-06-30": "1.99", "2015-03-31": "1.92", "2014-12-31": "2.38", "2014-09-30": "2.39", "2014-06-30": "2.53", "2014-03-31": "2.51", "2013-12-31": "2.67", "2013-09-30": "2.47", "2013-06-30": "2.48", "2013-03-31": "2.52", "2012-12-31": "2.49", "2012-09-30": "2.31", "2012-06-30": "2.19", "2012-03-31": "2.14", "2011-12-31": "2.10", "2011-09-30": "1.95", "2011-06-30": "2.03", "2011-03-31": "1.98", "2010-12-31": "2.09", "2010-09-30": "1.74", "2010-06-30": "1.68", "2010-03-31": "1.62", "2009-12-31": "1.55", "2009-09-30": "1.95", "2009-06-30": "1.77", "2009-03-31": "1.52", "2008-12-31": "1.37", "2008-09-30": "1.41", "2008-06-30": "1.62", "2008-03-31": "0.84", "2007-12-31": "1.11", "2007-09-30": "1.16", "2007-06-30": "1.28", "2007-03-31": "1.23", "2006-12-31": "1.25", "2006-09-30": "1.16", "2006-06-30": "1.22", "2006-03-31": "1.48", "2005-12-31": "1.62", "2005-09-30": "1.46", "2005-06-30": "1.64", "2005-03-31": "1.70"}, "debt equity ratio": {"current": "0.69", "2020-12-31": "1.44", "2020-09-30": "1.40", "2020-06-30": "1.56", "2020-03-31": "1.57", "2019-12-31": "1.50", "2019-09-30": "1.65", "2019-06-30": "1.72", "2019-03-31": "1.72", "2018-12-31": "1.71", "2018-09-30": "1.82", "2018-06-30": "1.92", "2018-03-31": "1.96", "2017-12-31": "1.26", "2017-09-30": "1.25", "2017-06-30": "1.29", "2017-03-31": "1.20", "2016-12-31": "1.20", "2016-09-30": "1.14", "2016-06-30": "1.16", "2016-03-31": "1.16", "2015-12-31": "0.84", "2015-09-30": "0.73", "2015-06-30": "0.72", "2015-03-31": "0.74", "2014-12-31": "0.72", "2014-09-30": "0.68", "2014-06-30": "0.65", "2014-03-31": "0.67", "2013-12-31": "0.67", "2013-09-30": "0.74", "2013-06-30": "0.74", "2013-03-31": "0.75", "2012-12-31": "0.77", "2012-09-30": "0.84", "2012-06-30": "0.88", "2012-03-31": "0.91", "2011-12-31": "0.93", "2011-09-30": "0.90", "2011-06-30": "0.86", "2011-03-31": "0.88", "2010-12-31": "0.85", "2010-09-30": "0.82", "2010-06-30": "0.88", "2010-03-31": "0.89", "2009-12-31": "0.85", "2009-09-30": "0.97", "2009-06-30": "0.98", "2009-03-31": "1.03", "2008-12-31": "1.09", "2008-09-30": "1.04", "2008-06-30": "1.00", "2008-03-31": "0.98", "2007-12-31": "0.72", "2007-09-30": "0.84", "2007-06-30": "0.74", "2007-03-31": "0.79", "2006-12-31": "0.73", "2006-09-30": "0.73", "2006-06-30": "0.70", "2006-03-31": "0.70", "2005-12-31": "0.67", "2005-09-30": "0.78", "2005-06-30": "0.74", "2005-03-31": "0.70"}, "return on equity": {"2020-12-31": "17.51%", "2020-09-30": "18.85%", "2020-06-30": "20.31%", "2020-03-31": "21.04%", "2019-12-31": "21.17%", "2019-09-30": "20.82%", "2019-06-30": "20.35%", "2019-03-31": "21.01%", "2018-12-31": "20.66%", "2018-09-30": "17.17%", "2018-06-30": "15.47%", "2018-03-31": "14.43%", "2017-12-31": "14.94%", "2017-09-30": "17.76%", "2017-06-30": "18.16%", "2017-03-31": "18.36%", "2016-12-31": "18.27%", "2016-09-30": "17.68%", "2016-06-30": "16.10%", "2016-03-31": "15.24%", "2015-12-31": "14.70%", "2015-09-30": "15.38%", "2015-06-30": "16.09%", "2015-03-31": "16.46%", "2014-12-31": "16.41%", "2014-09-30": "16.51%", "2014-06-30": "17.32%", "2014-03-31": "17.50%", "2013-12-31": "18.19%", "2013-09-30": "18.27%", "2013-06-30": "18.23%", "2013-03-31": "18.47%", "2012-12-31": "18.85%", "2012-09-30": "19.31%", "2012-06-30": "19.42%", "2012-03-31": "18.80%", "2011-12-31": "18.06%", "2011-09-30": "16.73%", "2011-06-30": "16.13%", "2011-03-31": "15.93%", "2010-12-31": "15.45%", "2010-09-30": "15.84%", "2010-06-30": "15.69%", "2010-03-31": "15.14%", "2009-12-31": "15.80%", "2009-09-30": "16.60%", "2009-06-30": "17.59%", "2009-03-31": "19.74%", "2008-12-31": "21.05%", "2008-09-30": "20.79%", "2008-06-30": "21.07%", "2008-03-31": "20.43%", "2007-12-31": "19.90%", "2007-09-30": "18.47%", "2007-06-30": "16.73%", "2007-03-31": "15.68%", "2006-12-31": "15.58%", "2006-09-30": "17.91%", "2006-06-30": "18.38%", "2006-03-31": "18.23%", "2005-12-31": "17.22%"}, "return on assets": {"2020-12-31": "7.03%", "2020-09-30": "7.52%", "2020-06-30": "7.90%", "2020-03-31": "8.07%", "2019-12-31": "8.00%", "2019-09-30": "7.72%", "2019-06-30": "7.42%", "2019-03-31": "7.53%", "2018-12-31": "7.25%", "2018-09-30": "6.26%", "2018-06-30": "5.95%", "2018-03-31": "5.91%", "2017-12-31": "6.65%", "2017-09-30": "7.96%", "2017-06-30": "8.24%", "2017-03-31": "8.44%", "2016-12-31": "8.44%", "2016-09-30": "8.55%", "2016-06-30": "8.23%", "2016-03-31": "8.26%", "2015-12-31": "8.38%", "2015-09-30": "8.91%", "2015-06-30": "9.40%", "2015-03-31": "9.72%", "2014-12-31": "9.79%", "2014-09-30": "9.91%", "2014-06-30": "10.31%", "2014-03-31": "10.28%", "2013-12-31": "10.55%", "2013-09-30": "10.43%", "2013-06-30": "10.28%", "2013-03-31": "10.22%", "2012-12-31": "10.22%", "2012-09-30": "10.24%", "2012-06-30": "10.21%", "2012-03-31": "9.90%", "2011-12-31": "9.56%", "2011-09-30": "8.95%", "2011-06-30": "8.71%", "2011-03-31": "8.59%", "2010-12-31": "8.32%", "2010-09-30": "8.53%", "2010-06-30": "8.30%", "2010-03-31": "7.90%", "2009-12-31": "8.09%", "2009-09-30": "8.22%", "2009-06-30": "8.65%", "2009-03-31": "9.68%", "2008-12-31": "10.40%", "2008-09-30": "10.76%", "2008-06-30": "11.20%", "2008-03-31": "11.25%", "2007-12-31": "11.24%", "2007-09-30": "10.42%", "2007-06-30": "9.59%", "2007-03-31": "9.04%", "2006-12-31": "9.10%", "2006-09-30": "10.55%", "2006-06-30": "10.75%", "2006-03-31": "10.60%", "2005-12-31": "10.01%"}, "return on investments": {"2020-12-31": "15.15%", "2020-09-30": "15.67%", "2020-06-30": "15.77%", "2020-03-31": "16.76%", "2019-12-31": "16.78%", "2019-09-30": "16.72%", "2019-06-30": "16.55%", "2019-03-31": "16.24%", "2018-12-31": "15.63%", "2018-09-30": "16.35%", "2018-06-30": "17.10%", "2018-03-31": "18.27%", "2017-12-31": "20.39%", "2017-09-30": "20.23%", "2017-06-30": "19.73%", "2017-03-31": "19.14%", "2016-12-31": "18.93%", "2016-09-30": "19.08%", "2016-06-30": "19.02%", "2016-03-31": "18.89%", "2015-12-31": "19.19%", "2015-09-30": "19.39%", "2015-06-30": "19.71%", "2015-03-31": "20.24%", "2014-12-31": "20.10%", "2014-09-30": "20.13%", "2014-06-30": "20.96%", "2014-03-31": "21.03%", "2013-12-31": "21.27%", "2013-09-30": "21.15%", "2013-06-30": "20.83%", "2013-03-31": "20.97%", "2012-12-31": "21.62%", "2012-09-30": "22.12%", "2012-06-30": "22.00%", "2012-03-31": "21.19%", "2011-12-31": "20.44%", "2011-09-30": "19.55%", "2011-06-30": "19.55%", "2011-03-31": "19.55%", "2010-12-31": "19.20%", "2010-09-30": "19.28%", "2010-06-30": "18.60%", "2010-03-31": "17.82%", "2009-12-31": "18.10%", "2009-09-30": "18.43%", "2009-06-30": "19.24%", "2009-03-31": "21.02%", "2008-12-31": "23.28%", "2008-09-30": "24.00%", "2008-06-30": "24.72%", "2008-03-31": "25.04%", "2007-12-31": "24.20%", "2007-09-30": "22.33%", "2007-06-30": "20.93%", "2007-03-31": "19.57%", "2006-12-31": "19.18%", "2006-09-30": "20.57%", "2006-06-30": "20.93%", "2006-03-31": "20.68%", "2005-12-31": "19.44%"}, "return on tangible equity": {"2020-09-30": "-63.27%", "2020-06-30": "-63.79%", "2020-03-31": "-61.64%", "2019-12-31": "-58.39%", "2019-09-30": "-52.88%", "2019-06-30": "-47.26%", "2019-03-31": "-44.78%", "2018-12-31": "-40.55%", "2018-09-30": "-44.29%", "2018-06-30": "-63.64%", "2018-03-31": "-156.84%", "2017-12-31": "185.14%", "2017-09-30": "189.13%", "2017-06-30": "181.93%", "2017-03-31": "169.94%", "2016-12-31": "175.90%", "2016-09-30": "124.17%", "2016-06-30": "80.29%", "2016-03-31": "58.67%", "2015-12-31": "47.46%", "2015-09-30": "45.26%", "2015-06-30": "44.73%", "2015-03-31": "43.75%", "2014-12-31": "41.27%", "2014-09-30": "40.25%", "2014-06-30": "42.61%", "2014-03-31": "43.62%", "2013-12-31": "46.11%", "2013-09-30": "48.17%", "2013-06-30": "48.85%", "2013-03-31": "50.78%", "2012-12-31": "53.35%", "2012-09-30": "56.71%", "2012-06-30": "58.43%", "2012-03-31": "56.62%", "2011-12-31": "54.97%", "2011-09-30": "51.14%", "2011-06-30": "53.33%", "2011-03-31": "60.92%", "2010-12-31": "70.94%", "2010-09-30": "89.86%", "2010-06-30": "87.20%", "2010-03-31": "76.57%", "2009-12-31": "72.25%", "2009-09-30": "71.47%", "2009-06-30": "81.22%", "2009-03-31": "89.32%", "2008-12-31": "94.69%", "2008-09-30": "80.21%", "2008-06-30": "70.25%", "2008-03-31": "61.43%", "2007-12-31": "53.56%", "2007-09-30": "48.18%", "2007-06-30": "42.31%", "2007-03-31": "38.75%", "2006-12-31": "35.99%", "2006-09-30": "38.97%", "2006-06-30": "38.34%", "2006-03-31": "35.98%", "2005-12-31": "32.92%"}, "dividend yield history": {"last payout": "$3.92", "last yield": "2.42%"}}