{"ticker": "HPP", "price": {"title": "Hudson Pacific Properties Historical Annual Stock Price Data", "value": 24.73, "historical": {"2020": {"Average Stock Price": "25.9617", "Year Open": "36.9900", "Year High": "38.7000", "Year Low": "16.7800", "Year Close": "24.0200", "Annual % Change": "-36.20%"}, "2019": {"Average Stock Price": "34.0178", "Year Open": "27.7300", "Year High": "37.6500", "Year Low": "27.5300", "Year Close": "37.6500", "Annual % Change": "29.56%"}, "2018": {"Average Stock Price": "32.4215", "Year Open": "33.9100", "Year High": "36.0000", "Year Low": "27.4200", "Year Close": "29.0600", "Annual % Change": "-15.15%"}, "2017": {"Average Stock Price": "34.0829", "Year Open": "34.9400", "Year High": "36.6500", "Year Low": "31.7300", "Year Close": "34.2500", "Annual % Change": "-1.52%"}, "2016": {"Average Stock Price": "30.2267", "Year Open": "27.1700", "Year High": "35.2700", "Year Low": "22.9700", "Year Close": "34.7800", "Annual % Change": "23.60%"}, "2015": {"Average Stock Price": "30.2149", "Year Open": "30.2500", "Year High": "33.9500", "Year Low": "27.1700", "Year Close": "28.1400", "Annual % Change": "-6.39%"}, "2014": {"Average Stock Price": "24.9667", "Year Open": "21.5900", "Year High": "30.3400", "Year Low": "21.4200", "Year Close": "30.0600", "Annual % Change": "37.45%"}, "2013": {"Average Stock Price": "21.3457", "Year Open": "20.7400", "Year High": "23.9900", "Year Low": "19.0300", "Year Close": "21.8700", "Annual % Change": "3.85%"}, "2012": {"Average Stock Price": "17.0202", "Year Open": "14.1400", "Year High": "21.0600", "Year Low": "13.6200", "Year Close": "21.0600", "Annual % Change": "48.73%"}, "2011": {"Average Stock Price": "14.1181", "Year Open": "15.2100", "Year High": "16.0700", "Year Low": "10.8500", "Year Close": "14.1600", "Annual % Change": "-5.91%"}, "2010": {"Average Stock Price": "16.1523", "Year Open": "17.4000", "Year High": "17.6100", "Year Low": "14.6900", "Year Close": "15.0500", "Annual % Change": "0.00%"}}}, "market cap": {"value": "$3.76B"}, "income statement": {"Revenue": {"2019-12-31": "818.18200", "2018-12-31": "728.41800", "2017-12-31": "728.13900", "2016-12-31": "639.63900", "2015-12-31": "520.85000", "2014-12-31": "253.41500", "2013-12-31": "205.55800", "2012-12-31": "160.46100", "2011-12-31": "133.72300", "2010-12-31": "60.64000", "2009-12-31": "44.52100", "2008-12-31": "47.00000"}, "Cost Of Goods Sold": {"2019-12-31": "301.52200", "2018-12-31": "267.71000", "2017-12-31": "253.50700", "2016-12-31": "228.74500", "2015-12-31": "189.85700", "2014-12-31": "104.26900", "2013-12-31": "87.58300", "2012-12-31": "74.93900", "2011-12-31": "64.75800", "2010-12-31": "30.02700", "2009-12-31": "25.78700", "2008-12-31": "26.88400"}, "Gross Profit": {"2019-12-31": "516.66000", "2018-12-31": "460.70800", "2017-12-31": "474.63200", "2016-12-31": "410.89400", "2015-12-31": "330.99300", "2014-12-31": "149.14600", "2013-12-31": "117.97500", "2012-12-31": "85.52200", "2011-12-31": "68.96500", "2010-12-31": "30.61300", "2009-12-31": "18.73400", "2008-12-31": "20.11600"}, "Research And Development Expenses": {"2019-12-31": "", "2018-12-31": "", "2017-12-31": "", "2016-12-31": "", "2015-12-31": "", "2014-12-31": "", "2013-12-31": "", "2012-12-31": "", "2011-12-31": "", "2010-12-31": "", "2009-12-31": "", "2008-12-31": ""}, "SG&A Expenses": {"2019-12-31": "71.94700", "2018-12-31": "61.02700", "2017-12-31": "54.45900", "2016-12-31": "52.40000", "2015-12-31": "38.53400", "2014-12-31": "28.25300", "2013-12-31": "19.95200", "2012-12-31": "16.49700", "2011-12-31": "13.03800", "2010-12-31": "4.49300", "2009-12-31": "", "2008-12-31": ""}, "Other Operating Income Or Expenses": {"2019-12-31": "", "2018-12-31": "", "2017-12-31": "", "2016-12-31": "", "2015-12-31": "", "2014-12-31": "", "2013-12-31": "", "2012-12-31": "", "2011-12-31": "", "2010-12-31": "", "2009-12-31": "", "2008-12-31": ""}, "Operating Expenses": {"2019-12-31": "655.55700", "2018-12-31": "579.74000", "2017-12-31": "591.53600", "2016-12-31": "550.23200", "2015-12-31": "473.46200", "2014-12-31": "204.73800", "2013-12-31": "177.59800", "2012-12-31": "146.19400", "2011-12-31": "119.77900", "2010-12-31": "50.43200", "2009-12-31": "36.69500", "2008-12-31": "36.57700"}, "Operating Income": {"2019-12-31": "162.62500", "2018-12-31": "148.67800", "2017-12-31": "136.60300", "2016-12-31": "89.40700", "2015-12-31": "47.38800", "2014-12-31": "48.67700", "2013-12-31": "27.96000", "2012-12-31": "14.26700", "2011-12-31": "13.94400", "2010-12-31": "10.20800", "2009-12-31": "7.82600", "2008-12-31": "10.42300"}, "Total Non-Operating Income/Expense": {"2019-12-31": "-106.77900", "2018-12-31": "-36.89700", "2017-12-31": "-42.04200", "2016-12-31": "-45.64900", "2015-12-31": "-63.47000", "2014-12-31": "-24.99100", "2013-12-31": "-26.54500", "2012-12-31": "-19.72400", "2011-12-31": "-19.54300", "2010-12-31": "-12.89000", "2009-12-31": "-8.47000", "2008-12-31": "-13.04500"}, "Pre-Tax Income": {"2019-12-31": "55.84600", "2018-12-31": "111.78100", "2017-12-31": "94.56100", "2016-12-31": "43.75800", "2015-12-31": "-16.08200", "2014-12-31": "23.68600", "2013-12-31": "1.41500", "2012-12-31": "-5.45700", "2011-12-31": "-5.59900", "2010-12-31": "-2.68200", "2009-12-31": "-0.64400", "2008-12-31": "-2.62200"}, "Income Taxes": {"2019-12-31": "", "2018-12-31": "", "2017-12-31": "", "2016-12-31": "", "2015-12-31": "", "2014-12-31": "", "2013-12-31": "", "2012-12-31": "", "2011-12-31": "", "2010-12-31": "", "2009-12-31": "", "2008-12-31": ""}, "Income After Taxes": {"2019-12-31": "55.84600", "2018-12-31": "111.78100", "2017-12-31": "94.56100", "2016-12-31": "43.75800", "2015-12-31": "-16.08200", "2014-12-31": "23.68600", "2013-12-31": "1.41500", "2012-12-31": "-5.45700", "2011-12-31": "-5.59900", "2010-12-31": "-2.68200", "2009-12-31": "-0.64400", "2008-12-31": "-2.62200"}, "Other Income": {"2019-12-31": "", "2018-12-31": "", "2017-12-31": "", "2016-12-31": "", "2015-12-31": "", "2014-12-31": "", "2013-12-31": "", "2012-12-31": "", "2011-12-31": "", "2010-12-31": "", "2009-12-31": "", "2008-12-31": ""}, "Income From Continuous Operations": {"2019-12-31": "55.84600", "2018-12-31": "111.78100", "2017-12-31": "94.56100", "2016-12-31": "43.75800", "2015-12-31": "-16.08200", "2014-12-31": "23.68600", "2013-12-31": "1.41500", "2012-12-31": "-5.45700", "2011-12-31": "-5.59900", "2010-12-31": "-2.68200", "2009-12-31": "-0.64400", "2008-12-31": "-2.62200"}, "Income From Discontinued Operations": {"2019-12-31": "", "2018-12-31": "", "2017-12-31": "", "2016-12-31": "", "2015-12-31": "", "2014-12-31": "-0.16400", "2013-12-31": "-4.00900", "2012-12-31": "0.45100", "2011-12-31": "3.36100", "2010-12-31": "", "2009-12-31": "", "2008-12-31": ""}, "Net Income": {"2019-12-31": "42.95400", "2018-12-31": "98.44800", "2017-12-31": "67.96200", "2016-12-31": "27.21800", "2015-12-31": "-16.39700", "2014-12-31": "9.95500", "2013-12-31": "-14.83300", "2012-12-31": "-17.19000", "2011-12-31": "-10.43400", "2010-12-31": "-3.25000", "2009-12-31": "-0.61500", "2008-12-31": "-2.54100"}, "EBITDA": {"2019-12-31": "455.58900", "2018-12-31": "403.00200", "2017-12-31": "421.24100", "2016-12-31": "356.45200", "2015-12-31": "281.03000", "2014-12-31": "124.28300", "2013-12-31": "100.00700", "2012-12-31": "73.40300", "2011-12-31": "62.30200", "2010-12-31": "28.34400", "2009-12-31": "19.85900", "2008-12-31": "20.76700"}, "EBIT": {"2019-12-31": "162.62500", "2018-12-31": "148.67800", "2017-12-31": "136.60300", "2016-12-31": "89.40700", "2015-12-31": "47.38800", "2014-12-31": "48.67700", "2013-12-31": "27.96000", "2012-12-31": "14.26700", "2011-12-31": "13.94400", "2010-12-31": "10.20800", "2009-12-31": "7.82600", "2008-12-31": "10.42300"}, "Basic Shares Outstanding": {"2019-12-31": "155.09500", "2018-12-31": "156.01400", "2017-12-31": "154.27700", "2016-12-31": "106.18900", "2015-12-31": "85.92700", "2014-12-31": "65.79200", "2013-12-31": "55.18300", "2012-12-31": "41.64100", "2011-12-31": "29.39300", "2010-12-31": "", "2009-12-31": "", "2008-12-31": ""}, "Shares Outstanding": {"2019-12-31": "156.11300", "2018-12-31": "156.26600", "2017-12-31": "154.67100", "2016-12-31": "110.36900", "2015-12-31": "85.92700", "2014-12-31": "66.50900", "2013-12-31": "55.18300", "2012-12-31": "41.64100", "2011-12-31": "29.39300", "2010-12-31": "", "2009-12-31": "", "2008-12-31": ""}, "Basic EPS": {"2019-12-31": "0.28000", "2018-12-31": "0.63000", "2017-12-31": "0.44000", "2016-12-31": "0.26000", "2015-12-31": "-0.19000", "2014-12-31": "0.15000", "2013-12-31": "-0.27000", "2012-12-31": "-0.41000", "2011-12-31": "-0.35000", "2010-12-31": "", "2009-12-31": "", "2008-12-31": ""}, "EPS - Earnings Per Share": {"2019-12-31": "0.28000", "2018-12-31": "0.63000", "2017-12-31": "0.44000", "2016-12-31": "0.25000", "2015-12-31": "-0.19000", "2014-12-31": "0.15000", "2013-12-31": "-0.27000", "2012-12-31": "-0.41000", "2011-12-31": "-0.35000", "2010-12-31": "0.00000", "2009-12-31": "0.00000", "2008-12-31": "0.00000"}}, "income statement, quarterly": {"Revenue": {"2020-09-30": "196.28500", "2020-06-30": "198.61000", "2020-03-31": "206.22700", "2019-12-31": "216.57500", "2019-09-30": "207.56200", "2019-06-30": "196.65600", "2019-03-31": "197.38900", "2018-12-31": "198.43300", "2018-09-30": "180.69800", "2018-06-30": "175.16900", "2018-03-31": "174.11800", "2017-12-31": "189.33300", "2017-09-30": "190.02100", "2017-06-30": "180.50000", "2017-03-31": "168.28500", "2016-12-31": "167.19800", "2016-09-30": "164.58300", "2016-06-30": "154.32100", "2016-03-31": "153.53700", "2015-12-31": "154.65100", "2015-09-30": "151.55600", "2015-06-30": "151.81900", "2015-03-31": "62.82400", "2014-12-31": "67.53500", "2014-09-30": "68.15500", "2014-06-30": "62.12900", "2014-03-31": "55.59600", "2013-12-31": "57.43600", "2013-09-30": "53.34800", "2013-06-30": "47.39000", "2013-03-31": "47.38400", "2012-12-31": "42.57000", "2012-09-30": "40.56600", "2012-06-30": "39.09400", "2012-03-31": "38.23100", "2011-12-31": "28.59500", "2011-09-30": "36.91700", "2011-06-30": "33.40700", "2011-03-31": "34.80400", "2010-12-31": "21.06600", "2010-09-30": "17.50500", "2010-06-30": "11.08700", "2010-03-31": "10.98200", "2009-12-31": "", "2009-09-30": "11.55600", "2009-06-30": "10.82800", "2008-12-31": ""}, "Cost Of Goods Sold": {"2020-09-30": "75.10900", "2020-06-30": "72.56200", "2020-03-31": "74.51000", "2019-12-31": "80.75400", "2019-09-30": "78.40900", "2019-06-30": "70.43500", "2019-03-31": "71.92400", "2018-12-31": "74.52100", "2018-09-30": "67.80600", "2018-06-30": "62.47900", "2018-03-31": "62.90400", "2017-12-31": "66.14100", "2017-09-30": "69.69000", "2017-06-30": "62.47100", "2017-03-31": "55.20500", "2016-12-31": "59.23000", "2016-09-30": "60.47400", "2016-06-30": "55.38600", "2016-03-31": "53.65500", "2015-12-31": "57.13900", "2015-09-30": "57.81800", "2015-06-30": "51.76000", "2015-03-31": "23.14000", "2014-12-31": "26.55600", "2014-09-30": "31.37000", "2014-06-30": "24.41100", "2014-03-31": "21.93200", "2013-12-31": "25.34000", "2013-09-30": "22.90200", "2013-06-30": "20.50800", "2013-03-31": "18.83300", "2012-12-31": "20.32200", "2012-09-30": "19.14500", "2012-06-30": "19.34600", "2012-03-31": "16.12600", "2011-12-31": "15.09300", "2011-09-30": "18.90800", "2011-06-30": "15.30400", "2011-03-31": "15.45300", "2010-12-31": "9.16000", "2010-09-30": "8.78100", "2010-06-30": "6.35800", "2010-03-31": "5.72800", "2009-12-31": "", "2009-09-30": "6.63300", "2009-06-30": "6.09500", "2008-12-31": ""}, "Gross Profit": {"2020-09-30": "121.17600", "2020-06-30": "126.04800", "2020-03-31": "131.71700", "2019-12-31": "135.82100", "2019-09-30": "129.15300", "2019-06-30": "126.22100", "2019-03-31": "125.46500", "2018-12-31": "123.91200", "2018-09-30": "112.89200", "2018-06-30": "112.69000", "2018-03-31": "111.21400", "2017-12-31": "123.19200", "2017-09-30": "120.33100", "2017-06-30": "118.02900", "2017-03-31": "113.08000", "2016-12-31": "107.96800", "2016-09-30": "104.10900", "2016-06-30": "98.93500", "2016-03-31": "99.88200", "2015-12-31": "97.51200", "2015-09-30": "93.73800", "2015-06-30": "100.05900", "2015-03-31": "39.68400", "2014-12-31": "40.97900", "2014-09-30": "36.78500", "2014-06-30": "37.71800", "2014-03-31": "33.66400", "2013-12-31": "32.09600", "2013-09-30": "30.44600", "2013-06-30": "26.88200", "2013-03-31": "28.55100", "2012-12-31": "22.24800", "2012-09-30": "21.42100", "2012-06-30": "19.74800", "2012-03-31": "22.10500", "2011-12-31": "13.50200", "2011-09-30": "18.00900", "2011-06-30": "18.10300", "2011-03-31": "19.35100", "2010-12-31": "11.90600", "2010-09-30": "8.72400", "2010-06-30": "4.72900", "2010-03-31": "5.25400", "2009-12-31": "", "2009-09-30": "4.92300", "2009-06-30": "4.73300", "2008-12-31": ""}, "Research And Development Expenses": {"2020-09-30": "", "2020-06-30": "", "2020-03-31": "", "2019-12-31": "", "2019-09-30": "", "2019-06-30": "", "2019-03-31": "", "2018-12-31": "", "2018-09-30": "", "2018-06-30": "", "2018-03-31": "", "2017-12-31": "", "2017-09-30": "", "2017-06-30": "", "2017-03-31": "", "2016-12-31": "", "2016-09-30": "", "2016-06-30": "", "2016-03-31": "", "2015-12-31": "", "2015-09-30": "", "2015-06-30": "", "2015-03-31": "", "2014-12-31": "", "2014-09-30": "", "2014-06-30": "", "2014-03-31": "", "2013-12-31": "", "2013-09-30": "", "2013-06-30": "", "2013-03-31": "", "2012-12-31": "", "2012-09-30": "", "2012-06-30": "", "2012-03-31": "", "2011-12-31": "", "2011-09-30": "", "2011-06-30": "", "2011-03-31": "", "2010-12-31": "", "2010-09-30": "", "2010-06-30": "", "2010-03-31": "", "2009-12-31": "", "2009-09-30": "", "2009-06-30": "", "2008-12-31": ""}, "SG&A Expenses": {"2020-09-30": "17.42800", "2020-06-30": "17.89700", "2020-03-31": "18.61800", "2019-12-31": "17.84800", "2019-09-30": "17.66100", "2019-06-30": "18.34400", "2019-03-31": "18.09400", "2018-12-31": "14.98000", "2018-09-30": "14.28000", "2018-06-30": "16.20300", "2018-03-31": "15.56400", "2017-12-31": "13.13000", "2017-09-30": "13.01300", "2017-06-30": "14.50600", "2017-03-31": "13.81000", "2016-12-31": "13.92600", "2016-09-30": "12.95500", "2016-06-30": "13.01600", "2016-03-31": "12.50300", "2015-12-31": "9.58300", "2015-09-30": "9.37800", "2015-06-30": "10.37300", "2015-03-31": "9.20000", "2014-12-31": "9.09600", "2014-09-30": "6.80200", "2014-06-30": "6.57900", "2014-03-31": "5.77600", "2013-12-31": "4.75700", "2013-09-30": "5.02000", "2013-06-30": "5.18600", "2013-03-31": "4.98900", "2012-12-31": "3.74900", "2012-09-30": "4.08300", "2012-06-30": "4.15100", "2012-03-31": "4.51400", "2011-12-31": "3.98600", "2011-09-30": "2.84400", "2011-06-30": "3.06200", "2011-03-31": "3.14600", "2010-12-31": "2.11400", "2010-09-30": "2.37900", "2010-06-30": "", "2010-03-31": "", "2009-12-31": "", "2009-09-30": "", "2009-06-30": "", "2008-12-31": ""}, "Other Operating Income Or Expenses": {"2020-09-30": "", "2020-06-30": "", "2020-03-31": "", "2019-12-31": "", "2019-09-30": "", "2019-06-30": "", "2019-03-31": "", "2018-12-31": "", "2018-09-30": "", "2018-06-30": "", "2018-03-31": "", "2017-12-31": "", "2017-09-30": "", "2017-06-30": "", "2017-03-31": "", "2016-12-31": "", "2016-09-30": "", "2016-06-30": "", "2016-03-31": "", "2015-12-31": "", "2015-09-30": "", "2015-06-30": "", "2015-03-31": "", "2014-12-31": "", "2014-09-30": "", "2014-06-30": "", "2014-03-31": "", "2013-12-31": "", "2013-09-30": "", "2013-06-30": "", "2013-03-31": "", "2012-12-31": "", "2012-09-30": "", "2012-06-30": "", "2012-03-31": "", "2011-12-31": "", "2011-09-30": "", "2011-06-30": "", "2011-03-31": "", "2010-12-31": "", "2010-09-30": "", "2010-06-30": "", "2010-03-31": "", "2009-12-31": "", "2009-09-30": "", "2009-06-30": "", "2008-12-31": ""}, "Operating Expenses": {"2020-09-30": "167.58900", "2020-06-30": "163.97500", "2020-03-31": "166.89100", "2019-12-31": "172.79800", "2019-09-30": "165.85100", "2019-06-30": "158.38500", "2019-03-31": "158.52300", "2018-12-31": "157.02100", "2018-09-30": "144.31000", "2018-06-30": "139.38800", "2018-03-31": "139.02100", "2017-12-31": "145.50100", "2017-09-30": "153.86100", "2017-06-30": "152.39200", "2017-03-31": "139.78200", "2016-12-31": "140.35300", "2016-09-30": "140.84300", "2016-06-30": "134.51000", "2016-03-31": "134.52600", "2015-12-31": "140.84800", "2015-09-30": "147.39100", "2015-06-30": "135.72500", "2015-03-31": "49.49800", "2014-12-31": "55.89500", "2014-09-30": "55.53300", "2014-06-30": "48.93400", "2014-03-31": "44.37600", "2013-12-31": "47.09100", "2013-09-30": "48.17800", "2013-06-30": "40.07600", "2013-03-31": "42.25300", "2012-12-31": "40.69700", "2012-09-30": "36.03600", "2012-06-30": "36.68900", "2012-03-31": "32.77200", "2011-12-31": "28.03900", "2011-09-30": "32.78800", "2011-06-30": "28.99200", "2011-03-31": "29.96000", "2010-12-31": "17.20100", "2010-09-30": "15.47700", "2010-06-30": "9.31300", "2010-03-31": "8.44100", "2009-12-31": "", "2009-09-30": "9.36200", "2009-06-30": "8.78300", "2008-12-31": ""}, "Operating Income": {"2020-09-30": "28.69600", "2020-06-30": "34.63500", "2020-03-31": "39.33600", "2019-12-31": "43.77700", "2019-09-30": "41.71100", "2019-06-30": "38.27100", "2019-03-31": "38.86600", "2018-12-31": "41.41200", "2018-09-30": "36.38800", "2018-06-30": "35.78100", "2018-03-31": "35.09700", "2017-12-31": "43.83200", "2017-09-30": "36.16000", "2017-06-30": "28.10800", "2017-03-31": "28.50300", "2016-12-31": "26.84500", "2016-09-30": "23.74000", "2016-06-30": "19.81100", "2016-03-31": "19.01100", "2015-12-31": "13.80300", "2015-09-30": "4.16500", "2015-06-30": "16.09400", "2015-03-31": "13.32600", "2014-12-31": "11.64000", "2014-09-30": "12.62200", "2014-06-30": "13.19500", "2014-03-31": "11.22000", "2013-12-31": "10.34500", "2013-09-30": "5.17000", "2013-06-30": "7.31400", "2013-03-31": "5.13100", "2012-12-31": "1.87300", "2012-09-30": "4.53000", "2012-06-30": "2.40500", "2012-03-31": "5.45900", "2011-12-31": "0.55600", "2011-09-30": "4.12900", "2011-06-30": "4.41500", "2011-03-31": "4.84400", "2010-12-31": "3.86500", "2010-09-30": "2.02800", "2010-06-30": "1.77400", "2010-03-31": "2.54100", "2009-12-31": "", "2009-09-30": "2.19400", "2009-06-30": "2.04500", "2008-12-31": ""}, "Total Non-Operating Income/Expense": {"2020-09-30": "-30.05800", "2020-06-30": "-27.62400", "2020-03-31": "-25.38700", "2019-12-31": "-26.81400", "2019-09-30": "21.24400", "2019-06-30": "-25.44800", "2019-03-31": "-75.76100", "2018-12-31": "-22.15500", "2018-09-30": "-16.11800", "2018-06-30": "-16.09000", "2018-03-31": "17.46600", "2017-12-31": "5.12400", "2017-09-30": "-21.65000", "2017-06-30": "-21.15400", "2017-03-31": "-4.36200", "2016-12-31": "1.68500", "2016-09-30": "-18.52300", "2016-06-30": "-15.77600", "2016-03-31": "-13.03500", "2015-12-31": "-16.54800", "2015-09-30": "-5.99300", "2015-06-30": "-52.17700", "2015-03-31": "11.24800", "2014-12-31": "-10.75700", "2014-09-30": "-1.16900", "2014-06-30": "-6.44600", "2014-03-31": "-6.61900", "2013-12-31": "-7.10100", "2013-09-30": "-7.76700", "2013-06-30": "-6.19000", "2013-03-31": "-5.48700", "2012-12-31": "-5.11600", "2012-09-30": "-4.69900", "2012-06-30": "-4.91800", "2012-03-31": "-4.99100", "2011-12-31": "-5.23500", "2011-09-30": "-4.93200", "2011-06-30": "-4.62500", "2011-03-31": "-4.75100", "2010-12-31": "-4.39600", "2010-09-30": "-2.00100", "2010-06-30": "-4.62100", "2010-03-31": "-1.87200", "2009-12-31": "", "2009-09-30": "-2.09700", "2009-06-30": "-2.11600", "2008-12-31": ""}, "Pre-Tax Income": {"2020-09-30": "-1.36200", "2020-06-30": "7.01100", "2020-03-31": "13.94900", "2019-12-31": "16.96300", "2019-09-30": "62.95500", "2019-06-30": "12.82300", "2019-03-31": "-36.89500", "2018-12-31": "19.25700", "2018-09-30": "20.27000", "2018-06-30": "19.69100", "2018-03-31": "52.56300", "2017-12-31": "48.95600", "2017-09-30": "14.51000", "2017-06-30": "6.95400", "2017-03-31": "24.14100", "2016-12-31": "28.53000", "2016-09-30": "5.21700", "2016-06-30": "4.03500", "2016-03-31": "5.97600", "2015-12-31": "-2.74500", "2015-09-30": "-1.82800", "2015-06-30": "-36.08300", "2015-03-31": "24.57400", "2014-12-31": "0.88300", "2014-09-30": "11.45300", "2014-06-30": "6.74900", "2014-03-31": "4.60100", "2013-12-31": "3.24400", "2013-09-30": "-2.59700", "2013-06-30": "1.12400", "2013-03-31": "-0.35600", "2012-12-31": "-3.24300", "2012-09-30": "-0.16900", "2012-06-30": "-2.51300", "2012-03-31": "0.46800", "2011-12-31": "-4.67900", "2011-09-30": "-0.80300", "2011-06-30": "-0.21000", "2011-03-31": "0.09300", "2010-12-31": "-0.53100", "2010-09-30": "0.02700", "2010-06-30": "-2.84700", "2010-03-31": "0.66900", "2009-12-31": "", "2009-09-30": "0.09700", "2009-06-30": "-0.07100", "2008-12-31": ""}, "Income Taxes": {"2020-09-30": "", "2020-06-30": "", "2020-03-31": "", "2019-12-31": "", "2019-09-30": "", "2019-06-30": "", "2019-03-31": "", "2018-12-31": "", "2018-09-30": "", "2018-06-30": "", "2018-03-31": "", "2017-12-31": "", "2017-09-30": "", "2017-06-30": "", "2017-03-31": "", "2016-12-31": "", "2016-09-30": "", "2016-06-30": "", "2016-03-31": "", "2015-12-31": "", "2015-09-30": "", "2015-06-30": "", "2015-03-31": "", "2014-12-31": "", "2014-09-30": "", "2014-06-30": "", "2014-03-31": "", "2013-12-31": "", "2013-09-30": "", "2013-06-30": "", "2013-03-31": "", "2012-12-31": "", "2012-09-30": "", "2012-06-30": "", "2012-03-31": "", "2011-12-31": "", "2011-09-30": "", "2011-06-30": "", "2011-03-31": "", "2010-12-31": "", "2010-09-30": "", "2010-06-30": "", "2010-03-31": "", "2009-12-31": "", "2009-09-30": "", "2009-06-30": "", "2008-12-31": ""}, "Income After Taxes": {"2020-09-30": "-1.36200", "2020-06-30": "7.01100", "2020-03-31": "13.94900", "2019-12-31": "16.96300", "2019-09-30": "62.95500", "2019-06-30": "12.82300", "2019-03-31": "-36.89500", "2018-12-31": "19.25700", "2018-09-30": "20.27000", "2018-06-30": "19.69100", "2018-03-31": "52.56300", "2017-12-31": "48.95600", "2017-09-30": "14.51000", "2017-06-30": "6.95400", "2017-03-31": "24.14100", "2016-12-31": "28.53000", "2016-09-30": "5.21700", "2016-06-30": "4.03500", "2016-03-31": "5.97600", "2015-12-31": "-2.74500", "2015-09-30": "-1.82800", "2015-06-30": "-36.08300", "2015-03-31": "24.57400", "2014-12-31": "0.88300", "2014-09-30": "11.45300", "2014-06-30": "6.74900", "2014-03-31": "4.60100", "2013-12-31": "3.24400", "2013-09-30": "-2.59700", "2013-06-30": "1.12400", "2013-03-31": "-0.35600", "2012-12-31": "-3.24300", "2012-09-30": "-0.16900", "2012-06-30": "-2.51300", "2012-03-31": "0.46800", "2011-12-31": "-4.67900", "2011-09-30": "-0.80300", "2011-06-30": "-0.21000", "2011-03-31": "0.09300", "2010-12-31": "-0.53100", "2010-09-30": "0.02700", "2010-06-30": "-2.84700", "2010-03-31": "0.66900", "2009-12-31": "", "2009-09-30": "0.09700", "2009-06-30": "-0.07100", "2008-12-31": ""}, "Other Income": {"2020-09-30": "", "2020-06-30": "", "2020-03-31": "", "2019-12-31": "", "2019-09-30": "", "2019-06-30": "", "2019-03-31": "", "2018-12-31": "", "2018-09-30": "", "2018-06-30": "", "2018-03-31": "", "2017-12-31": "", "2017-09-30": "", "2017-06-30": "", "2017-03-31": "", "2016-12-31": "", "2016-09-30": "", "2016-06-30": "", "2016-03-31": "", "2015-12-31": "", "2015-09-30": "", "2015-06-30": "", "2015-03-31": "", "2014-12-31": "", "2014-09-30": "", "2014-06-30": "", "2014-03-31": "", "2013-12-31": "", "2013-09-30": "", "2013-06-30": "", "2013-03-31": "", "2012-12-31": "", "2012-09-30": "", "2012-06-30": "", "2012-03-31": "", "2011-12-31": "", "2011-09-30": "", "2011-06-30": "", "2011-03-31": "", "2010-12-31": "", "2010-09-30": "", "2010-06-30": "", "2010-03-31": "", "2009-12-31": "", "2009-09-30": "", "2009-06-30": "", "2008-12-31": ""}, "Income From Continuous Operations": {"2020-09-30": "-1.36200", "2020-06-30": "7.01100", "2020-03-31": "13.94900", "2019-12-31": "16.96300", "2019-09-30": "62.95500", "2019-06-30": "12.82300", "2019-03-31": "-36.89500", "2018-12-31": "19.25700", "2018-09-30": "20.27000", "2018-06-30": "19.69100", "2018-03-31": "52.56300", "2017-12-31": "48.95600", "2017-09-30": "14.51000", "2017-06-30": "6.95400", "2017-03-31": "24.14100", "2016-12-31": "28.53000", "2016-09-30": "5.21700", "2016-06-30": "4.03500", "2016-03-31": "5.97600", "2015-12-31": "-2.74500", "2015-09-30": "-1.82800", "2015-06-30": "-36.08300", "2015-03-31": "24.57400", "2014-12-31": "0.88500", "2014-09-30": "11.45300", "2014-06-30": "6.74900", "2014-03-31": "4.59900", "2013-12-31": "3.24400", "2013-09-30": "-2.59700", "2013-06-30": "1.12400", "2013-03-31": "-0.35600", "2012-12-31": "-3.24300", "2012-09-30": "-0.16900", "2012-06-30": "-2.51300", "2012-03-31": "0.46800", "2011-12-31": "-4.67900", "2011-09-30": "-0.80300", "2011-06-30": "-0.21000", "2011-03-31": "0.09300", "2010-12-31": "-0.53100", "2010-09-30": "0.02700", "2010-06-30": "-2.84700", "2010-03-31": "0.66900", "2009-12-31": "", "2009-09-30": "0.09700", "2009-06-30": "-0.07100", "2008-12-31": ""}, "Income From Discontinued Operations": {"2020-09-30": "", "2020-06-30": "", "2020-03-31": "", "2019-12-31": "", "2019-09-30": "", "2019-06-30": "", "2019-03-31": "", "2018-12-31": "", "2018-09-30": "", "2018-06-30": "", "2018-03-31": "", "2017-12-31": "", "2017-09-30": "", "2017-06-30": "", "2017-03-31": "", "2016-12-31": "", "2016-09-30": "", "2016-06-30": "", "2016-03-31": "", "2015-12-31": "", "2015-09-30": "", "2015-06-30": "", "2015-03-31": "", "2014-12-31": "", "2014-09-30": "-0.03800", "2014-06-30": "-0.06000", "2014-03-31": "-0.06600", "2013-12-31": "0.02500", "2013-09-30": "-0.15500", "2013-06-30": "-4.55200", "2013-03-31": "0.67300", "2012-12-31": "0.27200", "2012-09-30": "-0.10500", "2012-06-30": "0.28400", "2012-03-31": "", "2011-12-31": "", "2011-09-30": "", "2011-06-30": "", "2011-03-31": "", "2010-12-31": "", "2010-09-30": "", "2010-06-30": "", "2010-03-31": "", "2009-12-31": "", "2009-09-30": "", "2009-06-30": "", "2008-12-31": ""}, "Net Income": {"2020-09-30": "-5.43600", "2020-06-30": "3.69100", "2020-03-31": "10.77700", "2019-12-31": "13.80500", "2019-09-30": "58.75500", "2019-06-30": "9.78600", "2019-03-31": "-39.39200", "2018-12-31": "16.30200", "2018-09-30": "17.36700", "2018-06-30": "16.20200", "2018-03-31": "48.57700", "2017-12-31": "32.83000", "2017-09-30": "11.06400", "2017-06-30": "3.55300", "2017-03-31": "20.51500", "2016-12-31": "22.27900", "2016-09-30": "1.84700", "2016-06-30": "0.83900", "2016-03-31": "2.25300", "2015-12-31": "-6.46000", "2015-09-30": "-3.90500", "2015-06-30": "-25.24300", "2015-03-31": "19.21100", "2014-12-31": "-2.29000", "2014-09-30": "7.62000", "2014-06-30": "3.36500", "2014-03-31": "1.26000", "2013-12-31": "-0.08300", "2013-09-30": "-5.69400", "2013-06-30": "-6.18400", "2013-03-31": "-2.87200", "2012-12-31": "-5.94000", "2012-09-30": "-3.39500", "2012-06-30": "-5.21700", "2012-03-31": "-2.63800", "2011-12-31": "-3.15100", "2011-09-30": "-2.67200", "2011-06-30": "-2.10100", "2011-03-31": "-2.51000", "2010-12-31": "-1.18100", "2010-09-30": "-0.17200", "2010-06-30": "-2.56300", "2010-03-31": "0.66600", "2009-12-31": "", "2009-09-30": "0.09500", "2009-06-30": "-0.06800", "2008-12-31": ""}, "EBITDA": {"2020-09-30": "107.14200", "2020-06-30": "111.49800", "2020-03-31": "116.51000", "2019-12-31": "120.26300", "2019-09-30": "114.97100", "2019-06-30": "111.07200", "2019-03-31": "109.28300", "2018-12-31": "106.76300", "2018-09-30": "100.61400", "2018-06-30": "98.52100", "2018-03-31": "97.10400", "2017-12-31": "110.99100", "2017-09-30": "107.84600", "2017-06-30": "103.94800", "2017-03-31": "98.45600", "2016-12-31": "89.97400", "2016-09-30": "92.18800", "2016-06-30": "86.79000", "2016-03-31": "87.50000", "2015-12-31": "81.94300", "2015-09-30": "84.05600", "2015-06-30": "83.23800", "2015-03-31": "31.79300", "2014-12-31": "33.43700", "2014-09-30": "30.96900", "2014-06-30": "31.76200", "2014-03-31": "28.11500", "2013-12-31": "27.26100", "2013-09-30": "25.32600", "2013-06-30": "22.79500", "2013-03-31": "24.62500", "2012-12-31": "19.61500", "2012-09-30": "18.35800", "2012-06-30": "16.66500", "2012-03-31": "18.76500", "2011-12-31": "12.91700", "2011-09-30": "16.16900", "2011-06-30": "15.87900", "2011-03-31": "17.33700", "2010-12-31": "10.80400", "2010-09-30": "7.09400", "2010-06-30": "4.87600", "2010-03-31": "5.57000", "2009-12-31": "", "2009-09-30": "5.34400", "2009-06-30": "2.04500", "2008-12-31": ""}, "EBIT": {"2020-09-30": "28.69600", "2020-06-30": "34.63500", "2020-03-31": "39.33600", "2019-12-31": "43.77700", "2019-09-30": "41.71100", "2019-06-30": "38.27100", "2019-03-31": "38.86600", "2018-12-31": "41.41200", "2018-09-30": "36.38800", "2018-06-30": "35.78100", "2018-03-31": "35.09700", "2017-12-31": "43.83200", "2017-09-30": "36.16000", "2017-06-30": "28.10800", "2017-03-31": "28.50300", "2016-12-31": "26.84500", "2016-09-30": "23.74000", "2016-06-30": "19.81100", "2016-03-31": "19.01100", "2015-12-31": "13.80300", "2015-09-30": "4.16500", "2015-06-30": "16.09400", "2015-03-31": "13.32600", "2014-12-31": "11.64000", "2014-09-30": "12.62200", "2014-06-30": "13.19500", "2014-03-31": "11.22000", "2013-12-31": "10.34500", "2013-09-30": "5.17000", "2013-06-30": "7.31400", "2013-03-31": "5.13100", "2012-12-31": "1.87300", "2012-09-30": "4.53000", "2012-06-30": "2.40500", "2012-03-31": "5.45900", "2011-12-31": "0.55600", "2011-09-30": "4.12900", "2011-06-30": "4.41500", "2011-03-31": "4.84400", "2010-12-31": "3.86500", "2010-09-30": "2.02800", "2010-06-30": "1.77400", "2010-03-31": "2.54100", "2009-12-31": "", "2009-09-30": "2.19400", "2009-06-30": "2.04500", "2008-12-31": ""}, "Basic Shares Outstanding": {"2020-09-30": "153.19600", "2020-06-30": "153.30700", "2020-03-31": "154.43300", "2019-12-31": "155.09500", "2019-09-30": "154.41400", "2019-06-30": "154.38500", "2019-03-31": "154.39600", "2018-12-31": "156.01400", "2018-09-30": "155.64900", "2018-06-30": "155.63700", "2018-03-31": "155.62600", "2017-12-31": "154.27700", "2017-09-30": "155.30300", "2017-06-30": "155.29100", "2017-03-31": "147.95100", "2016-12-31": "106.18900", "2016-09-30": "115.08400", "2016-06-30": "95.14500", "2016-03-31": "89.19100", "2015-12-31": "85.92700", "2015-09-30": "88.98400", "2015-06-30": "88.89400", "2015-03-31": "76.78300", "2014-12-31": "65.79200", "2014-09-30": "66.50600", "2014-06-30": "66.48600", "2014-03-31": "63.62600", "2013-12-31": "55.18300", "2013-09-30": "56.14400", "2013-06-30": "56.07600", "2013-03-31": "52.18400", "2012-12-31": "41.64100", "2012-09-30": "46.66900", "2012-06-30": "39.77200", "2012-03-31": "33.32000", "2011-12-31": "29.39300", "2011-09-30": "33.14600", "2011-06-30": "29.16100", "2011-03-31": "21.94900", "2010-12-31": "", "2010-09-30": "21.94700", "2010-06-30": "", "2010-03-31": "", "2009-12-31": "", "2009-09-30": "", "2009-06-30": "", "2008-12-31": ""}, "Shares Outstanding": {"2020-09-30": "153.19600", "2020-06-30": "155.62200", "2020-03-31": "158.10900", "2019-12-31": "156.11300", "2019-09-30": "156.49900", "2019-06-30": "154.68700", "2019-03-31": "154.39600", "2018-12-31": "156.26600", "2018-09-30": "156.66900", "2018-06-30": "156.59000", "2018-03-31": "156.71500", "2017-12-31": "154.67100", "2017-09-30": "156.09400", "2017-06-30": "156.09600", "2017-03-31": "149.95000", "2016-12-31": "110.36900", "2016-09-30": "116.26300", "2016-06-30": "95.99500", "2016-03-31": "89.59800", "2015-12-31": "85.92700", "2015-09-30": "88.98400", "2015-06-30": "88.89400", "2015-03-31": "77.33000", "2014-12-31": "66.50900", "2014-09-30": "66.50600", "2014-06-30": "69.42200", "2014-03-31": "63.62600", "2013-12-31": "55.18300", "2013-09-30": "56.14400", "2013-06-30": "56.07600", "2013-03-31": "52.18400", "2012-12-31": "41.64100", "2012-09-30": "46.66900", "2012-06-30": "39.77200", "2012-03-31": "33.32000", "2011-12-31": "29.39300", "2011-09-30": "33.14600", "2011-06-30": "29.16100", "2011-03-31": "21.94900", "2010-12-31": "", "2010-09-30": "21.94700", "2010-06-30": "", "2010-03-31": "", "2009-12-31": "", "2009-09-30": "", "2009-06-30": "", "2008-12-31": ""}, "Basic EPS": {"2020-09-30": "-0.04000", "2020-06-30": "0.02000", "2020-03-31": "0.07000", "2019-12-31": "0.10000", "2019-09-30": "0.38000", "2019-06-30": "0.06000", "2019-03-31": "-0.26000", "2018-12-31": "0.11000", "2018-09-30": "0.11000", "2018-06-30": "0.10000", "2018-03-31": "0.31000", "2017-12-31": "0.21000", "2017-09-30": "0.07000", "2017-06-30": "0.02000", "2017-03-31": "0.14000", "2016-12-31": "0.20000", "2016-09-30": "0.02000", "2016-06-30": "0.01000", "2016-03-31": "0.03000", "2015-12-31": "-0.12000", "2015-09-30": "-0.04000", "2015-06-30": "-0.28000", "2015-03-31": "0.25000", "2014-12-31": "-0.03000", "2014-09-30": "0.11000", "2014-06-30": "0.05000", "2014-03-31": "0.02000", "2013-12-31": "0.00000", "2013-09-30": "-0.10000", "2013-06-30": "-0.11000", "2013-03-31": "-0.06000", "2012-12-31": "-0.13000", "2012-09-30": "-0.07000", "2012-06-30": "-0.13000", "2012-03-31": "-0.08000", "2011-12-31": "-0.09000", "2011-09-30": "-0.08000", "2011-06-30": "-0.07000", "2011-03-31": "-0.11000", "2010-12-31": "", "2010-09-30": "-0.01000", "2010-06-30": "", "2010-03-31": "", "2009-12-31": "", "2009-09-30": "", "2009-06-30": "", "2008-12-31": ""}, "EPS - Earnings Per Share": {"2020-09-30": "-0.04000", "2020-06-30": "0.02000", "2020-03-31": "0.07000", "2019-12-31": "0.10000", "2019-09-30": "0.38000", "2019-06-30": "0.06000", "2019-03-31": "-0.26000", "2018-12-31": "0.11000", "2018-09-30": "0.11000", "2018-06-30": "0.10000", "2018-03-31": "0.31000", "2017-12-31": "0.21000", "2017-09-30": "0.07000", "2017-06-30": "0.02000", "2017-03-31": "0.14000", "2016-12-31": "0.19000", "2016-09-30": "0.02000", "2016-06-30": "0.01000", "2016-03-31": "0.03000", "2015-12-31": "-0.12000", "2015-09-30": "-0.04000", "2015-06-30": "-0.28000", "2015-03-31": "0.25000", "2014-12-31": "-0.03000", "2014-09-30": "0.11000", "2014-06-30": "0.05000", "2014-03-31": "0.02000", "2013-12-31": "0.00000", "2013-09-30": "-0.10000", "2013-06-30": "-0.11000", "2013-03-31": "-0.06000", "2012-12-31": "-0.13000", "2012-09-30": "-0.07000", "2012-06-30": "-0.13000", "2012-03-31": "-0.08000", "2011-12-31": "-0.09000", "2011-09-30": "-0.08000", "2011-06-30": "-0.07000", "2011-03-31": "-0.11000", "2010-12-31": "0.00000", "2010-09-30": "-0.01000", "2010-06-30": "0.00000", "2010-03-31": "0.00000", "2009-12-31": "0.00000", "2009-09-30": "0.00000", "2009-06-30": "0.00000", "2008-12-31": "0.00000"}}, "balance sheet": {"Cash On Hand": {"2019-12-31": "58.25800", "2018-12-31": "68.19100", "2017-12-31": "101.28000", "2016-12-31": "108.19200", "2015-12-31": "71.56100", "2014-12-31": "31.99700", "2013-12-31": "44.28500", "2012-12-31": "33.22600", "2011-12-31": "23.22600", "2010-12-31": "52.99600", "2009-12-31": "7.92500", "2008-12-31": "9.56000"}, "Receivables": {"2019-12-31": "208.33500", "2018-12-31": "156.37300", "2017-12-31": "110.70000", "2016-12-31": "86.21600", "2015-12-31": "79.77900", "2014-12-31": "49.25300", "2013-12-31": "28.57700", "2012-12-31": "24.89900", "2011-12-31": "19.76400", "2010-12-31": "11.18100", "2009-12-31": "4.20800", "2008-12-31": "2.80700"}, "Inventory": {"2019-12-31": "", "2018-12-31": "", "2017-12-31": "", "2016-12-31": "", "2015-12-31": "", "2014-12-31": "", "2013-12-31": "", "2012-12-31": "", "2011-12-31": "", "2010-12-31": "", "2009-12-31": "", "2008-12-31": ""}, "Pre-Paid Expenses": {"2019-12-31": "", "2018-12-31": "", "2017-12-31": "", "2016-12-31": "", "2015-12-31": "", "2014-12-31": "", "2013-12-31": "", "2012-12-31": "", "2011-12-31": "", "2010-12-31": "", "2009-12-31": "", "2008-12-31": ""}, "Other Current Assets": {"2019-12-31": "", "2018-12-31": "", "2017-12-31": "", "2016-12-31": "", "2015-12-31": "", "2014-12-31": "", "2013-12-31": "", "2012-12-31": "", "2011-12-31": "", "2010-12-31": "", "2009-12-31": "", "2008-12-31": ""}, "Total Current Assets": {"2019-12-31": "266.59300", "2018-12-31": "224.56400", "2017-12-31": "211.98000", "2016-12-31": "194.40800", "2015-12-31": "180.02400", "2014-12-31": "109.51800", "2013-12-31": "72.86200", "2012-12-31": "62.12500", "2011-12-31": "42.99000", "2010-12-31": "64.17700", "2009-12-31": "12.13300", "2008-12-31": "12.36700"}, "Property, Plant, And Equipment": {"2019-12-31": "6370.84900", "2018-12-31": "6363.90600", "2017-12-31": "5697.99100", "2016-12-31": "5503.27300", "2015-12-31": "5359.60000", "2014-12-31": "2036.63800", "2013-12-31": "1844.61400", "2012-12-31": "1340.36100", "2011-12-31": "1007.17500", "2010-12-31": "837.62200", "2009-12-31": "412.08500", "2008-12-31": "353.02400"}, "Long-Term Investments": {"2019-12-31": "", "2018-12-31": "", "2017-12-31": "", "2016-12-31": "", "2015-12-31": "", "2014-12-31": "", "2013-12-31": "", "2012-12-31": "", "2011-12-31": "", "2010-12-31": "", "2009-12-31": "", "2008-12-31": ""}, "Goodwill And Intangible Assets": {"2019-12-31": "285.44800", "2018-12-31": "279.89600", "2017-12-31": "239.02900", "2016-12-31": "288.92900", "2015-12-31": "321.68400", "2014-12-31": "110.77700", "2013-12-31": "117.15600", "2012-12-31": "89.76400", "2011-12-31": "92.88500", "2010-12-31": "95.13900", "2009-12-31": "19.61200", "2008-12-31": "17.25000"}, "Other Long-Term Assets": {"2019-12-31": "274.64900", "2018-12-31": "202.51300", "2017-12-31": "473.07000", "2016-12-31": "692.38800", "2015-12-31": "392.72700", "2014-12-31": "78.20700", "2013-12-31": "88.53100", "2012-12-31": "59.26700", "2011-12-31": "4.66200", "2010-12-31": "4.41600", "2009-12-31": "3.73600", "2008-12-31": "4.06100"}, "Total Long-Term Assets": {"2019-12-31": "6930.94600", "2018-12-31": "6846.31500", "2017-12-31": "6410.09000", "2016-12-31": "6484.59000", "2015-12-31": "6074.01100", "2014-12-31": "2225.62200", "2013-12-31": "2058.41400", "2012-12-31": "1497.56700", "2011-12-31": "1109.80100", "2010-12-31": "940.38800", "2009-12-31": "436.10100", "2008-12-31": "374.33500"}, "Total Assets": {"2019-12-31": "7466.56800", "2018-12-31": "7070.87900", "2017-12-31": "6622.07000", "2016-12-31": "6678.99800", "2015-12-31": "6254.03500", "2014-12-31": "2335.14000", "2013-12-31": "2131.27600", "2012-12-31": "1559.69200", "2011-12-31": "1152.79100", "2010-12-31": "1004.56500", "2009-12-31": "448.23400", "2008-12-31": "386.70200"}, "Total Current Liabilities": {"2019-12-31": "212.67300", "2018-12-31": "175.30000", "2017-12-31": "162.34600", "2016-12-31": "114.67400", "2015-12-31": "81.65800", "2014-12-31": "36.84400", "2013-12-31": "26.11800", "2012-12-31": "18.57800", "2011-12-31": "12.46900", "2010-12-31": "11.50700", "2009-12-31": "6.02600", "2008-12-31": "8.67900"}, "Long Term Debt": {"2019-12-31": "3019.07600", "2018-12-31": "2828.19400", "2017-12-31": "2421.38000", "2016-12-31": "2473.32600", "2015-12-31": "2260.71600", "2014-12-31": "912.68300", "2013-12-31": "888.30800", "2012-12-31": "582.08500", "2011-12-31": "399.87100", "2010-12-31": "342.06000", "2009-12-31": "189.51800", "2008-12-31": "152.00000"}, "Other Non-Current Liabilities": {"2019-12-31": "117.68100", "2018-12-31": "114.29900", "2017-12-31": "117.20300", "2016-12-31": "378.07100", "2015-12-31": "172.44700", "2014-12-31": "100.42100", "2013-12-31": "103.50900", "2012-12-31": "49.33200", "2011-12-31": "39.30700", "2010-12-31": "36.66500", "2009-12-31": "26.10200", "2008-12-31": "16.62600"}, "Total Long Term Liabilities": {"2019-12-31": "3271.83200", "2018-12-31": "3065.44900", "2017-12-31": "2548.76000", "2016-12-31": "2861.57400", "2015-12-31": "2443.34000", "2014-12-31": "1023.28100", "2013-12-31": "1002.29200", "2012-12-31": "643.89200", "2011-12-31": "451.65300", "2010-12-31": "431.52800", "2009-12-31": "215.62000", "2008-12-31": "168.62600"}, "Total Liabilities": {"2019-12-31": "3757.20600", "2018-12-31": "3240.74900", "2017-12-31": "2711.10600", "2016-12-31": "2976.24800", "2015-12-31": "2524.99800", "2014-12-31": "1060.12500", "2013-12-31": "1028.41000", "2012-12-31": "662.47000", "2011-12-31": "464.12200", "2010-12-31": "443.03500", "2009-12-31": "221.64600", "2008-12-31": "177.30500"}, "Common Stock Net": {"2019-12-31": "1.54600", "2018-12-31": "1.54300", "2017-12-31": "1.55600", "2016-12-31": "1.36400", "2015-12-31": "0.89100", "2014-12-31": "0.66800", "2013-12-31": "0.57200", "2012-12-31": "0.47500", "2011-12-31": "0.33800", "2010-12-31": "0.22400", "2009-12-31": "223.24000", "2008-12-31": ""}, "Retained Earnings (Accumulated Deficit)": {"2019-12-31": "", "2018-12-31": "", "2017-12-31": "", "2016-12-31": "-16.97100", "2015-12-31": "-44.95500", "2014-12-31": "-34.88400", "2013-12-31": "-45.11300", "2012-12-31": "-30.58000", "2011-12-31": "-13.68500", "2010-12-31": "-3.48200", "2009-12-31": "", "2008-12-31": ""}, "Comprehensive Income": {"2019-12-31": "-0.56100", "2018-12-31": "17.50100", "2017-12-31": "13.22700", "2016-12-31": "9.49600", "2015-12-31": "-1.08100", "2014-12-31": "-2.44300", "2013-12-31": "-0.99700", "2012-12-31": "-1.28700", "2011-12-31": "-0.88300", "2010-12-31": "0.00600", "2009-12-31": "", "2008-12-31": ""}, "Other Share Holders Equity": {"2019-12-31": "", "2018-12-31": "", "2017-12-31": "", "2016-12-31": "", "2015-12-31": "", "2014-12-31": "", "2013-12-31": "", "2012-12-31": "", "2011-12-31": "", "2010-12-31": "", "2009-12-31": "", "2008-12-31": ""}, "Share Holder Equity": {"2019-12-31": "3709.36200", "2018-12-31": "3830.13000", "2017-12-31": "3910.96400", "2016-12-31": "3702.75000", "2015-12-31": "3729.03700", "2014-12-31": "1275.01500", "2013-12-31": "1102.86600", "2012-12-31": "897.22200", "2011-12-31": "688.66900", "2010-12-31": "561.53000", "2009-12-31": "226.58800", "2008-12-31": "209.39700"}, "Total Liabilities And Share Holders Equity": {"2019-12-31": "7466.56800", "2018-12-31": "7070.87900", "2017-12-31": "6622.07000", "2016-12-31": "6678.99800", "2015-12-31": "6254.03500", "2014-12-31": "2335.14000", "2013-12-31": "2131.27600", "2012-12-31": "1559.69200", "2011-12-31": "1152.79100", "2010-12-31": "1004.56500", "2009-12-31": "448.23400", "2008-12-31": "386.70200"}}, "balance sheet, quarterly": {"Cash On Hand": {"2020-09-30": "404.27300", "2020-06-30": "56.87100", "2020-03-31": "404.11800", "2019-12-31": "58.25800", "2019-09-30": "69.33900", "2019-06-30": "61.54700", "2019-03-31": "66.07100", "2018-12-31": "68.19100", "2018-09-30": "63.23800", "2018-06-30": "65.98700", "2018-03-31": "74.98000", "2017-12-31": "101.28000", "2017-09-30": "113.50700", "2017-06-30": "90.52600", "2017-03-31": "133.69000", "2016-12-31": "108.19200", "2016-09-30": "111.45700", "2016-06-30": "356.56600", "2016-03-31": "77.37800", "2015-12-31": "71.56100", "2015-09-30": "65.27400", "2015-06-30": "57.64600", "2015-03-31": "264.79600", "2014-12-31": "31.99700", "2014-09-30": "89.04700", "2014-06-30": "50.47900", "2014-03-31": "46.77700", "2013-12-31": "44.28500", "2013-09-30": "47.02000", "2013-06-30": "110.84800", "2013-03-31": "155.88300", "2012-12-31": "33.22600", "2012-09-30": "37.98500", "2012-06-30": "112.76600", "2012-03-31": "32.03300", "2011-12-31": "23.22600", "2011-09-30": "30.33900", "2011-06-30": "95.07700", "2011-03-31": "47.86100", "2010-12-31": "52.99600", "2010-09-30": "42.95800", "2010-06-30": "86.82900", "2010-03-31": "", "2009-12-31": "", "2009-09-30": "", "2009-06-30": "", "2008-12-31": "9.55000"}, "Receivables": {"2020-09-30": "240.64600", "2020-06-30": "235.71500", "2020-03-31": "221.97700", "2019-12-31": "208.33500", "2019-09-30": "197.40300", "2019-06-30": "184.73300", "2019-03-31": "176.97300", "2018-12-31": "156.37300", "2018-09-30": "143.83800", "2018-06-30": "130.69800", "2018-03-31": "125.38100", "2017-12-31": "110.70000", "2017-09-30": "102.19800", "2017-06-30": "97.18100", "2017-03-31": "86.85900", "2016-12-31": "86.21600", "2016-09-30": "87.90300", "2016-06-30": "81.07900", "2016-03-31": "81.89400", "2015-12-31": "79.77900", "2015-09-30": "73.37800", "2015-06-30": "59.44900", "2015-03-31": "49.12500", "2014-12-31": "49.25300", "2014-09-30": "45.72800", "2014-06-30": "37.57100", "2014-03-31": "30.69900", "2013-12-31": "28.57700", "2013-09-30": "31.52300", "2013-06-30": "26.86100", "2013-03-31": "29.53700", "2012-12-31": "24.89900", "2012-09-30": "22.88000", "2012-06-30": "23.64500", "2012-03-31": "20.43300", "2011-12-31": "19.76400", "2011-09-30": "19.70800", "2011-06-30": "20.11800", "2011-03-31": "13.55200", "2010-12-31": "11.18100", "2010-09-30": "9.09100", "2010-06-30": "6.00300", "2010-03-31": "", "2009-12-31": "", "2009-09-30": "", "2009-06-30": "", "2008-12-31": "2.80000"}, "Inventory": {"2020-09-30": "", "2020-06-30": "", "2020-03-31": "", "2019-12-31": "", "2019-09-30": "", "2019-06-30": "", "2019-03-31": "", "2018-12-31": "", "2018-09-30": "", "2018-06-30": "", "2018-03-31": "", "2017-12-31": "", "2017-09-30": "", "2017-06-30": "", "2017-03-31": "", "2016-12-31": "", "2016-09-30": "", "2016-06-30": "", "2016-03-31": "", "2015-12-31": "", "2015-09-30": "", "2015-06-30": "", "2015-03-31": "", "2014-12-31": "", "2014-09-30": "", "2014-06-30": "", "2014-03-31": "", "2013-12-31": "", "2013-09-30": "", "2013-06-30": "", "2013-03-31": "", "2012-12-31": "", "2012-09-30": "", "2012-06-30": "", "2012-03-31": "", "2011-12-31": "", "2011-09-30": "", "2011-06-30": "", "2011-03-31": "", "2010-12-31": "", "2010-09-30": "", "2010-06-30": "", "2010-03-31": "", "2009-12-31": "", "2009-09-30": "", "2009-06-30": "", "2008-12-31": ""}, "Pre-Paid Expenses": {"2020-09-30": "", "2020-06-30": "", "2020-03-31": "", "2019-12-31": "", "2019-09-30": "", "2019-06-30": "", "2019-03-31": "", "2018-12-31": "", "2018-09-30": "", "2018-06-30": "", "2018-03-31": "", "2017-12-31": "", "2017-09-30": "", "2017-06-30": "", "2017-03-31": "", "2016-12-31": "", "2016-09-30": "", "2016-06-30": "", "2016-03-31": "", "2015-12-31": "", "2015-09-30": "", "2015-06-30": "", "2015-03-31": "", "2014-12-31": "", "2014-09-30": "", "2014-06-30": "", "2014-03-31": "", "2013-12-31": "", "2013-09-30": "", "2013-06-30": "", "2013-03-31": "", "2012-12-31": "", "2012-09-30": "", "2012-06-30": "", "2012-03-31": "", "2011-12-31": "", "2011-09-30": "", "2011-06-30": "", "2011-03-31": "", "2010-12-31": "", "2010-09-30": "", "2010-06-30": "", "2010-03-31": "", "2009-12-31": "", "2009-09-30": "", "2009-06-30": "", "2008-12-31": ""}, "Other Current Assets": {"2020-09-30": "", "2020-06-30": "", "2020-03-31": "", "2019-12-31": "", "2019-09-30": "", "2019-06-30": "", "2019-03-31": "", "2018-12-31": "", "2018-09-30": "", "2018-06-30": "", "2018-03-31": "", "2017-12-31": "", "2017-09-30": "", "2017-06-30": "", "2017-03-31": "", "2016-12-31": "", "2016-09-30": "", "2016-06-30": "", "2016-03-31": "", "2015-12-31": "", "2015-09-30": "", "2015-06-30": "", "2015-03-31": "", "2014-12-31": "", "2014-09-30": "", "2014-06-30": "", "2014-03-31": "", "2013-12-31": "", "2013-09-30": "", "2013-06-30": "", "2013-03-31": "", "2012-12-31": "", "2012-09-30": "", "2012-06-30": "", "2012-03-31": "", "2011-12-31": "", "2011-09-30": "", "2011-06-30": "", "2011-03-31": "", "2010-12-31": "", "2010-09-30": "", "2010-06-30": "", "2010-03-31": "", "2009-12-31": "", "2009-09-30": "", "2009-06-30": "", "2008-12-31": ""}, "Total Current Assets": {"2020-09-30": "644.91900", "2020-06-30": "292.58600", "2020-03-31": "626.09500", "2019-12-31": "266.59300", "2019-09-30": "266.74200", "2019-06-30": "246.28000", "2019-03-31": "243.04400", "2018-12-31": "224.56400", "2018-09-30": "207.07600", "2018-06-30": "196.68500", "2018-03-31": "200.36100", "2017-12-31": "211.98000", "2017-09-30": "215.70500", "2017-06-30": "187.70700", "2017-03-31": "220.54900", "2016-12-31": "194.40800", "2016-09-30": "199.36000", "2016-06-30": "437.64500", "2016-03-31": "188.06000", "2015-12-31": "180.02400", "2015-09-30": "167.23200", "2015-06-30": "145.57100", "2015-03-31": "342.29300", "2014-12-31": "109.51800", "2014-09-30": "162.88700", "2014-06-30": "88.05000", "2014-03-31": "77.47600", "2013-12-31": "72.86200", "2013-09-30": "78.54300", "2013-06-30": "137.70900", "2013-03-31": "189.42000", "2012-12-31": "62.12500", "2012-09-30": "64.86500", "2012-06-30": "136.41100", "2012-03-31": "52.46600", "2011-12-31": "42.99000", "2011-09-30": "50.04700", "2011-06-30": "115.19500", "2011-03-31": "61.41300", "2010-12-31": "64.17700", "2010-09-30": "52.04900", "2010-06-30": "92.83200", "2010-03-31": "", "2009-12-31": "", "2009-09-30": "", "2009-06-30": "", "2008-12-31": "12.35000"}, "Property, Plant, And Equipment": {"2020-09-30": "6493.86600", "2020-06-30": "6452.77500", "2020-03-31": "6407.20600", "2019-12-31": "6370.84900", "2019-09-30": "6320.67200", "2019-06-30": "6296.02300", "2019-03-31": "6251.08600", "2018-12-31": "6363.90600", "2018-09-30": "6040.75000", "2018-06-30": "5817.34700", "2018-03-31": "5924.57900", "2017-12-31": "5697.99100", "2017-09-30": "6054.75700", "2017-06-30": "6331.28900", "2017-03-31": "6044.12700", "2016-12-31": "5503.27300", "2016-09-30": "5734.30400", "2016-06-30": "5407.45500", "2016-03-31": "5485.62300", "2015-12-31": "5359.60000", "2015-09-30": "5680.97100", "2015-06-30": "5728.50900", "2015-03-31": "2062.31700", "2014-12-31": "2036.63800", "2014-09-30": "2015.85700", "2014-06-30": "2005.32100", "2014-03-31": "1993.94500", "2013-12-31": "1844.61400", "2013-09-30": "1893.38400", "2013-06-30": "1510.82200", "2013-03-31": "1396.47900", "2012-12-31": "1340.36100", "2012-09-30": "1183.75700", "2012-06-30": "1098.02200", "2012-03-31": "1001.03400", "2011-12-31": "1007.17500", "2011-09-30": "912.27300", "2011-06-30": "829.28400", "2011-03-31": "832.44300", "2010-12-31": "837.62200", "2010-09-30": "515.81200", "2010-06-30": "487.93600", "2010-03-31": "", "2009-12-31": "", "2009-09-30": "", "2009-06-30": "", "2008-12-31": ""}, "Long-Term Investments": {"2020-09-30": "", "2020-06-30": "", "2020-03-31": "", "2019-12-31": "", "2019-09-30": "", "2019-06-30": "", "2019-03-31": "", "2018-12-31": "", "2018-09-30": "", "2018-06-30": "", "2018-03-31": "", "2017-12-31": "", "2017-09-30": "", "2017-06-30": "", "2017-03-31": "", "2016-12-31": "", "2016-09-30": "", "2016-06-30": "", "2016-03-31": "", "2015-12-31": "", "2015-09-30": "", "2015-06-30": "", "2015-03-31": "", "2014-12-31": "", "2014-09-30": "", "2014-06-30": "", "2014-03-31": "", "2013-12-31": "", "2013-09-30": "", "2013-06-30": "", "2013-03-31": "", "2012-12-31": "", "2012-09-30": "", "2012-06-30": "", "2012-03-31": "", "2011-12-31": "", "2011-09-30": "", "2011-06-30": "", "2011-03-31": "", "2010-12-31": "", "2010-09-30": "", "2010-06-30": "", "2010-03-31": "", "2009-12-31": "", "2009-09-30": "", "2009-06-30": "", "2008-12-31": ""}, "Goodwill And Intangible Assets": {"2020-09-30": "255.90700", "2020-06-30": "265.55000", "2020-03-31": "275.61000", "2019-12-31": "285.44800", "2019-09-30": "294.95900", "2019-06-30": "299.25000", "2019-03-31": "280.19300", "2018-12-31": "279.89600", "2018-09-30": "256.10000", "2018-06-30": "236.58200", "2018-03-31": "241.91200", "2017-12-31": "239.02900", "2017-09-30": "257.83100", "2017-06-30": "291.02600", "2017-03-31": "305.39900", "2016-12-31": "288.92900", "2016-09-30": "298.43600", "2016-06-30": "301.94500", "2016-03-31": "320.60000", "2015-12-31": "321.68400", "2015-09-30": "361.83400", "2015-06-30": "390.12400", "2015-03-31": "111.77600", "2014-12-31": "110.77700", "2014-09-30": "118.23000", "2014-06-30": "116.67300", "2014-03-31": "118.79600", "2013-12-31": "117.15600", "2013-09-30": "115.79500", "2013-06-30": "150.79900", "2013-03-31": "90.48300", "2012-12-31": "89.76400", "2012-09-30": "83.14300", "2012-06-30": "86.53800", "2012-03-31": "87.69400", "2011-12-31": "92.88500", "2011-09-30": "87.69700", "2011-06-30": "85.78500", "2011-03-31": "90.04900", "2010-12-31": "95.13900", "2010-09-30": "48.07100", "2010-06-30": "31.04200", "2010-03-31": "0.00000", "2009-12-31": "", "2009-09-30": "0.00000", "2009-06-30": "0.00000", "2008-12-31": "0.00000"}, "Other Long-Term Assets": {"2020-09-30": "281.25000", "2020-06-30": "328.57100", "2020-03-31": "267.64700", "2019-12-31": "274.64900", "2019-09-30": "275.60300", "2019-06-30": "374.17000", "2019-03-31": "327.25400", "2018-12-31": "202.51300", "2018-09-30": "240.92400", "2018-06-30": "308.56000", "2018-03-31": "81.43900", "2017-12-31": "473.07000", "2017-09-30": "378.79700", "2017-06-30": "54.01200", "2017-03-31": "131.68600", "2016-12-31": "692.38800", "2016-09-30": "131.25500", "2016-06-30": "129.87800", "2016-03-31": "44.83600", "2015-12-31": "392.72700", "2015-09-30": "21.61100", "2015-06-30": "30.54200", "2015-03-31": "273.98600", "2014-12-31": "78.20700", "2014-09-30": "11.59100", "2014-06-30": "17.53300", "2014-03-31": "17.94400", "2013-12-31": "88.53100", "2013-09-30": "6.29600", "2013-06-30": "22.73800", "2013-03-31": "3.39400", "2012-12-31": "59.26700", "2012-09-30": "6.72200", "2012-06-30": "14.40600", "2012-03-31": "14.01300", "2011-12-31": "4.66200", "2011-09-30": "9.44100", "2011-06-30": "6.27200", "2011-03-31": "5.16800", "2010-12-31": "4.41600", "2010-09-30": "4.45100", "2010-06-30": "9.97000", "2010-03-31": "", "2009-12-31": "", "2009-09-30": "", "2009-06-30": "", "2008-12-31": ""}, "Total Long-Term Assets": {"2020-09-30": "7031.02300", "2020-06-30": "7046.89600", "2020-03-31": "6950.46300", "2019-12-31": "6930.94600", "2019-09-30": "6891.23400", "2019-06-30": "6969.44300", "2019-03-31": "6858.53300", "2018-12-31": "6846.31500", "2018-09-30": "6537.77400", "2018-06-30": "6362.48900", "2018-03-31": "6247.93000", "2017-12-31": "6410.09000", "2017-09-30": "6691.38500", "2017-06-30": "6676.32700", "2017-03-31": "6481.21200", "2016-12-31": "6484.59000", "2016-09-30": "6163.99500", "2016-06-30": "5839.27800", "2016-03-31": "5851.05900", "2015-12-31": "6074.01100", "2015-09-30": "6087.27700", "2015-06-30": "6167.55900", "2015-03-31": "2459.35000", "2014-12-31": "2225.62200", "2014-09-30": "2154.56200", "2014-06-30": "2146.93300", "2014-03-31": "2138.71300", "2013-12-31": "2058.41400", "2013-09-30": "2023.75300", "2013-06-30": "1691.45100", "2013-03-31": "1497.90900", "2012-12-31": "1497.56700", "2012-09-30": "1279.95300", "2012-06-30": "1203.76600", "2012-03-31": "1108.03400", "2011-12-31": "1109.80100", "2011-09-30": "1014.30300", "2011-06-30": "926.60300", "2011-03-31": "932.41200", "2010-12-31": "940.38800", "2010-09-30": "571.86600", "2010-06-30": "528.94800", "2010-03-31": "", "2009-12-31": "", "2009-09-30": "", "2009-06-30": "", "2008-12-31": ""}, "Total Assets": {"2020-09-30": "7942.00100", "2020-06-30": "7606.70800", "2020-03-31": "7844.94200", "2019-12-31": "7466.56800", "2019-09-30": "7428.29400", "2019-06-30": "7486.66600", "2019-03-31": "7373.62800", "2018-12-31": "7070.87900", "2018-09-30": "6744.85000", "2018-06-30": "6559.17400", "2018-03-31": "6448.29100", "2017-12-31": "6622.07000", "2017-09-30": "6907.09000", "2017-06-30": "6864.03400", "2017-03-31": "6701.76100", "2016-12-31": "6678.99800", "2016-09-30": "6363.35500", "2016-06-30": "6276.92300", "2016-03-31": "6039.11900", "2015-12-31": "6254.03500", "2015-09-30": "6254.50900", "2015-06-30": "6313.13000", "2015-03-31": "2801.64300", "2014-12-31": "2335.14000", "2014-09-30": "2317.44900", "2014-06-30": "2234.98300", "2014-03-31": "2216.18900", "2013-12-31": "2131.27600", "2013-09-30": "2102.29600", "2013-06-30": "1829.16000", "2013-03-31": "1687.32900", "2012-12-31": "1559.69200", "2012-09-30": "1344.81800", "2012-06-30": "1340.17700", "2012-03-31": "1160.50000", "2011-12-31": "1152.79100", "2011-09-30": "1064.35000", "2011-06-30": "1041.79800", "2011-03-31": "993.82500", "2010-12-31": "1004.56500", "2010-09-30": "623.91500", "2010-06-30": "621.78000", "2010-03-31": "0.00000", "2009-12-31": "0.00000", "2009-09-30": "0.00000", "2009-06-30": "0.00000", "2008-12-31": "386.70000"}, "Total Current Liabilities": {"2020-09-30": "282.76600", "2020-06-30": "322.79900", "2020-03-31": "269.28200", "2019-12-31": "212.67300", "2019-09-30": "261.27200", "2019-06-30": "241.99000", "2019-03-31": "208.04700", "2018-12-31": "175.30000", "2018-09-30": "193.94100", "2018-06-30": "151.69700", "2018-03-31": "146.58800", "2017-12-31": "162.34600", "2017-09-30": "162.93800", "2017-06-30": "134.23700", "2017-03-31": "135.19800", "2016-12-31": "114.67400", "2016-09-30": "132.14000", "2016-06-30": "104.15600", "2016-03-31": "97.96400", "2015-12-31": "81.65800", "2015-09-30": "90.09600", "2015-06-30": "75.20500", "2015-03-31": "61.73500", "2014-12-31": "36.84400", "2014-09-30": "35.64200", "2014-06-30": "20.29400", "2014-03-31": "22.54500", "2013-12-31": "26.11800", "2013-09-30": "39.27000", "2013-06-30": "17.52800", "2013-03-31": "21.69600", "2012-12-31": "18.57800", "2012-09-30": "22.88200", "2012-06-30": "13.92400", "2012-03-31": "14.44800", "2011-12-31": "12.46900", "2011-09-30": "18.75300", "2011-06-30": "12.48400", "2011-03-31": "15.49200", "2010-12-31": "11.50700", "2010-09-30": "10.74600", "2010-06-30": "5.86000", "2010-03-31": "", "2009-12-31": "", "2009-09-30": "", "2009-06-30": "", "2008-12-31": ""}, "Long Term Debt": {"2020-09-30": "3253.89300", "2020-06-30": "3172.89000", "2020-03-31": "3434.43400", "2019-12-31": "3019.07600", "2019-09-30": "2930.36900", "2019-06-30": "3037.55700", "2019-03-31": "2915.18500", "2018-12-31": "2828.19400", "2018-09-30": "2471.79800", "2018-06-30": "2361.74900", "2018-03-31": "2240.68800", "2017-12-31": "2421.38000", "2017-09-30": "2424.35800", "2017-06-30": "2598.78000", "2017-03-31": "2388.38800", "2016-12-31": "2473.32600", "2016-09-30": "2407.94300", "2016-06-30": "2338.88200", "2016-03-31": "2080.00500", "2015-12-31": "2260.71600", "2015-09-30": "2088.33500", "2015-06-30": "2119.15700", "2015-03-31": "787.19000", "2014-12-31": "912.68300", "2014-09-30": "920.86000", "2014-06-30": "852.52400", "2014-03-31": "827.43800", "2013-12-31": "888.30800", "2013-09-30": "891.17500", "2013-06-30": "637.11800", "2013-03-31": "530.02300", "2012-12-31": "582.08500", "2012-09-30": "359.45400", "2012-06-30": "350.33200", "2012-03-31": "361.05100", "2011-12-31": "399.87100", "2011-09-30": "298.67200", "2011-06-30": "275.00200", "2011-03-31": "332.15300", "2010-12-31": "342.06000", "2010-09-30": "94.06900", "2010-06-30": "94.02000", "2010-03-31": "", "2009-12-31": "", "2009-09-30": "", "2009-06-30": "", "2008-12-31": "152.00000"}, "Other Non-Current Liabilities": {"2020-09-30": "99.51200", "2020-06-30": "101.54400", "2020-03-31": "102.15300", "2019-12-31": "117.68100", "2019-09-30": "99.19100", "2019-06-30": "99.72500", "2019-03-31": "111.09500", "2018-12-31": "114.29900", "2018-09-30": "107.45800", "2018-06-30": "109.86500", "2018-03-31": "111.97300", "2017-12-31": "117.20300", "2017-09-30": "346.68500", "2017-06-30": "136.42400", "2017-03-31": "141.79800", "2016-12-31": "378.07100", "2016-09-30": "166.72300", "2016-06-30": "164.08600", "2016-03-31": "159.87600", "2015-12-31": "172.44700", "2015-09-30": "164.94500", "2015-06-30": "170.84500", "2015-03-31": "57.81800", "2014-12-31": "100.42100", "2014-09-30": "61.94200", "2014-06-30": "64.27900", "2014-03-31": "64.21000", "2013-12-31": "103.50900", "2013-09-30": "61.31800", "2013-06-30": "49.60600", "2013-03-31": "44.82900", "2012-12-31": "49.33200", "2012-09-30": "41.83100", "2012-06-30": "46.29700", "2012-03-31": "34.46800", "2011-12-31": "39.30700", "2011-09-30": "37.46600", "2011-06-30": "37.19100", "2011-03-31": "36.95700", "2010-12-31": "36.66500", "2010-09-30": "25.24000", "2010-06-30": "26.01900", "2010-03-31": "", "2009-12-31": "", "2009-09-30": "", "2009-06-30": "", "2008-12-31": ""}, "Total Long Term Liabilities": {"2020-09-30": "3490.11600", "2020-06-30": "3410.64900", "2020-03-31": "3673.48500", "2019-12-31": "3271.83200", "2019-09-30": "3161.59100", "2019-06-30": "3262.01400", "2019-03-31": "3150.71100", "2018-12-31": "3065.44900", "2018-09-30": "2639.16300", "2018-06-30": "2481.42900", "2018-03-31": "2362.83800", "2017-12-31": "2548.76000", "2017-09-30": "2781.22000", "2017-06-30": "2745.38100", "2017-03-31": "2540.36300", "2016-12-31": "2861.57400", "2016-09-30": "2584.84300", "2016-06-30": "2513.14500", "2016-03-31": "2250.05800", "2015-12-31": "2443.34000", "2015-09-30": "2263.45700", "2015-06-30": "2300.17900", "2015-03-31": "855.18500", "2014-12-31": "1023.28100", "2014-09-30": "992.97900", "2014-06-30": "926.98000", "2014-03-31": "901.82500", "2013-12-31": "1002.29200", "2013-09-30": "964.96800", "2013-06-30": "700.46800", "2013-03-31": "587.32700", "2012-12-31": "643.89200", "2012-09-30": "413.76000", "2012-06-30": "409.10400", "2012-03-31": "407.99400", "2011-12-31": "451.65300", "2011-09-30": "348.61300", "2011-06-30": "324.66800", "2011-03-31": "422.70200", "2010-12-31": "431.52800", "2010-09-30": "131.97900", "2010-06-30": "132.51400", "2010-03-31": "", "2009-12-31": "", "2009-09-30": "", "2009-06-30": "", "2008-12-31": "152.00000"}, "Total Liabilities": {"2020-09-30": "4043.70900", "2020-06-30": "4005.07700", "2020-03-31": "4215.18800", "2019-12-31": "3757.20600", "2019-09-30": "3696.48700", "2019-06-30": "3777.88700", "2019-03-31": "3633.38400", "2018-12-31": "3240.74900", "2018-09-30": "2833.10400", "2018-06-30": "2633.12600", "2018-03-31": "2509.42600", "2017-12-31": "2711.10600", "2017-09-30": "2944.15800", "2017-06-30": "2879.61800", "2017-03-31": "2675.56100", "2016-12-31": "2976.24800", "2016-09-30": "2716.98300", "2016-06-30": "2617.30100", "2016-03-31": "2348.02200", "2015-12-31": "2524.99800", "2015-09-30": "2353.55300", "2015-06-30": "2375.38400", "2015-03-31": "916.92000", "2014-12-31": "1060.12500", "2014-09-30": "1028.62100", "2014-06-30": "947.27400", "2014-03-31": "924.37000", "2013-12-31": "1028.41000", "2013-09-30": "1004.23800", "2013-06-30": "717.99600", "2013-03-31": "609.02300", "2012-12-31": "662.47000", "2012-09-30": "436.64200", "2012-06-30": "423.02800", "2012-03-31": "422.44200", "2011-12-31": "464.12200", "2011-09-30": "367.36600", "2011-06-30": "337.15200", "2011-03-31": "438.19400", "2010-12-31": "443.03500", "2010-09-30": "142.72500", "2010-06-30": "138.37400", "2010-03-31": "0.00000", "2009-12-31": "", "2009-09-30": "0.00000", "2009-06-30": "0.00000", "2008-12-31": "177.30000"}, "Common Stock Net": {"2020-09-30": "1.52200", "2020-06-30": "1.53400", "2020-03-31": "1.53300", "2019-12-31": "1.54600", "2019-09-30": "1.54300", "2019-06-30": "1.54300", "2019-03-31": "1.54300", "2018-12-31": "1.54300", "2018-09-30": "1.55600", "2018-06-30": "1.55600", "2018-03-31": "1.55600", "2017-12-31": "1.55600", "2017-09-30": "1.55300", "2017-06-30": "1.55300", "2017-03-31": "1.55300", "2016-12-31": "1.36400", "2016-09-30": "1.18700", "2016-06-30": "0.99300", "2016-03-31": "0.89200", "2015-12-31": "0.89100", "2015-09-30": "0.89100", "2015-06-30": "0.89000", "2015-03-31": "0.79500", "2014-12-31": "0.66800", "2014-09-30": "0.66800", "2014-06-30": "0.66800", "2014-03-31": "0.66800", "2013-12-31": "0.57200", "2013-09-30": "0.56700", "2013-06-30": "0.56700", "2013-03-31": "0.56700", "2012-12-31": "0.47500", "2012-09-30": "0.47200", "2012-06-30": "0.47200", "2012-03-31": "0.34000", "2011-12-31": "0.33800", "2011-09-30": "0.33600", "2011-06-30": "0.33600", "2011-03-31": "0.22500", "2010-12-31": "0.22400", "2010-09-30": "0.22200", "2010-06-30": "0.22200", "2010-03-31": "0.00000", "2009-12-31": "", "2009-09-30": "0.00000", "2009-06-30": "0.00000", "2008-12-31": "0.00000"}, "Retained Earnings (Accumulated Deficit)": {"2020-09-30": "", "2020-06-30": "", "2020-03-31": "", "2019-12-31": "", "2019-09-30": "", "2019-06-30": "-31.35500", "2019-03-31": "-41.18900", "2018-12-31": "", "2018-09-30": "", "2018-06-30": "", "2018-03-31": "9.50000", "2017-12-31": "", "2017-09-30": "18.91100", "2017-06-30": "7.59200", "2017-03-31": "3.78400", "2016-12-31": "-16.97100", "2016-09-30": "-39.42700", "2016-06-30": "-41.47000", "2016-03-31": "-42.50500", "2015-12-31": "-44.95500", "2015-09-30": "-44.59200", "2015-06-30": "-40.76600", "2015-03-31": "-15.60300", "2014-12-31": "-34.88400", "2014-09-30": "-32.66200", "2014-06-30": "-40.35000", "2014-03-31": "-43.78400", "2013-12-31": "-45.11300", "2013-09-30": "-45.10100", "2013-06-30": "-39.47800", "2013-03-31": "-33.37300", "2012-12-31": "-30.58000", "2012-09-30": "-24.70900", "2012-06-30": "-21.38300", "2012-03-31": "-16.24500", "2011-12-31": "-13.68500", "2011-09-30": "-10.58800", "2011-06-30": "-7.96900", "2011-03-31": "-5.93000", "2010-12-31": "-3.48200", "2010-09-30": "-1.94800", "2010-06-30": "-2.17700", "2010-03-31": "", "2009-12-31": "", "2009-09-30": "", "2009-06-30": "", "2008-12-31": ""}, "Comprehensive Income": {"2020-09-30": "-12.79500", "2020-06-30": "-15.88800", "2020-03-31": "-17.80400", "2019-12-31": "-0.56100", "2019-09-30": "-2.72700", "2019-06-30": "1.27900", "2019-03-31": "9.67400", "2018-12-31": "17.50100", "2018-09-30": "27.83400", "2018-06-30": "26.40700", "2018-03-31": "22.93600", "2017-12-31": "13.22700", "2017-09-30": "6.46500", "2017-06-30": "5.96000", "2017-03-31": "8.71000", "2016-12-31": "9.49600", "2016-09-30": "-13.63900", "2016-06-30": "-16.07900", "2016-03-31": "-10.56800", "2015-12-31": "-1.08100", "2015-09-30": "-6.53100", "2015-06-30": "2.85600", "2015-03-31": "-3.04900", "2014-12-31": "-2.44300", "2014-09-30": "-1.74900", "2014-06-30": "-2.31300", "2014-03-31": "-1.52900", "2013-12-31": "-0.99700", "2013-09-30": "-1.98900", "2013-06-30": "-1.17700", "2013-03-31": "-1.27100", "2012-12-31": "-1.28700", "2012-09-30": "-1.28300", "2012-06-30": "-1.21500", "2012-03-31": "-0.96800", "2011-12-31": "-0.88300", "2011-09-30": "-0.84700", "2011-06-30": "-0.44900", "2011-03-31": "-0.11900", "2010-12-31": "0.00600", "2010-09-30": "-0.03000", "2010-06-30": "", "2010-03-31": "", "2009-12-31": "", "2009-09-30": "", "2009-06-30": "", "2008-12-31": ""}, "Other Share Holders Equity": {"2020-09-30": "", "2020-06-30": "", "2020-03-31": "", "2019-12-31": "", "2019-09-30": "", "2019-06-30": "", "2019-03-31": "", "2018-12-31": "", "2018-09-30": "", "2018-06-30": "", "2018-03-31": "", "2017-12-31": "", "2017-09-30": "", "2017-06-30": "", "2017-03-31": "", "2016-12-31": "", "2016-09-30": "", "2016-06-30": "", "2016-03-31": "", "2015-12-31": "", "2015-09-30": "", "2015-06-30": "", "2015-03-31": "", "2014-12-31": "", "2014-09-30": "", "2014-06-30": "", "2014-03-31": "", "2013-12-31": "", "2013-09-30": "", "2013-06-30": "", "2013-03-31": "", "2012-12-31": "", "2012-09-30": "", "2012-06-30": "", "2012-03-31": "", "2011-12-31": "", "2011-09-30": "", "2011-06-30": "", "2011-03-31": "", "2010-12-31": "", "2010-09-30": "", "2010-06-30": "", "2010-03-31": "0.00000", "2009-12-31": "", "2009-09-30": "0.00000", "2009-06-30": "0.00000", "2008-12-31": "0.00000"}, "Share Holder Equity": {"2020-09-30": "3898.29200", "2020-06-30": "3601.63100", "2020-03-31": "3629.75400", "2019-12-31": "3709.36200", "2019-09-30": "3731.80700", "2019-06-30": "3708.77900", "2019-03-31": "3740.24400", "2018-12-31": "3830.13000", "2018-09-30": "3911.74600", "2018-06-30": "3926.04800", "2018-03-31": "3938.86500", "2017-12-31": "3910.96400", "2017-09-30": "3962.93200", "2017-06-30": "3984.41600", "2017-03-31": "4026.20000", "2016-12-31": "3702.75000", "2016-09-30": "3646.37200", "2016-06-30": "3659.62200", "2016-03-31": "3691.09700", "2015-12-31": "3729.03700", "2015-09-30": "3900.95600", "2015-06-30": "3937.74600", "2015-03-31": "1884.72300", "2014-12-31": "1275.01500", "2014-09-30": "1288.82800", "2014-06-30": "1287.70900", "2014-03-31": "1291.81900", "2013-12-31": "1102.86600", "2013-09-30": "1098.05800", "2013-06-30": "1111.16400", "2013-03-31": "1078.30600", "2012-12-31": "897.22200", "2012-09-30": "908.17600", "2012-06-30": "917.14900", "2012-03-31": "738.05800", "2011-12-31": "688.66900", "2011-09-30": "696.98400", "2011-06-30": "704.64600", "2011-03-31": "555.63100", "2010-12-31": "561.53000", "2010-09-30": "481.19000", "2010-06-30": "483.40600", "2010-03-31": "0.00000", "2009-12-31": "", "2009-09-30": "0.00000", "2009-06-30": "0.00000", "2008-12-31": "209.39000"}, "Total Liabilities And Share Holders Equity": {"2020-09-30": "7942.00100", "2020-06-30": "7606.70800", "2020-03-31": "7844.94200", "2019-12-31": "7466.56800", "2019-09-30": "7428.29400", "2019-06-30": "7486.66600", "2019-03-31": "7373.62800", "2018-12-31": "7070.87900", "2018-09-30": "6744.85000", "2018-06-30": "6559.17400", "2018-03-31": "6448.29100", "2017-12-31": "6622.07000", "2017-09-30": "6907.09000", "2017-06-30": "6864.03400", "2017-03-31": "6701.76100", "2016-12-31": "6678.99800", "2016-09-30": "6363.35500", "2016-06-30": "6276.92300", "2016-03-31": "6039.11900", "2015-12-31": "6254.03500", "2015-09-30": "6254.50900", "2015-06-30": "6313.13000", "2015-03-31": "2801.64300", "2014-12-31": "2335.14000", "2014-09-30": "2317.44900", "2014-06-30": "2234.98300", "2014-03-31": "2216.18900", "2013-12-31": "2131.27600", "2013-09-30": "2102.29600", "2013-06-30": "1829.16000", "2013-03-31": "1687.32900", "2012-12-31": "1559.69200", "2012-09-30": "1344.81800", "2012-06-30": "1340.17700", "2012-03-31": "1160.50000", "2011-12-31": "1152.79100", "2011-09-30": "1064.35000", "2011-06-30": "1041.79800", "2011-03-31": "993.82500", "2010-12-31": "1004.56500", "2010-09-30": "623.91500", "2010-06-30": "621.78000", "2010-03-31": "0.00000", "2009-12-31": "", "2009-09-30": "0.00000", "2009-06-30": "0.00000", "2008-12-31": "0.00000"}}, "cash flow statement": {"Net Income/Loss": {"2019-12-31": "55.84600", "2018-12-31": "111.78100", "2017-12-31": "94.56100", "2016-12-31": "43.75800", "2015-12-31": "-16.08200", "2014-12-31": "23.52200", "2013-12-31": "-2.59400", "2012-12-31": "-5.00600", "2011-12-31": "-2.23800", "2010-12-31": "-2.68200", "2009-12-31": "-0.64400", "2008-12-31": "-2.62200"}, "Total Depreciation And Amortization - Cash Flow": {"2019-12-31": "292.96400", "2018-12-31": "254.32400", "2017-12-31": "284.63800", "2016-12-31": "267.04500", "2015-12-31": "233.64200", "2014-12-31": "75.60600", "2013-12-31": "72.04700", "2012-12-31": "59.13600", "2011-12-31": "48.35800", "2010-12-31": "18.13600", "2009-12-31": "12.03300", "2008-12-31": "10.34400"}, "Other Non-Cash Items": {"2019-12-31": "13.56900", "2018-12-31": "-36.29200", "2017-12-31": "-38.22600", "2016-12-31": "-54.29700", "2015-12-31": "-25.56300", "2014-12-31": "-5.63500", "2013-12-31": "6.53900", "2012-12-31": "0.72400", "2011-12-31": "0.94600", "2010-12-31": "-0.31100", "2009-12-31": "-0.10000", "2008-12-31": "1.25700"}, "Total Non-Cash Items": {"2019-12-31": "306.53300", "2018-12-31": "218.03200", "2017-12-31": "246.41200", "2016-12-31": "212.74800", "2015-12-31": "208.07900", "2014-12-31": "69.97100", "2013-12-31": "78.58600", "2012-12-31": "59.86000", "2011-12-31": "49.30400", "2010-12-31": "17.82500", "2009-12-31": "11.93300", "2008-12-31": "11.60100"}, "Change In Accounts Receivable": {"2019-12-31": "-52.26000", "2018-12-31": "-47.05600", "2017-12-31": "-27.70900", "2016-12-31": "16.11100", "2015-12-31": "-35.12600", "2014-12-31": "-20.73700", "2013-12-31": "-6.82600", "2012-12-31": "-7.56800", "2011-12-31": "-9.52900", "2010-12-31": "-7.58500", "2009-12-31": "-1.59200", "2008-12-31": "-2.17400"}, "Change In Inventories": {"2019-12-31": "", "2018-12-31": "", "2017-12-31": "", "2016-12-31": "", "2015-12-31": "", "2014-12-31": "", "2013-12-31": "", "2012-12-31": "", "2011-12-31": "", "2010-12-31": "", "2009-12-31": "", "2008-12-31": ""}, "Change In Accounts Payable": {"2019-12-31": "", "2018-12-31": "", "2017-12-31": "", "2016-12-31": "", "2015-12-31": "", "2014-12-31": "", "2013-12-31": "", "2012-12-31": "", "2011-12-31": "", "2010-12-31": "", "2009-12-31": "", "2008-12-31": ""}, "Change In Assets/Liabilities": {"2019-12-31": "-40.31000", "2018-12-31": "-54.94700", "2017-12-31": "-39.75200", "2016-12-31": "-41.41700", "2015-12-31": "0.57000", "2014-12-31": "-12.70200", "2013-12-31": "-28.57600", "2012-12-31": "-9.01900", "2011-12-31": "-9.11400", "2010-12-31": "-0.56500", "2009-12-31": "-6.21700", "2008-12-31": "14.53100"}, "Total Change In Assets/Liabilities": {"2019-12-31": "-74.36800", "2018-12-31": "-115.18700", "2017-12-31": "-48.01400", "2016-12-31": "-29.73200", "2015-12-31": "-16.21400", "2014-12-31": "-30.32500", "2013-12-31": "-34.44500", "2012-12-31": "-12.03300", "2011-12-31": "-14.98400", "2010-12-31": "-7.52400", "2009-12-31": "-6.75100", "2008-12-31": "11.07000"}, "Cash Flow From Operating Activities": {"2019-12-31": "288.01100", "2018-12-31": "214.62600", "2017-12-31": "292.95900", "2016-12-31": "226.77400", "2015-12-31": "175.78300", "2014-12-31": "63.16800", "2013-12-31": "41.54700", "2012-12-31": "42.82100", "2011-12-31": "32.08200", "2010-12-31": "7.61900", "2009-12-31": "4.53800", "2008-12-31": "20.04900"}, "Net Change In Property, Plant, And Equipment": {"2019-12-31": "-237.92700", "2018-12-31": "-259.42200", "2017-12-31": "-347.93100", "2016-12-31": "-516.56100", "2015-12-31": "-1797.69900", "2014-12-31": "-218.24900", "2013-12-31": "-424.04200", "2012-12-31": "-419.47000", "2011-12-31": "-130.60400", "2010-12-31": "-242.15600", "2009-12-31": "-15.45700", "2008-12-31": "-178.52600"}, "Net Change In Intangible Assets": {"2019-12-31": "", "2018-12-31": "", "2017-12-31": "", "2016-12-31": "", "2015-12-31": "", "2014-12-31": "", "2013-12-31": "", "2012-12-31": "", "2011-12-31": "", "2010-12-31": "", "2009-12-31": "", "2008-12-31": ""}, "Net Acquisitions/Divestitures": {"2019-12-31": "", "2018-12-31": "", "2017-12-31": "", "2016-12-31": "", "2015-12-31": "", "2014-12-31": "", "2013-12-31": "", "2012-12-31": "", "2011-12-31": "", "2010-12-31": "", "2009-12-31": "", "2008-12-31": ""}, "Net Change In Short-term Investments": {"2019-12-31": "", "2018-12-31": "", "2017-12-31": "", "2016-12-31": "", "2015-12-31": "", "2014-12-31": "", "2013-12-31": "", "2012-12-31": "", "2011-12-31": "", "2010-12-31": "", "2009-12-31": "", "2008-12-31": ""}, "Net Change In Long-Term Investments": {"2019-12-31": "6.22600", "2018-12-31": "-146.94700", "2017-12-31": "", "2016-12-31": "", "2015-12-31": "", "2014-12-31": "", "2013-12-31": "", "2012-12-31": "", "2011-12-31": "", "2010-12-31": "", "2009-12-31": "", "2008-12-31": ""}, "Net Change In Investments - Total": {"2019-12-31": "6.22600", "2018-12-31": "-146.94700", "2017-12-31": "", "2016-12-31": "", "2015-12-31": "", "2014-12-31": "", "2013-12-31": "", "2012-12-31": "", "2011-12-31": "", "2010-12-31": "", "2009-12-31": "", "2008-12-31": ""}, "Investing Activities - Other": {"2019-12-31": "-84.70800", "2018-12-31": "14.03600", "2017-12-31": "14.89300", "2016-12-31": "-8.33600", "2015-12-31": "", "2014-12-31": "-28.11200", "2013-12-31": "", "2012-12-31": "-4.00000", "2011-12-31": "", "2010-12-31": "", "2009-12-31": "", "2008-12-31": ""}, "Cash Flow From Investing Activities": {"2019-12-31": "-316.40900", "2018-12-31": "-392.33300", "2017-12-31": "-333.03800", "2016-12-31": "-524.89700", "2015-12-31": "-1797.69900", "2014-12-31": "-246.36100", "2013-12-31": "-424.04200", "2012-12-31": "-423.47000", "2011-12-31": "-130.60400", "2010-12-31": "-242.15600", "2009-12-31": "-15.45700", "2008-12-31": "-178.52600"}, "Net Long-Term Debt": {"2019-12-31": "201.88500", "2018-12-31": "266.42500", "2017-12-31": "-55.86600", "2016-12-31": "429.39300", "2015-12-31": "1320.99300", "2014-12-31": "31.46400", "2013-12-31": "242.80500", "2012-12-31": "182.97700", "2011-12-31": "-19.45800", "2010-12-31": "-41.40100", "2009-12-31": "3.92400", "2008-12-31": "18.06200"}, "Net Current Debt": {"2019-12-31": "", "2018-12-31": "", "2017-12-31": "", "2016-12-31": "", "2015-12-31": "", "2014-12-31": "", "2013-12-31": "", "2012-12-31": "", "2011-12-31": "", "2010-12-31": "", "2009-12-31": "", "2008-12-31": ""}, "Debt Issuance/Retirement Net - Total": {"2019-12-31": "201.88500", "2018-12-31": "266.42500", "2017-12-31": "-55.86600", "2016-12-31": "429.39300", "2015-12-31": "1320.99300", "2014-12-31": "31.46400", "2013-12-31": "242.80500", "2012-12-31": "182.97700", "2011-12-31": "-19.45800", "2010-12-31": "-41.40100", "2009-12-31": "3.92400", "2008-12-31": "18.06200"}, "Net Common Equity Issued/Repurchased": {"2019-12-31": "", "2018-12-31": "-50.00000", "2017-12-31": "647.38200", "2016-12-31": "1449.58100", "2015-12-31": "380.62000", "2014-12-31": "195.86900", "2013-12-31": "199.78600", "2012-12-31": "189.41300", "2011-12-31": "156.69600", "2010-12-31": "252.72000", "2009-12-31": "", "2008-12-31": ""}, "Net Total Equity Issued/Repurchased": {"2019-12-31": "", "2018-12-31": "-50.36200", "2017-12-31": "647.38200", "2016-12-31": "1449.58100", "2015-12-31": "235.62000", "2014-12-31": "195.57100", "2013-12-31": "197.78600", "2012-12-31": "246.91300", "2011-12-31": "156.69600", "2010-12-31": "340.22000", "2009-12-31": "", "2008-12-31": ""}, "Total Common And Preferred Stock Dividends Paid": {"2019-12-31": "-158.43700", "2018-12-31": "-157.62100", "2017-12-31": "-159.18000", "2016-12-31": "-118.45500", "2015-12-31": "-87.94600", "2014-12-31": "-47.75100", "2013-12-31": "-42.50000", "2012-12-31": "-36.12300", "2011-12-31": "-24.81200", "2010-12-31": "-5.58900", "2009-12-31": "", "2008-12-31": ""}, "Financial Activities - Other": {"2019-12-31": "-24.98300", "2018-12-31": "86.17600", "2017-12-31": "-399.16900", "2016-12-31": "-1425.76500", "2015-12-31": "189.97400", "2014-12-31": "-8.69400", "2013-12-31": "-4.14400", "2012-12-31": "-7.91900", "2011-12-31": "-49.07400", "2010-12-31": "-13.51200", "2009-12-31": "4.87600", "2008-12-31": "145.73200"}, "Cash Flow From Financial Activities": {"2019-12-31": "18.46500", "2018-12-31": "144.61800", "2017-12-31": "33.16700", "2016-12-31": "334.75400", "2015-12-31": "1658.64100", "2014-12-31": "170.59000", "2013-12-31": "393.94700", "2012-12-31": "385.84800", "2011-12-31": "63.35200", "2010-12-31": "279.71800", "2009-12-31": "8.80000", "2008-12-31": "163.79400"}, "Net Cash Flow": {"2019-12-31": "-9.93300", "2018-12-31": "-33.08900", "2017-12-31": "-6.91200", "2016-12-31": "36.63100", "2015-12-31": "36.72500", "2014-12-31": "-12.60300", "2013-12-31": "11.45200", "2012-12-31": "5.19900", "2011-12-31": "-35.17000", "2010-12-31": "45.18100", "2009-12-31": "-2.11900", "2008-12-31": "5.31700"}, "Stock-Based Compensation": {"2019-12-31": "", "2018-12-31": "", "2017-12-31": "", "2016-12-31": "", "2015-12-31": "", "2014-12-31": "", "2013-12-31": "", "2012-12-31": "", "2011-12-31": "", "2010-12-31": "", "2009-12-31": "", "2008-12-31": ""}, "Common Stock Dividends Paid": {"2019-12-31": "-157.82500", "2018-12-31": "-157.00300", "2017-12-31": "-158.54400", "2016-12-31": "-117.81900", "2015-12-31": "-75.87500", "2014-12-31": "-34.96600", "2013-12-31": "-29.60700", "2012-12-31": "-23.19900", "2011-12-31": "-16.70400", "2010-12-31": "-4.77300", "2009-12-31": "0.00000", "2008-12-31": ""}}, "cash flow statement, quarterly": {"Net Income/Loss": {"2020-09-30": -1.362, "2020-06-30": 7.011, "2020-03-31": "13.94900", "2019-12-31": 16.963, "2019-09-30": 62.955, "2019-06-30": 12.823, "2019-03-31": "-36.89500", "2018-12-31": 19.257, "2018-09-30": 20.27, "2018-06-30": 19.691, "2018-03-31": "52.56300", "2017-12-31": 48.944, "2017-09-30": 14.51, "2017-06-30": 6.954, "2017-03-31": "24.15300", "2016-12-31": 28.53, "2016-09-30": 5.217, "2016-06-30": 4.035, "2016-03-31": "5.97600", "2015-12-31": -2.745, "2015-09-30": -1.828, "2015-06-30": -36.083, "2015-03-31": "24.57400", "2014-12-31": 0.885, "2014-09-30": 11.415, "2014-06-30": 6.689, "2014-03-31": "4.53300", "2013-12-31": 3.269, "2013-09-30": -2.752, "2013-06-30": -3.428, "2013-03-31": "0.31700", "2012-12-31": -2.971, "2012-09-30": -0.274, "2012-06-30": -2.229, "2012-03-31": "0.46800", "2011-12-31": -1.318, "2011-09-30": -0.803, "2011-06-30": -0.21, "2011-03-31": "0.09300", "2010-12-31": -0.531, "2010-09-30": 0.028, "2010-06-30": -2.848, "2010-03-31": "0.66900", "2009-12-31": -0.195, "2009-09-30": 0.096, "2009-06-30": 2.749, "2008-12-31": -2.62}, "Total Depreciation And Amortization - Cash Flow": {"2020-09-30": 78.446, "2020-06-30": 76.863, "2020-03-31": "77.17400", "2019-12-31": 76.486, "2019-09-30": 73.26, "2019-06-30": 72.801, "2019-03-31": "70.41700", "2018-12-31": 65.351, "2018-09-30": 64.226, "2018-06-30": 62.74, "2018-03-31": "62.00700", "2017-12-31": 67.159, "2017-09-30": 71.686, "2017-06-30": 75.84, "2017-03-31": "69.95300", "2016-12-31": 63.129, "2016-09-30": 68.448, "2016-06-30": 66.979, "2016-03-31": "68.48900", "2015-12-31": 68.14, "2015-09-30": 79.891, "2015-06-30": 67.144, "2015-03-31": "18.46700", "2014-12-31": 21.797, "2014-09-30": 18.347, "2014-06-30": 18.567, "2014-03-31": "16.89500", "2013-12-31": 16.916, "2013-09-30": 20.156, "2013-06-30": 15.481, "2013-03-31": "19.49400", "2012-12-31": 17.742, "2012-09-30": 13.828, "2012-06-30": 14.26, "2012-03-31": "13.30600", "2011-12-31": 12.361, "2011-09-30": 12.04, "2011-06-30": 11.464, "2011-03-31": "12.49300", "2010-12-31": 6.939, "2010-09-30": 5.066, "2010-06-30": 3.102, "2010-03-31": "3.02900", "2009-12-31": 2.913, "2009-09-30": 3.15, "2009-06-30": -4.293, "2008-12-31": 10.34}, "Other Non-Cash Items": {"2020-09-30": 4.725, "2020-06-30": 3.467, "2020-03-31": "2.42700", "2019-12-31": 2.604, "2019-09-30": -44.997, "2019-06-30": 1.804, "2019-03-31": "54.15800", "2018-12-31": 2.101, "2018-09-30": -2.032, "2018-06-30": -0.737, "2018-03-31": "-35.62400", "2017-12-31": -25.812, "2017-09-30": 1.949, "2017-06-30": 0.397, "2017-03-31": "-14.76000", "2016-12-31": -47.35, "2016-09-30": 9.828, "2016-06-30": -13.614, "2016-03-31": "-3.16100", "2015-12-31": 4.473, "2015-09-30": -8.327, "2015-06-30": 1.026, "2015-03-31": "-22.73500", "2014-12-31": 0.229, "2014-09-30": -5.985, "2014-06-30": 0.038, "2014-03-31": "0.08300", "2013-12-31": 0.783, "2013-09-30": 0.353, "2013-06-30": 5.372, "2013-03-31": "0.03100", "2012-12-31": 0.235, "2012-09-30": 0.083, "2012-06-30": -0.03, "2012-03-31": "0.43600", "2011-12-31": 0.081, "2011-09-30": 0.215, "2011-06-30": 0.562, "2011-03-31": "0.08800", "2010-12-31": 0.036, "2010-09-30": 0.101, "2010-06-30": -0.12, "2010-03-31": "-0.32800", "2009-12-31": 0.105, "2009-09-30": -0.146, "2009-06-30": 0.041, "2008-12-31": 0}, "Total Non-Cash Items": {"2020-09-30": 83.171, "2020-06-30": 80.33, "2020-03-31": "79.60100", "2019-12-31": 79.09, "2019-09-30": 28.263, "2019-06-30": 74.605, "2019-03-31": "124.57500", "2018-12-31": 67.452, "2018-09-30": 62.194, "2018-06-30": 62.003, "2018-03-31": "26.38300", "2017-12-31": 41.347, "2017-09-30": 73.635, "2017-06-30": 76.237, "2017-03-31": "55.19300", "2016-12-31": 15.779, "2016-09-30": 78.276, "2016-06-30": 53.365, "2016-03-31": "65.32800", "2015-12-31": 72.613, "2015-09-30": 71.564, "2015-06-30": 68.17, "2015-03-31": "-4.26800", "2014-12-31": 22.026, "2014-09-30": 12.362, "2014-06-30": 18.605, "2014-03-31": "16.97800", "2013-12-31": 17.699, "2013-09-30": 20.509, "2013-06-30": 20.853, "2013-03-31": "19.52500", "2012-12-31": 17.977, "2012-09-30": 13.911, "2012-06-30": 14.23, "2012-03-31": "13.74200", "2011-12-31": 12.442, "2011-09-30": 12.255, "2011-06-30": 12.026, "2011-03-31": "12.58100", "2010-12-31": 6.975, "2010-09-30": 5.167, "2010-06-30": 2.982, "2010-03-31": "2.70100", "2009-12-31": 3.018, "2009-09-30": 3.004, "2009-06-30": -4.252, "2008-12-31": 10.34}, "Change In Accounts Receivable": {"2020-09-30": -4.931, "2020-06-30": -13.738, "2020-03-31": "-13.64200", "2019-12-31": -10.932, "2019-09-30": -12.76, "2019-06-30": -7.67, "2019-03-31": "-20.89800", "2018-12-31": -12.855, "2018-09-30": -13.265, "2018-06-30": -9.212, "2018-03-31": "-11.72400", "2017-12-31": -14.184, "2017-09-30": -10.921, "2017-06-30": -9.62, "2017-03-31": "7.01600", "2016-12-31": 22.988, "2016-09-30": -17.628, "2016-06-30": 11.997, "2016-03-31": "-1.24600", "2015-12-31": -9.693, "2015-09-30": -14.254, "2015-06-30": -10.675, "2015-03-31": "-0.50400", "2014-12-31": -5.982, "2014-09-30": -7.487, "2014-06-30": -6.9, "2014-03-31": "-0.36800", "2013-12-31": 0.462, "2013-09-30": -4.802, "2013-06-30": 0.476, "2013-03-31": "-2.96200", "2012-12-31": -3.963, "2012-09-30": 0.784, "2012-06-30": -3.284, "2012-03-31": "-1.10500", "2011-12-31": -0.137, "2011-09-30": 0.195, "2011-06-30": -7.128, "2011-03-31": "-2.45900", "2010-12-31": -2.922, "2010-09-30": -3.397, "2010-06-30": -0.644, "2010-03-31": "-0.62200", "2009-12-31": 1.537, "2009-09-30": -1.843, "2009-06-30": 0.306, "2008-12-31": 0}, "Change In Inventories": {"2020-09-30": 0, "2020-06-30": 0, "2020-03-31": "", "2019-12-31": 0, "2019-09-30": 0, "2019-06-30": 0, "2019-03-31": "", "2018-12-31": 0, "2018-09-30": 0, "2018-06-30": 0, "2018-03-31": "", "2017-12-31": 0, "2017-09-30": 0, "2017-06-30": 0, "2017-03-31": "", "2016-12-31": 0, "2016-09-30": 0, "2016-06-30": 0, "2016-03-31": "", "2015-12-31": 0, "2015-09-30": 0, "2015-06-30": 0, "2015-03-31": "", "2014-12-31": 0, "2014-09-30": 0, "2014-06-30": 0, "2014-03-31": "", "2013-12-31": 0, "2013-09-30": 0, "2013-06-30": 0, "2013-03-31": "", "2012-12-31": 0, "2012-09-30": 0, "2012-06-30": 0, "2012-03-31": "", "2011-12-31": 0, "2011-09-30": 0, "2011-06-30": 0, "2011-03-31": "", "2010-12-31": 0, "2010-09-30": 0, "2010-06-30": 0, "2010-03-31": "", "2009-12-31": 0, "2009-09-30": 0, "2009-06-30": 0, "2008-12-31": 0}, "Change In Accounts Payable": {"2020-09-30": 0, "2020-06-30": 0, "2020-03-31": "", "2019-12-31": 0, "2019-09-30": 0, "2019-06-30": 0, "2019-03-31": "", "2018-12-31": 0, "2018-09-30": 0, "2018-06-30": 0, "2018-03-31": "", "2017-12-31": 0, "2017-09-30": 0, "2017-06-30": 0, "2017-03-31": "", "2016-12-31": 0, "2016-09-30": 0, "2016-06-30": 0, "2016-03-31": "", "2015-12-31": 0, "2015-09-30": 0, "2015-06-30": 0, "2015-03-31": "", "2014-12-31": 0, "2014-09-30": 0, "2014-06-30": 0, "2014-03-31": "", "2013-12-31": 0, "2013-09-30": 0, "2013-06-30": 0, "2013-03-31": "", "2012-12-31": 0, "2012-09-30": 0, "2012-06-30": 0, "2012-03-31": "", "2011-12-31": 0, "2011-09-30": 0, "2011-06-30": 0, "2011-03-31": "", "2010-12-31": 0, "2010-09-30": 0, "2010-06-30": 0, "2010-03-31": "", "2009-12-31": 0, "2009-09-30": 0, "2009-06-30": 0, "2008-12-31": 0}, "Change In Assets/Liabilities": {"2020-09-30": -4.616, "2020-06-30": -14.966, "2020-03-31": "-17.97200", "2019-12-31": 10.189, "2019-09-30": -21.742, "2019-06-30": -18.417, "2019-03-31": "-10.34000", "2018-12-31": -20.476, "2018-09-30": -9.952, "2018-06-30": -21.777, "2018-03-31": "-2.74200", "2017-12-31": -7.539, "2017-09-30": -7.012, "2017-06-30": -12.181, "2017-03-31": "-13.02000", "2016-12-31": -4.163, "2016-09-30": -1.047, "2016-06-30": -21.962, "2016-03-31": "-14.24500", "2015-12-31": 11.932, "2015-09-30": -11.861, "2015-06-30": 6.621, "2015-03-31": "-6.12200", "2014-12-31": 1.173, "2014-09-30": -12.779, "2014-06-30": -2.44, "2014-03-31": "1.34400", "2013-12-31": -7.998, "2013-09-30": -13.695, "2013-06-30": 0.018, "2013-03-31": "-6.90100", "2012-12-31": 1.366, "2012-09-30": -6.519, "2012-06-30": 1.157, "2012-03-31": "-5.02300", "2011-12-31": -1.352, "2011-09-30": -4.789, "2011-06-30": 1.83, "2011-03-31": "-4.80300", "2010-12-31": 0.907, "2010-09-30": -2.455, "2010-06-30": 1.99, "2010-03-31": "-1.00700", "2009-12-31": 5.181, "2009-09-30": -1.001, "2009-06-30": -4.18, "2008-12-31": 0}, "Total Change In Assets/Liabilities": {"2020-09-30": 28.597, "2020-06-30": -39.955, "2020-03-31": "-3.45200", "2019-12-31": -41.642, "2019-09-30": -3.334, "2019-06-30": -31.158, "2019-03-31": "1.76600", "2018-12-31": -69.963, "2018-09-30": 12.897, "2018-06-30": -43.622, "2018-03-31": "-14.49900", "2017-12-31": -36.936, "2017-09-30": 10.423, "2017-06-30": -27.875, "2017-03-31": "6.37400", "2016-12-31": -18.387, "2016-09-30": 8.492, "2016-06-30": -7.43, "2016-03-31": "-12.40700", "2015-12-31": -15.23, "2015-09-30": -12.142, "2015-06-30": 4.339, "2015-03-31": "6.81900", "2014-12-31": -18.089, "2014-09-30": -1.322, "2014-06-30": -8.804, "2014-03-31": "-2.11000", "2013-12-31": -23.353, "2013-09-30": -4.816, "2013-06-30": -1.539, "2013-03-31": "-4.73700", "2012-12-31": -11.875, "2012-09-30": 3.652, "2012-06-30": -1.586, "2012-03-31": "-2.22400", "2011-12-31": -7.129, "2011-09-30": 2.155, "2011-06-30": -8.903, "2011-03-31": "-1.10700", "2010-12-31": -2.246, "2010-09-30": -3.457, "2010-06-30": -0.136, "2010-03-31": "-1.68500", "2009-12-31": -5.053, "2009-09-30": -1.903, "2009-06-30": -16.234, "2008-12-31": 11.07}, "Cash Flow From Operating Activities": {"2020-09-30": 110.406, "2020-06-30": 47.386, "2020-03-31": "90.09800", "2019-12-31": 54.411, "2019-09-30": 87.884, "2019-06-30": 56.27, "2019-03-31": "89.44600", "2018-12-31": 16.746, "2018-09-30": 95.361, "2018-06-30": 38.072, "2018-03-31": "64.44700", "2017-12-31": 53.355, "2017-09-30": 98.568, "2017-06-30": 55.316, "2017-03-31": "85.72000", "2016-12-31": 25.922, "2016-09-30": 91.985, "2016-06-30": 49.97, "2016-03-31": "58.89700", "2015-12-31": 54.638, "2015-09-30": 57.594, "2015-06-30": 36.426, "2015-03-31": "27.12500", "2014-12-31": 4.822, "2014-09-30": 22.455, "2014-06-30": 16.49, "2014-03-31": "19.40100", "2013-12-31": -2.385, "2013-09-30": 12.941, "2013-06-30": 15.886, "2013-03-31": "15.10500", "2012-12-31": 3.131, "2012-09-30": 17.289, "2012-06-30": 10.415, "2012-03-31": "11.98600", "2011-12-31": 3.995, "2011-09-30": 13.607, "2011-06-30": 2.913, "2011-03-31": "11.56700", "2010-12-31": 4.198, "2010-09-30": 1.738, "2010-06-30": -0.002, "2010-03-31": "1.68500", "2009-12-31": -2.33, "2009-09-30": 1.197, "2009-06-30": -18.987, "2008-12-31": 20.04}, "Net Change In Property, Plant, And Equipment": {"2020-09-30": -139.614, "2020-06-30": -90.237, "2020-03-31": "-79.05800", "2019-12-31": -110.699, "2019-09-30": 62.045, "2019-06-30": -94.658, "2019-03-31": "-94.61500", "2018-12-31": -364.808, "2018-09-30": 70.384, "2018-06-30": -98.49, "2018-03-31": "133.49200", "2017-12-31": 52.893, "2017-09-30": -77.321, "2017-06-30": -328.985, "2017-03-31": "5.48200", "2016-12-31": -309.211, "2016-09-30": -387.093, "2016-06-30": 21.529, "2016-03-31": "158.21400", "2015-12-31": -55.88, "2015-09-30": 4.718, "2015-06-30": -1804.218, "2015-03-31": "57.68100", "2014-12-31": -82.144, "2014-09-30": -9.019, "2014-06-30": -101.987, "2014-03-31": "-25.09900", "2013-12-31": -33.577, "2013-09-30": -341.848, "2013-06-30": -29.075, "2013-03-31": "-19.54200", "2012-12-31": -221.506, "2012-09-30": -94.469, "2012-06-30": -100.421, "2012-03-31": "-3.07400", "2011-12-31": -63.295, "2011-09-30": -60.648, "2011-06-30": -3.009, "2011-03-31": "-3.65200", "2010-12-31": -185.489, "2010-09-30": -43.753, "2010-06-30": -10.742, "2010-03-31": "-2.17200", "2009-12-31": 10.112, "2009-09-30": -4.298, "2009-06-30": -5.814, "2008-12-31": 0}, "Net Change In Intangible Assets": {"2020-09-30": 0, "2020-06-30": 0, "2020-03-31": "", "2019-12-31": 0, "2019-09-30": 0, "2019-06-30": 0, "2019-03-31": "", "2018-12-31": 0, "2018-09-30": 0, "2018-06-30": 0, "2018-03-31": "", "2017-12-31": 0, "2017-09-30": 0, "2017-06-30": 0, "2017-03-31": "", "2016-12-31": 0, "2016-09-30": 0, "2016-06-30": 0, "2016-03-31": "", "2015-12-31": 0, "2015-09-30": 0, "2015-06-30": 0, "2015-03-31": "", "2014-12-31": 0, "2014-09-30": 0, "2014-06-30": 0, "2014-03-31": "", "2013-12-31": 0, "2013-09-30": 0, "2013-06-30": 0, "2013-03-31": "", "2012-12-31": 0, "2012-09-30": 0, "2012-06-30": 0, "2012-03-31": "", "2011-12-31": 0, "2011-09-30": 0, "2011-06-30": 0, "2011-03-31": "", "2010-12-31": 0, "2010-09-30": 0, "2010-06-30": 0, "2010-03-31": "", "2009-12-31": 0, "2009-09-30": 0, "2009-06-30": 0, "2008-12-31": 0}, "Net Acquisitions/Divestitures": {"2020-09-30": 0, "2020-06-30": 0, "2020-03-31": "", "2019-12-31": 0, "2019-09-30": 0, "2019-06-30": 0, "2019-03-31": "", "2018-12-31": 0, "2018-09-30": 0, "2018-06-30": 0, "2018-03-31": "", "2017-12-31": 0, "2017-09-30": 0, "2017-06-30": 0, "2017-03-31": "", "2016-12-31": 0, "2016-09-30": 0, "2016-06-30": 0, "2016-03-31": "", "2015-12-31": 0, "2015-09-30": 0, "2015-06-30": 0, "2015-03-31": "", "2014-12-31": 0, "2014-09-30": 0, "2014-06-30": 0, "2014-03-31": "", "2013-12-31": 0, "2013-09-30": 0, "2013-06-30": 0, "2013-03-31": "", "2012-12-31": 0, "2012-09-30": 0, "2012-06-30": 0, "2012-03-31": "", "2011-12-31": 0, "2011-09-30": 0, "2011-06-30": 0, "2011-03-31": "", "2010-12-31": 0, "2010-09-30": 0, "2010-06-30": 0, "2010-03-31": "", "2009-12-31": 0, "2009-09-30": 0, "2009-06-30": 0, "2008-12-31": 0}, "Net Change In Short-term Investments": {"2020-09-30": 0, "2020-06-30": 0, "2020-03-31": "", "2019-12-31": 0, "2019-09-30": 0, "2019-06-30": 0, "2019-03-31": "", "2018-12-31": 0, "2018-09-30": 0, "2018-06-30": 0, "2018-03-31": "", "2017-12-31": 0, "2017-09-30": 0, "2017-06-30": 0, "2017-03-31": "", "2016-12-31": 0, "2016-09-30": 0, "2016-06-30": 0, "2016-03-31": "", "2015-12-31": 0, "2015-09-30": 0, "2015-06-30": 0, "2015-03-31": "", "2014-12-31": 0, "2014-09-30": 0, "2014-06-30": 0, "2014-03-31": "", "2013-12-31": 0, "2013-09-30": 0, "2013-06-30": 0, "2013-03-31": "", "2012-12-31": 0, "2012-09-30": 0, "2012-06-30": 0, "2012-03-31": "", "2011-12-31": 0, "2011-09-30": 0, "2011-06-30": 0, "2011-03-31": "", "2010-12-31": 0, "2010-09-30": 0, "2010-06-30": 0, "2010-03-31": "", "2009-12-31": 0, "2009-09-30": 0, "2009-06-30": 0, "2008-12-31": 0}, "Net Change In Long-Term Investments": {"2020-09-30": 1.296, "2020-06-30": 1.541, "2020-03-31": "1.28400", "2019-12-31": 1.531, "2019-09-30": 0.51, "2019-06-30": 2.253, "2019-03-31": "1.93200", "2018-12-31": 2.229, "2018-09-30": -149.176, "2018-06-30": 0, "2018-03-31": "", "2017-12-31": 0, "2017-09-30": 0, "2017-06-30": 0, "2017-03-31": "", "2016-12-31": 0, "2016-09-30": 0, "2016-06-30": 0, "2016-03-31": "", "2015-12-31": 0, "2015-09-30": 0, "2015-06-30": 0, "2015-03-31": "", "2014-12-31": 0, "2014-09-30": 0, "2014-06-30": 0, "2014-03-31": "", "2013-12-31": 0, "2013-09-30": 0, "2013-06-30": 0, "2013-03-31": "", "2012-12-31": 0, "2012-09-30": 0, "2012-06-30": 0, "2012-03-31": "", "2011-12-31": 0, "2011-09-30": 0, "2011-06-30": 0, "2011-03-31": "", "2010-12-31": 0, "2010-09-30": 0, "2010-06-30": 0, "2010-03-31": "", "2009-12-31": 0, "2009-09-30": 0, "2009-06-30": 0, "2008-12-31": 0}, "Net Change In Investments - Total": {"2020-09-30": 1.296, "2020-06-30": 1.541, "2020-03-31": "1.28400", "2019-12-31": 1.531, "2019-09-30": 0.51, "2019-06-30": 2.253, "2019-03-31": "1.93200", "2018-12-31": 2.229, "2018-09-30": -149.176, "2018-06-30": 0, "2018-03-31": "", "2017-12-31": 0, "2017-09-30": 0, "2017-06-30": 0, "2017-03-31": "", "2016-12-31": 0, "2016-09-30": 0, "2016-06-30": 0, "2016-03-31": "", "2015-12-31": 0, "2015-09-30": 0, "2015-06-30": 0, "2015-03-31": "", "2014-12-31": 0, "2014-09-30": 0, "2014-06-30": 0, "2014-03-31": "", "2013-12-31": 0, "2013-09-30": 0, "2013-06-30": 0, "2013-03-31": "", "2012-12-31": 0, "2012-09-30": 0, "2012-06-30": 0, "2012-03-31": "", "2011-12-31": 0, "2011-09-30": 0, "2011-06-30": 0, "2011-03-31": "", "2010-12-31": 0, "2010-09-30": 0, "2010-06-30": 0, "2010-03-31": "", "2009-12-31": -7.53, "2009-09-30": 0, "2009-06-30": 178.52, "2008-12-31": -178.52}, "Investing Activities - Other": {"2020-09-30": -0.028, "2020-06-30": -0.061, "2020-03-31": "-0.32700", "2019-12-31": 0.005, "2019-09-30": 0.235, "2019-06-30": -49.364, "2019-03-31": "-35.58400", "2018-12-31": 27.5, "2018-09-30": 14.036, "2018-06-30": -27.5, "2018-03-31": "", "2017-12-31": -1.452, "2017-09-30": 2.523, "2017-06-30": 71.216, "2017-03-31": "-57.39400", "2016-12-31": 4.295, "2016-09-30": 6.87, "2016-06-30": -19.501, "2016-03-31": "", "2015-12-31": 0, "2015-09-30": 1.5, "2015-06-30": 260.148, "2015-03-31": "-261.64800", "2014-12-31": 2.5, "2014-09-30": -30.612, "2014-06-30": 75.58, "2014-03-31": "-75.58000", "2013-12-31": 0, "2013-09-30": 20, "2013-06-30": -20, "2013-03-31": "", "2012-12-31": 0, "2012-09-30": 4.9, "2012-06-30": 0, "2012-03-31": "-8.90000", "2011-12-31": 3.085, "2011-09-30": -1.51, "2011-06-30": -1.575, "2011-03-31": "", "2010-12-31": 0, "2010-09-30": 0, "2010-06-30": 0, "2010-03-31": "", "2009-12-31": 0, "2009-09-30": 0, "2009-06-30": 0, "2008-12-31": 0}, "Cash Flow From Investing Activities": {"2020-09-30": -138.346, "2020-06-30": -88.757, "2020-03-31": "-78.10100", "2019-12-31": -109.163, "2019-09-30": 62.79, "2019-06-30": -141.769, "2019-03-31": "-128.26700", "2018-12-31": -335.079, "2018-09-30": -64.756, "2018-06-30": -125.99, "2018-03-31": "133.49200", "2017-12-31": 51.441, "2017-09-30": -74.798, "2017-06-30": -257.769, "2017-03-31": "-51.91200", "2016-12-31": -304.916, "2016-09-30": -380.223, "2016-06-30": 2.028, "2016-03-31": "158.21400", "2015-12-31": -55.88, "2015-09-30": 6.218, "2015-06-30": -1544.07, "2015-03-31": "-203.96700", "2014-12-31": -79.644, "2014-09-30": -39.631, "2014-06-30": -26.407, "2014-03-31": "-100.67900", "2013-12-31": -33.577, "2013-09-30": -321.848, "2013-06-30": -49.075, "2013-03-31": "-19.54200", "2012-12-31": -221.506, "2012-09-30": -89.569, "2012-06-30": -100.421, "2012-03-31": "-11.97400", "2011-12-31": -60.21, "2011-09-30": -62.158, "2011-06-30": -4.584, "2011-03-31": "-3.65200", "2010-12-31": -185.489, "2010-09-30": -43.753, "2010-06-30": -10.742, "2010-03-31": "-2.17200", "2009-12-31": 2.582, "2009-09-30": -4.298, "2009-06-30": 172.706, "2008-12-31": -178.52}, "Net Long-Term Debt": {"2020-09-30": 87.991, "2020-06-30": -262.82, "2020-03-31": "414.06700", "2019-12-31": 99.685, "2019-09-30": -105.931, "2019-06-30": 114.081, "2019-03-31": "94.05000", "2018-12-31": 355.217, "2018-09-30": -30.132, "2018-06-30": 119.869, "2018-03-31": "-178.52900", "2017-12-31": -3.974, "2017-09-30": 39.378, "2017-06-30": 209.372, "2017-03-31": "-300.64200", "2016-12-31": 280.399, "2016-09-30": 69.41, "2016-06-30": 260.49, "2016-03-31": "-180.90600", "2015-12-31": 191.856, "2015-09-30": -30.385, "2015-06-30": 1332.403, "2015-03-31": "-172.88100", "2014-12-31": 40.214, "2014-09-30": 68.902, "2014-06-30": 25.652, "2014-03-31": "-103.30400", "2013-12-31": 40.699, "2013-09-30": 254.665, "2013-06-30": -0.687, "2013-03-31": "-51.87200", "2012-12-31": 222.821, "2012-09-30": 9.314, "2012-06-30": -10.529, "2012-03-31": "-38.62900", "2011-12-31": 57.563, "2011-09-30": -10.491, "2011-06-30": -56.913, "2011-03-31": "-9.61700", "2010-12-31": 111.117, "2010-09-30": 0, "2010-06-30": -154.003, "2010-03-31": "1.48500", "2009-12-31": -1.437, "2009-09-30": 1.2, "2009-06-30": 0.237, "2008-12-31": 0}, "Net Current Debt": {"2020-09-30": 0, "2020-06-30": 0, "2020-03-31": "", "2019-12-31": 0, "2019-09-30": 0, "2019-06-30": 0, "2019-03-31": "", "2018-12-31": 0, "2018-09-30": 0, "2018-06-30": 0, "2018-03-31": "", "2017-12-31": 0, "2017-09-30": 0, "2017-06-30": 0, "2017-03-31": "", "2016-12-31": 0, "2016-09-30": 0, "2016-06-30": 0, "2016-03-31": "", "2015-12-31": 0, "2015-09-30": 0, "2015-06-30": 0, "2015-03-31": "", "2014-12-31": 0, "2014-09-30": 0, "2014-06-30": 0, "2014-03-31": "", "2013-12-31": 0, "2013-09-30": 0, "2013-06-30": 0, "2013-03-31": "", "2012-12-31": 0, "2012-09-30": 0, "2012-06-30": 0, "2012-03-31": "", "2011-12-31": 0, "2011-09-30": 0, "2011-06-30": 0, "2011-03-31": "", "2010-12-31": 0, "2010-09-30": 0, "2010-06-30": 0, "2010-03-31": "", "2009-12-31": 0, "2009-09-30": 0, "2009-06-30": -18.06, "2008-12-31": 18.06}, "Debt Issuance/Retirement Net - Total": {"2020-09-30": 87.991, "2020-06-30": -262.82, "2020-03-31": "414.06700", "2019-12-31": 99.685, "2019-09-30": -105.931, "2019-06-30": 114.081, "2019-03-31": "94.05000", "2018-12-31": 355.217, "2018-09-30": -30.132, "2018-06-30": 119.869, "2018-03-31": "-178.52900", "2017-12-31": -3.974, "2017-09-30": 39.378, "2017-06-30": 209.372, "2017-03-31": "-300.64200", "2016-12-31": 280.399, "2016-09-30": 69.41, "2016-06-30": 260.49, "2016-03-31": "-180.90600", "2015-12-31": 191.856, "2015-09-30": -30.385, "2015-06-30": 1332.403, "2015-03-31": "-172.88100", "2014-12-31": 40.214, "2014-09-30": 68.902, "2014-06-30": 25.652, "2014-03-31": "-103.30400", "2013-12-31": 40.699, "2013-09-30": 254.665, "2013-06-30": -0.687, "2013-03-31": "-51.87200", "2012-12-31": 222.821, "2012-09-30": 9.314, "2012-06-30": -10.529, "2012-03-31": "-38.62900", "2011-12-31": 57.563, "2011-09-30": -10.491, "2011-06-30": -56.913, "2011-03-31": "-9.61700", "2010-12-31": 111.117, "2010-09-30": 0, "2010-06-30": -154.003, "2010-03-31": "1.48500", "2009-12-31": -1.437, "2009-09-30": 1.2, "2009-06-30": 0.237, "2008-12-31": 0}, "Net Common Equity Issued/Repurchased": {"2020-09-30": -18.124, "2020-06-30": 0, "2020-03-31": "-35.35100", "2019-12-31": 0, "2019-09-30": 0, "2019-06-30": 0, "2019-03-31": "", "2018-12-31": -50, "2018-09-30": 0.207, "2018-06-30": -0.034, "2018-03-31": "-0.17300", "2017-12-31": -0.142, "2017-09-30": 0.015, "2017-06-30": -0.166, "2017-03-31": "647.67500", "2016-12-31": 569.067, "2016-09-30": 586.886, "2016-06-30": 293.628, "2016-03-31": "", "2015-12-31": -0.183, "2015-09-30": -0.032, "2015-06-30": -4.737, "2015-03-31": "385.57200", "2014-12-31": -1.599, "2014-09-30": 0, "2014-06-30": 0, "2014-03-31": "197.46800", "2013-12-31": 10.548, "2013-09-30": 0, "2013-06-30": -0.65, "2013-03-31": "189.88800", "2012-12-31": -0.882, "2012-09-30": -0.503, "2012-06-30": 190.798, "2012-03-31": "", "2011-12-31": 0, "2011-09-30": 0, "2011-06-30": 156.696, "2011-03-31": "", "2010-12-31": -0.001, "2010-09-30": 0, "2010-06-30": 252.721, "2010-03-31": "", "2009-12-31": 0, "2009-09-30": 0, "2009-06-30": 0, "2008-12-31": 0}, "Net Total Equity Issued/Repurchased": {"2020-09-30": -18.124, "2020-06-30": 0, "2020-03-31": "-35.35100", "2019-12-31": 0, "2019-09-30": 0.525, "2019-06-30": -0.525, "2019-03-31": "", "2018-12-31": -50, "2018-09-30": 0.207, "2018-06-30": -0.396, "2018-03-31": "-0.17300", "2017-12-31": -0.142, "2017-09-30": 0.015, "2017-06-30": -0.166, "2017-03-31": "647.67500", "2016-12-31": 569.067, "2016-09-30": 586.886, "2016-06-30": 293.628, "2016-03-31": "", "2015-12-31": -145.183, "2015-09-30": -0.032, "2015-06-30": -4.737, "2015-03-31": "385.57200", "2014-12-31": -1.599, "2014-09-30": 0, "2014-06-30": 0, "2014-03-31": "197.17000", "2013-12-31": 8.548, "2013-09-30": 0, "2013-06-30": -0.65, "2013-03-31": "189.88800", "2012-12-31": -0.882, "2012-09-30": -0.503, "2012-06-30": 190.798, "2012-03-31": "57.50000", "2011-12-31": 0, "2011-09-30": 0, "2011-06-30": 156.696, "2011-03-31": "", "2010-12-31": 87.499, "2010-09-30": 0, "2010-06-30": 252.721, "2010-03-31": "", "2009-12-31": 0, "2009-09-30": 0, "2009-06-30": 0, "2008-12-31": 0}, "Total Common And Preferred Stock Dividends Paid": {"2020-09-30": -39.006, "2020-06-30": -39.043, "2020-03-31": "-39.03600", "2019-12-31": -39.282, "2019-09-30": -39.285, "2019-06-30": -39.29, "2019-03-31": "-40.58000", "2018-12-31": -39.097, "2018-09-30": -39.507, "2018-06-30": -39.507, "2018-03-31": "-39.51000", "2017-12-31": -40.295, "2017-09-30": -39.404, "2017-06-30": -39.403, "2017-03-31": "-40.07800", "2016-12-31": -29.509, "2016-09-30": -88.628, "2016-06-30": 29.643, "2016-03-31": "-29.96100", "2015-12-31": -31.624, "2015-09-30": -21.421, "2015-06-30": -21.419, "2015-03-31": "-13.48200", "2014-12-31": -12.127, "2014-09-30": -11.874, "2014-06-30": -11.874, "2014-03-31": "-11.87600", "2013-12-31": -10.646, "2013-09-30": -10.619, "2013-06-30": -10.619, "2013-03-31": "-10.61600", "2012-12-31": -9.438, "2012-09-30": -9.44, "2012-06-30": -9.455, "2012-03-31": "-7.79000", "2011-12-31": -6.552, "2011-09-30": -6.55, "2011-06-30": -6.551, "2011-03-31": "-5.15900", "2010-12-31": -5.589, "2010-09-30": 0, "2010-06-30": 0, "2010-03-31": "", "2009-12-31": 0, "2009-09-30": 0, "2009-06-30": 0, "2008-12-31": 0}, "Financial Activities - Other": {"2020-09-30": 344.481, "2020-06-30": -4.013, "2020-03-31": "-5.81700", "2019-12-31": -16.732, "2019-09-30": 1.809, "2019-06-30": 6.709, "2019-03-31": "-16.76900", "2018-12-31": 57.166, "2018-09-30": 36.078, "2018-06-30": -1.041, "2018-03-31": "-6.02700", "2017-12-31": -72.612, "2017-09-30": -0.778, "2017-06-30": -10.514, "2017-03-31": "-315.26500", "2016-12-31": -544.228, "2016-09-30": -524.539, "2016-06-30": -354.57, "2016-03-31": "-2.42800", "2015-12-31": -5.997, "2015-09-30": -5.633, "2015-06-30": -6.166, "2015-03-31": "207.77000", "2014-12-31": -3.31, "2014-09-30": -3.252, "2014-06-30": -0.127, "2014-03-31": "-2.00500", "2013-12-31": -1.624, "2013-09-30": -2.128, "2013-06-30": -0.087, "2013-03-31": "-0.30500", "2012-12-31": -2.51, "2012-09-30": -2.328, "2012-06-30": -0.141, "2012-03-31": "-2.94000", "2011-12-31": -1.806, "2011-09-30": -0.586, "2011-06-30": -42.941, "2011-03-31": "-3.74100", "2010-12-31": -4.84, "2010-09-30": 0.008, "2010-06-30": -9.663, "2010-03-31": "0.98300", "2009-12-31": 0.603, "2009-09-30": 1.708, "2009-06-30": -143.121, "2008-12-31": 145.73}, "Cash Flow From Financial Activities": {"2020-09-30": 375.342, "2020-06-30": -305.876, "2020-03-31": "333.86300", "2019-12-31": 43.671, "2019-09-30": -142.882, "2019-06-30": 80.975, "2019-03-31": "36.70100", "2018-12-31": 323.286, "2018-09-30": -33.354, "2018-06-30": 78.925, "2018-03-31": "-224.23900", "2017-12-31": -117.023, "2017-09-30": -0.789, "2017-06-30": 159.289, "2017-03-31": "-8.31000", "2016-12-31": 275.729, "2016-09-30": 43.129, "2016-06-30": 229.191, "2016-03-31": "-213.29500", "2015-12-31": 9.052, "2015-09-30": -57.471, "2015-06-30": 1300.081, "2015-03-31": "406.97900", "2014-12-31": 23.178, "2014-09-30": 53.776, "2014-06-30": 13.651, "2014-03-31": "79.98500", "2013-12-31": 36.977, "2013-09-30": 241.918, "2013-06-30": -12.043, "2013-03-31": "127.09500", "2012-12-31": 209.991, "2012-09-30": -2.957, "2012-06-30": 170.673, "2012-03-31": "8.14100", "2011-12-31": 49.205, "2011-09-30": -17.627, "2011-06-30": 50.291, "2011-03-31": "-18.51700", "2010-12-31": 188.187, "2010-09-30": 0.008, "2010-06-30": 89.055, "2010-03-31": "2.46800", "2009-12-31": -0.834, "2009-09-30": 2.908, "2009-06-30": -160.944, "2008-12-31": 163.79}, "Net Cash Flow": {"2020-09-30": 347.402, "2020-06-30": -347.247, "2020-03-31": "345.86000", "2019-12-31": -11.081, "2019-09-30": 7.792, "2019-06-30": -4.524, "2019-03-31": "-2.12000", "2018-12-31": 4.953, "2018-09-30": -2.749, "2018-06-30": -8.993, "2018-03-31": "-26.30000", "2017-12-31": -12.227, "2017-09-30": 22.981, "2017-06-30": -43.164, "2017-03-31": "25.49800", "2016-12-31": -3.265, "2016-09-30": -245.109, "2016-06-30": 281.189, "2016-03-31": "3.81600", "2015-12-31": 7.81, "2015-09-30": 6.341, "2015-06-30": -207.563, "2015-03-31": "230.13700", "2014-12-31": -51.644, "2014-09-30": 36.6, "2014-06-30": 3.734, "2014-03-31": "-1.29300", "2013-12-31": 1.015, "2013-09-30": -66.989, "2013-06-30": -45.232, "2013-03-31": "122.65800", "2012-12-31": -8.384, "2012-09-30": -75.237, "2012-06-30": 80.667, "2012-03-31": "8.15300", "2011-12-31": -7.01, "2011-09-30": -66.178, "2011-06-30": 48.62, "2011-03-31": "-10.60200", "2010-12-31": 6.896, "2010-09-30": -42.007, "2010-06-30": 78.311, "2010-03-31": "1.98100", "2009-12-31": -0.582, "2009-09-30": -0.193, "2009-06-30": -7.225, "2008-12-31": 5.31}, "Stock-Based Compensation": {"2020-09-30": 0, "2020-06-30": 0, "2020-03-31": "", "2019-12-31": 0, "2019-09-30": 0, "2019-06-30": 0, "2019-03-31": "", "2018-12-31": 0, "2018-09-30": 0, "2018-06-30": 0, "2018-03-31": "", "2017-12-31": 0, "2017-09-30": 0, "2017-06-30": 0, "2017-03-31": "", "2016-12-31": 0, "2016-09-30": 0, "2016-06-30": 0, "2016-03-31": "", "2015-12-31": 0, "2015-09-30": 0, "2015-06-30": 0, "2015-03-31": "", "2014-12-31": 0, "2014-09-30": 0, "2014-06-30": 0, "2014-03-31": "", "2013-12-31": 0, "2013-09-30": 0, "2013-06-30": 0, "2013-03-31": "", "2012-12-31": 0, "2012-09-30": 0, "2012-06-30": 0, "2012-03-31": "", "2011-12-31": 0, "2011-09-30": 0, "2011-06-30": 0, "2011-03-31": "", "2010-12-31": 0, "2010-09-30": 0, "2010-06-30": 0, "2010-03-31": "", "2009-12-31": 0, "2009-09-30": 0, "2009-06-30": 0, "2008-12-31": 0}, "Common Stock Dividends Paid": {"2020-09-30": -38.853, "2020-06-30": -38.89, "2020-03-31": "-38.88300", "2019-12-31": -39.129, "2019-09-30": -39.132, "2019-06-30": -39.137, "2019-03-31": "-40.42700", "2018-12-31": -38.944, "2018-09-30": -39.354, "2018-06-30": -39.354, "2018-03-31": "-39.35100", "2017-12-31": -40.136, "2017-09-30": -39.245, "2017-06-30": -39.244, "2017-03-31": "-39.91900", "2016-12-31": -29.35, "2016-09-30": -88.469, "2016-06-30": 29.802, "2016-03-31": "-29.80200", "2015-12-31": -29.138, "2015-09-30": -18.226, "2015-06-30": -18.224, "2015-03-31": "-10.28700", "2014-12-31": -8.932, "2014-09-30": -8.679, "2014-06-30": -8.679, "2014-03-31": "-8.67600", "2013-12-31": -7.446, "2013-09-30": -7.388, "2013-06-30": -7.388, "2013-03-31": "-7.38500", "2012-12-31": -6.207, "2012-09-30": -6.209, "2012-06-30": -6.224, "2012-03-31": "-4.55900", "2011-12-31": -4.525, "2011-09-30": -4.523, "2011-06-30": -4.524, "2011-03-31": "-3.13200", "2010-12-31": -4.773, "2010-09-30": 0, "2010-06-30": 0, "2010-03-31": "", "2009-12-31": 0, "2009-09-30": 0, "2009-06-30": 0, "2008-12-31": 0}}, "financial ratios": {"Current Ratio": {"2019-12-31": "", "2018-12-31": "", "2017-12-31": "", "2016-12-31": "", "2015-12-31": "", "2014-12-31": "", "2013-12-31": "", "2012-12-31": "", "2011-12-31": "", "2010-12-31": "", "2009-12-31": "", "2008-12-31": ""}, "Long-term Debt / Capital": {"2019-12-31": "0.44870", "2018-12-31": "0.42480", "2017-12-31": "0.38240", "2016-12-31": "0.40050", "2015-12-31": "0.37740", "2014-12-31": "0.41720", "2013-12-31": "0.44610", "2012-12-31": "0.39350", "2011-12-31": "0.36730", "2010-12-31": "0.37860", "2009-12-31": "0.45550", "2008-12-31": "0.42060"}, "Debt/Equity Ratio": {"2019-12-31": "0.81390", "2018-12-31": "0.73840", "2017-12-31": "0.61910", "2016-12-31": "0.66800", "2015-12-31": "0.60620", "2014-12-31": "0.71580", "2013-12-31": "0.80550", "2012-12-31": "0.64880", "2011-12-31": "0.58060", "2010-12-31": "0.60920", "2009-12-31": "0.83640", "2008-12-31": "0.72590"}, "Gross Margin": {"2019-12-31": "", "2018-12-31": "", "2017-12-31": "", "2016-12-31": "", "2015-12-31": "", "2014-12-31": "", "2013-12-31": "", "2012-12-31": "", "2011-12-31": "", "2010-12-31": "", "2009-12-31": "", "2008-12-31": ""}, "Operating Margin": {"2019-12-31": "19.87640", "2018-12-31": "20.41110", "2017-12-31": "18.76060", "2016-12-31": "13.97770", "2015-12-31": "9.09820", "2014-12-31": "19.20840", "2013-12-31": "13.60200", "2012-12-31": "8.89130", "2011-12-31": "10.42750", "2010-12-31": "16.83380", "2009-12-31": "17.57820", "2008-12-31": "22.17660"}, "EBIT Margin": {"2019-12-31": "19.87640", "2018-12-31": "20.41110", "2017-12-31": "18.76060", "2016-12-31": "13.97770", "2015-12-31": "9.09820", "2014-12-31": "19.20840", "2013-12-31": "13.60200", "2012-12-31": "8.89130", "2011-12-31": "10.42750", "2010-12-31": "16.83380", "2009-12-31": "17.57820", "2008-12-31": "22.17660"}, "EBITDA Margin": {"2019-12-31": "55.68310", "2018-12-31": "55.32570", "2017-12-31": "57.85170", "2016-12-31": "55.72710", "2015-12-31": "53.95600", "2014-12-31": "49.04330", "2013-12-31": "48.65150", "2012-12-31": "45.74510", "2011-12-31": "46.59030", "2010-12-31": "46.74140", "2009-12-31": "44.60590", "2008-12-31": "44.18510"}, "Pre-Tax Profit Margin": {"2019-12-31": "6.82560", "2018-12-31": "15.34570", "2017-12-31": "12.98670", "2016-12-31": "6.84100", "2015-12-31": "-3.08760", "2014-12-31": "9.34670", "2013-12-31": "0.68840", "2012-12-31": "-3.40080", "2011-12-31": "-4.18700", "2010-12-31": "-4.42280", "2009-12-31": "-1.44650", "2008-12-31": "-5.57870"}, "Net Profit Margin": {"2019-12-31": "5.24990", "2018-12-31": "13.51530", "2017-12-31": "9.33370", "2016-12-31": "4.25520", "2015-12-31": "-3.14810", "2014-12-31": "3.92830", "2013-12-31": "-7.21600", "2012-12-31": "-10.71290", "2011-12-31": "-7.80270", "2010-12-31": "-5.35950", "2009-12-31": "-1.38140", "2008-12-31": "-5.40640"}, "Asset Turnover": {"2019-12-31": "0.10960", "2018-12-31": "0.10300", "2017-12-31": "0.11000", "2016-12-31": "0.09580", "2015-12-31": "0.08330", "2014-12-31": "0.10850", "2013-12-31": "0.09640", "2012-12-31": "0.10290", "2011-12-31": "0.11600", "2010-12-31": "0.06040", "2009-12-31": "0.09930", "2008-12-31": "0.12150"}, "Inventory Turnover Ratio": {"2019-12-31": "", "2018-12-31": "", "2017-12-31": "", "2016-12-31": "", "2015-12-31": "", "2014-12-31": "", "2013-12-31": "", "2012-12-31": "", "2011-12-31": "", "2010-12-31": "", "2009-12-31": "", "2008-12-31": ""}, "Receiveable Turnover": {"2019-12-31": "", "2018-12-31": "", "2017-12-31": "", "2016-12-31": "", "2015-12-31": "", "2014-12-31": "", "2013-12-31": "", "2012-12-31": "", "2011-12-31": "", "2010-12-31": "", "2009-12-31": "", "2008-12-31": ""}, "Days Sales In Receivables": {"2019-12-31": "", "2018-12-31": "", "2017-12-31": "", "2016-12-31": "", "2015-12-31": "", "2014-12-31": "", "2013-12-31": "", "2012-12-31": "", "2011-12-31": "", "2010-12-31": "", "2009-12-31": "", "2008-12-31": ""}, "ROE - Return On Equity": {"2019-12-31": "1.50550", "2018-12-31": "2.91850", "2017-12-31": "2.41780", "2016-12-31": "1.18180", "2015-12-31": "-0.43130", "2014-12-31": "2.09610", "2013-12-31": "0.14770", "2012-12-31": "-0.72550", "2011-12-31": "-0.93140", "2010-12-31": "-0.56580", "2009-12-31": "-0.28420", "2008-12-31": ""}, "Return On Tangible Equity": {"2019-12-31": "1.63110", "2018-12-31": "3.14860", "2017-12-31": "2.57520", "2016-12-31": "1.28180", "2015-12-31": "-0.47200", "2014-12-31": "2.03450", "2013-12-31": "0.14360", "2012-12-31": "-0.67580", "2011-12-31": "-0.93980", "2010-12-31": "-0.57510", "2009-12-31": "-0.31110", "2008-12-31": "-1.36460"}, "ROA - Return On Assets": {"2019-12-31": "0.74790", "2018-12-31": "1.58090", "2017-12-31": "1.42800", "2016-12-31": "0.65520", "2015-12-31": "-0.25710", "2014-12-31": "1.01430", "2013-12-31": "0.06640", "2012-12-31": "-0.34990", "2011-12-31": "-0.48570", "2010-12-31": "-0.26700", "2009-12-31": "-0.14370", "2008-12-31": "-0.67800"}, "ROI - Return On Investment": {"2019-12-31": "0.83000", "2018-12-31": "1.67880", "2017-12-31": "1.49330", "2016-12-31": "0.70850", "2015-12-31": "-0.26850", "2014-12-31": "1.08270", "2013-12-31": "0.07110", "2012-12-31": "-0.36890", "2011-12-31": "-0.51440", "2010-12-31": "-0.29680", "2009-12-31": "-0.15480", "2008-12-31": "-0.72550"}, "Book Value Per Share": {"2019-12-31": "23.97920", "2018-12-31": "24.81100", "2017-12-31": "25.13430", "2016-12-31": "27.12800", "2015-12-31": "41.82690", "2014-12-31": "19.08760", "2013-12-31": "19.27080", "2012-12-31": "18.89010", "2011-12-31": "20.35010", "2010-12-31": "25.02700", "2009-12-31": "", "2008-12-31": ""}, "Operating Cash Flow Per Share": {"2019-12-31": 0.4714, "2018-12-31": -0.5206, "2017-12-31": -0.1606, "2016-12-31": 0.009, "2015-12-31": 1.0959, "2014-12-31": 0.1969, "2013-12-31": -0.2754, "2012-12-31": -0.0632, "2011-12-31": 1.0915, "2010-12-31": 0, "2009-12-31": 0, "2008-12-31": 0}, "Free Cash Flow Per Share": {"2019-12-31": 0.6075, "2018-12-31": 0.0687, "2017-12-31": 2.2702, "2016-12-31": 16.2499, "2015-12-31": -16.5438, "2014-12-31": 4.5997, "2013-12-31": 2.1137, "2012-12-31": -5.6932, "2011-12-31": -3.3519, "2010-12-31": 0, "2009-12-31": 0, "2008-12-31": 0}}, "financial ratios, quarterly": {"Current Ratio": {"2020-09-30": "", "2020-06-30": "", "2020-03-31": "", "2019-12-31": "", "2019-09-30": "", "2019-06-30": "", "2019-03-31": "", "2018-12-31": "", "2018-09-30": "", "2018-06-30": "", "2018-03-31": "", "2017-12-31": "", "2017-09-30": "", "2017-06-30": "", "2017-03-31": "", "2016-12-31": "", "2016-09-30": "", "2016-06-30": "", "2016-03-31": "", "2015-12-31": "", "2015-09-30": "", "2015-06-30": "", "2015-03-31": "", "2014-12-31": "", "2014-09-30": "", "2014-06-30": "", "2014-03-31": "", "2013-12-31": "", "2013-09-30": "", "2013-06-30": "", "2013-03-31": "", "2012-12-31": "", "2012-09-30": "", "2012-06-30": "", "2012-03-31": "", "2011-12-31": "", "2011-09-30": "", "2011-06-30": "", "2011-03-31": "", "2010-12-31": "", "2010-09-30": "", "2010-06-30": "", "2010-03-31": "", "2009-12-31": "", "2009-09-30": "", "2009-06-30": "", "2008-12-31": ""}, "Long-term Debt / Capital": {"2020-09-30": "0.45500", "2020-06-30": "0.46840", "2020-03-31": "0.48620", "2019-12-31": "0.44870", "2019-09-30": "0.43990", "2019-06-30": "0.45030", "2019-03-31": "0.43800", "2018-12-31": "0.42480", "2018-09-30": "0.38720", "2018-06-30": "0.37560", "2018-03-31": "0.36260", "2017-12-31": "0.38240", "2017-09-30": "0.37960", "2017-06-30": "0.39480", "2017-03-31": "0.37230", "2016-12-31": "0.40050", "2016-09-30": "0.39770", "2016-06-30": "0.38990", "2016-03-31": "0.36040", "2015-12-31": "0.37740", "2015-09-30": "0.34870", "2015-06-30": "0.34990", "2015-03-31": "0.29460", "2014-12-31": "0.41720", "2014-09-30": "0.41670", "2014-06-30": "0.39830", "2014-03-31": "0.39040", "2013-12-31": "0.44610", "2013-09-30": "0.44800", "2013-06-30": "0.36440", "2013-03-31": "0.32950", "2012-12-31": "0.39350", "2012-09-30": "0.28360", "2012-06-30": "0.27640", "2012-03-31": "0.32850", "2011-12-31": "0.36730", "2011-09-30": "0.30000", "2011-06-30": "0.28070", "2011-03-31": "0.37410", "2010-12-31": "0.37860", "2010-09-30": "0.16350", "2010-06-30": "0.16280", "2010-03-31": "", "2009-12-31": "", "2009-09-30": "", "2009-06-30": "", "2008-12-31": ""}, "Debt/Equity Ratio": {"2020-09-30": "0.83470", "2020-06-30": "0.88100", "2020-03-31": "0.94620", "2019-12-31": "0.81390", "2019-09-30": "0.78520", "2019-06-30": "0.81900", "2019-03-31": "0.77940", "2018-12-31": "0.73840", "2018-09-30": "0.63190", "2018-06-30": "0.60160", "2018-03-31": "0.56890", "2017-12-31": "0.61910", "2017-09-30": "0.61180", "2017-06-30": "0.65220", "2017-03-31": "0.59320", "2016-12-31": "0.66800", "2016-09-30": "0.66040", "2016-06-30": "0.63910", "2016-03-31": "0.56350", "2015-12-31": "0.60620", "2015-09-30": "0.53530", "2015-06-30": "0.53820", "2015-03-31": "0.41770", "2014-12-31": "0.71580", "2014-09-30": "0.71450", "2014-06-30": "0.66200", "2014-03-31": "0.64050", "2013-12-31": "0.80550", "2013-09-30": "0.81160", "2013-06-30": "0.57340", "2013-03-31": "0.49150", "2012-12-31": "0.64880", "2012-09-30": "0.39580", "2012-06-30": "0.38200", "2012-03-31": "0.48920", "2011-12-31": "0.58060", "2011-09-30": "0.42850", "2011-06-30": "0.39030", "2011-03-31": "0.59780", "2010-12-31": "0.60920", "2010-09-30": "0.19550", "2010-06-30": "0.19450", "2010-03-31": "", "2009-12-31": "", "2009-09-30": "", "2009-06-30": "", "2008-12-31": ""}, "Gross Margin": {"2020-09-30": "", "2020-06-30": "", "2020-03-31": "", "2019-12-31": "", "2019-09-30": "", "2019-06-30": "", "2019-03-31": "", "2018-12-31": "", "2018-09-30": "", "2018-06-30": "", "2018-03-31": "", "2017-12-31": "", "2017-09-30": "", "2017-06-30": "", "2017-03-31": "", "2016-12-31": "", "2016-09-30": "", "2016-06-30": "", "2016-03-31": "", "2015-12-31": "", "2015-09-30": "", "2015-06-30": "", "2015-03-31": "", "2014-12-31": "", "2014-09-30": "", "2014-06-30": "", "2014-03-31": "", "2013-12-31": "", "2013-09-30": "", "2013-06-30": "", "2013-03-31": "", "2012-12-31": "", "2012-09-30": "", "2012-06-30": "", "2012-03-31": "", "2011-12-31": "", "2011-09-30": "", "2011-06-30": "", "2011-03-31": "", "2010-12-31": "", "2010-09-30": "", "2010-06-30": "", "2010-03-31": "", "2009-12-31": "", "2009-09-30": "", "2009-06-30": "", "2008-12-31": ""}, "Operating Margin": {"2020-09-30": "14.61960", "2020-06-30": "17.43870", "2020-03-31": "19.07410", "2019-12-31": "20.21330", "2019-09-30": "20.09570", "2019-06-30": "19.46090", "2019-03-31": "19.69010", "2018-12-31": "20.86950", "2018-09-30": "20.13750", "2018-06-30": "20.42660", "2018-03-31": "20.15700", "2017-12-31": "23.15070", "2017-09-30": "19.02950", "2017-06-30": "15.57230", "2017-03-31": "16.93730", "2016-12-31": "16.05580", "2016-09-30": "14.42430", "2016-06-30": "12.83750", "2016-03-31": "12.38200", "2015-12-31": "8.92530", "2015-09-30": "2.74820", "2015-06-30": "10.60080", "2015-03-31": "21.21160", "2014-12-31": "17.23550", "2014-09-30": "18.51960", "2014-06-30": "21.23810", "2014-03-31": "20.18130", "2013-12-31": "18.01140", "2013-09-30": "9.69110", "2013-06-30": "15.43360", "2013-03-31": "10.82860", "2012-12-31": "4.39980", "2012-09-30": "11.16700", "2012-06-30": "6.15180", "2012-03-31": "14.27900", "2011-12-31": "1.94440", "2011-09-30": "11.18450", "2011-06-30": "13.21580", "2011-03-31": "13.91790", "2010-12-31": "18.34710", "2010-09-30": "11.58530", "2010-06-30": "16.00070", "2010-03-31": "23.13790", "2009-12-31": "", "2009-09-30": "18.98580", "2009-06-30": "18.88620", "2008-12-31": ""}, "EBIT Margin": {"2020-09-30": "14.61960", "2020-06-30": "17.43870", "2020-03-31": "19.07410", "2019-12-31": "20.21330", "2019-09-30": "20.09570", "2019-06-30": "19.46090", "2019-03-31": "19.69010", "2018-12-31": "20.86950", "2018-09-30": "20.13750", "2018-06-30": "20.42660", "2018-03-31": "20.15700", "2017-12-31": "23.15070", "2017-09-30": "19.02950", "2017-06-30": "15.57230", "2017-03-31": "16.93730", "2016-12-31": "16.05580", "2016-09-30": "14.42430", "2016-06-30": "12.83750", "2016-03-31": "12.38200", "2015-12-31": "8.92530", "2015-09-30": "2.74820", "2015-06-30": "10.60080", "2015-03-31": "21.21160", "2014-12-31": "17.23550", "2014-09-30": "18.51960", "2014-06-30": "21.23810", "2014-03-31": "20.18130", "2013-12-31": "18.01140", "2013-09-30": "9.69110", "2013-06-30": "15.43360", "2013-03-31": "10.82860", "2012-12-31": "4.39980", "2012-09-30": "11.16700", "2012-06-30": "6.15180", "2012-03-31": "14.27900", "2011-12-31": "1.94440", "2011-09-30": "11.18450", "2011-06-30": "13.21580", "2011-03-31": "13.91790", "2010-12-31": "18.34710", "2010-09-30": "11.58530", "2010-06-30": "16.00070", "2010-03-31": "23.13790", "2009-12-31": "", "2009-09-30": "18.98580", "2009-06-30": "18.88620", "2008-12-31": ""}, "EBITDA Margin": {"2020-09-30": "", "2020-06-30": "", "2020-03-31": "", "2019-12-31": "", "2019-09-30": "", "2019-06-30": "", "2019-03-31": "", "2018-12-31": "", "2018-09-30": "", "2018-06-30": "", "2018-03-31": "", "2017-12-31": "", "2017-09-30": "", "2017-06-30": "", "2017-03-31": "", "2016-12-31": "", "2016-09-30": "", "2016-06-30": "", "2016-03-31": "", "2015-12-31": "", "2015-09-30": "", "2015-06-30": "", "2015-03-31": "", "2014-12-31": "", "2014-09-30": "", "2014-06-30": "", "2014-03-31": "", "2013-12-31": "", "2013-09-30": "", "2013-06-30": "", "2013-03-31": "", "2012-12-31": "", "2012-09-30": "", "2012-06-30": "", "2012-03-31": "", "2011-12-31": "", "2011-09-30": "", "2011-06-30": "", "2011-03-31": "", "2010-12-31": "", "2010-09-30": "", "2010-06-30": "", "2010-03-31": "", "2009-12-31": "", "2009-09-30": "", "2009-06-30": "", "2008-12-31": ""}, "Pre-Tax Profit Margin": {"2020-09-30": "-0.69390", "2020-06-30": "3.53000", "2020-03-31": "6.76390", "2019-12-31": "7.83240", "2019-09-30": "30.33070", "2019-06-30": "6.52050", "2019-03-31": "-18.69150", "2018-12-31": "9.70450", "2018-09-30": "11.21760", "2018-06-30": "11.24120", "2018-03-31": "30.18820", "2017-12-31": "25.85710", "2017-09-30": "7.63600", "2017-06-30": "3.85260", "2017-03-31": "14.34530", "2016-12-31": "17.06360", "2016-09-30": "3.16980", "2016-06-30": "2.61470", "2016-03-31": "3.89220", "2015-12-31": "-1.77500", "2015-09-30": "-1.20620", "2015-06-30": "-23.76710", "2015-03-31": "39.11560", "2014-12-31": "1.30740", "2014-09-30": "16.80430", "2014-06-30": "10.86290", "2014-03-31": "8.27580", "2013-12-31": "5.64800", "2013-09-30": "-4.86800", "2013-06-30": "2.37180", "2013-03-31": "-0.75130", "2012-12-31": "-7.61800", "2012-09-30": "-0.41660", "2012-06-30": "-6.42810", "2012-03-31": "1.22410", "2011-12-31": "-16.36300", "2011-09-30": "-2.17520", "2011-06-30": "-0.62860", "2011-03-31": "0.26720", "2010-12-31": "-2.52060", "2010-09-30": "0.15420", "2010-06-30": "-25.67870", "2010-03-31": "6.09180", "2009-12-31": "", "2009-09-30": "0.83940", "2009-06-30": "-0.65570", "2008-12-31": ""}, "Net Profit Margin": {"2020-09-30": "-2.76940", "2020-06-30": "1.85840", "2020-03-31": "5.22580", "2019-12-31": "6.37420", "2019-09-30": "28.30720", "2019-06-30": "4.97620", "2019-03-31": "-19.95650", "2018-12-31": "8.21540", "2018-09-30": "9.61110", "2018-06-30": "9.24940", "2018-03-31": "27.89890", "2017-12-31": "17.33980", "2017-09-30": "5.82250", "2017-06-30": "1.96840", "2017-03-31": "12.19060", "2016-12-31": "13.32490", "2016-09-30": "1.12220", "2016-06-30": "0.54370", "2016-03-31": "1.46740", "2015-12-31": "-4.17710", "2015-09-30": "-2.57660", "2015-06-30": "-16.62700", "2015-03-31": "30.57910", "2014-12-31": "-3.39080", "2014-09-30": "11.18040", "2014-06-30": "5.41620", "2014-03-31": "2.26640", "2013-12-31": "-0.14450", "2013-09-30": "-10.67330", "2013-06-30": "-13.04920", "2013-03-31": "-6.06110", "2012-12-31": "-13.95350", "2012-09-30": "-8.36910", "2012-06-30": "-13.34480", "2012-03-31": "-6.90020", "2011-12-31": "-11.01940", "2011-09-30": "-7.23790", "2011-06-30": "-6.28910", "2011-03-31": "-7.21180", "2010-12-31": "-5.60620", "2010-09-30": "-0.98260", "2010-06-30": "-23.11720", "2010-03-31": "6.06450", "2009-12-31": "", "2009-09-30": "0.82210", "2009-06-30": "-0.62800", "2008-12-31": ""}, "Asset Turnover": {"2020-09-30": "0.02470", "2020-06-30": "0.02610", "2020-03-31": "0.02630", "2019-12-31": "0.02900", "2019-09-30": "0.02790", "2019-06-30": "0.02630", "2019-03-31": "0.02680", "2018-12-31": "0.02810", "2018-09-30": "0.02680", "2018-06-30": "0.02670", "2018-03-31": "0.02700", "2017-12-31": "0.02860", "2017-09-30": "0.02750", "2017-06-30": "0.02630", "2017-03-31": "0.02510", "2016-12-31": "0.02500", "2016-09-30": "0.02590", "2016-06-30": "0.02460", "2016-03-31": "0.02540", "2015-12-31": "0.02470", "2015-09-30": "0.02420", "2015-06-30": "0.02400", "2015-03-31": "0.02240", "2014-12-31": "0.02890", "2014-09-30": "0.02940", "2014-06-30": "0.02780", "2014-03-31": "0.02510", "2013-12-31": "0.02690", "2013-09-30": "0.02540", "2013-06-30": "0.02590", "2013-03-31": "0.02810", "2012-12-31": "0.02730", "2012-09-30": "0.03020", "2012-06-30": "0.02920", "2012-03-31": "0.03290", "2011-12-31": "0.02480", "2011-09-30": "0.03470", "2011-06-30": "0.03210", "2011-03-31": "0.03500", "2010-12-31": "0.02100", "2010-09-30": "0.02810", "2010-06-30": "0.01780", "2010-03-31": "", "2009-12-31": "", "2009-09-30": "", "2009-06-30": "", "2008-12-31": ""}, "Inventory Turnover Ratio": {"2020-09-30": "", "2020-06-30": "", "2020-03-31": "", "2019-12-31": "", "2019-09-30": "", "2019-06-30": "", "2019-03-31": "", "2018-12-31": "", "2018-09-30": "", "2018-06-30": "", "2018-03-31": "", "2017-12-31": "", "2017-09-30": "", "2017-06-30": "", "2017-03-31": "", "2016-12-31": "", "2016-09-30": "", "2016-06-30": "", "2016-03-31": "", "2015-12-31": "", "2015-09-30": "", "2015-06-30": "", "2015-03-31": "", "2014-12-31": "", "2014-09-30": "", "2014-06-30": "", "2014-03-31": "", "2013-12-31": "", "2013-09-30": "", "2013-06-30": "", "2013-03-31": "", "2012-12-31": "", "2012-09-30": "", "2012-06-30": "", "2012-03-31": "", "2011-12-31": "", "2011-09-30": "", "2011-06-30": "", "2011-03-31": "", "2010-12-31": "", "2010-09-30": "", "2010-06-30": "", "2010-03-31": "", "2009-12-31": "", "2009-09-30": "", "2009-06-30": "", "2008-12-31": ""}, "Receiveable Turnover": {"2020-09-30": "", "2020-06-30": "", "2020-03-31": "", "2019-12-31": "", "2019-09-30": "", "2019-06-30": "", "2019-03-31": "", "2018-12-31": "", "2018-09-30": "", "2018-06-30": "", "2018-03-31": "", "2017-12-31": "", "2017-09-30": "", "2017-06-30": "", "2017-03-31": "", "2016-12-31": "", "2016-09-30": "", "2016-06-30": "", "2016-03-31": "", "2015-12-31": "", "2015-09-30": "", "2015-06-30": "", "2015-03-31": "", "2014-12-31": "", "2014-09-30": "", "2014-06-30": "", "2014-03-31": "", "2013-12-31": "", "2013-09-30": "", "2013-06-30": "", "2013-03-31": "", "2012-12-31": "", "2012-09-30": "", "2012-06-30": "", "2012-03-31": "", "2011-12-31": "", "2011-09-30": "", "2011-06-30": "", "2011-03-31": "", "2010-12-31": "", "2010-09-30": "", "2010-06-30": "", "2010-03-31": "", "2009-12-31": "", "2009-09-30": "", "2009-06-30": "", "2008-12-31": ""}, "Days Sales In Receivables": {"2020-09-30": "", "2020-06-30": "", "2020-03-31": "", "2019-12-31": "", "2019-09-30": "", "2019-06-30": "", "2019-03-31": "", "2018-12-31": "", "2018-09-30": "", "2018-06-30": "", "2018-03-31": "", "2017-12-31": "", "2017-09-30": "", "2017-06-30": "", "2017-03-31": "", "2016-12-31": "", "2016-09-30": "", "2016-06-30": "", "2016-03-31": "", "2015-12-31": "", "2015-09-30": "", "2015-06-30": "", "2015-03-31": "", "2014-12-31": "", "2014-09-30": "", "2014-06-30": "", "2014-03-31": "", "2013-12-31": "", "2013-09-30": "", "2013-06-30": "", "2013-03-31": "", "2012-12-31": "", "2012-09-30": "", "2012-06-30": "", "2012-03-31": "", "2011-12-31": "", "2011-09-30": "", "2011-06-30": "", "2011-03-31": "", "2010-12-31": "", "2010-09-30": "", "2010-06-30": "", "2010-03-31": "", "2009-12-31": "", "2009-09-30": "", "2009-06-30": "", "2008-12-31": ""}, "ROE - Return On Equity": {"2020-09-30": "-0.03490", "2020-06-30": "0.19470", "2020-03-31": "0.38430", "2019-12-31": "0.45730", "2019-09-30": "1.68700", "2019-06-30": "0.34570", "2019-03-31": "-0.98640", "2018-12-31": "0.50280", "2018-09-30": "0.51820", "2018-06-30": "0.50150", "2018-03-31": "1.33450", "2017-12-31": "1.25180", "2017-09-30": "0.36610", "2017-06-30": "0.17450", "2017-03-31": "0.59960", "2016-12-31": "0.77050", "2016-09-30": "0.14310", "2016-06-30": "0.11030", "2016-03-31": "0.16190", "2015-12-31": "-0.07360", "2015-09-30": "-0.04870", "2015-06-30": "-0.95140", "2015-03-31": "1.41250", "2014-12-31": "0.07830", "2014-09-30": "1.00130", "2014-06-30": "0.59060", "2014-03-31": "0.40100", "2013-12-31": "0.33870", "2013-09-30": "-0.27250", "2013-06-30": "0.11630", "2013-03-31": "-0.03810", "2012-12-31": "-0.43110", "2012-09-30": "-0.02210", "2012-06-30": "-0.32550", "2012-03-31": "0.07890", "2011-12-31": "-0.77830", "2011-09-30": "-0.13180", "2011-06-30": "-0.03400", "2011-03-31": "0.01990", "2010-12-31": "-0.11200", "2010-09-30": "0.00560", "2010-06-30": "-0.58890", "2010-03-31": "", "2009-12-31": "", "2009-09-30": "", "2009-06-30": "", "2008-12-31": ""}, "Return On Tangible Equity": {"2020-09-30": "-0.03740", "2020-06-30": "0.21020", "2020-03-31": "0.41590", "2019-12-31": "0.49540", "2019-09-30": "1.83180", "2019-06-30": "0.37610", "2019-03-31": "-1.06630", "2018-12-31": "0.54240", "2018-09-30": "0.55450", "2018-06-30": "0.53370", "2018-03-31": "1.42180", "2017-12-31": "1.33320", "2017-09-30": "0.39160", "2017-06-30": "0.18830", "2017-03-31": "0.64880", "2016-12-31": "0.83570", "2016-09-30": "0.15580", "2016-06-30": "0.12020", "2016-03-31": "0.17730", "2015-12-31": "-0.08060", "2015-09-30": "-0.05170", "2015-06-30": "-1.01710", "2015-03-31": "1.38610", "2014-12-31": "0.07600", "2014-09-30": "0.97840", "2014-06-30": "0.57630", "2014-03-31": "0.39210", "2013-12-31": "0.32910", "2013-09-30": "-0.26440", "2013-06-30": "0.11700", "2013-03-31": "-0.03600", "2012-12-31": "-0.40160", "2012-09-30": "-0.02050", "2012-06-30": "-0.30250", "2012-03-31": "0.07200", "2011-12-31": "-0.78540", "2011-09-30": "-0.13180", "2011-06-30": "-0.03390", "2011-03-31": "0.02000", "2010-12-31": "-0.11390", "2010-09-30": "0.00620", "2010-06-30": "-0.62940", "2010-03-31": "", "2009-12-31": "", "2009-09-30": "", "2009-06-30": "", "2008-12-31": ""}, "ROA - Return On Assets": {"2020-09-30": "-0.01710", "2020-06-30": "0.09220", "2020-03-31": "0.17780", "2019-12-31": "0.22720", "2019-09-30": "0.84750", "2019-06-30": "0.17130", "2019-03-31": "-0.50040", "2018-12-31": "0.27230", "2018-09-30": "0.30050", "2018-06-30": "0.30020", "2018-03-31": "0.81510", "2017-12-31": "0.73930", "2017-09-30": "0.21010", "2017-06-30": "0.10130", "2017-03-31": "0.36020", "2016-12-31": "0.42720", "2016-09-30": "0.08200", "2016-06-30": "0.06430", "2016-03-31": "0.09900", "2015-12-31": "-0.04390", "2015-09-30": "-0.02920", "2015-06-30": "-0.57160", "2015-03-31": "0.87710", "2014-12-31": "0.03790", "2014-09-30": "0.49420", "2014-06-30": "0.30200", "2014-03-31": "0.20750", "2013-12-31": "0.15220", "2013-09-30": "-0.12350", "2013-06-30": "0.06140", "2013-03-31": "-0.02110", "2012-12-31": "-0.20790", "2012-09-30": "-0.01260", "2012-06-30": "-0.18750", "2012-03-31": "0.04030", "2011-12-31": "-0.40590", "2011-09-30": "-0.07540", "2011-06-30": "-0.02020", "2011-03-31": "0.00940", "2010-12-31": "-0.05290", "2010-09-30": "0.00430", "2010-06-30": "-0.45790", "2010-03-31": "", "2009-12-31": "", "2009-09-30": "", "2009-06-30": "", "2008-12-31": ""}, "ROI - Return On Investment": {"2020-09-30": "-0.01900", "2020-06-30": "0.10350", "2020-03-31": "0.19750", "2019-12-31": "0.25210", "2019-09-30": "0.94500", "2019-06-30": "0.19010", "2019-03-31": "-0.55440", "2018-12-31": "0.28920", "2018-09-30": "0.31750", "2018-06-30": "0.31320", "2018-03-31": "0.85060", "2017-12-31": "0.77310", "2017-09-30": "0.22720", "2017-06-30": "0.10560", "2017-03-31": "0.37630", "2016-12-31": "0.46190", "2016-09-30": "0.08620", "2016-06-30": "0.06730", "2016-03-31": "0.10360", "2015-12-31": "-0.04580", "2015-09-30": "-0.03050", "2015-06-30": "-0.59570", "2015-03-31": "0.91970", "2014-12-31": "0.04050", "2014-09-30": "0.51830", "2014-06-30": "0.31530", "2014-03-31": "0.21700", "2013-12-31": "0.16290", "2013-09-30": "-0.13060", "2013-06-30": "0.06430", "2013-03-31": "-0.02210", "2012-12-31": "-0.21920", "2012-09-30": "-0.01330", "2012-06-30": "-0.19830", "2012-03-31": "0.04260", "2011-12-31": "-0.42980", "2011-09-30": "-0.08070", "2011-06-30": "-0.02140", "2011-03-31": "0.01050", "2010-12-31": "-0.05880", "2010-09-30": "0.00470", "2010-06-30": "-0.49310", "2010-03-31": "", "2009-12-31": "", "2009-09-30": "", "2009-06-30": "", "2008-12-31": ""}, "Book Value Per Share": {"2020-09-30": "25.62260", "2020-06-30": "23.49110", "2020-03-31": "23.67810", "2019-12-31": "23.97920", "2019-09-30": "24.16750", "2019-06-30": "24.02110", "2019-03-31": "24.22850", "2018-12-31": "24.81100", "2018-09-30": "25.13180", "2018-06-30": "25.22390", "2018-03-31": "25.30980", "2017-12-31": "25.13430", "2017-09-30": "25.51740", "2017-06-30": "25.65590", "2017-03-31": "25.92860", "2016-12-31": "27.12800", "2016-09-30": "30.70710", "2016-06-30": "36.82270", "2016-03-31": "41.36050", "2015-12-31": "41.82690", "2015-09-30": "43.79160", "2015-06-30": "44.20560", "2015-03-31": "23.70150", "2014-12-31": "19.08760", "2014-09-30": "19.29500", "2014-06-30": "19.27880", "2014-03-31": "19.34010", "2013-12-31": "19.27080", "2013-09-30": "19.36240", "2013-06-30": "19.59380", "2013-03-31": "19.01840", "2012-12-31": "18.89010", "2012-09-30": "19.23290", "2012-06-30": "19.42370", "2012-03-31": "21.70890", "2011-12-31": "20.35010", "2011-09-30": "20.76090", "2011-06-30": "20.98970", "2011-03-31": "24.74750", "2010-12-31": "25.02700", "2010-09-30": "21.66350", "2010-06-30": "21.76330", "2010-03-31": "", "2009-12-31": "", "2009-09-30": "", "2009-06-30": "", "2008-12-31": ""}, "Operating Cash Flow Per Share": {"2020-09-30": 0.7347, "2020-06-30": 0.3136, "2020-03-31": "0.56980", "2019-12-31": 0.3522, "2019-09-30": 0.5507, "2019-06-30": 0.3627, "2019-03-31": "0.57930", "2018-12-31": 0.1105, "2018-09-30": 0.6083, "2018-06-30": 0.2435, "2018-03-31": "0.41120", "2017-12-31": 0.3591, "2017-09-30": 0.6315, "2017-06-30": 0.3318, "2017-03-31": "0.57170", "2016-12-31": 0.3271, "2016-09-30": 0.5935, "2016-06-30": 0.4768, "2016-03-31": "0.65730", "2015-12-31": 0.6843, "2015-09-30": 0.6465, "2015-06-30": 0.3641, "2015-03-31": "0.35080", "2014-12-31": 0.0725, "2014-09-30": 0.3603, "2014-06-30": 0.2121, "2014-03-31": "0.30490", "2013-12-31": -0.0296, "2013-09-30": 0.2298, "2013-06-30": 0.2632, "2013-03-31": "0.28950", "2012-12-31": 0.1778, "2012-09-30": 0.2873, "2012-06-30": 0.2035, "2012-03-31": "0.35970", "2011-12-31": 0.2441, "2011-09-30": 0.3508, "2011-06-30": -0.0304, "2011-03-31": "0.52700", "2010-12-31": -0.1559, "2010-09-30": 0.1559, "2010-06-30": 0, "2010-03-31": "", "2009-12-31": 0, "2009-09-30": 0, "2009-06-30": 0, "2008-12-31": 0}, "Free Cash Flow Per Share": {"2020-09-30": -0.1939, "2020-06-30": -0.2742, "2020-03-31": "0.06980", "2019-12-31": -0.3589, "2019-09-30": 0.9613, "2019-06-30": -0.2481, "2019-03-31": "-0.03350", "2018-12-31": -2.2224, "2018-09-30": 1.0575, "2018-06-30": -0.3849, "2018-03-31": "1.26310", "2017-12-31": 0.6774, "2017-09-30": 0.1361, "2017-06-30": -1.7771, "2017-03-31": "0.60820", "2016-12-31": -2.5697, "2016-09-30": -3.0624, "2016-06-30": 0.5833, "2016-03-31": "2.42320", "2015-12-31": -0.6624, "2015-09-30": 0.7194, "2015-06-30": -20.0292, "2015-03-31": "1.09670", "2014-12-31": -1.1625, "2014-09-30": 0.1444, "2014-06-30": -1.224, "2014-03-31": "-0.08960", "2013-12-31": -0.7592, "2013-09-30": -5.8579, "2013-06-30": -0.2293, "2013-03-31": "-0.08500", "2012-12-31": -5.6537, "2012-09-30": -1.3524, "2012-06-30": -2.3065, "2012-03-31": "0.26750", "2011-12-31": -2.1686, "2011-09-30": -1.4514, "2011-06-30": -0.0925, "2011-03-31": "0.36060", "2010-12-31": 2.4261, "2010-09-30": -2.4261, "2010-06-30": 0, "2010-03-31": "", "2009-12-31": 0, "2009-09-30": 0, "2009-06-30": 0, "2008-12-31": 0}}, "revenue": {"Hudson Pacific Properties Annual Revenue (Millions of US $)": {"2019": "$818", "2018": "$728", "2017": "$728", "2016": "$640", "2015": "$521", "2014": "$253", "2013": "$206", "2012": "$160", "2011": "$134", "2010": "$61", "2009": "$45", "2008": "$47"}, "Hudson Pacific Properties Quarterly Revenue (Millions of US $)": {"2020-09-30": "$196", "2020-06-30": "$199", "2020-03-31": "$206", "2019-12-31": "$217", "2019-09-30": "$208", "2019-06-30": "$197", "2019-03-31": "$197", "2018-12-31": "$198", "2018-09-30": "$181", "2018-06-30": "$175", "2018-03-31": "$174", "2017-12-31": "$189", "2017-09-30": "$190", "2017-06-30": "$181", "2017-03-31": "$168", "2016-12-31": "$167", "2016-09-30": "$165", "2016-06-30": "$154", "2016-03-31": "$154", "2015-12-31": "$155", "2015-09-30": "$152", "2015-06-30": "$152", "2015-03-31": "$63", "2014-12-31": "$68", "2014-09-30": "$68", "2014-06-30": "$62", "2014-03-31": "$56", "2013-12-31": "$57", "2013-09-30": "$53", "2013-06-30": "$47", "2013-03-31": "$47", "2012-12-31": "$43", "2012-09-30": "$41", "2012-06-30": "$39", "2012-03-31": "$38", "2011-12-31": "$29", "2011-09-30": "$37", "2011-06-30": "$33", "2011-03-31": "$35", "2010-12-31": "$21", "2010-09-30": "$18", "2010-06-30": "$11", "2010-03-31": "$11", "2009-12-31": "", "2009-09-30": "$12", "2009-06-30": "$11", "2008-12-31": ""}}, "gross-profit": {"Hudson Pacific Properties Annual Gross Profit (Millions of US $)": {"2019": "$517", "2018": "$461", "2017": "$475", "2016": "$411", "2015": "$331", "2014": "$149", "2013": "$118", "2012": "$86", "2011": "$69", "2010": "$31", "2009": "$19", "2008": "$20"}, "Hudson Pacific Properties Quarterly Gross Profit (Millions of US $)": {"2020-09-30": "$121", "2020-06-30": "$126", "2020-03-31": "$132", "2019-12-31": "$136", "2019-09-30": "$129", "2019-06-30": "$126", "2019-03-31": "$125", "2018-12-31": "$124", "2018-09-30": "$113", "2018-06-30": "$113", "2018-03-31": "$111", "2017-12-31": "$123", "2017-09-30": "$120", "2017-06-30": "$118", "2017-03-31": "$113", "2016-12-31": "$108", "2016-09-30": "$104", "2016-06-30": "$99", "2016-03-31": "$100", "2015-12-31": "$98", "2015-09-30": "$94", "2015-06-30": "$100", "2015-03-31": "$40", "2014-12-31": "$41", "2014-09-30": "$37", "2014-06-30": "$38", "2014-03-31": "$34", "2013-12-31": "$32", "2013-09-30": "$30", "2013-06-30": "$27", "2013-03-31": "$29", "2012-12-31": "$22", "2012-09-30": "$21", "2012-06-30": "$20", "2012-03-31": "$22", "2011-12-31": "$14", "2011-09-30": "$18", "2011-06-30": "$18", "2011-03-31": "$19", "2010-12-31": "$12", "2010-09-30": "$9", "2010-06-30": "$5", "2010-03-31": "$5", "2009-12-31": "", "2009-09-30": "$5", "2009-06-30": "$5", "2008-12-31": ""}}, "operating-income": {"Hudson Pacific Properties Annual Operating Income (Millions of US $)": {"2019": "$163", "2018": "$149", "2017": "$137", "2016": "$89", "2015": "$47", "2014": "$49", "2013": "$28", "2012": "$14", "2011": "$14", "2010": "$10", "2009": "$8", "2008": "$10"}, "Hudson Pacific Properties Quarterly Operating Income (Millions of US $)": {"2020-09-30": "$29", "2020-06-30": "$35", "2020-03-31": "$39", "2019-12-31": "$44", "2019-09-30": "$42", "2019-06-30": "$38", "2019-03-31": "$39", "2018-12-31": "$41", "2018-09-30": "$36", "2018-06-30": "$36", "2018-03-31": "$35", "2017-12-31": "$44", "2017-09-30": "$36", "2017-06-30": "$28", "2017-03-31": "$29", "2016-12-31": "$27", "2016-09-30": "$24", "2016-06-30": "$20", "2016-03-31": "$19", "2015-12-31": "$14", "2015-09-30": "$4", "2015-06-30": "$16", "2015-03-31": "$13", "2014-12-31": "$12", "2014-09-30": "$13", "2014-06-30": "$13", "2014-03-31": "$11", "2013-12-31": "$10", "2013-09-30": "$5", "2013-06-30": "$7", "2013-03-31": "$5", "2012-12-31": "$2", "2012-09-30": "$5", "2012-06-30": "$2", "2012-03-31": "$5", "2011-12-31": "$1", "2011-09-30": "$4", "2011-06-30": "$4", "2011-03-31": "$5", "2010-12-31": "$4", "2010-09-30": "$2", "2010-06-30": "$2", "2010-03-31": "$3", "2009-12-31": "", "2009-09-30": "$2", "2009-06-30": "$2", "2008-12-31": ""}}, "ebitda": {"Hudson Pacific Properties Annual EBITDA (Millions of US $)": {"2019": "$456", "2018": "$403", "2017": "$421", "2016": "$356", "2015": "$281", "2014": "$124", "2013": "$100", "2012": "$73", "2011": "$62", "2010": "$28", "2009": "$20", "2008": "$21"}, "Hudson Pacific Properties Quarterly EBITDA (Millions of US $)": {"2020-09-30": "$107", "2020-06-30": "$111", "2020-03-31": "$117", "2019-12-31": "$120", "2019-09-30": "$115", "2019-06-30": "$111", "2019-03-31": "$109", "2018-12-31": "$107", "2018-09-30": "$101", "2018-06-30": "$99", "2018-03-31": "$97", "2017-12-31": "$111", "2017-09-30": "$108", "2017-06-30": "$104", "2017-03-31": "$98", "2016-12-31": "$90", "2016-09-30": "$92", "2016-06-30": "$87", "2016-03-31": "$88", "2015-12-31": "$82", "2015-09-30": "$84", "2015-06-30": "$83", "2015-03-31": "$32", "2014-12-31": "$33", "2014-09-30": "$31", "2014-06-30": "$32", "2014-03-31": "$28", "2013-12-31": "$27", "2013-09-30": "$25", "2013-06-30": "$23", "2013-03-31": "$25", "2012-12-31": "$20", "2012-09-30": "$18", "2012-06-30": "$17", "2012-03-31": "$19", "2011-12-31": "$13", "2011-09-30": "$16", "2011-06-30": "$16", "2011-03-31": "$17", "2010-12-31": "$11", "2010-09-30": "$7", "2010-06-30": "$5", "2010-03-31": "$6", "2009-12-31": "", "2009-09-30": "$5", "2009-06-30": "$2", "2008-12-31": ""}}, "net-income": {"Hudson Pacific Properties Annual Net Income (Millions of US $)": {"2019": "$43", "2018": "$98", "2017": "$68", "2016": "$27", "2015": "$-16", "2014": "$10", "2013": "$-15", "2012": "$-17", "2011": "$-10", "2010": "$-3", "2009": "$-1", "2008": "$-3"}, "Hudson Pacific Properties Quarterly Net Income (Millions of US $)": {"2020-09-30": "$-5", "2020-06-30": "$4", "2020-03-31": "$11", "2019-12-31": "$14", "2019-09-30": "$59", "2019-06-30": "$10", "2019-03-31": "$-39", "2018-12-31": "$16", "2018-09-30": "$17", "2018-06-30": "$16", "2018-03-31": "$49", "2017-12-31": "$33", "2017-09-30": "$11", "2017-06-30": "$4", "2017-03-31": "$21", "2016-12-31": "$22", "2016-09-30": "$2", "2016-06-30": "$1", "2016-03-31": "$2", "2015-12-31": "$-6", "2015-09-30": "$-4", "2015-06-30": "$-25", "2015-03-31": "$19", "2014-12-31": "$-2", "2014-09-30": "$8", "2014-06-30": "$3", "2014-03-31": "$1", "2013-12-31": "$-0", "2013-09-30": "$-6", "2013-06-30": "$-6", "2013-03-31": "$-3", "2012-12-31": "$-6", "2012-09-30": "$-3", "2012-06-30": "$-5", "2012-03-31": "$-3", "2011-12-31": "$-3", "2011-09-30": "$-3", "2011-06-30": "$-2", "2011-03-31": "$-3", "2010-12-31": "$-1", "2010-09-30": "$-0", "2010-06-30": "$-3", "2010-03-31": "$1", "2009-12-31": "", "2009-09-30": "$0", "2009-06-30": "$-0", "2008-12-31": ""}}, "eps-earnings-per-share-diluted": {"Hudson Pacific Properties Annual EPS": {"2019": "$0.28", "2018": "$0.63", "2017": "$0.44", "2016": "$0.25", "2015": "$-0.19", "2014": "$0.15", "2013": "$-0.27", "2012": "$-0.41", "2011": "$-0.35", "2010": "$0.00", "2009": "$0.00", "2008": "$0.00"}, "Hudson Pacific Properties Quarterly EPS": {"2020-09-30": "$-0.04", "2020-06-30": "$0.02", "2020-03-31": "$0.07", "2019-12-31": "$0.10", "2019-09-30": "$0.38", "2019-06-30": "$0.06", "2019-03-31": "$-0.26", "2018-12-31": "$0.11", "2018-09-30": "$0.11", "2018-06-30": "$0.10", "2018-03-31": "$0.31", "2017-12-31": "$0.21", "2017-09-30": "$0.07", "2017-06-30": "$0.02", "2017-03-31": "$0.14", "2016-12-31": "$0.19", "2016-09-30": "$0.02", "2016-06-30": "$0.01", "2016-03-31": "$0.03", "2015-12-31": "$-0.12", "2015-09-30": "$-0.04", "2015-06-30": "$-0.28", "2015-03-31": "$0.25", "2014-12-31": "$-0.03", "2014-09-30": "$0.11", "2014-06-30": "$0.05", "2014-03-31": "$0.02", "2013-12-31": "$0.00", "2013-09-30": "$-0.10", "2013-06-30": "$-0.11", "2013-03-31": "$-0.06", "2012-12-31": "$-0.13", "2012-09-30": "$-0.07", "2012-06-30": "$-0.13", "2012-03-31": "$-0.08", "2011-12-31": "$-0.09", "2011-09-30": "$-0.08", "2011-06-30": "$-0.07", "2011-03-31": "$-0.11", "2010-12-31": "$0.00", "2010-09-30": "$-0.01", "2010-06-30": "$0.00", "2010-03-31": "$0.00", "2009-12-31": "$0.00", "2009-09-30": "$0.00", "2009-06-30": "$0.00", "2008-12-31": "$0.00"}}, "shares-outstanding": {"Hudson Pacific Properties Annual Shares Outstanding (Millions of Shares)": {"2019": "156", "2018": "156", "2017": "155", "2016": "110", "2015": "86", "2014": "67", "2013": "55", "2012": "42", "2011": "29", "2010": "", "2009": "", "2008": ""}, "Hudson Pacific Properties Quarterly Shares Outstanding (Millions of Shares)": {"2020-09-30": "153", "2020-06-30": "156", "2020-03-31": "158", "2019-12-31": "156", "2019-09-30": "156", "2019-06-30": "155", "2019-03-31": "154", "2018-12-31": "156", "2018-09-30": "157", "2018-06-30": "157", "2018-03-31": "157", "2017-12-31": "155", "2017-09-30": "156", "2017-06-30": "156", "2017-03-31": "150", "2016-12-31": "110", "2016-09-30": "116", "2016-06-30": "96", "2016-03-31": "90", "2015-12-31": "86", "2015-09-30": "89", "2015-06-30": "89", "2015-03-31": "77", "2014-12-31": "67", "2014-09-30": "67", "2014-06-30": "69", "2014-03-31": "64", "2013-12-31": "55", "2013-09-30": "56", "2013-06-30": "56", "2013-03-31": "52", "2012-12-31": "42", "2012-09-30": "47", "2012-06-30": "40", "2012-03-31": "33", "2011-12-31": "29", "2011-09-30": "33", "2011-06-30": "29", "2011-03-31": "22", "2010-12-31": "", "2010-09-30": "22", "2010-06-30": "", "2010-03-31": "", "2009-12-31": "", "2009-09-30": "", "2009-06-30": "", "2008-12-31": ""}}, "total-assets": {"Hudson Pacific Properties Annual Total Assets (Millions of US $)": {"2019": "$7,467", "2018": "$7,071", "2017": "$6,622", "2016": "$6,679", "2015": "$6,254", "2014": "$2,335", "2013": "$2,131", "2012": "$1,560", "2011": "$1,153", "2010": "$1,005", "2009": "$448", "2008": "$387"}, "Hudson Pacific Properties Quarterly Total Assets (Millions of US $)": {"2020-09-30": "$7,942", "2020-06-30": "$7,607", "2020-03-31": "$7,845", "2019-12-31": "$7,467", "2019-09-30": "$7,428", "2019-06-30": "$7,487", "2019-03-31": "$7,374", "2018-12-31": "$7,071", "2018-09-30": "$6,745", "2018-06-30": "$6,559", "2018-03-31": "$6,448", "2017-12-31": "$6,622", "2017-09-30": "$6,907", "2017-06-30": "$6,864", "2017-03-31": "$6,702", "2016-12-31": "$6,679", "2016-09-30": "$6,363", "2016-06-30": "$6,277", "2016-03-31": "$6,039", "2015-12-31": "$6,254", "2015-09-30": "$6,255", "2015-06-30": "$6,313", "2015-03-31": "$2,802", "2014-12-31": "$2,335", "2014-09-30": "$2,317", "2014-06-30": "$2,235", "2014-03-31": "$2,216", "2013-12-31": "$2,131", "2013-09-30": "$2,102", "2013-06-30": "$1,829", "2013-03-31": "$1,687", "2012-12-31": "$1,560", "2012-09-30": "$1,345", "2012-06-30": "$1,340", "2012-03-31": "$1,161", "2011-12-31": "$1,153", "2011-09-30": "$1,064", "2011-06-30": "$1,042", "2011-03-31": "$994", "2010-12-31": "$1,005", "2010-09-30": "$624", "2010-06-30": "$622", "2010-03-31": "$0", "2009-12-31": "$0", "2009-09-30": "$0", "2009-06-30": "$0", "2008-12-31": "$387"}}, "cash-on-hand": {"Hudson Pacific Properties Annual Cash on Hand (Millions of US $)": {"2019": "$58", "2018": "$68", "2017": "$101", "2016": "$108", "2015": "$72", "2014": "$32", "2013": "$44", "2012": "$33", "2011": "$23", "2010": "$53", "2009": "$8", "2008": "$10"}, "Hudson Pacific Properties Quarterly Cash on Hand (Millions of US $)": {"2020-09-30": "$404", "2020-06-30": "$57", "2020-03-31": "$404", "2019-12-31": "$58", "2019-09-30": "$69", "2019-06-30": "$62", "2019-03-31": "$66", "2018-12-31": "$68", "2018-09-30": "$63", "2018-06-30": "$66", "2018-03-31": "$75", "2017-12-31": "$101", "2017-09-30": "$114", "2017-06-30": "$91", "2017-03-31": "$134", "2016-12-31": "$108", "2016-09-30": "$111", "2016-06-30": "$357", "2016-03-31": "$77", "2015-12-31": "$72", "2015-09-30": "$65", "2015-06-30": "$58", "2015-03-31": "$265", "2014-12-31": "$32", "2014-09-30": "$89", "2014-06-30": "$50", "2014-03-31": "$47", "2013-12-31": "$44", "2013-09-30": "$47", "2013-06-30": "$111", "2013-03-31": "$156", "2012-12-31": "$33", "2012-09-30": "$38", "2012-06-30": "$113", "2012-03-31": "$32", "2011-12-31": "$23", "2011-09-30": "$30", "2011-06-30": "$95", "2011-03-31": "$48", "2010-12-31": "$53", "2010-09-30": "$43", "2010-06-30": "$87", "2010-03-31": "", "2009-12-31": "", "2009-09-30": "", "2009-06-30": "", "2008-12-31": "$10"}}, "long-term-debt": {"Hudson Pacific Properties Annual Long Term Debt (Millions of US $)": {"2019": "$3,019", "2018": "$2,828", "2017": "$2,421", "2016": "$2,473", "2015": "$2,261", "2014": "$913", "2013": "$888", "2012": "$582", "2011": "$400", "2010": "$342", "2009": "$190", "2008": "$152"}, "Hudson Pacific Properties Quarterly Long Term Debt (Millions of US $)": {"2020-09-30": "$3,254", "2020-06-30": "$3,173", "2020-03-31": "$3,434", "2019-12-31": "$3,019", "2019-09-30": "$2,930", "2019-06-30": "$3,038", "2019-03-31": "$2,915", "2018-12-31": "$2,828", "2018-09-30": "$2,472", "2018-06-30": "$2,362", "2018-03-31": "$2,241", "2017-12-31": "$2,421", "2017-09-30": "$2,424", "2017-06-30": "$2,599", "2017-03-31": "$2,388", "2016-12-31": "$2,473", "2016-09-30": "$2,408", "2016-06-30": "$2,339", "2016-03-31": "$2,080", "2015-12-31": "$2,261", "2015-09-30": "$2,088", "2015-06-30": "$2,119", "2015-03-31": "$787", "2014-12-31": "$913", "2014-09-30": "$921", "2014-06-30": "$853", "2014-03-31": "$827", "2013-12-31": "$888", "2013-09-30": "$891", "2013-06-30": "$637", "2013-03-31": "$530", "2012-12-31": "$582", "2012-09-30": "$359", "2012-06-30": "$350", "2012-03-31": "$361", "2011-12-31": "$400", "2011-09-30": "$299", "2011-06-30": "$275", "2011-03-31": "$332", "2010-12-31": "$342", "2010-09-30": "$94", "2010-06-30": "$94", "2010-03-31": "", "2009-12-31": "", "2009-09-30": "", "2009-06-30": "", "2008-12-31": "$152"}}, "total-liabilities": {"Hudson Pacific Properties Annual Total Liabilities (Millions of US $)": {"2019": "$3,757", "2018": "$3,241", "2017": "$2,711", "2016": "$2,976", "2015": "$2,525", "2014": "$1,060", "2013": "$1,028", "2012": "$662", "2011": "$464", "2010": "$443", "2009": "$222", "2008": "$177"}, "Hudson Pacific Properties Quarterly Total Liabilities (Millions of US $)": {"2020-09-30": "$4,044", "2020-06-30": "$4,005", "2020-03-31": "$4,215", "2019-12-31": "$3,757", "2019-09-30": "$3,696", "2019-06-30": "$3,778", "2019-03-31": "$3,633", "2018-12-31": "$3,241", "2018-09-30": "$2,833", "2018-06-30": "$2,633", "2018-03-31": "$2,509", "2017-12-31": "$2,711", "2017-09-30": "$2,944", "2017-06-30": "$2,880", "2017-03-31": "$2,676", "2016-12-31": "$2,976", "2016-09-30": "$2,717", "2016-06-30": "$2,617", "2016-03-31": "$2,348", "2015-12-31": "$2,525", "2015-09-30": "$2,354", "2015-06-30": "$2,375", "2015-03-31": "$917", "2014-12-31": "$1,060", "2014-09-30": "$1,029", "2014-06-30": "$947", "2014-03-31": "$924", "2013-12-31": "$1,028", "2013-09-30": "$1,004", "2013-06-30": "$718", "2013-03-31": "$609", "2012-12-31": "$662", "2012-09-30": "$437", "2012-06-30": "$423", "2012-03-31": "$422", "2011-12-31": "$464", "2011-09-30": "$367", "2011-06-30": "$337", "2011-03-31": "$438", "2010-12-31": "$443", "2010-09-30": "$143", "2010-06-30": "$138", "2010-03-31": "$0", "2009-12-31": "", "2009-09-30": "$0", "2009-06-30": "$0", "2008-12-31": "$177"}}, "total-share-holder-equity": {"Hudson Pacific Properties Annual Share Holder Equity (Millions of US $)": {"2019": "$3,709", "2018": "$3,830", "2017": "$3,911", "2016": "$3,703", "2015": "$3,729", "2014": "$1,275", "2013": "$1,103", "2012": "$897", "2011": "$689", "2010": "$562", "2009": "$227", "2008": "$209"}, "Hudson Pacific Properties Quarterly Share Holder Equity (Millions of US $)": {"2020-09-30": "$3,898", "2020-06-30": "$3,602", "2020-03-31": "$3,630", "2019-12-31": "$3,709", "2019-09-30": "$3,732", "2019-06-30": "$3,709", "2019-03-31": "$3,740", "2018-12-31": "$3,830", "2018-09-30": "$3,912", "2018-06-30": "$3,926", "2018-03-31": "$3,939", "2017-12-31": "$3,911", "2017-09-30": "$3,963", "2017-06-30": "$3,984", "2017-03-31": "$4,026", "2016-12-31": "$3,703", "2016-09-30": "$3,646", "2016-06-30": "$3,660", "2016-03-31": "$3,691", "2015-12-31": "$3,729", "2015-09-30": "$3,901", "2015-06-30": "$3,938", "2015-03-31": "$1,885", "2014-12-31": "$1,275", "2014-09-30": "$1,289", "2014-06-30": "$1,288", "2014-03-31": "$1,292", "2013-12-31": "$1,103", "2013-09-30": "$1,098", "2013-06-30": "$1,111", "2013-03-31": "$1,078", "2012-12-31": "$897", "2012-09-30": "$908", "2012-06-30": "$917", "2012-03-31": "$738", "2011-12-31": "$689", "2011-09-30": "$697", "2011-06-30": "$705", "2011-03-31": "$556", "2010-12-31": "$562", "2010-09-30": "$481", "2010-06-30": "$483", "2010-03-31": "$0", "2009-12-31": "", "2009-09-30": "$0", "2009-06-30": "$0", "2008-12-31": "$209"}}, "profit-margins": {"current": "2.76%"}, "gross margin": {"2020-09-30": "62.96%", "2020-06-30": "63.01%", "2020-03-31": "63.16%", "2019-12-31": "63.00%", "2019-09-30": "63.00%", "2019-06-30": "63.13%", "2019-03-31": "63.25%", "2018-12-31": "63.32%", "2018-09-30": "63.98%", "2018-06-30": "64.15%", "2018-03-31": "64.31%", "2017-12-31": "65.11%", "2017-09-30": "65.01%", "2017-06-30": "65.05%", "2017-03-31": "64.83%", "2016-12-31": "64.22%", "2016-09-30": "63.85%", "2016-06-30": "63.58%", "2016-03-31": "63.95%", "2015-12-31": "63.60%", "2015-09-30": "63.22%", "2015-06-30": "62.11%", "2015-03-31": "59.77%", "2014-12-31": "59.06%", "2014-09-30": "58.02%", "2014-06-30": "58.77%", "2014-03-31": "57.75%", "2013-12-31": "57.84%", "2013-09-30": "56.84%", "2013-06-30": "55.62%", "2013-03-31": "54.12%", "2012-12-31": "52.80%", "2012-09-30": "52.38%", "2012-06-30": "51.75%", "2012-03-31": "52.55%", "2011-12-31": "51.49%", "2011-09-30": "53.17%", "2011-06-30": "54.21%", "2011-03-31": "52.94%", "2010-12-31": "50.82%", "2010-06-30": "44.12%", "2010-03-31": "44.12%"}, "operating margin": {"2020-09-30": "17.97%", "2020-06-30": "19.28%", "2020-03-31": "19.69%", "2019-12-31": "19.90%", "2019-09-30": "20.00%", "2019-06-30": "19.92%", "2019-03-31": "20.24%", "2018-12-31": "20.33%", "2018-09-30": "21.00%", "2018-06-30": "20.74%", "2018-03-31": "19.48%", "2017-12-31": "18.82%", "2017-09-30": "17.00%", "2017-06-30": "15.86%", "2017-03-31": "15.29%", "2016-12-31": "14.06%", "2016-09-30": "12.26%", "2016-06-30": "9.27%", "2016-03-31": "8.65%", "2015-12-31": "9.00%", "2015-09-30": "10.34%", "2015-06-30": "15.38%", "2015-03-31": "19.54%", "2014-12-31": "19.29%", "2014-09-30": "19.34%", "2014-06-30": "17.11%", "2014-03-31": "15.49%", "2013-12-31": "13.24%", "2013-09-30": "10.00%", "2013-06-30": "10.67%", "2013-03-31": "8.24%", "2012-12-31": "8.70%", "2012-09-30": "8.84%", "2012-06-30": "8.39%", "2012-03-31": "10.22%", "2011-12-31": "10.45%", "2011-09-30": "13.49%", "2011-06-30": "14.02%", "2011-03-31": "15.29%", "2010-12-31": "18.03%", "2010-06-30": "20.59%", "2010-03-31": "20.59%"}, "ebitda margin": {"2020-09-30": "55.62%", "2020-06-30": "55.78%", "2020-03-31": "55.92%", "2019-12-31": "55.56%", "2019-09-30": "55.25%", "2019-06-30": "55.37%", "2019-03-31": "55.39%", "2018-12-31": "55.49%", "2018-09-30": "56.75%", "2018-06-30": "57.01%", "2018-03-31": "57.22%", "2017-12-31": "57.83%", "2017-09-30": "56.66%", "2017-06-30": "56.39%", "2017-03-31": "56.12%", "2016-12-31": "55.78%", "2016-09-30": "55.57%", "2016-06-30": "55.45%", "2016-03-31": "54.98%", "2015-12-31": "53.83%", "2015-09-30": "53.33%", "2015-06-30": "51.00%", "2015-03-31": "49.04%", "2014-12-31": "48.82%", "2014-09-30": "48.56%", "2014-06-30": "49.12%", "2014-03-31": "48.36%", "2013-12-31": "49.02%", "2013-09-30": "48.95%", "2013-06-30": "48.31%", "2013-03-31": "47.06%", "2012-12-31": "45.96%", "2012-09-30": "45.58%", "2012-06-30": "45.45%", "2012-03-31": "46.72%", "2011-12-31": "46.27%", "2011-09-30": "47.62%", "2011-06-30": "47.66%", "2011-03-31": "47.06%", "2010-12-31": "47.54%", "2010-06-30": "47.06%", "2010-03-31": "38.24%"}, "pre tax profit margin": {"2020-09-30": "4.52%", "2020-06-30": "12.17%", "2020-03-31": "12.92%", "2019-12-31": "6.84%", "2019-09-30": "7.25%", "2019-06-30": "1.94%", "2019-03-31": "2.93%", "2018-12-31": "15.38%", "2018-09-30": "19.75%", "2018-06-30": "18.82%", "2018-03-31": "16.89%", "2017-12-31": "13.05%", "2017-09-30": "10.62%", "2017-06-30": "9.54%", "2017-03-31": "9.48%", "2016-12-31": "6.88%", "2016-09-30": "1.91%", "2016-06-30": "0.81%", "2016-03-31": "-5.71%", "2015-12-31": "-3.07%", "2015-09-30": "-2.76%", "2015-06-30": "0.28%", "2015-03-31": "16.86%", "2014-12-31": "9.45%", "2014-09-30": "10.70%", "2014-06-30": "5.26%", "2014-03-31": "2.82%", "2013-12-31": "0.49%", "2013-09-30": "-2.63%", "2013-06-30": "-1.12%", "2013-03-31": "-3.53%", "2012-12-31": "-3.73%", "2012-09-30": "-5.44%", "2012-06-30": "-6.29%", "2012-03-31": "-4.38%", "2011-12-31": "-4.48%", "2011-09-30": "-1.59%", "2011-06-30": "-0.93%", "2011-03-31": "-4.71%", "2010-12-31": "-4.92%", "2010-06-30": "-5.88%", "2010-03-31": "2.94%"}, "net profit margin": {"2020-09-30": "2.93%", "2020-06-30": "10.60%", "2020-03-31": "11.35%", "2019-12-31": "5.37%", "2019-09-30": "5.75%", "2019-06-30": "0.52%", "2019-03-31": "1.33%", "2018-12-31": "13.46%", "2018-09-30": "15.99%", "2018-06-30": "14.97%", "2018-03-31": "13.22%", "2017-12-31": "9.48%", "2017-09-30": "8.22%", "2017-06-30": "7.20%", "2017-03-31": "7.03%", "2016-12-31": "4.22%", "2016-09-30": "-0.16%", "2016-06-30": "-1.14%", "2016-03-31": "-5.38%", "2015-12-31": "-3.07%", "2015-09-30": "-2.76%", "2015-06-30": "0.00%", "2015-03-31": "10.73%", "2014-12-31": "3.94%", "2014-09-30": "4.94%", "2014-06-30": "-0.88%", "2014-03-31": "-5.16%", "2013-12-31": "-7.35%", "2013-09-30": "-11.05%", "2013-06-30": "-10.11%", "2013-03-31": "-10.00%", "2012-12-31": "-10.56%", "2012-09-30": "-9.52%", "2012-06-30": "-9.79%", "2012-03-31": "-8.03%", "2011-12-31": "-8.21%", "2011-09-30": "-7.14%", "2011-06-30": "-5.61%", "2011-03-31": "-8.24%", "2010-12-31": "-4.92%", "2010-06-30": "-5.88%", "2010-03-31": "2.94%"}, "pe ratio": {"current": "12.24", "2021-02-05": "176.64", "2020-09-30": "155.04", "2020-06-30": "44.00", "2020-03-31": "41.00", "2019-12-31": "133.56", "2019-09-30": "113.67", "2019-06-30": "3141.64", "2019-03-31": "645.32", "2018-12-31": "43.62", "2018-09-30": "41.37", "2018-06-30": "47.03", "2018-03-31": "48.49", "2017-12-31": "70.25", "2017-09-30": "73.27", "2017-06-30": "84.42", "2017-03-31": "87.36", "2016-12-31": "127.00", "2016-09-30": "0.00", "2016-06-30": "0.00", "2016-03-31": "0.00", "2015-12-31": "0.00", "2015-09-30": "0.00", "2015-06-30": "479.02", "2015-03-31": "73.43", "2014-12-31": "167.82", "2014-09-30": "114.25", "2014-06-30": "0.00", "2014-03-31": "0.00", "2013-12-31": "0.00", "2013-09-30": "0.00", "2013-06-30": "0.00", "2013-03-31": "0.00", "2012-12-31": "0.00", "2012-09-30": "0.00", "2012-06-30": "0.00", "2012-03-31": "0.00", "2011-12-31": "0.00", "2011-09-30": "0.00", "2011-06-30": "0.00", "2011-03-31": "0.00"}, "price sales": {"2021-02-05": "4.71", "2020-09-30": "4.14", "2020-06-30": "4.65", "2020-03-31": "4.65", "2019-12-31": "6.85", "2019-09-30": "6.19", "2019-06-30": "6.32", "2019-03-31": "6.69", "2018-12-31": "5.81", "2018-09-30": "6.55", "2018-06-30": "6.95", "2018-03-31": "6.28", "2017-12-31": "6.55", "2017-09-30": "5.99", "2017-06-30": "5.83", "2017-03-31": "5.40", "2016-12-31": "4.88", "2016-09-30": "4.38", "2016-06-30": "3.70", "2016-03-31": "3.59", "2015-12-31": "3.99", "2015-09-30": "4.66", "2015-06-30": "5.25", "2015-03-31": "7.45", "2014-12-31": "6.61", "2014-09-30": "5.36", "2014-06-30": "5.59", "2014-03-31": "5.13", "2013-12-31": "4.80", "2013-09-30": "4.26", "2013-06-30": "4.74", "2013-03-31": "4.64", "2012-12-31": "4.20", "2012-09-30": "3.71", "2012-06-30": "3.27", "2012-03-31": "2.72", "2011-12-31": "2.29", "2011-09-30": "2.34", "2011-06-30": "3.37", "2011-03-31": "4.68"}, "price book": {"current": "0.97", "2021-02-05": "0.97", "2020-09-30": "0.85", "2020-06-30": "1.05", "2020-03-31": "1.04", "2019-12-31": "1.50", "2019-09-30": "1.32", "2019-06-30": "1.31", "2019-03-31": "1.33", "2018-12-31": "1.09", "2018-09-30": "1.20", "2018-06-30": "1.29", "2018-03-31": "1.17", "2017-12-31": "1.23", "2017-09-30": "1.18", "2017-06-30": "1.18", "2017-03-31": "1.18", "2016-12-31": "1.12", "2016-09-30": "0.93", "2016-06-30": "0.69", "2016-03-31": "0.60", "2015-12-31": "0.57", "2015-09-30": "0.56", "2015-06-30": "0.54", "2015-03-31": "1.18", "2014-12-31": "1.32", "2014-09-30": "1.07", "2014-06-30": "1.09", "2014-03-31": "0.98", "2013-12-31": "0.93", "2013-09-30": "0.82", "2013-06-30": "0.88", "2013-03-31": "0.92", "2012-12-31": "0.89", "2012-09-30": "0.77", "2012-06-30": "0.71", "2012-03-31": "0.55", "2011-12-31": "0.54", "2011-09-30": "0.43", "2011-06-30": "0.57", "2011-03-31": "0.45", "2010-12-31": "0.45", "2010-09-30": "0.56", "2010-06-30": "0.59"}, "price fcf": {"2021-02-05": "", "2020-09-30": "$-0.76", "2020-06-30": "$0.40", "2020-03-31": "$0.42", "2019-12-31": "$0.32", "2019-09-30": "$-1.54", "2019-06-30": "$-1.45", "2019-03-31": "$-1.58", "2018-12-31": "$-0.29", "2018-09-30": "$2.61", "2018-06-30": "$1.69", "2018-03-31": "$0.30", "2017-12-31": "$-0.36", "2017-09-30": "$-3.60", "2017-06-30": "$-6.80", "2017-03-31": "$-4.44", "2016-12-31": "$-2.63", "2016-09-30": "$-0.72", "2016-06-30": "$3.06", "2016-03-31": "$-17.55", "2015-12-31": "$-18.88", "2015-09-30": "$-19.38", "2015-06-30": "$-19.95", "2015-03-31": "$-1.15", "2014-12-31": "$-2.33", "2014-09-30": "$-1.93", "2014-06-30": "$-7.93", "2014-03-31": "$-6.94", "2013-12-31": "$-6.93", "2013-09-30": "$-11.83", "2013-06-30": "$-7.32", "2013-03-31": "$-9.40", "2012-12-31": "$-9.05", "2012-09-30": "$-5.56", "2012-06-30": "$-5.66", "2012-03-31": "$-3.45", "2011-12-31": "$-3.35", "2011-09-30": "$1.24", "2011-06-30": "$0.27", "2011-03-31": "$0.36"}, "net worth": {"value": "$3.76B"}, "current ratio": {"2020-09-30": "2.28", "2020-06-30": "0.91", "2020-03-31": "2.33", "2019-12-31": "1.25", "2019-09-30": "1.02", "2019-06-30": "1.02", "2019-03-31": "1.17", "2018-12-31": "1.28", "2018-09-30": "1.07", "2018-06-30": "1.30", "2018-03-31": "1.37", "2017-12-31": "1.31", "2017-09-30": "1.32", "2017-06-30": "1.40", "2017-03-31": "1.63", "2016-12-31": "1.70", "2016-09-30": "1.51", "2016-06-30": "4.20", "2016-03-31": "1.92", "2015-12-31": "2.21", "2015-09-30": "1.86", "2015-06-30": "1.94", "2015-03-31": "5.55", "2014-12-31": "2.97", "2014-09-30": "4.57", "2014-06-30": "4.34", "2014-03-31": "3.44", "2013-12-31": "2.79", "2013-09-30": "2.00", "2013-06-30": "7.86", "2013-03-31": "8.73", "2012-12-31": "3.34", "2012-09-30": "2.84", "2012-06-30": "9.80", "2012-03-31": "3.63", "2011-12-31": "3.45", "2011-09-30": "2.67", "2011-06-30": "9.23", "2011-03-31": "3.96", "2010-12-31": "5.58", "2010-09-30": "4.84", "2010-06-30": "15.84", "2010-03-31": "0.00", "2009-12-31": "0.00", "2009-09-30": "0.00", "2009-06-30": "0.00", "2008-12-31": "0.00"}, "quick ratio": {"2020-09-30": "0.00", "2020-06-30": "0.00", "2020-03-31": "0.00", "2019-12-31": "0.00", "2019-09-30": "0.00", "2019-06-30": "0.00", "2019-03-31": "0.00", "2018-12-31": "0.00", "2018-09-30": "0.00", "2018-06-30": "0.00", "2018-03-31": "0.00", "2017-12-31": "0.00", "2017-09-30": "0.00", "2017-06-30": "0.00", "2017-03-31": "0.00", "2016-12-31": "0.00", "2016-09-30": "0.00", "2016-06-30": "0.00", "2016-03-31": "0.00", "2015-12-31": "0.00", "2015-09-30": "0.00", "2015-06-30": "0.00", "2015-03-31": "0.00", "2014-12-31": "0.00", "2014-09-30": "0.00", "2014-06-30": "0.00", "2014-03-31": "0.00", "2013-12-31": "0.00", "2013-09-30": "0.00", "2013-06-30": "0.00", "2013-03-31": "0.00", "2012-12-31": "0.00", "2012-09-30": "0.00", "2012-06-30": "0.00", "2012-03-31": "0.00", "2011-12-31": "0.00", "2011-09-30": "0.00", "2011-06-30": "0.00", "2011-03-31": "0.00", "2010-12-31": "0.00", "2010-09-30": "0.00", "2010-06-30": "0.00", "2010-03-31": "0.00", "2009-12-31": "0.00", "2009-09-30": "0.00", "2009-06-30": "0.00", "2008-12-31": "0.00"}, "debt equity ratio": {"current": "0.83", "2020-09-30": "1.04", "2020-06-30": "1.11", "2020-03-31": "1.16", "2019-12-31": "1.01", "2019-09-30": "0.99", "2019-06-30": "1.02", "2019-03-31": "0.97", "2018-12-31": "0.85", "2018-09-30": "0.72", "2018-06-30": "0.67", "2018-03-31": "0.64", "2017-12-31": "0.69", "2017-09-30": "0.74", "2017-06-30": "0.72", "2017-03-31": "0.67", "2016-12-31": "0.80", "2016-09-30": "0.75", "2016-06-30": "0.72", "2016-03-31": "0.64", "2015-12-31": "0.68", "2015-09-30": "0.60", "2015-06-30": "0.60", "2015-03-31": "0.49", "2014-12-31": "0.83", "2014-09-30": "0.80", "2014-06-30": "0.74", "2014-03-31": "0.72", "2013-12-31": "0.93", "2013-09-30": "0.92", "2013-06-30": "0.65", "2013-03-31": "0.57", "2012-12-31": "0.74", "2012-09-30": "0.48", "2012-06-30": "0.46", "2012-03-31": "0.57", "2011-12-31": "0.67", "2011-09-30": "0.53", "2011-06-30": "0.48", "2011-03-31": "0.79", "2010-12-31": "0.79", "2010-09-30": "0.30", "2010-06-30": "0.29", "2010-03-31": "0.00", "2009-12-31": "0.00", "2009-09-30": "0.00", "2009-06-30": "0.00", "2008-12-31": "0.85"}, "return on equity": {"2020-09-30": "0.65%", "2020-06-30": "2.40%", "2020-03-31": "2.54%", "2019-12-31": "1.18%", "2019-09-30": "1.23%", "2019-06-30": "0.11%", "2019-03-31": "0.26%", "2018-12-31": "2.51%", "2018-09-30": "2.93%", "2018-06-30": "2.77%", "2018-03-31": "2.46%", "2017-12-31": "1.74%", "2017-09-30": "1.48%", "2017-06-30": "1.28%", "2017-03-31": "1.22%", "2016-12-31": "0.73%", "2016-09-30": "-0.03%", "2016-06-30": "-0.19%", "2016-03-31": "-0.87%", "2015-12-31": "-0.48%", "2015-09-30": "-0.44%", "2015-06-30": "0.00%", "2015-03-31": "1.95%", "2014-12-31": "0.78%", "2014-09-30": "0.97%", "2014-06-30": "-0.17%", "2014-03-31": "-0.96%", "2013-12-31": "-1.37%", "2013-09-30": "-2.01%", "2013-06-30": "-1.80%", "2013-03-31": "-1.79%", "2012-12-31": "-1.97%", "2012-09-30": "-1.72%", "2012-06-30": "-1.84%", "2012-03-31": "-1.56%", "2011-12-31": "-1.66%", "2011-09-30": "-1.43%", "2011-06-30": "-1.04%", "2011-03-31": "-1.34%", "2010-12-31": "-0.79%", "2010-06-30": "-1.66%", "2010-03-31": "inf%"}, "return on assets": {"2020-09-30": "0.31%", "2020-06-30": "1.16%", "2020-03-31": "1.24%", "2019-12-31": "0.59%", "2019-09-30": "0.63%", "2019-06-30": "0.06%", "2019-03-31": "0.14%", "2018-12-31": "1.46%", "2018-09-30": "1.74%", "2018-06-30": "1.64%", "2018-03-31": "1.45%", "2017-12-31": "1.02%", "2017-09-30": "0.85%", "2017-06-30": "0.74%", "2017-03-31": "0.71%", "2016-12-31": "0.43%", "2016-09-30": "-0.02%", "2016-06-30": "-0.11%", "2016-03-31": "-0.53%", "2015-12-31": "-0.30%", "2015-09-30": "-0.27%", "2015-06-30": "0.00%", "2015-03-31": "1.16%", "2014-12-31": "0.44%", "2014-09-30": "0.54%", "2014-06-30": "-0.09%", "2014-03-31": "-0.53%", "2013-12-31": "-0.77%", "2013-09-30": "-1.17%", "2013-06-30": "-1.12%", "2013-03-31": "-1.15%", "2012-12-31": "-1.26%", "2012-09-30": "-1.12%", "2012-06-30": "-1.19%", "2012-03-31": "-1.00%", "2011-12-31": "-1.03%", "2011-09-30": "-0.88%", "2011-06-30": "-0.65%", "2011-03-31": "-0.86%", "2010-12-31": "-0.53%", "2010-06-30": "-1.29%", "2010-03-31": "inf%"}, "return on investments": {"2020-09-30": "2.12%", "2020-06-30": "2.35%", "2020-03-31": "2.40%", "2019-12-31": "2.43%", "2019-09-30": "2.40%", "2019-06-30": "2.33%", "2019-03-31": "2.34%", "2018-12-31": "2.32%", "2018-09-30": "2.40%", "2018-06-30": "2.40%", "2018-03-31": "2.24%", "2017-12-31": "2.13%", "2017-09-30": "1.88%", "2017-06-30": "1.71%", "2017-03-31": "1.62%", "2016-12-31": "1.50%", "2016-09-30": "1.29%", "2016-06-30": "0.96%", "2016-03-31": "0.89%", "2015-12-31": "0.91%", "2015-09-30": "1.06%", "2015-06-30": "1.65%", "2015-03-31": "2.21%", "2014-12-31": "2.26%", "2014-09-30": "2.22%", "2014-06-30": "1.89%", "2014-03-31": "1.68%", "2013-12-31": "1.47%", "2013-09-30": "1.11%", "2013-06-30": "1.25%", "2013-03-31": "1.00%", "2012-12-31": "1.10%", "2012-09-30": "1.10%", "2012-06-30": "1.08%", "2012-03-31": "1.34%", "2011-12-31": "1.42%", "2011-09-30": "1.80%", "2011-06-30": "1.79%", "2011-03-31": "1.77%", "2010-12-31": "2.14%", "2010-06-30": "4.85%", "2010-03-31": "inf%"}, "return on tangible equity": {"2020-09-30": "0.70%", "2020-06-30": "2.60%", "2020-03-31": "2.76%", "2019-12-31": "1.28%", "2019-09-30": "1.33%", "2019-06-30": "0.11%", "2019-03-31": "0.28%", "2018-12-31": "2.69%", "2018-09-30": "3.13%", "2018-06-30": "2.95%", "2018-03-31": "2.63%", "2017-12-31": "1.87%", "2017-09-30": "1.60%", "2017-06-30": "1.38%", "2017-03-31": "1.33%", "2016-12-31": "0.80%", "2016-09-30": "-0.03%", "2016-06-30": "-0.20%", "2016-03-31": "-0.95%", "2015-12-31": "-0.52%", "2015-09-30": "-0.48%", "2015-06-30": "0.00%", "2015-03-31": "2.12%", "2014-12-31": "0.85%", "2014-09-30": "1.07%", "2014-06-30": "-0.19%", "2014-03-31": "-1.07%", "2013-12-31": "-1.53%", "2013-09-30": "-2.25%", "2013-06-30": "-2.01%", "2013-03-31": "-1.97%", "2012-12-31": "-2.18%", "2012-09-30": "-1.93%", "2012-06-30": "-2.08%", "2012-03-31": "-1.78%", "2011-12-31": "-1.92%", "2011-09-30": "-1.67%", "2011-06-30": "-1.21%", "2011-03-31": "-1.54%", "2010-12-31": "-0.89%", "2010-06-30": "-1.77%", "2010-03-31": "inf%"}, "dividend yield history": {"last payout": "$1.00", "last yield": "4.04%"}}