{"ticker": "HUM", "price": {"title": "Humana Historical Annual Stock Price Data", "value": 381.19, "historical": {"2021": {"Average Stock Price": "401.4979", "Year Open": "412.1900", "Year High": "447.6900", "Year Low": "376.9900", "Year Close": "381.1900", "Annual % Change": "-7.09%"}, "2020": {"Average Stock Price": "382.7442", "Year Open": "363.2400", "Year High": "452.0100", "Year Low": "214.4300", "Year Close": "410.2700", "Annual % Change": "11.94%"}, "2019": {"Average Stock Price": "284.9133", "Year Open": "281.5900", "Year High": "371.0000", "Year Low": "232.8900", "Year Close": "366.5200", "Annual % Change": "27.94%"}, "2018": {"Average Stock Price": "301.5851", "Year Open": "251.6400", "Year High": "353.9800", "Year Low": "251.2800", "Year Close": "286.4800", "Annual % Change": "15.48%"}, "2017": {"Average Stock Price": "231.3715", "Year Open": "197.6100", "Year High": "260.8600", "Year Low": "195.2400", "Year Close": "248.0700", "Annual % Change": "21.59%"}, "2016": {"Average Stock Price": "178.8591", "Year Open": "179.7500", "Year High": "216.7600", "Year Low": "153.3800", "Year Close": "204.0300", "Annual % Change": "14.30%"}, "2015": {"Average Stock Price": "176.3337", "Year Open": "142.9900", "Year High": "214.9200", "Year Low": "139.0900", "Year Close": "178.5100", "Annual % Change": "24.28%"}, "2014": {"Average Stock Price": "121.8000", "Year Open": "102.8400", "Year High": "149.0700", "Year Low": "95.5900", "Year Close": "143.6300", "Annual % Change": "39.15%"}, "2013": {"Average Stock Price": "85.2532", "Year Open": "68.4400", "Year High": "105.2500", "Year Low": "66.0100", "Year Close": "103.2200", "Annual % Change": "50.40%"}, "2012": {"Average Stock Price": "77.7682", "Year Open": "88.3300", "Year High": "95.5000", "Year Low": "61.6000", "Year Close": "68.6300", "Annual % Change": "-21.66%"}, "2011": {"Average Stock Price": "74.1590", "Year Open": "55.1000", "Year High": "89.8300", "Year Low": "55.0400", "Year Close": "87.6100", "Annual % Change": "60.05%"}, "2010": {"Average Stock Price": "49.7294", "Year Open": "45.6800", "Year High": "60.6400", "Year Low": "43.5600", "Year Close": "54.7400", "Annual % Change": "24.72%"}, "2009": {"Average Stock Price": "34.3408", "Year Open": "37.2700", "Year High": "45.8000", "Year Low": "18.7700", "Year Close": "43.8900", "Annual % Change": "17.73%"}, "2008": {"Average Stock Price": "47.4814", "Year Open": "78.1200", "Year High": "86.9800", "Year Low": "24.5600", "Year Close": "37.2800", "Annual % Change": "-50.50%"}, "2007": {"Average Stock Price": "64.9224", "Year Open": "56.0200", "Year High": "78.4600", "Year Low": "52.2500", "Year Close": "75.3100", "Annual % Change": "36.16%"}, "2006": {"Average Stock Price": "55.1194", "Year Open": "55.7800", "Year High": "67.9700", "Year Low": "41.6000", "Year Close": "55.3100", "Annual % Change": "1.80%"}, "2005": {"Average Stock Price": "40.0469", "Year Open": "29.1600", "Year High": "55.2900", "Year Low": "29.1000", "Year Close": "54.3300", "Annual % Change": "82.99%"}, "2004": {"Average Stock Price": "20.1751", "Year Open": "22.9300", "Year High": "30.0200", "Year Low": "15.5500", "Year Close": "29.6900", "Annual % Change": "29.93%"}, "2003": {"Average Stock Price": "15.0190", "Year Open": "10.3100", "Year High": "23.2900", "Year Low": "8.6800", "Year Close": "22.8500", "Annual % Change": "128.50%"}, "2002": {"Average Stock Price": "13.2113", "Year Open": "11.5000", "Year High": "17.0900", "Year Low": "9.8700", "Year Close": "10.0000", "Annual % Change": "-15.18%"}, "2001": {"Average Stock Price": "11.2252", "Year Open": "14.9400", "Year High": "14.9400", "Year Low": "8.5800", "Year Close": "11.7900", "Annual % Change": "-22.69%"}, "2000": {"Average Stock Price": "8.5728", "Year Open": "7.5630", "Year High": "15.3800", "Year Low": "4.7500", "Year Close": "15.2500", "Annual % Change": "86.25%"}, "1999": {"Average Stock Price": "12.2548", "Year Open": "19.1900", "Year High": "20.7500", "Year Low": "5.8750", "Year Close": "8.1880", "Annual % Change": "-54.03%"}, "1998": {"Average Stock Price": "22.4835", "Year Open": "21.1300", "Year High": "31.8800", "Year Low": "12.8800", "Year Close": "17.8100", "Annual % Change": "-14.17%"}, "1997": {"Average Stock Price": "21.9542", "Year Open": "18.8800", "Year High": "24.9400", "Year Low": "17.7500", "Year Close": "20.7500", "Annual % Change": "9.21%"}, "1996": {"Average Stock Price": "21.6361", "Year Open": "26.8800", "Year High": "28.7500", "Year Low": "15.6200", "Year Close": "19.0000", "Annual % Change": "-30.61%"}, "1995": {"Average Stock Price": "21.8955", "Year Open": "22.5000", "Year High": "28.0000", "Year Low": "17.3800", "Year Close": "27.3800", "Annual % Change": "20.99%"}, "1994": {"Average Stock Price": "20.4480", "Year Open": "17.5000", "Year High": "24.8800", "Year Low": "16.1300", "Year Close": "22.6300", "Annual % Change": "27.49%"}, "1993": {"Average Stock Price": "13.4945", "Year Open": "20.2500", "Year High": "21.2500", "Year Low": "6.6250", "Year Close": "17.7500", "Annual % Change": "-13.41%"}, "1992": {"Average Stock Price": "23.1824", "Year Open": "27.0000", "Year High": "29.2500", "Year Low": "17.7500", "Year Close": "20.5000", "Annual % Change": "-23.74%"}, "1991": {"Average Stock Price": "39.5478", "Year Open": "41.7500", "Year High": "52.2500", "Year Low": "23.1300", "Year Close": "26.8800", "Annual % Change": "-36.18%"}, "1990": {"Average Stock Price": "43.0105", "Year Open": "43.8800", "Year High": "50.3700", "Year Low": "35.8800", "Year Close": "42.1200", "Annual % Change": "-4.27%"}, "1989": {"Average Stock Price": "33.9762", "Year Open": "25.3800", "Year High": "44.0000", "Year Low": "25.2500", "Year Close": "44.0000", "Annual % Change": "73.36%"}, "1988": {"Average Stock Price": "24.3556", "Year Open": "19.8800", "Year High": "28.5000", "Year Low": "19.5000", "Year Close": "25.3800", "Annual % Change": "31.84%"}, "1987": {"Average Stock Price": "23.3964", "Year Open": "20.1300", "Year High": "29.5000", "Year Low": "16.7500", "Year Close": "19.2500", "Annual % Change": "0.68%"}, "1986": {"Average Stock Price": "26.2653", "Year Open": "31.0000", "Year High": "33.8700", "Year Low": "19.1200", "Year Close": "19.1200", "Annual % Change": "-38.82%"}, "1985": {"Average Stock Price": "29.6118", "Year Open": "22.8800", "Year High": "35.7500", "Year Low": "22.1200", "Year Close": "31.2500", "Annual % Change": "32.98%"}, "1984": {"Average Stock Price": "26.2346", "Year Open": "27.2500", "Year High": "32.2500", "Year Low": "21.8700", "Year Close": "23.5000", "Annual % Change": "-10.48%"}, "1983": {"Average Stock Price": "33.8177", "Year Open": "44.0000", "Year High": "46.2500", "Year Low": "23.7500", "Year Close": "26.2500", "Annual % Change": "-41.67%"}, "1982": {"Average Stock Price": "30.1174", "Year Open": "36.2500", "Year High": "45.1200", "Year Low": "20.5000", "Year Close": "45.0000", "Annual % Change": "28.57%"}}}, "market cap": {"value": "$50.63B"}, "income statement": {"Revenue": {"2020-12-31": "77155.00000", "2019-12-31": "64888.00000", "2018-12-31": "56912.00000", "2017-12-31": "53767.00000", "2016-12-31": "54379.00000", "2015-12-31": "54289.00000", "2014-12-31": "48500.00000", "2013-12-31": "41313.00000", "2012-12-31": "39126.00000", "2011-12-31": "36832.00000", "2010-12-31": "33596.00000", "2009-12-31": "30743.00000", "2008-12-31": "28946.37000", "2007-12-31": "25289.99000", "2006-12-31": "21416.54000", "2005-12-31": "14418.13000"}, "Cost Of Goods Sold": {"2020-12-31": "61628.00000", "2019-12-31": "53857.00000", "2018-12-31": "45882.00000", "2017-12-31": "43496.00000", "2016-12-31": "45007.00000", "2015-12-31": "44269.00000", "2014-12-31": "38166.00000", "2013-12-31": "32564.00000", "2012-12-31": "30985.00000", "2011-12-31": "28823.00000", "2010-12-31": "27117.00000", "2009-12-31": "24784.00000", "2008-12-31": "23708.23000", "2007-12-31": "20270.53000", "2006-12-31": "17421.20000", "2005-12-31": "11651.47000"}, "Gross Profit": {"2020-12-31": "15527.00000", "2019-12-31": "11031.00000", "2018-12-31": "11030.00000", "2017-12-31": "10271.00000", "2016-12-31": "9372.00000", "2015-12-31": "10020.00000", "2014-12-31": "10334.00000", "2013-12-31": "8749.00000", "2012-12-31": "8141.00000", "2011-12-31": "8009.00000", "2010-12-31": "6479.00000", "2009-12-31": "5959.00000", "2008-12-31": "5238.13900", "2007-12-31": "5019.45700", "2006-12-31": "3995.33400", "2005-12-31": "2766.65700"}, "Research And Development Expenses": {"2020-12-31": "", "2019-12-31": "", "2018-12-31": "", "2017-12-31": "", "2016-12-31": "", "2015-12-31": "", "2014-12-31": "", "2013-12-31": "", "2012-12-31": "", "2011-12-31": "", "2010-12-31": "", "2009-12-31": "", "2008-12-31": "", "2007-12-31": "", "2006-12-31": "", "2005-12-31": ""}, "SG&A Expenses": {"2020-12-31": "", "2019-12-31": "", "2018-12-31": "", "2017-12-31": "", "2016-12-31": "", "2015-12-31": "", "2014-12-31": "", "2013-12-31": "", "2012-12-31": "", "2011-12-31": "", "2010-12-31": "", "2009-12-31": "", "2008-12-31": "3944.65200", "2007-12-31": "3476.46800", "2006-12-31": "3021.50900", "2005-12-31": "2195.60400"}, "Other Operating Income Or Expenses": {"2020-12-31": "-10052.00000", "2019-12-31": "-7381.00000", "2018-12-31": "-7525.00000", "2017-12-31": "-6567.00000", "2016-12-31": "-7173.00000", "2015-12-31": "-7295.00000", "2014-12-31": "-7639.00000", "2013-12-31": "-6355.00000", "2012-12-31": "-5830.00000", "2011-12-31": "-5395.00000", "2010-12-31": "-4380.00000", "2009-12-31": "-4014.00000", "2008-12-31": "", "2007-12-31": "", "2006-12-31": "", "2005-12-31": ""}, "Operating Expenses": {"2020-12-31": "72169.00000", "2019-12-31": "61696.00000", "2018-12-31": "53812.00000", "2017-12-31": "49505.00000", "2016-12-31": "52638.00000", "2015-12-31": "51942.00000", "2014-12-31": "46138.00000", "2013-12-31": "39252.00000", "2012-12-31": "37110.00000", "2011-12-31": "34488.00000", "2010-12-31": "31742.00000", "2009-12-31": "29035.00000", "2008-12-31": "27873.23000", "2007-12-31": "23931.81000", "2006-12-31": "20591.31000", "2005-12-31": "13975.93000"}, "Operating Income": {"2020-12-31": "4986.00000", "2019-12-31": "3192.00000", "2018-12-31": "3100.00000", "2017-12-31": "4262.00000", "2016-12-31": "1741.00000", "2015-12-31": "2347.00000", "2014-12-31": "2362.00000", "2013-12-31": "2061.00000", "2012-12-31": "2016.00000", "2011-12-31": "2344.00000", "2010-12-31": "1854.00000", "2009-12-31": "1708.00000", "2008-12-31": "1073.13700", "2007-12-31": "1358.17600", "2006-12-31": "825.22660", "2005-12-31": "442.19530"}, "Total Non-Operating Income/Expense": {"2020-12-31": "-386.00000", "2019-12-31": "264.00000", "2018-12-31": "-1037.00000", "2017-12-31": "-242.00000", "2016-12-31": "-189.00000", "2015-12-31": "84.00000", "2014-12-31": "-192.00000", "2013-12-31": "-140.00000", "2012-12-31": "-105.00000", "2011-12-31": "-109.00000", "2010-12-31": "-105.00000", "2009-12-31": "-106.00000", "2008-12-31": "-80.28900", "2007-12-31": "-68.87800", "2006-12-31": "-63.14100", "2005-12-31": "-39.31500"}, "Pre-Tax Income": {"2020-12-31": "4600.00000", "2019-12-31": "3456.00000", "2018-12-31": "2063.00000", "2017-12-31": "4020.00000", "2016-12-31": "1552.00000", "2015-12-31": "2431.00000", "2014-12-31": "2170.00000", "2013-12-31": "1921.00000", "2012-12-31": "1911.00000", "2011-12-31": "2235.00000", "2010-12-31": "1749.00000", "2009-12-31": "1602.00000", "2008-12-31": "992.84800", "2007-12-31": "1289.30000", "2006-12-31": "762.08500", "2005-12-31": "402.88000"}, "Income Taxes": {"2020-12-31": "1307.00000", "2019-12-31": "763.00000", "2018-12-31": "391.00000", "2017-12-31": "1572.00000", "2016-12-31": "938.00000", "2015-12-31": "1155.00000", "2014-12-31": "1023.00000", "2013-12-31": "690.00000", "2012-12-31": "689.00000", "2011-12-31": "816.00000", "2010-12-31": "650.00000", "2009-12-31": "562.00000", "2008-12-31": "345.69400", "2007-12-31": "455.61600", "2006-12-31": "274.66200", "2005-12-31": "106.15000"}, "Income After Taxes": {"2020-12-31": "3293.00000", "2019-12-31": "2693.00000", "2018-12-31": "1672.00000", "2017-12-31": "2448.00000", "2016-12-31": "614.00000", "2015-12-31": "1276.00000", "2014-12-31": "1147.00000", "2013-12-31": "1231.00000", "2012-12-31": "1222.00000", "2011-12-31": "1419.00000", "2010-12-31": "1099.00000", "2009-12-31": "1040.00000", "2008-12-31": "647.15410", "2007-12-31": "833.68410", "2006-12-31": "487.42300", "2005-12-31": "296.73000"}, "Other Income": {"2020-12-31": "", "2019-12-31": "", "2018-12-31": "", "2017-12-31": "", "2016-12-31": "", "2015-12-31": "", "2014-12-31": "", "2013-12-31": "", "2012-12-31": "", "2011-12-31": "", "2010-12-31": "", "2009-12-31": "", "2008-12-31": "", "2007-12-31": "", "2006-12-31": "", "2005-12-31": ""}, "Income From Continuous Operations": {"2020-12-31": "3367.00000", "2019-12-31": "2707.00000", "2018-12-31": "1683.00000", "2017-12-31": "2448.00000", "2016-12-31": "614.00000", "2015-12-31": "1276.00000", "2014-12-31": "1147.00000", "2013-12-31": "1231.00000", "2012-12-31": "1222.00000", "2011-12-31": "1419.00000", "2010-12-31": "1099.00000", "2009-12-31": "1040.00000", "2008-12-31": "647.15410", "2007-12-31": "833.68410", "2006-12-31": "487.42300", "2005-12-31": "296.73000"}, "Income From Discontinued Operations": {"2020-12-31": "", "2019-12-31": "", "2018-12-31": "", "2017-12-31": "", "2016-12-31": "", "2015-12-31": "", "2014-12-31": "", "2013-12-31": "", "2012-12-31": "", "2011-12-31": "", "2010-12-31": "", "2009-12-31": "", "2008-12-31": "", "2007-12-31": "", "2006-12-31": "", "2005-12-31": ""}, "Net Income": {"2020-12-31": "3367.00000", "2019-12-31": "2707.00000", "2018-12-31": "1683.00000", "2017-12-31": "2448.00000", "2016-12-31": "614.00000", "2015-12-31": "1276.00000", "2014-12-31": "1147.00000", "2013-12-31": "1231.00000", "2012-12-31": "1222.00000", "2011-12-31": "1419.00000", "2010-12-31": "1099.00000", "2009-12-31": "1040.00000", "2008-12-31": "647.15400", "2007-12-31": "833.68400", "2006-12-31": "487.42300", "2005-12-31": "296.73000"}, "EBITDA": {"2020-12-31": "5146.00000", "2019-12-31": "3767.00000", "2018-12-31": "3634.00000", "2017-12-31": "4747.00000", "2016-12-31": "2206.00000", "2015-12-31": "2794.00000", "2014-12-31": "2811.00000", "2013-12-31": "2487.00000", "2012-12-31": "2354.00000", "2011-12-31": "2647.00000", "2010-12-31": "2117.00000", "2009-12-31": "1958.00000", "2008-12-31": "1293.48700", "2007-12-31": "1542.98800", "2006-12-31": "973.82460", "2005-12-31": "571.05330"}, "EBIT": {"2020-12-31": "4986.00000", "2019-12-31": "3192.00000", "2018-12-31": "3100.00000", "2017-12-31": "4262.00000", "2016-12-31": "1741.00000", "2015-12-31": "2347.00000", "2014-12-31": "2362.00000", "2013-12-31": "2061.00000", "2012-12-31": "2016.00000", "2011-12-31": "2344.00000", "2010-12-31": "1854.00000", "2009-12-31": "1708.00000", "2008-12-31": "1073.13700", "2007-12-31": "1358.17600", "2006-12-31": "825.22660", "2005-12-31": "442.19530"}, "Basic Shares Outstanding": {"2020-12-31": "132.19900", "2019-12-31": "134.05500", "2018-12-31": "137.48600", "2017-12-31": "144.49300", "2016-12-31": "149.37500", "2015-12-31": "149.45500", "2014-12-31": "154.18700", "2013-12-31": "157.50300", "2012-12-31": "161.48400", "2011-12-31": "165.41300", "2010-12-31": "167.78200", "2009-12-31": "167.36400", "2008-12-31": "167.17200", "2007-12-31": "166.87100", "2006-12-31": "164.13700", "2005-12-31": "161.71400"}, "Shares Outstanding": {"2020-12-31": "133.01200", "2019-12-31": "134.72700", "2018-12-31": "138.40300", "2017-12-31": "145.58500", "2016-12-31": "150.91700", "2015-12-31": "151.14200", "2014-12-31": "155.87400", "2013-12-31": "159.15100", "2012-12-31": "163.45700", "2011-12-31": "167.82700", "2010-12-31": "169.79800", "2009-12-31": "169.07100", "2008-12-31": "169.18700", "2007-12-31": "169.82000", "2006-12-31": "167.99600", "2005-12-31": "165.56000"}, "Basic EPS": {"2020-12-31": "25.47000", "2019-12-31": "20.20000", "2018-12-31": "12.24000", "2017-12-31": "16.94000", "2016-12-31": "4.11000", "2015-12-31": "8.54000", "2014-12-31": "7.44000", "2013-12-31": "7.81000", "2012-12-31": "7.56000", "2011-12-31": "8.58000", "2010-12-31": "6.55000", "2009-12-31": "6.21000", "2008-12-31": "3.87000", "2007-12-31": "5.00000", "2006-12-31": "2.97000", "2005-12-31": "1.83000"}, "EPS - Earnings Per Share": {"2020-12-31": "25.31000", "2019-12-31": "20.10000", "2018-12-31": "12.16000", "2017-12-31": "16.81000", "2016-12-31": "4.07000", "2015-12-31": "8.44000", "2014-12-31": "7.36000", "2013-12-31": "7.73000", "2012-12-31": "7.47000", "2011-12-31": "8.46000", "2010-12-31": "6.47000", "2009-12-31": "6.15000", "2008-12-31": "3.83000", "2007-12-31": "4.91000", "2006-12-31": "2.90000", "2005-12-31": "1.79000"}}, "income statement, quarterly": {"Revenue": {"2020-12-31": "19062.00000", "2020-09-30": "20075.00000", "2020-06-30": "19083.00000", "2020-03-31": "18935.00000", "2019-12-31": "16295.00000", "2019-09-30": "16241.00000", "2019-06-30": "16245.00000", "2019-03-31": "16107.00000", "2018-12-31": "14168.00000", "2018-09-30": "14206.00000", "2018-06-30": "14259.00000", "2018-03-31": "14279.00000", "2017-12-31": "13189.00000", "2017-09-30": "13282.00000", "2017-06-30": "13534.00000", "2017-03-31": "13762.00000", "2016-12-31": "12878.00000", "2016-09-30": "13694.00000", "2016-06-30": "14007.00000", "2016-03-31": "13800.00000", "2015-12-31": "13361.00000", "2015-09-30": "13363.00000", "2015-06-30": "13732.00000", "2015-03-31": "13833.00000", "2014-12-31": "12328.00000", "2014-09-30": "12238.00000", "2014-06-30": "12222.00000", "2014-03-31": "11712.00000", "2013-12-31": "10187.00000", "2013-09-30": "10319.00000", "2013-06-30": "10321.00000", "2013-03-31": "10486.00000", "2012-12-31": "9557.00000", "2012-09-30": "9651.00000", "2012-06-30": "9699.00000", "2012-03-31": "10219.00000", "2011-12-31": "9056.00000", "2011-09-30": "9301.00000", "2011-06-30": "9284.00000", "2011-03-31": "9191.00000", "2010-12-31": "8275.60700", "2010-09-30": "8350.81200", "2010-06-30": "8589.24300", "2010-03-31": "8380.33800", "2009-12-31": "7415.63200", "2009-09-30": "7716.81900", "2009-06-30": "7898.88900", "2009-03-31": "7711.66100", "2008-12-31": "7487.63600", "2008-09-30": "7148.17000", "2008-06-30": "7350.86200", "2008-03-31": "6959.70400", "2007-12-31": "6338.79400", "2007-09-30": "6319.58400", "2007-06-30": "6426.79700", "2007-03-31": "6204.81300", "2006-12-31": "5655.21900", "2006-09-30": "5649.78400", "2006-06-30": "5407.16900", "2006-03-31": "4704.36500", "2005-12-31": "3663.08000", "2005-09-30": "3821.46100", "2005-06-30": "3546.36100", "2005-03-31": "3387.22500"}, "Cost Of Goods Sold": {"2020-12-31": "16213.00000", "2020-09-30": "15611.00000", "2020-06-30": "14175.00000", "2020-03-31": "15629.00000", "2019-12-31": "13689.00000", "2019-09-30": "13357.00000", "2019-06-30": "13318.00000", "2019-03-31": "13493.00000", "2018-12-31": "11433.00000", "2018-09-30": "11243.00000", "2018-06-30": "11536.00000", "2018-03-31": "11670.00000", "2017-12-31": "10639.00000", "2017-09-30": "10642.00000", "2017-06-30": "10889.00000", "2017-03-31": "11326.00000", "2016-12-31": "11201.00000", "2016-09-30": "10900.00000", "2016-06-30": "11509.00000", "2016-03-31": "11397.00000", "2015-12-31": "11116.00000", "2015-09-30": "10896.00000", "2015-06-30": "11252.00000", "2015-03-31": "11005.00000", "2014-12-31": "9749.00000", "2014-09-30": "9666.00000", "2014-06-30": "9627.00000", "2014-03-31": "9124.00000", "2013-12-31": "8203.00000", "2013-09-30": "8075.00000", "2013-06-30": "8091.00000", "2013-03-31": "8195.00000", "2012-12-31": "7516.00000", "2012-09-30": "7467.00000", "2012-06-30": "7652.00000", "2012-03-31": "8350.00000", "2011-12-31": "7062.00000", "2011-09-30": "7147.00000", "2011-06-30": "7269.00000", "2011-03-31": "7345.00000", "2010-12-31": "6789.25900", "2010-09-30": "6641.26400", "2010-06-30": "6869.09600", "2010-03-31": "6817.38200", "2009-12-31": "6035.79300", "2009-09-30": "6111.35100", "2009-06-30": "6367.54500", "2009-03-31": "6269.31000", "2008-12-31": "6041.10300", "2008-09-30": "5810.61300", "2008-06-30": "6038.48200", "2008-03-31": "5818.03400", "2007-12-31": "4912.25200", "2007-09-30": "4953.86200", "2007-06-30": "5190.41800", "2007-03-31": "5214.00000", "2006-12-31": "4541.77400", "2006-09-30": "4616.00200", "2006-06-30": "4479.50100", "2006-03-31": "3783.92600", "2005-12-31": "2914.83100", "2005-09-30": "3094.39700", "2005-06-30": "2888.50900", "2005-03-31": "2753.73300"}, "Gross Profit": {"2020-12-31": "19062.00000", "2020-09-30": "4464.00000", "2020-06-30": "4908.00000", "2020-03-31": "3306.00000", "2019-12-31": "2606.00000", "2019-09-30": "2884.00000", "2019-06-30": "2927.00000", "2019-03-31": "2614.00000", "2018-12-31": "2735.00000", "2018-09-30": "2963.00000", "2018-06-30": "2723.00000", "2018-03-31": "2609.00000", "2017-12-31": "2550.00000", "2017-09-30": "2640.00000", "2017-06-30": "2645.00000", "2017-03-31": "2436.00000", "2016-12-31": "1677.00000", "2016-09-30": "2794.00000", "2016-06-30": "2498.00000", "2016-03-31": "2403.00000", "2015-12-31": "2245.00000", "2015-09-30": "2467.00000", "2015-06-30": "2480.00000", "2015-03-31": "2828.00000", "2014-12-31": "2579.00000", "2014-09-30": "2572.00000", "2014-06-30": "2595.00000", "2014-03-31": "2588.00000", "2013-12-31": "1984.00000", "2013-09-30": "2244.00000", "2013-06-30": "2230.00000", "2013-03-31": "2291.00000", "2012-12-31": "2041.00000", "2012-09-30": "2184.00000", "2012-06-30": "2047.00000", "2012-03-31": "1869.00000", "2011-12-31": "1994.00000", "2011-09-30": "2154.00000", "2011-06-30": "2015.00000", "2011-03-31": "1846.00000", "2010-12-31": "1486.34900", "2010-09-30": "1709.54700", "2010-06-30": "1720.14700", "2010-03-31": "1562.95600", "2009-12-31": "1379.83800", "2009-09-30": "1605.46800", "2009-06-30": "1531.34400", "2009-03-31": "1442.35100", "2008-12-31": "1446.53300", "2008-09-30": "1337.55700", "2008-06-30": "1312.38000", "2008-03-31": "1141.67000", "2007-12-31": "1426.54200", "2007-09-30": "1365.72200", "2007-06-30": "1236.37900", "2007-03-31": "990.81300", "2006-12-31": "1113.44400", "2006-09-30": "1033.78200", "2006-06-30": "927.66800", "2006-03-31": "920.43920", "2005-12-31": "748.24900", "2005-09-30": "727.06400", "2005-06-30": "657.85210", "2005-03-31": "633.49220"}, "Research And Development Expenses": {"2020-12-31": "", "2020-09-30": "", "2020-06-30": "", "2020-03-31": "", "2019-12-31": "", "2019-09-30": "", "2019-06-30": "", "2019-03-31": "", "2018-12-31": "", "2018-09-30": "", "2018-06-30": "", "2018-03-31": "", "2017-12-31": "", "2017-09-30": "", "2017-06-30": "", "2017-03-31": "", "2016-12-31": "", "2016-09-30": "", "2016-06-30": "", "2016-03-31": "", "2015-12-31": "", "2015-09-30": "", "2015-06-30": "", "2015-03-31": "", "2014-12-31": "", "2014-09-30": "", "2014-06-30": "", "2014-03-31": "", "2013-12-31": "", "2013-09-30": "", "2013-06-30": "", "2013-03-31": "", "2012-12-31": "", "2012-09-30": "", "2012-06-30": "", "2012-03-31": "", "2011-12-31": "", "2011-09-30": "", "2011-06-30": "", "2011-03-31": "", "2010-12-31": "", "2010-09-30": "", "2010-06-30": "", "2010-03-31": "", "2009-12-31": "", "2009-09-30": "", "2009-06-30": "", "2009-03-31": "", "2008-12-31": "", "2008-09-30": "", "2008-06-30": "", "2008-03-31": "", "2007-12-31": "", "2007-09-30": "", "2007-06-30": "", "2007-03-31": "", "2006-12-31": "", "2006-09-30": "", "2006-06-30": "", "2006-03-31": "", "2005-12-31": "", "2005-09-30": "", "2005-06-30": "", "2005-03-31": ""}, "SG&A Expenses": {"2020-12-31": "", "2020-09-30": "", "2020-06-30": "", "2020-03-31": "", "2019-12-31": "", "2019-09-30": "", "2019-06-30": "", "2019-03-31": "", "2018-12-31": "", "2018-09-30": "", "2018-06-30": "", "2018-03-31": "", "2017-12-31": "", "2017-09-30": "", "2017-06-30": "", "2017-03-31": "", "2016-12-31": "", "2016-09-30": "", "2016-06-30": "", "2016-03-31": "", "2015-12-31": "", "2015-09-30": "", "2015-06-30": "", "2015-03-31": "", "2014-12-31": "", "2014-09-30": "", "2014-06-30": "", "2014-03-31": "", "2013-12-31": "", "2013-09-30": "", "2013-06-30": "", "2013-03-31": "", "2012-12-31": "", "2012-09-30": "", "2012-06-30": "", "2012-03-31": "", "2011-12-31": "", "2011-09-30": "", "2011-06-30": "", "2011-03-31": "", "2010-12-31": "", "2010-09-30": "", "2010-06-30": "", "2010-03-31": "", "2009-12-31": "", "2009-09-30": "1047.77300", "2009-06-30": "1004.34200", "2009-03-31": "1063.80300", "2008-12-31": "1098.94300", "2008-09-30": "979.22300", "2008-06-30": "916.04100", "2008-03-31": "950.44500", "2007-12-31": "1000.37600", "2007-09-30": "829.02300", "2007-06-30": "826.45900", "2007-03-31": "820.61000", "2006-12-31": "817.03810", "2006-09-30": "729.72200", "2006-06-30": "733.86300", "2006-03-31": "740.88600", "2005-12-31": "609.51900", "2005-09-30": "616.12600", "2005-06-30": "490.91900", "2005-03-31": "479.04000"}, "Other Operating Income Or Expenses": {"2020-12-31": "-3068.00000", "2020-09-30": "-2513.00000", "2020-06-30": "-2354.00000", "2020-03-31": "-2117.00000", "2019-12-31": "-2129.00000", "2019-09-30": "-1889.00000", "2019-06-30": "-1703.00000", "2019-03-31": "-1660.00000", "2018-12-31": "-2115.00000", "2018-09-30": "-1900.00000", "2018-06-30": "-1761.00000", "2018-03-31": "-1749.00000", "2017-12-31": "-1873.00000", "2017-09-30": "-1688.00000", "2017-06-30": "-1453.00000", "2017-03-31": "-1553.00000", "2016-12-31": "-2001.00000", "2016-09-30": "-1739.00000", "2016-06-30": "-1699.00000", "2016-03-31": "-1734.00000", "2015-12-31": "-1845.00000", "2015-09-30": "-1688.00000", "2015-06-30": "-1817.00000", "2015-03-31": "-1945.00000", "2014-12-31": "-2121.00000", "2014-09-30": "-1898.00000", "2014-06-30": "-1835.00000", "2014-03-31": "-1785.00000", "2013-12-31": "-1908.00000", "2013-09-30": "-1540.00000", "2013-06-30": "-1461.00000", "2013-03-31": "-1446.00000", "2012-12-31": "-1655.00000", "2012-09-30": "-1408.00000", "2012-06-30": "-1384.00000", "2012-03-31": "-1383.00000", "2011-12-31": "-1585.00000", "2011-09-30": "-1361.00000", "2011-06-30": "-1193.00000", "2011-03-31": "-1256.00000", "2010-12-31": "-1223.05500", "2010-09-30": "-1002.39800", "2010-06-30": "-1093.69000", "2010-03-31": "-1060.85700", "2009-12-31": "", "2009-09-30": "", "2009-06-30": "", "2009-03-31": "", "2008-12-31": "", "2008-09-30": "", "2008-06-30": "", "2008-03-31": "", "2007-12-31": "", "2007-09-30": "", "2007-06-30": "", "2007-03-31": "", "2006-12-31": "", "2006-09-30": "", "2006-06-30": "", "2006-03-31": "", "2005-12-31": "", "2005-09-30": "", "2005-06-30": "", "2005-03-31": ""}, "Operating Expenses": {"2020-12-31": "19408.00000", "2020-09-30": "18252.00000", "2020-06-30": "16648.00000", "2020-03-31": "17861.00000", "2019-12-31": "15933.00000", "2019-09-30": "15373.00000", "2019-06-30": "15130.00000", "2019-03-31": "15260.00000", "2018-12-31": "13651.00000", "2018-09-30": "13245.00000", "2018-06-30": "13397.00000", "2018-03-31": "13519.00000", "2017-12-31": "12623.00000", "2017-09-30": "12424.00000", "2017-06-30": "12434.00000", "2017-03-31": "12024.00000", "2016-12-31": "13316.00000", "2016-09-30": "12745.00000", "2016-06-30": "13324.00000", "2016-03-31": "13253.00000", "2015-12-31": "13072.00000", "2015-09-30": "12668.00000", "2015-06-30": "13159.00000", "2015-03-31": "13043.00000", "2014-12-31": "11957.00000", "2014-09-30": "11649.00000", "2014-06-30": "11541.00000", "2014-03-31": "10991.00000", "2013-12-31": "10201.00000", "2013-09-30": "9698.00000", "2013-06-30": "9632.00000", "2013-03-31": "9721.00000", "2012-12-31": "9248.00000", "2012-09-30": "8950.00000", "2012-06-30": "9109.00000", "2012-03-31": "9803.00000", "2011-12-31": "8716.00000", "2011-09-30": "8575.00000", "2011-06-30": "8530.00000", "2011-03-31": "8667.00000", "2010-12-31": "8075.35600", "2010-09-30": "7702.37900", "2010-06-30": "8027.16700", "2010-03-31": "7937.09800", "2009-12-31": "6990.29700", "2009-09-30": "7221.21200", "2009-06-30": "7432.36500", "2009-03-31": "7391.12700", "2008-12-31": "7199.85600", "2008-09-30": "6845.96200", "2008-06-30": "7007.98100", "2008-03-31": "6819.43700", "2007-12-31": "5960.86300", "2007-09-30": "5825.13500", "2007-06-30": "6071.14100", "2007-03-31": "6074.67400", "2006-12-31": "5398.23200", "2006-09-30": "5383.40100", "2006-06-30": "5249.96000", "2006-03-31": "4559.71800", "2005-12-31": "3558.07700", "2005-09-30": "3744.64200", "2005-06-30": "3411.19100", "2005-03-31": "3262.02200"}, "Operating Income": {"2020-12-31": "-346.00000", "2020-09-30": "1823.00000", "2020-06-30": "2435.00000", "2020-03-31": "1074.00000", "2019-12-31": "362.00000", "2019-09-30": "868.00000", "2019-06-30": "1115.00000", "2019-03-31": "847.00000", "2018-12-31": "517.00000", "2018-09-30": "961.00000", "2018-06-30": "862.00000", "2018-03-31": "760.00000", "2017-12-31": "566.00000", "2017-09-30": "858.00000", "2017-06-30": "1100.00000", "2017-03-31": "1738.00000", "2016-12-31": "-438.00000", "2016-09-30": "949.00000", "2016-06-30": "683.00000", "2016-03-31": "547.00000", "2015-12-31": "289.00000", "2015-09-30": "695.00000", "2015-06-30": "573.00000", "2015-03-31": "790.00000", "2014-12-31": "371.00000", "2014-09-30": "589.00000", "2014-06-30": "681.00000", "2014-03-31": "721.00000", "2013-12-31": "-14.00000", "2013-09-30": "621.00000", "2013-06-30": "689.00000", "2013-03-31": "765.00000", "2012-12-31": "309.00000", "2012-09-30": "701.00000", "2012-06-30": "590.00000", "2012-03-31": "416.00000", "2011-12-31": "340.00000", "2011-09-30": "726.00000", "2011-06-30": "754.00000", "2011-03-31": "524.00000", "2010-12-31": "200.25100", "2010-09-30": "648.43260", "2010-06-30": "562.07620", "2010-03-31": "443.24020", "2009-12-31": "425.33500", "2009-09-30": "495.60690", "2009-06-30": "466.52440", "2009-03-31": "320.53420", "2008-12-31": "287.77980", "2008-09-30": "302.20800", "2008-06-30": "342.88090", "2008-03-31": "140.26710", "2007-12-31": "377.93120", "2007-09-30": "494.44920", "2007-06-30": "355.65580", "2007-03-31": "130.13920", "2006-12-31": "256.98630", "2006-09-30": "266.38330", "2006-06-30": "157.20900", "2006-03-31": "144.64750", "2005-12-31": "105.00240", "2005-09-30": "76.81910", "2005-06-30": "135.17020", "2005-03-31": "125.20310"}, "Total Non-Operating Income/Expense": {"2020-12-31": "-112.00000", "2020-09-30": "-68.00000", "2020-06-30": "151.00000", "2020-03-31": "-357.00000", "2019-12-31": "231.00000", "2019-09-30": "20.00000", "2019-06-30": "114.00000", "2019-03-31": "-101.00000", "2018-12-31": "-81.00000", "2018-09-30": "-60.00000", "2018-06-30": "-843.00000", "2018-03-31": "-53.00000", "2017-12-31": "-76.00000", "2017-09-30": "-59.00000", "2017-06-30": "-58.00000", "2017-03-31": "-49.00000", "2016-12-31": "-48.00000", "2016-09-30": "-47.00000", "2016-06-30": "-47.00000", "2016-03-31": "-47.00000", "2015-12-31": "-43.00000", "2015-09-30": "-47.00000", "2015-06-30": "220.00000", "2015-03-31": "-46.00000", "2014-12-31": "-84.00000", "2014-09-30": "-38.00000", "2014-06-30": "-35.00000", "2014-03-31": "-35.00000", "2013-12-31": "-35.00000", "2013-09-30": "-35.00000", "2013-06-30": "-35.00000", "2013-03-31": "-35.00000", "2012-12-31": "-27.00000", "2012-09-30": "-26.00000", "2012-06-30": "-26.00000", "2012-03-31": "-26.00000", "2011-12-31": "-27.00000", "2011-09-30": "-27.00000", "2011-06-30": "-28.00000", "2011-03-31": "-27.00000", "2010-12-31": "-26.32100", "2010-09-30": "-26.14300", "2010-06-30": "-26.22200", "2010-03-31": "-26.31400", "2009-12-31": "-26.39500", "2009-09-30": "-26.25900", "2009-06-30": "-26.57400", "2009-03-31": "-26.77200", "2008-12-31": "-26.73500", "2008-09-30": "-19.34800", "2008-06-30": "-17.86700", "2008-03-31": "-16.33900", "2007-12-31": "-18.94700", "2007-09-30": "-15.94700", "2007-06-30": "-16.06600", "2007-03-31": "-17.91800", "2006-12-31": "-15.80600", "2006-09-30": "-17.00900", "2006-06-30": "-16.88700", "2006-03-31": "-13.43900", "2005-12-31": "-10.32900", "2005-09-30": "-10.14100", "2005-06-30": "-10.32200", "2005-03-31": "-8.52300"}, "Pre-Tax Income": {"2020-12-31": "-458.00000", "2020-09-30": "1755.00000", "2020-06-30": "2586.00000", "2020-03-31": "717.00000", "2019-12-31": "593.00000", "2019-09-30": "888.00000", "2019-06-30": "1229.00000", "2019-03-31": "746.00000", "2018-12-31": "436.00000", "2018-09-30": "901.00000", "2018-06-30": "19.00000", "2018-03-31": "707.00000", "2017-12-31": "490.00000", "2017-09-30": "799.00000", "2017-06-30": "1042.00000", "2017-03-31": "1689.00000", "2016-12-31": "-486.00000", "2016-09-30": "902.00000", "2016-06-30": "636.00000", "2016-03-31": "500.00000", "2015-12-31": "246.00000", "2015-09-30": "648.00000", "2015-06-30": "793.00000", "2015-03-31": "744.00000", "2014-12-31": "287.00000", "2014-09-30": "551.00000", "2014-06-30": "646.00000", "2014-03-31": "686.00000", "2013-12-31": "-49.00000", "2013-09-30": "586.00000", "2013-06-30": "654.00000", "2013-03-31": "730.00000", "2012-12-31": "282.00000", "2012-09-30": "675.00000", "2012-06-30": "564.00000", "2012-03-31": "390.00000", "2011-12-31": "313.00000", "2011-09-30": "699.00000", "2011-06-30": "726.00000", "2011-03-31": "497.00000", "2010-12-31": "173.93000", "2010-09-30": "622.29000", "2010-06-30": "535.85400", "2010-03-31": "416.92600", "2009-12-31": "398.94000", "2009-09-30": "469.34800", "2009-06-30": "439.95000", "2009-03-31": "293.76200", "2008-12-31": "261.04600", "2008-09-30": "282.86000", "2008-06-30": "325.01400", "2008-03-31": "123.92800", "2007-12-31": "358.98700", "2007-09-30": "478.50200", "2007-06-30": "339.59000", "2007-03-31": "112.22100", "2006-12-31": "241.18100", "2006-09-30": "249.37400", "2006-06-30": "140.32200", "2006-03-31": "131.20800", "2005-12-31": "94.67400", "2005-09-30": "66.67800", "2005-06-30": "124.84800", "2005-03-31": "116.68000"}, "Income Taxes": {"2020-12-31": "-178.00000", "2020-09-30": "450.00000", "2020-06-30": "783.00000", "2020-03-31": "252.00000", "2019-12-31": "79.00000", "2019-09-30": "200.00000", "2019-06-30": "301.00000", "2019-03-31": "183.00000", "2018-12-31": "83.00000", "2018-09-30": "266.00000", "2018-06-30": "-174.00000", "2018-03-31": "216.00000", "2017-12-31": "306.00000", "2017-09-30": "300.00000", "2017-06-30": "392.00000", "2017-03-31": "574.00000", "2016-12-31": "-85.00000", "2016-09-30": "452.00000", "2016-06-30": "325.00000", "2016-03-31": "246.00000", "2015-12-31": "145.00000", "2015-09-30": "334.00000", "2015-06-30": "362.00000", "2015-03-31": "314.00000", "2014-12-31": "142.00000", "2014-09-30": "261.00000", "2014-06-30": "302.00000", "2014-03-31": "318.00000", "2013-12-31": "-19.00000", "2013-09-30": "218.00000", "2013-06-30": "234.00000", "2013-03-31": "257.00000", "2012-12-31": "90.00000", "2012-09-30": "249.00000", "2012-06-30": "208.00000", "2012-03-31": "142.00000", "2011-12-31": "114.00000", "2011-09-30": "254.00000", "2011-06-30": "266.00000", "2011-03-31": "182.00000", "2010-12-31": "66.99500", "2010-09-30": "229.06900", "2010-06-30": "195.77800", "2010-03-31": "158.15800", "2009-12-31": "147.95600", "2009-09-30": "167.82900", "2009-06-30": "158.17000", "2009-03-31": "88.04500", "2008-12-31": "86.96600", "2008-09-30": "99.85200", "2008-06-30": "115.11800", "2008-03-31": "43.75800", "2007-12-31": "115.76800", "2007-09-30": "176.12400", "2007-06-30": "122.74400", "2007-03-31": "40.98000", "2006-12-31": "86.16000", "2006-09-30": "90.17600", "2006-06-30": "50.83300", "2006-03-31": "47.49300", "2005-12-31": "32.89800", "2005-09-30": "19.87100", "2005-06-30": "43.43600", "2005-03-31": "9.94500"}, "Income After Taxes": {"2020-12-31": "-280.00000", "2020-09-30": "1305.00000", "2020-06-30": "1803.00000", "2020-03-31": "465.00000", "2019-12-31": "514.00000", "2019-09-30": "688.00000", "2019-06-30": "928.00000", "2019-03-31": "563.00000", "2018-12-31": "353.00000", "2018-09-30": "635.00000", "2018-06-30": "193.00000", "2018-03-31": "491.00000", "2017-12-31": "184.00000", "2017-09-30": "499.00000", "2017-06-30": "650.00000", "2017-03-31": "1115.00000", "2016-12-31": "-401.00000", "2016-09-30": "450.00000", "2016-06-30": "311.00000", "2016-03-31": "254.00000", "2015-12-31": "101.00000", "2015-09-30": "314.00000", "2015-06-30": "431.00000", "2015-03-31": "430.00000", "2014-12-31": "145.00000", "2014-09-30": "290.00000", "2014-06-30": "344.00000", "2014-03-31": "368.00000", "2013-12-31": "-30.00000", "2013-09-30": "368.00000", "2013-06-30": "420.00000", "2013-03-31": "473.00000", "2012-12-31": "192.00000", "2012-09-30": "426.00000", "2012-06-30": "356.00000", "2012-03-31": "248.00000", "2011-12-31": "199.00000", "2011-09-30": "445.00000", "2011-06-30": "460.00000", "2011-03-31": "315.00000", "2010-12-31": "106.93510", "2010-09-30": "393.22100", "2010-06-30": "340.07600", "2010-03-31": "258.76800", "2009-12-31": "250.98400", "2009-09-30": "301.51900", "2009-06-30": "281.78000", "2009-03-31": "205.71700", "2008-12-31": "174.08000", "2008-09-30": "183.00800", "2008-06-30": "209.89600", "2008-03-31": "80.17000", "2007-12-31": "243.21900", "2007-09-30": "302.37800", "2007-06-30": "216.84600", "2007-03-31": "71.24100", "2006-12-31": "155.02100", "2006-09-30": "159.19800", "2006-06-30": "89.48900", "2006-03-31": "83.71500", "2005-12-31": "61.77600", "2005-09-30": "46.80700", "2005-06-30": "81.41200", "2005-03-31": "106.73500"}, "Other Income": {"2020-12-31": "", "2020-09-30": "", "2020-06-30": "", "2020-03-31": "", "2019-12-31": "", "2019-09-30": "", "2019-06-30": "", "2019-03-31": "", "2018-12-31": "", "2018-09-30": "", "2018-06-30": "", "2018-03-31": "", "2017-12-31": "", "2017-09-30": "", "2017-06-30": "", "2017-03-31": "", "2016-12-31": "", "2016-09-30": "", "2016-06-30": "", "2016-03-31": "", "2015-12-31": "", "2015-09-30": "", "2015-06-30": "", "2015-03-31": "", "2014-12-31": "", "2014-09-30": "", "2014-06-30": "", "2014-03-31": "", "2013-12-31": "", "2013-09-30": "", "2013-06-30": "", "2013-03-31": "", "2012-12-31": "", "2012-09-30": "", "2012-06-30": "", "2012-03-31": "", "2011-12-31": "", "2011-09-30": "", "2011-06-30": "", "2011-03-31": "", "2010-12-31": "", "2010-09-30": "", "2010-06-30": "", "2010-03-31": "", "2009-12-31": "", "2009-09-30": "", "2009-06-30": "", "2009-03-31": "", "2008-12-31": "", "2008-09-30": "", "2008-06-30": "", "2008-03-31": "", "2007-12-31": "", "2007-09-30": "", "2007-06-30": "", "2007-03-31": "", "2006-12-31": "", "2006-09-30": "", "2006-06-30": "", "2006-03-31": "", "2005-12-31": "", "2005-09-30": "", "2005-06-30": "", "2005-03-31": ""}, "Income From Continuous Operations": {"2020-12-31": "-274.00000", "2020-09-30": "1340.00000", "2020-06-30": "1828.00000", "2020-03-31": "473.00000", "2019-12-31": "512.00000", "2019-09-30": "689.00000", "2019-06-30": "940.00000", "2019-03-31": "566.00000", "2018-12-31": "355.00000", "2018-09-30": "644.00000", "2018-06-30": "193.00000", "2018-03-31": "491.00000", "2017-12-31": "184.00000", "2017-09-30": "499.00000", "2017-06-30": "650.00000", "2017-03-31": "1115.00000", "2016-12-31": "-401.00000", "2016-09-30": "450.00000", "2016-06-30": "311.00000", "2016-03-31": "254.00000", "2015-12-31": "101.00000", "2015-09-30": "314.00000", "2015-06-30": "431.00000", "2015-03-31": "430.00000", "2014-12-31": "145.00000", "2014-09-30": "290.00000", "2014-06-30": "344.00000", "2014-03-31": "368.00000", "2013-12-31": "-30.00000", "2013-09-30": "368.00000", "2013-06-30": "420.00000", "2013-03-31": "473.00000", "2012-12-31": "192.00000", "2012-09-30": "426.00000", "2012-06-30": "356.00000", "2012-03-31": "248.00000", "2011-12-31": "199.00000", "2011-09-30": "445.00000", "2011-06-30": "460.00000", "2011-03-31": "315.00000", "2010-12-31": "106.93510", "2010-09-30": "393.22100", "2010-06-30": "340.07600", "2010-03-31": "258.76800", "2009-12-31": "250.98400", "2009-09-30": "301.51900", "2009-06-30": "281.78000", "2009-03-31": "205.71700", "2008-12-31": "174.08000", "2008-09-30": "183.00800", "2008-06-30": "209.89600", "2008-03-31": "80.17000", "2007-12-31": "243.21900", "2007-09-30": "302.37800", "2007-06-30": "216.84600", "2007-03-31": "71.24100", "2006-12-31": "155.02100", "2006-09-30": "159.19800", "2006-06-30": "89.48900", "2006-03-31": "83.71500", "2005-12-31": "61.77600", "2005-09-30": "46.80700", "2005-06-30": "81.41200", "2005-03-31": "106.73500"}, "Income From Discontinued Operations": {"2020-12-31": "", "2020-09-30": "", "2020-06-30": "", "2020-03-31": "", "2019-12-31": "", "2019-09-30": "", "2019-06-30": "", "2019-03-31": "", "2018-12-31": "", "2018-09-30": "", "2018-06-30": "", "2018-03-31": "", "2017-12-31": "", "2017-09-30": "", "2017-06-30": "", "2017-03-31": "", "2016-12-31": "", "2016-09-30": "", "2016-06-30": "", "2016-03-31": "", "2015-12-31": "", "2015-09-30": "", "2015-06-30": "", "2015-03-31": "", "2014-12-31": "", "2014-09-30": "", "2014-06-30": "", "2014-03-31": "", "2013-12-31": "", "2013-09-30": "", "2013-06-30": "", "2013-03-31": "", "2012-12-31": "", "2012-09-30": "", "2012-06-30": "", "2012-03-31": "", "2011-12-31": "", "2011-09-30": "", "2011-06-30": "", "2011-03-31": "", "2010-12-31": "", "2010-09-30": "", "2010-06-30": "", "2010-03-31": "", "2009-12-31": "", "2009-09-30": "", "2009-06-30": "", "2009-03-31": "", "2008-12-31": "", "2008-09-30": "", "2008-06-30": "", "2008-03-31": "", "2007-12-31": "", "2007-09-30": "", "2007-06-30": "", "2007-03-31": "", "2006-12-31": "", "2006-09-30": "", "2006-06-30": "", "2006-03-31": "", "2005-12-31": "", "2005-09-30": "", "2005-06-30": "", "2005-03-31": ""}, "Net Income": {"2020-12-31": "-274.00000", "2020-09-30": "1340.00000", "2020-06-30": "1828.00000", "2020-03-31": "473.00000", "2019-12-31": "512.00000", "2019-09-30": "689.00000", "2019-06-30": "940.00000", "2019-03-31": "566.00000", "2018-12-31": "355.00000", "2018-09-30": "644.00000", "2018-06-30": "193.00000", "2018-03-31": "491.00000", "2017-12-31": "184.00000", "2017-09-30": "499.00000", "2017-06-30": "650.00000", "2017-03-31": "1115.00000", "2016-12-31": "-401.00000", "2016-09-30": "450.00000", "2016-06-30": "311.00000", "2016-03-31": "254.00000", "2015-12-31": "101.00000", "2015-09-30": "314.00000", "2015-06-30": "431.00000", "2015-03-31": "430.00000", "2014-12-31": "145.00000", "2014-09-30": "290.00000", "2014-06-30": "344.00000", "2014-03-31": "368.00000", "2013-12-31": "-30.00000", "2013-09-30": "368.00000", "2013-06-30": "420.00000", "2013-03-31": "473.00000", "2012-12-31": "192.00000", "2012-09-30": "426.00000", "2012-06-30": "356.00000", "2012-03-31": "248.00000", "2011-12-31": "199.00000", "2011-09-30": "445.00000", "2011-06-30": "460.00000", "2011-03-31": "315.00000", "2010-12-31": "106.93500", "2010-09-30": "393.22100", "2010-06-30": "340.07600", "2010-03-31": "258.76800", "2009-12-31": "250.98400", "2009-09-30": "301.51900", "2009-06-30": "281.78000", "2009-03-31": "205.71700", "2008-12-31": "174.08000", "2008-09-30": "183.00800", "2008-06-30": "209.89600", "2008-03-31": "80.17000", "2007-12-31": "243.21900", "2007-09-30": "302.37800", "2007-06-30": "216.84600", "2007-03-31": "71.24100", "2006-12-31": "155.02100", "2006-09-30": "159.19800", "2006-06-30": "89.48900", "2006-03-31": "83.71500", "2005-12-31": "61.77600", "2005-09-30": "46.80700", "2005-06-30": "81.41200", "2005-03-31": "106.73500"}, "EBITDA": {"2020-12-31": "", "2020-09-30": "1984.00000", "2020-06-30": "2585.00000", "2020-03-31": "1219.00000", "2019-12-31": "502.00000", "2019-09-30": "1027.00000", "2019-06-30": "1255.00000", "2019-03-31": "983.00000", "2018-12-31": "651.00000", "2018-09-30": "1092.00000", "2018-06-30": "992.00000", "2018-03-31": "899.00000", "2017-12-31": "694.00000", "2017-09-30": "978.00000", "2017-06-30": "1219.00000", "2017-03-31": "1856.00000", "2016-12-31": "-321.00000", "2016-09-30": "1066.00000", "2016-06-30": "799.00000", "2016-03-31": "662.00000", "2015-12-31": "401.00000", "2015-09-30": "802.00000", "2015-06-30": "687.00000", "2015-03-31": "904.00000", "2014-12-31": "495.00000", "2014-09-30": "701.00000", "2014-06-30": "787.00000", "2014-03-31": "828.00000", "2013-12-31": "100.00000", "2013-09-30": "727.00000", "2013-06-30": "793.00000", "2013-03-31": "867.00000", "2012-12-31": "409.00000", "2012-09-30": "779.00000", "2012-06-30": "672.00000", "2012-03-31": "494.00000", "2011-12-31": "418.00000", "2011-09-30": "800.00000", "2011-06-30": "829.00000", "2011-03-31": "600.00000", "2010-12-31": "266.64800", "2010-09-30": "712.98960", "2010-06-30": "631.36620", "2010-03-31": "505.99620", "2009-12-31": "494.75490", "2009-09-30": "557.69490", "2009-06-30": "527.00240", "2009-03-31": "378.54820", "2008-12-31": "347.58780", "2008-09-30": "358.33400", "2008-06-30": "396.33890", "2008-03-31": "191.22510", "2007-12-31": "426.16520", "2007-09-30": "536.69920", "2007-06-30": "409.91980", "2007-03-31": "170.20320", "2006-12-31": "296.40530", "2006-09-30": "304.06030", "2006-06-30": "193.80500", "2006-03-31": "179.55350", "2005-12-31": "138.72940", "2005-09-30": "110.93810", "2005-06-30": "166.93320", "2005-03-31": "154.45210"}, "EBIT": {"2020-12-31": "-346.00000", "2020-09-30": "1823.00000", "2020-06-30": "2435.00000", "2020-03-31": "1074.00000", "2019-12-31": "362.00000", "2019-09-30": "868.00000", "2019-06-30": "1115.00000", "2019-03-31": "847.00000", "2018-12-31": "517.00000", "2018-09-30": "961.00000", "2018-06-30": "862.00000", "2018-03-31": "760.00000", "2017-12-31": "566.00000", "2017-09-30": "858.00000", "2017-06-30": "1100.00000", "2017-03-31": "1738.00000", "2016-12-31": "-438.00000", "2016-09-30": "949.00000", "2016-06-30": "683.00000", "2016-03-31": "547.00000", "2015-12-31": "289.00000", "2015-09-30": "695.00000", "2015-06-30": "573.00000", "2015-03-31": "790.00000", "2014-12-31": "371.00000", "2014-09-30": "589.00000", "2014-06-30": "681.00000", "2014-03-31": "721.00000", "2013-12-31": "-14.00000", "2013-09-30": "621.00000", "2013-06-30": "689.00000", "2013-03-31": "765.00000", "2012-12-31": "309.00000", "2012-09-30": "701.00000", "2012-06-30": "590.00000", "2012-03-31": "416.00000", "2011-12-31": "340.00000", "2011-09-30": "726.00000", "2011-06-30": "754.00000", "2011-03-31": "524.00000", "2010-12-31": "200.25100", "2010-09-30": "648.43260", "2010-06-30": "562.07620", "2010-03-31": "443.24020", "2009-12-31": "425.33450", "2009-09-30": "495.60690", "2009-06-30": "466.52440", "2009-03-31": "320.53420", "2008-12-31": "287.78080", "2008-09-30": "302.20800", "2008-06-30": "342.88090", "2008-03-31": "140.26710", "2007-12-31": "377.93160", "2007-09-30": "494.44920", "2007-06-30": "355.65580", "2007-03-31": "130.13920", "2006-12-31": "256.98680", "2006-09-30": "266.38330", "2006-06-30": "157.20900", "2006-03-31": "144.64750", "2005-12-31": "105.00290", "2005-09-30": "76.81910", "2005-06-30": "135.17020", "2005-03-31": "125.20310"}, "Basic Shares Outstanding": {"2020-12-31": "132.09400", "2020-09-30": "132.31800", "2020-06-30": "132.24800", "2020-03-31": "132.13500", "2019-12-31": "134.05500", "2019-09-30": "133.32100", "2019-06-30": "135.06300", "2019-03-31": "135.38300", "2018-12-31": "137.48600", "2018-09-30": "137.70900", "2018-06-30": "137.76300", "2018-03-31": "137.90300", "2017-12-31": "144.49300", "2017-09-30": "144.21500", "2017-06-30": "144.60000", "2017-03-31": "147.82400", "2016-12-31": "149.37500", "2016-09-30": "149.41700", "2016-06-30": "149.38600", "2016-03-31": "149.16100", "2015-12-31": "149.45500", "2015-09-30": "148.88900", "2015-06-30": "149.47300", "2015-03-31": "150.49000", "2014-12-31": "154.18700", "2014-09-30": "154.50200", "2014-06-30": "155.42300", "2014-03-31": "155.09100", "2013-12-31": "157.50300", "2013-09-30": "157.18700", "2013-06-30": "157.97500", "2013-03-31": "158.91700", "2012-12-31": "161.48400", "2012-09-30": "160.63900", "2012-06-30": "162.81600", "2012-03-31": "163.71700", "2011-12-31": "165.41300", "2011-09-30": "164.12100", "2011-06-30": "167.02100", "2011-03-31": "167.27100", "2010-12-31": "167.78200", "2010-09-30": "167.57400", "2010-06-30": "168.47200", "2010-03-31": "168.20000", "2009-12-31": "167.36400", "2009-09-30": "167.40400", "2009-06-30": "167.30100", "2009-03-31": "167.04300", "2008-12-31": "167.17200", "2008-09-30": "166.64700", "2008-06-30": "167.14600", "2008-03-31": "168.19000", "2007-12-31": "166.87100", "2007-09-30": "167.18800", "2007-06-30": "166.61400", "2007-03-31": "165.81300", "2006-12-31": "164.13700", "2006-09-30": "164.38700", "2006-06-30": "163.70600", "2006-03-31": "163.11600", "2005-12-31": "161.71400", "2005-09-30": "162.04800", "2005-06-30": "161.49200", "2005-03-31": "160.91100"}, "Shares Outstanding": {"2020-12-31": "132.09400", "2020-09-30": "133.19600", "2020-06-30": "133.02300", "2020-03-31": "132.81100", "2019-12-31": "134.72700", "2019-09-30": "134.02500", "2019-06-30": "135.57900", "2019-03-31": "135.96200", "2018-12-31": "138.40300", "2018-09-30": "138.67800", "2018-06-30": "138.57600", "2018-03-31": "138.83000", "2017-12-31": "145.58500", "2017-09-30": "145.36000", "2017-06-30": "145.63400", "2017-03-31": "148.87200", "2016-12-31": "150.91700", "2016-09-30": "150.90400", "2016-06-30": "150.80600", "2016-03-31": "150.89600", "2015-12-31": "151.14200", "2015-09-30": "150.46600", "2015-06-30": "151.14800", "2015-03-31": "152.34900", "2014-12-31": "155.87400", "2014-09-30": "156.23000", "2014-06-30": "157.04600", "2014-03-31": "156.64700", "2013-12-31": "159.15100", "2013-09-30": "158.90700", "2013-06-30": "159.52100", "2013-03-31": "160.40300", "2012-12-31": "163.45700", "2012-09-30": "162.41800", "2012-06-30": "164.63900", "2012-03-31": "166.08800", "2011-12-31": "167.82700", "2011-09-30": "166.58000", "2011-06-30": "169.56000", "2011-03-31": "169.53400", "2010-12-31": "169.79800", "2010-09-30": "169.58200", "2010-06-30": "170.22900", "2010-03-31": "170.08000", "2009-12-31": "169.07100", "2009-09-30": "169.24600", "2009-06-30": "168.66900", "2009-03-31": "168.65800", "2008-12-31": "169.18700", "2008-09-30": "168.57800", "2008-06-30": "168.99700", "2008-03-31": "170.60200", "2007-12-31": "169.82000", "2007-09-30": "170.05100", "2007-06-30": "169.59600", "2007-03-31": "168.95600", "2006-12-31": "167.99600", "2006-09-30": "168.37600", "2006-06-30": "167.53600", "2006-03-31": "167.32500", "2005-12-31": "165.56000", "2005-09-30": "166.07600", "2005-06-30": "165.14900", "2005-03-31": "164.49600"}, "Basic EPS": {"2020-12-31": "-2.07000", "2020-09-30": "10.12000", "2020-06-30": "13.83000", "2020-03-31": "3.58000", "2019-12-31": "3.90000", "2019-09-30": "5.16000", "2019-06-30": "6.96000", "2019-03-31": "4.18000", "2018-12-31": "2.60000", "2018-09-30": "4.68000", "2018-06-30": "1.40000", "2018-03-31": "3.56000", "2017-12-31": "1.45000", "2017-09-30": "3.46000", "2017-06-30": "4.49000", "2017-03-31": "7.54000", "2016-12-31": "-2.68000", "2016-09-30": "3.01000", "2016-06-30": "2.08000", "2016-03-31": "1.70000", "2015-12-31": "0.69000", "2015-09-30": "2.11000", "2015-06-30": "2.88000", "2015-03-31": "2.86000", "2014-12-31": "0.98000", "2014-09-30": "1.87000", "2014-06-30": "2.22000", "2014-03-31": "2.37000", "2013-12-31": "-0.16000", "2013-09-30": "2.34000", "2013-06-30": "2.66000", "2013-03-31": "2.97000", "2012-12-31": "1.21000", "2012-09-30": "2.65000", "2012-06-30": "2.19000", "2012-03-31": "1.51000", "2011-12-31": "1.23000", "2011-09-30": "2.71000", "2011-06-30": "2.76000", "2011-03-31": "1.88000", "2010-12-31": "0.64000", "2010-09-30": "2.35000", "2010-06-30": "2.02000", "2010-03-31": "1.54000", "2009-12-31": "1.50000", "2009-09-30": "1.80000", "2009-06-30": "1.68000", "2009-03-31": "1.23000", "2008-12-31": "1.03000", "2008-09-30": "1.10000", "2008-06-30": "1.26000", "2008-03-31": "0.48000", "2007-12-31": "1.46000", "2007-09-30": "1.81000", "2007-06-30": "1.30000", "2007-03-31": "0.43000", "2006-12-31": "0.94000", "2006-09-30": "0.97000", "2006-06-30": "0.55000", "2006-03-31": "0.51000", "2005-12-31": "0.38000", "2005-09-30": "0.29000", "2005-06-30": "0.50000", "2005-03-31": "0.66000"}, "EPS - Earnings Per Share": {"2020-12-31": "-2.07000", "2020-09-30": "10.05000", "2020-06-30": "13.75000", "2020-03-31": "3.56000", "2019-12-31": "3.86000", "2019-09-30": "5.14000", "2019-06-30": "6.94000", "2019-03-31": "4.16000", "2018-12-31": "2.59000", "2018-09-30": "4.65000", "2018-06-30": "1.39000", "2018-03-31": "3.53000", "2017-12-31": "1.42000", "2017-09-30": "3.44000", "2017-06-30": "4.46000", "2017-03-31": "7.49000", "2016-12-31": "-2.65000", "2016-09-30": "2.98000", "2016-06-30": "2.06000", "2016-03-31": "1.68000", "2015-12-31": "0.68000", "2015-09-30": "2.09000", "2015-06-30": "2.85000", "2015-03-31": "2.82000", "2014-12-31": "0.97000", "2014-09-30": "1.85000", "2014-06-30": "2.19000", "2014-03-31": "2.35000", "2013-12-31": "-0.16000", "2013-09-30": "2.31000", "2013-06-30": "2.63000", "2013-03-31": "2.95000", "2012-12-31": "1.20000", "2012-09-30": "2.62000", "2012-06-30": "2.16000", "2012-03-31": "1.49000", "2011-12-31": "1.22000", "2011-09-30": "2.67000", "2011-06-30": "2.71000", "2011-03-31": "1.86000", "2010-12-31": "0.63000", "2010-09-30": "2.32000", "2010-06-30": "2.00000", "2010-03-31": "1.52000", "2009-12-31": "1.48000", "2009-09-30": "1.78000", "2009-06-30": "1.67000", "2009-03-31": "1.22000", "2008-12-31": "1.03000", "2008-09-30": "1.09000", "2008-06-30": "1.24000", "2008-03-31": "0.47000", "2007-12-31": "1.43000", "2007-09-30": "1.78000", "2007-06-30": "1.28000", "2007-03-31": "0.42000", "2006-12-31": "0.92000", "2006-09-30": "0.95000", "2006-06-30": "0.53000", "2006-03-31": "0.50000", "2005-12-31": "0.37000", "2005-09-30": "0.28000", "2005-06-30": "0.49000", "2005-03-31": "0.65000"}}, "balance sheet": {"Cash On Hand": {"2020-12-31": "17227.00000", "2019-12-31": "15026.00000", "2018-12-31": "12369.00000", "2017-12-31": "13599.00000", "2016-12-31": "11472.00000", "2015-12-31": "9838.00000", "2014-12-31": "9533.00000", "2013-12-31": "9228.00000", "2012-12-31": "9307.00000", "2011-12-31": "9120.00000", "2010-12-31": "8546.00000", "2009-12-31": "7923.23600", "2008-12-31": "6576.36000", "2007-12-31": "7012.81900", "2006-12-31": "5560.56700", "2005-12-31": "3134.53000"}, "Receivables": {"2020-12-31": "1138.00000", "2019-12-31": "1056.00000", "2018-12-31": "1015.00000", "2017-12-31": "854.00000", "2016-12-31": "1280.00000", "2015-12-31": "1161.00000", "2014-12-31": "1053.00000", "2013-12-31": "950.00000", "2012-12-31": "733.00000", "2011-12-31": "1034.00000", "2010-12-31": "959.00000", "2009-12-31": "823.62000", "2008-12-31": "789.68200", "2007-12-31": "605.54100", "2006-12-31": "680.94100", "2005-12-31": "738.65200"}, "Inventory": {"2020-12-31": "", "2019-12-31": "", "2018-12-31": "", "2017-12-31": "", "2016-12-31": "", "2015-12-31": "", "2014-12-31": "", "2013-12-31": "", "2012-12-31": "", "2011-12-31": "", "2010-12-31": "", "2009-12-31": "", "2008-12-31": "", "2007-12-31": "", "2006-12-31": "", "2005-12-31": ""}, "Pre-Paid Expenses": {"2020-12-31": "", "2019-12-31": "", "2018-12-31": "", "2017-12-31": "", "2016-12-31": "", "2015-12-31": "", "2014-12-31": "", "2013-12-31": "", "2012-12-31": "", "2011-12-31": "", "2010-12-31": "", "2009-12-31": "", "2008-12-31": "", "2007-12-31": "", "2006-12-31": "", "2005-12-31": ""}, "Other Current Assets": {"2020-12-31": "5276.00000", "2019-12-31": "3806.00000", "2018-12-31": "3564.00000", "2017-12-31": "2949.00000", "2016-12-31": "3438.00000", "2015-12-31": "4712.00000", "2014-12-31": "4950.00000", "2013-12-31": "2122.00000", "2012-12-31": "1670.00000", "2011-12-31": "1027.00000", "2010-12-31": "632.00000", "2009-12-31": "505.96000", "2008-12-31": "1030.00000", "2007-12-31": "1114.48600", "2006-12-31": "1062.45500", "2005-12-31": "333.00400"}, "Total Current Assets": {"2020-12-31": "4673.00000", "2019-12-31": "19888.00000", "2018-12-31": "16948.00000", "2017-12-31": "17402.00000", "2016-12-31": "16190.00000", "2015-12-31": "15711.00000", "2014-12-31": "15536.00000", "2013-12-31": "12300.00000", "2012-12-31": "11710.00000", "2011-12-31": "11181.00000", "2010-12-31": "10137.00000", "2009-12-31": "9252.81600", "2008-12-31": "8396.04200", "2007-12-31": "8732.84600", "2006-12-31": "7303.96300", "2005-12-31": "4206.18600"}, "Property, Plant, And Equipment": {"2020-12-31": "2371.00000", "2019-12-31": "1955.00000", "2018-12-31": "1735.00000", "2017-12-31": "1584.00000", "2016-12-31": "1505.00000", "2015-12-31": "1384.00000", "2014-12-31": "1228.00000", "2013-12-31": "1218.00000", "2012-12-31": "1098.00000", "2011-12-31": "912.00000", "2010-12-31": "815.00000", "2009-12-31": "679.14200", "2008-12-31": "711.49200", "2007-12-31": "637.24100", "2006-12-31": "545.00400", "2005-12-31": "484.41200"}, "Long-Term Investments": {"2020-12-31": "2382.00000", "2019-12-31": "1469.00000", "2018-12-31": "1458.00000", "2017-12-31": "2745.00000", "2016-12-31": "2203.00000", "2015-12-31": "1843.00000", "2014-12-31": "1949.00000", "2013-12-31": "1710.00000", "2012-12-31": "1846.00000", "2011-12-31": "1710.00000", "2010-12-31": "1500.00000", "2009-12-31": "1307.08800", "2008-12-31": "1011.90400", "2007-12-31": "1015.05000", "2006-12-31": "414.87700", "2005-12-31": "391.03500"}, "Goodwill And Intangible Assets": {"2020-12-31": "4447.00000", "2019-12-31": "3928.00000", "2018-12-31": "3897.00000", "2017-12-31": "3281.00000", "2016-12-31": "3272.00000", "2015-12-31": "3265.00000", "2014-12-31": "3231.00000", "2013-12-31": "3733.00000", "2012-12-31": "3640.00000", "2011-12-31": "2740.00000", "2010-12-31": "2568.00000", "2009-12-31": "1992.92400", "2008-12-31": "1963.11100", "2007-12-31": "1663.93900", "2006-12-31": "1310.63100", "2005-12-31": "1264.57500"}, "Other Long-Term Assets": {"2020-12-31": "2128.00000", "2019-12-31": "1834.00000", "2018-12-31": "1375.00000", "2017-12-31": "2166.00000", "2016-12-31": "2226.00000", "2015-12-31": "2475.00000", "2014-12-31": "1583.00000", "2013-12-31": "1774.00000", "2012-12-31": "1685.00000", "2011-12-31": "1165.00000", "2010-12-31": "1083.00000", "2009-12-31": "921.52400", "2008-12-31": "959.21100", "2007-12-31": "829.99800", "2006-12-31": "524.01100", "2005-12-31": "523.40600"}, "Total Long-Term Assets": {"2020-12-31": "6818.00000", "2019-12-31": "9186.00000", "2018-12-31": "8465.00000", "2017-12-31": "9776.00000", "2016-12-31": "9206.00000", "2015-12-31": "8967.00000", "2014-12-31": "7991.00000", "2013-12-31": "8435.00000", "2012-12-31": "8269.00000", "2011-12-31": "6527.00000", "2010-12-31": "5966.00000", "2009-12-31": "4900.67800", "2008-12-31": "4645.71800", "2007-12-31": "4146.22800", "2006-12-31": "2794.52300", "2005-12-31": "2663.42800"}, "Total Assets": {"2020-12-31": "34969.00000", "2019-12-31": "29074.00000", "2018-12-31": "25413.00000", "2017-12-31": "27178.00000", "2016-12-31": "25396.00000", "2015-12-31": "24678.00000", "2014-12-31": "23527.00000", "2013-12-31": "20735.00000", "2012-12-31": "19979.00000", "2011-12-31": "17708.00000", "2010-12-31": "16103.00000", "2009-12-31": "14153.49000", "2008-12-31": "13041.76000", "2007-12-31": "12879.07000", "2006-12-31": "10098.49000", "2005-12-31": "6869.61400"}, "Total Current Liabilities": {"2020-12-31": "4013.00000", "2019-12-31": "10929.00000", "2018-12-31": "10077.00000", "2017-12-31": "9406.00000", "2016-12-31": "7822.00000", "2015-12-31": "8152.00000", "2014-12-31": "7471.00000", "2013-12-31": "6323.00000", "2012-12-31": "6375.00000", "2011-12-31": "6056.00000", "2010-12-31": "5744.00000", "2009-12-31": "5259.99200", "2008-12-31": "5183.94500", "2007-12-31": "5791.85100", "2006-12-31": "5113.95800", "2005-12-31": "3219.59000"}, "Long Term Debt": {"2020-12-31": "6060.00000", "2019-12-31": "4967.00000", "2018-12-31": "4375.00000", "2017-12-31": "4770.00000", "2016-12-31": "3792.00000", "2015-12-31": "3794.00000", "2014-12-31": "3825.00000", "2013-12-31": "2600.00000", "2012-12-31": "2611.00000", "2011-12-31": "1659.00000", "2010-12-31": "1669.00000", "2009-12-31": "1678.16600", "2008-12-31": "1937.03200", "2007-12-31": "1687.82300", "2006-12-31": "1269.10000", "2005-12-31": "513.79000"}, "Other Non-Current Liabilities": {"2020-12-31": "1787.00000", "2019-12-31": "1141.00000", "2018-12-31": "800.00000", "2017-12-31": "3160.00000", "2016-12-31": "3097.00000", "2015-12-31": "2386.00000", "2014-12-31": "2585.00000", "2013-12-31": "2496.00000", "2012-12-31": "2146.00000", "2011-12-31": "1930.00000", "2010-12-31": "1766.00000", "2009-12-31": "1439.33300", "2008-12-31": "1463.59300", "2007-12-31": "1370.46300", "2006-12-31": "661.54200", "2005-12-31": "627.36000"}, "Total Long Term Liabilities": {"2020-12-31": "6060.00000", "2019-12-31": "6108.00000", "2018-12-31": "5175.00000", "2017-12-31": "7930.00000", "2016-12-31": "6889.00000", "2015-12-31": "6180.00000", "2014-12-31": "6410.00000", "2013-12-31": "5096.00000", "2012-12-31": "4757.00000", "2011-12-31": "3589.00000", "2010-12-31": "3435.00000", "2009-12-31": "3117.49900", "2008-12-31": "3400.62500", "2007-12-31": "3058.28600", "2006-12-31": "1930.64200", "2005-12-31": "1141.15000"}, "Total Liabilities": {"2020-12-31": "21241.00000", "2019-12-31": "17037.00000", "2018-12-31": "15252.00000", "2017-12-31": "17336.00000", "2016-12-31": "14711.00000", "2015-12-31": "14332.00000", "2014-12-31": "13881.00000", "2013-12-31": "11419.00000", "2012-12-31": "11132.00000", "2011-12-31": "9645.00000", "2010-12-31": "9179.00000", "2009-12-31": "8377.49100", "2008-12-31": "8584.57000", "2007-12-31": "8850.13700", "2006-12-31": "7044.60000", "2005-12-31": "4360.74000"}, "Common Stock Net": {"2020-12-31": "33.00000", "2019-12-31": "33.00000", "2018-12-31": "33.00000", "2017-12-31": "33.00000", "2016-12-31": "33.00000", "2015-12-31": "33.00000", "2014-12-31": "33.00000", "2013-12-31": "33.00000", "2012-12-31": "32.00000", "2011-12-31": "32.00000", "2010-12-31": "32.00000", "2009-12-31": "31.63400", "2008-12-31": "31.30900", "2007-12-31": "31.12300", "2006-12-31": "30.49100", "2005-12-31": "29.84300"}, "Retained Earnings (Accumulated Deficit)": {"2020-12-31": "20517.00000", "2019-12-31": "17483.00000", "2018-12-31": "15072.00000", "2017-12-31": "13670.00000", "2016-12-31": "11454.00000", "2015-12-31": "11017.00000", "2014-12-31": "9916.00000", "2013-12-31": "8942.00000", "2012-12-31": "7881.00000", "2011-12-31": "6825.00000", "2010-12-31": "5529.00000", "2009-12-31": "4429.61100", "2008-12-31": "3389.93600", "2007-12-31": "2742.78200", "2006-12-31": "1909.09800", "2005-12-31": "1421.67500"}, "Comprehensive Income": {"2020-12-31": "391.00000", "2019-12-31": "156.00000", "2018-12-31": "-159.00000", "2017-12-31": "19.00000", "2016-12-31": "-66.00000", "2015-12-31": "58.00000", "2014-12-31": "223.00000", "2013-12-31": "158.00000", "2012-12-31": "386.00000", "2011-12-31": "303.00000", "2010-12-31": "120.00000", "2009-12-31": "42.13500", "2008-12-31": "-175.24300", "2007-12-31": "14.02100", "2006-12-31": "-13.20500", "2005-12-31": "24.83200"}, "Other Share Holders Equity": {"2020-12-31": "", "2019-12-31": "", "2018-12-31": "", "2017-12-31": "", "2016-12-31": "", "2015-12-31": "", "2014-12-31": "", "2013-12-31": "", "2012-12-31": "", "2011-12-31": "", "2010-12-31": "", "2009-12-31": "", "2008-12-31": "", "2007-12-31": "", "2006-12-31": "", "2005-12-31": ""}, "Share Holder Equity": {"2020-12-31": "13728.00000", "2019-12-31": "12037.00000", "2018-12-31": "10161.00000", "2017-12-31": "9842.00000", "2016-12-31": "10685.00000", "2015-12-31": "10346.00000", "2014-12-31": "9646.00000", "2013-12-31": "9316.00000", "2012-12-31": "8847.00000", "2011-12-31": "8063.00000", "2010-12-31": "6924.00000", "2009-12-31": "5776.00300", "2008-12-31": "4457.19000", "2007-12-31": "4028.93700", "2006-12-31": "3053.88600", "2005-12-31": "2508.87400"}, "Total Liabilities And Share Holders Equity": {"2020-12-31": "34969.00000", "2019-12-31": "29074.00000", "2018-12-31": "25413.00000", "2017-12-31": "27178.00000", "2016-12-31": "25396.00000", "2015-12-31": "24678.00000", "2014-12-31": "23527.00000", "2013-12-31": "20735.00000", "2012-12-31": "19979.00000", "2011-12-31": "17708.00000", "2010-12-31": "16103.00000", "2009-12-31": "14153.49000", "2008-12-31": "13041.76000", "2007-12-31": "12879.07000", "2006-12-31": "10098.49000", "2005-12-31": "6869.61400"}}, "balance sheet, quarterly": {"Cash On Hand": {"2020-12-31": "17227.00000", "2020-09-30": "20726.00000", "2020-06-30": "19999.00000", "2020-03-31": "17158.00000", "2019-12-31": "15026.00000", "2019-09-30": "15957.00000", "2019-06-30": "14769.00000", "2019-03-31": "13753.00000", "2018-12-31": "12369.00000", "2018-09-30": "13837.00000", "2018-06-30": "17516.00000", "2018-03-31": "18597.00000", "2017-12-31": "13599.00000", "2017-09-30": "18487.00000", "2017-06-30": "16254.00000", "2017-03-31": "16630.00000", "2016-12-31": "11472.00000", "2016-09-30": "14098.00000", "2016-06-30": "9846.00000", "2016-03-31": "10539.00000", "2015-12-31": "9838.00000", "2015-09-30": "9020.00000", "2015-06-30": "9291.00000", "2015-03-31": "9546.00000", "2014-12-31": "9533.00000", "2014-09-30": "10793.00000", "2014-06-30": "9158.00000", "2014-03-31": "9910.00000", "2013-12-31": "9228.00000", "2013-09-30": "9517.00000", "2013-06-30": "9075.00000", "2013-03-31": "9539.00000", "2012-12-31": "9307.00000", "2012-09-30": "9421.00000", "2012-06-30": "11751.00000", "2012-03-31": "11545.00000", "2011-12-31": "9120.00000", "2011-09-30": "11889.53000", "2011-06-30": "9207.29800", "2011-03-31": "9208.13900", "2010-12-31": "8546.00000", "2010-09-30": "10097.17000", "2010-06-30": "8926.27900", "2010-03-31": "8640.83900", "2009-12-31": "7923.23600", "2009-09-30": "7528.08300", "2009-06-30": "6438.65200", "2009-03-31": "6681.60000", "2008-12-31": "6576.36000", "2008-09-30": "6013.89500", "2008-06-30": "6170.53000", "2008-03-31": "6617.04200", "2007-12-31": "7012.81900", "2007-09-30": "6891.55900", "2007-06-30": "8390.36900", "2007-03-31": "7898.17400", "2006-12-31": "5560.56700", "2006-09-30": "5341.27000", "2006-06-30": "5497.75300", "2006-03-31": "4716.73600", "2005-12-31": "3134.53000", "2005-09-30": "3324.91300", "2005-06-30": "2898.48600", "2005-03-31": "2823.78300"}, "Receivables": {"2020-12-31": "1138.00000", "2020-09-30": "1135.00000", "2020-06-30": "2238.00000", "2020-03-31": "2009.00000", "2019-12-31": "1056.00000", "2019-09-30": "848.00000", "2019-06-30": "904.00000", "2019-03-31": "1955.00000", "2018-12-31": "1015.00000", "2018-09-30": "1062.00000", "2018-06-30": "1471.00000", "2018-03-31": "1276.00000", "2017-12-31": "854.00000", "2017-09-30": "922.00000", "2017-06-30": "2430.00000", "2017-03-31": "1838.00000", "2016-12-31": "1280.00000", "2016-09-30": "765.00000", "2016-06-30": "2553.00000", "2016-03-31": "1737.00000", "2015-12-31": "1161.00000", "2015-09-30": "986.00000", "2015-06-30": "2129.00000", "2015-03-31": "1690.00000", "2014-12-31": "1053.00000", "2014-09-30": "1004.00000", "2014-06-30": "2074.00000", "2014-03-31": "1460.00000", "2013-12-31": "950.00000", "2013-09-30": "824.00000", "2013-06-30": "1593.00000", "2013-03-31": "1321.00000", "2012-12-31": "733.00000", "2012-09-30": "642.00000", "2012-06-30": "898.00000", "2012-03-31": "1330.00000", "2011-12-31": "1034.00000", "2011-09-30": "1036.31700", "2011-06-30": "1546.39200", "2011-03-31": "1219.34700", "2010-12-31": "959.00000", "2010-09-30": "808.02800", "2010-06-30": "1325.10200", "2010-03-31": "1104.59800", "2009-12-31": "823.62000", "2009-09-30": "776.52800", "2009-06-30": "1276.91400", "2009-03-31": "1037.87300", "2008-12-31": "789.68200", "2008-09-30": "709.65300", "2008-06-30": "999.71800", "2008-03-31": "759.32310", "2007-12-31": "605.54100", "2007-09-30": "697.79800", "2007-06-30": "697.55300", "2007-03-31": "837.12010", "2006-12-31": "680.94100", "2006-09-30": "745.00400", "2006-06-30": "782.45200", "2006-03-31": "784.71300", "2005-12-31": "738.65200", "2005-09-30": "711.14000", "2005-06-30": "608.15400", "2005-03-31": "588.32900"}, "Inventory": {"2020-12-31": "", "2020-09-30": "", "2020-06-30": "", "2020-03-31": "", "2019-12-31": "", "2019-09-30": "", "2019-06-30": "", "2019-03-31": "", "2018-12-31": "", "2018-09-30": "", "2018-06-30": "", "2018-03-31": "", "2017-12-31": "", "2017-09-30": "", "2017-06-30": "", "2017-03-31": "", "2016-12-31": "", "2016-09-30": "", "2016-06-30": "", "2016-03-31": "", "2015-12-31": "", "2015-09-30": "", "2015-06-30": "", "2015-03-31": "", "2014-12-31": "", "2014-09-30": "", "2014-06-30": "", "2014-03-31": "", "2013-12-31": "", "2013-09-30": "", "2013-06-30": "", "2013-03-31": "", "2012-12-31": "", "2012-09-30": "", "2012-06-30": "", "2012-03-31": "", "2011-12-31": "", "2011-09-30": "", "2011-06-30": "", "2011-03-31": "", "2010-12-31": "", "2010-09-30": "", "2010-06-30": "", "2010-03-31": "", "2009-12-31": "", "2009-09-30": "", "2009-06-30": "", "2009-03-31": "", "2008-12-31": "", "2008-09-30": "", "2008-06-30": "", "2008-03-31": "", "2007-12-31": "", "2007-09-30": "", "2007-06-30": "", "2007-03-31": "", "2006-12-31": "", "2006-09-30": "", "2006-06-30": "", "2006-03-31": "", "2005-12-31": "", "2005-09-30": "", "2005-06-30": "", "2005-03-31": ""}, "Pre-Paid Expenses": {"2020-12-31": "", "2020-09-30": "", "2020-06-30": "", "2020-03-31": "", "2019-12-31": "", "2019-09-30": "", "2019-06-30": "", "2019-03-31": "", "2018-12-31": "", "2018-09-30": "", "2018-06-30": "", "2018-03-31": "", "2017-12-31": "", "2017-09-30": "", "2017-06-30": "", "2017-03-31": "", "2016-12-31": "", "2016-09-30": "", "2016-06-30": "", "2016-03-31": "", "2015-12-31": "", "2015-09-30": "", "2015-06-30": "", "2015-03-31": "", "2014-12-31": "", "2014-09-30": "", "2014-06-30": "", "2014-03-31": "", "2013-12-31": "", "2013-09-30": "", "2013-06-30": "", "2013-03-31": "", "2012-12-31": "", "2012-09-30": "", "2012-06-30": "", "2012-03-31": "", "2011-12-31": "", "2011-09-30": "", "2011-06-30": "", "2011-03-31": "", "2010-12-31": "", "2010-09-30": "", "2010-06-30": "", "2010-03-31": "", "2009-12-31": "", "2009-09-30": "", "2009-06-30": "", "2009-03-31": "", "2008-12-31": "", "2008-09-30": "", "2008-06-30": "", "2008-03-31": "", "2007-12-31": "", "2007-09-30": "", "2007-06-30": "", "2007-03-31": "", "2006-12-31": "", "2006-09-30": "", "2006-06-30": "", "2006-03-31": "", "2005-12-31": "", "2005-09-30": "", "2005-06-30": "", "2005-03-31": ""}, "Other Current Assets": {"2020-12-31": "5276.00000", "2020-09-30": "5170.00000", "2020-06-30": "5631.00000", "2020-03-31": "5384.00000", "2019-12-31": "3806.00000", "2019-09-30": "3519.00000", "2019-06-30": "4487.00000", "2019-03-31": "3965.00000", "2018-12-31": "3564.00000", "2018-09-30": "4178.00000", "2018-06-30": "7877.00000", "2018-03-31": "4059.00000", "2017-12-31": "2949.00000", "2017-09-30": "3776.00000", "2017-06-30": "3884.00000", "2017-03-31": "3849.00000", "2016-12-31": "3438.00000", "2016-09-30": "4791.00000", "2016-06-30": "5337.00000", "2016-03-31": "5568.00000", "2015-12-31": "4712.00000", "2015-09-30": "5767.00000", "2015-06-30": "5555.00000", "2015-03-31": "6166.00000", "2014-12-31": "4950.00000", "2014-09-30": "3839.00000", "2014-06-30": "2854.00000", "2014-03-31": "2605.00000", "2013-12-31": "2122.00000", "2013-09-30": "2232.00000", "2013-06-30": "1960.00000", "2013-03-31": "1818.00000", "2012-12-31": "1670.00000", "2012-09-30": "1615.00000", "2012-06-30": "1422.00000", "2012-03-31": "1181.00000", "2011-12-31": "1027.00000", "2011-09-30": "706.49300", "2011-06-30": "721.53700", "2011-03-31": "669.28800", "2010-12-31": "632.00000", "2010-09-30": "479.41700", "2010-06-30": "535.70800", "2010-03-31": "514.54900", "2009-12-31": "505.96000", "2009-09-30": "936.21700", "2009-06-30": "1056.79800", "2009-03-31": "1163.28300", "2008-12-31": "1030.00000", "2008-09-30": "1476.43900", "2008-06-30": "1290.29500", "2008-03-31": "1233.91000", "2007-12-31": "1114.48600", "2007-09-30": "1612.46700", "2007-06-30": "1318.00300", "2007-03-31": "1135.29800", "2006-12-31": "1062.45500", "2006-09-30": "1066.73100", "2006-06-30": "778.82100", "2006-03-31": "517.87700", "2005-12-31": "333.00400", "2005-09-30": "247.08300", "2005-06-30": "236.43000", "2005-03-31": "226.33900"}, "Total Current Assets": {"2020-12-31": "23641.00000", "2020-09-30": "27031.00000", "2020-06-30": "27868.00000", "2020-03-31": "24551.00000", "2019-12-31": "19888.00000", "2019-09-30": "20324.00000", "2019-06-30": "20160.00000", "2019-03-31": "19673.00000", "2018-12-31": "16948.00000", "2018-09-30": "19077.00000", "2018-06-30": "26864.00000", "2018-03-31": "23932.00000", "2017-12-31": "17402.00000", "2017-09-30": "23185.00000", "2017-06-30": "22568.00000", "2017-03-31": "22317.00000", "2016-12-31": "16190.00000", "2016-09-30": "19654.00000", "2016-06-30": "17736.00000", "2016-03-31": "17844.00000", "2015-12-31": "15711.00000", "2015-09-30": "15773.00000", "2015-06-30": "16975.00000", "2015-03-31": "17402.00000", "2014-12-31": "15536.00000", "2014-09-30": "15636.00000", "2014-06-30": "14086.00000", "2014-03-31": "13975.00000", "2013-12-31": "12300.00000", "2013-09-30": "12573.00000", "2013-06-30": "12628.00000", "2013-03-31": "12678.00000", "2012-12-31": "11710.00000", "2012-09-30": "11678.00000", "2012-06-30": "14071.00000", "2012-03-31": "14056.00000", "2011-12-31": "11181.00000", "2011-09-30": "13632.34000", "2011-06-30": "11475.23000", "2011-03-31": "11096.77000", "2010-12-31": "10137.00000", "2010-09-30": "11384.61000", "2010-06-30": "10787.09000", "2010-03-31": "10259.99000", "2009-12-31": "9252.81600", "2009-09-30": "9240.82800", "2009-06-30": "8772.36400", "2009-03-31": "8882.75600", "2008-12-31": "8396.04200", "2008-09-30": "8199.98700", "2008-06-30": "8460.54300", "2008-03-31": "8610.27500", "2007-12-31": "8732.84600", "2007-09-30": "9201.82400", "2007-06-30": "10405.93000", "2007-03-31": "9870.59200", "2006-12-31": "7303.96300", "2006-09-30": "7153.00500", "2006-06-30": "7059.02600", "2006-03-31": "6019.32600", "2005-12-31": "4206.18600", "2005-09-30": "4283.13600", "2005-06-30": "3743.07000", "2005-03-31": "3638.45100"}, "Property, Plant, And Equipment": {"2020-12-31": "2371.00000", "2020-09-30": "2228.00000", "2020-06-30": "2118.00000", "2020-03-31": "2023.00000", "2019-12-31": "1955.00000", "2019-09-30": "1864.00000", "2019-06-30": "1796.00000", "2019-03-31": "1754.00000", "2018-12-31": "1735.00000", "2018-09-30": "1685.00000", "2018-06-30": "1626.00000", "2018-03-31": "1595.00000", "2017-12-31": "1584.00000", "2017-09-30": "1560.00000", "2017-06-30": "1543.00000", "2017-03-31": "1525.00000", "2016-12-31": "1505.00000", "2016-09-30": "1478.00000", "2016-06-30": "1452.00000", "2016-03-31": "1420.00000", "2015-12-31": "1384.00000", "2015-09-30": "1343.00000", "2015-06-30": "1299.00000", "2015-03-31": "1258.00000", "2014-12-31": "1228.00000", "2014-09-30": "1349.00000", "2014-06-30": "1289.00000", "2014-03-31": "1244.00000", "2013-12-31": "1218.00000", "2013-09-30": "1180.00000", "2013-06-30": "1133.00000", "2013-03-31": "1119.00000", "2012-12-31": "1098.00000", "2012-09-30": "1034.00000", "2012-06-30": "976.00000", "2012-03-31": "939.00000", "2011-12-31": "912.00000", "2011-09-30": "850.88800", "2011-06-30": "822.61100", "2011-03-31": "819.72900", "2010-12-31": "815.00000", "2010-09-30": "670.27700", "2010-06-30": "660.22300", "2010-03-31": "665.90900", "2009-12-31": "679.14200", "2009-09-30": "679.01000", "2009-06-30": "691.41400", "2009-03-31": "701.37600", "2008-12-31": "711.49200", "2008-09-30": "677.88200", "2008-06-30": "655.43100", "2008-03-31": "636.93500", "2007-12-31": "637.24100", "2007-09-30": "570.79800", "2007-06-30": "569.41200", "2007-03-31": "571.40500", "2006-12-31": "545.00400", "2006-09-30": "518.93000", "2006-06-30": "505.72100", "2006-03-31": "498.26700", "2005-12-31": "484.41200", "2005-09-30": "457.07800", "2005-06-30": "437.39300", "2005-03-31": "428.89000"}, "Long-Term Investments": {"2020-12-31": "2382.00000", "2020-09-30": "2265.00000", "2020-06-30": "1511.00000", "2020-03-31": "1486.00000", "2019-12-31": "1469.00000", "2019-09-30": "1465.00000", "2019-06-30": "1467.00000", "2019-03-31": "1470.00000", "2018-12-31": "1458.00000", "2018-09-30": "1453.00000", "2018-06-30": "379.00000", "2018-03-31": "2361.00000", "2017-12-31": "2745.00000", "2017-09-30": "2716.00000", "2017-06-30": "2670.00000", "2017-03-31": "2424.00000", "2016-12-31": "2203.00000", "2016-09-30": "2273.00000", "2016-06-30": "2051.00000", "2016-03-31": "1940.00000", "2015-12-31": "1843.00000", "2015-09-30": "1879.00000", "2015-06-30": "1839.00000", "2015-03-31": "1972.00000", "2014-12-31": "1949.00000", "2014-09-30": "1947.00000", "2014-06-30": "1895.00000", "2014-03-31": "1800.00000", "2013-12-31": "1710.00000", "2013-09-30": "1737.00000", "2013-06-30": "1770.00000", "2013-03-31": "1824.00000", "2012-12-31": "1846.00000", "2012-09-30": "1837.00000", "2012-06-30": "1783.00000", "2012-03-31": "1704.00000", "2011-12-31": "1710.00000", "2011-09-30": "1695.94300", "2011-06-30": "1592.91900", "2011-03-31": "1568.09000", "2010-12-31": "1500.00000", "2010-09-30": "1477.14700", "2010-06-30": "1405.73400", "2010-03-31": "1333.65900", "2009-12-31": "1307.08800", "2009-09-30": "1319.31900", "2009-06-30": "1240.19700", "2009-03-31": "1081.97000", "2008-12-31": "1011.90400", "2008-09-30": "930.45000", "2008-06-30": "989.25300", "2008-03-31": "963.10600", "2007-12-31": "1015.05000", "2007-09-30": "420.76900", "2007-06-30": "400.77500", "2007-03-31": "380.13800", "2006-12-31": "414.87700", "2006-09-30": "408.28100", "2006-06-30": "387.36200", "2006-03-31": "374.58300", "2005-12-31": "391.03500", "2005-09-30": "365.63400", "2005-06-30": "358.64300", "2005-03-31": "345.69200"}, "Goodwill And Intangible Assets": {"2020-12-31": "4447.00000", "2020-09-30": "4443.00000", "2020-06-30": "4443.00000", "2020-03-31": "4443.00000", "2019-12-31": "3928.00000", "2019-09-30": "3922.00000", "2019-06-30": "3922.00000", "2019-03-31": "3897.00000", "2018-12-31": "3897.00000", "2018-09-30": "3895.00000", "2018-06-30": "3895.00000", "2018-03-31": "3760.00000", "2017-12-31": "3281.00000", "2017-09-30": "3281.00000", "2017-06-30": "3280.00000", "2017-03-31": "3279.00000", "2016-12-31": "3272.00000", "2016-09-30": "3272.00000", "2016-06-30": "3266.00000", "2016-03-31": "3265.00000", "2015-12-31": "3265.00000", "2015-09-30": "3266.00000", "2015-06-30": "3266.00000", "2015-03-31": "3231.00000", "2014-12-31": "3231.00000", "2014-09-30": "3695.00000", "2014-06-30": "3696.00000", "2014-03-31": "3699.00000", "2013-12-31": "3733.00000", "2013-09-30": "3716.00000", "2013-06-30": "3638.00000", "2013-03-31": "3641.00000", "2012-12-31": "3640.00000", "2012-09-30": "2962.00000", "2012-06-30": "2792.00000", "2012-03-31": "2785.00000", "2011-12-31": "2740.00000", "2011-09-30": "2579.91600", "2011-06-30": "2577.51100", "2011-03-31": "2576.20800", "2010-12-31": "2568.00000", "2010-09-30": "1997.27700", "2010-06-30": "1994.59300", "2010-03-31": "1992.92400", "2009-12-31": "1992.92400", "2009-09-30": "1992.92400", "2009-06-30": "1992.92400", "2009-03-31": "1991.22000", "2008-12-31": "1963.11100", "2008-09-30": "1823.28000", "2008-06-30": "1817.46000", "2008-03-31": "1683.60400", "2007-12-31": "1663.93900", "2007-09-30": "1330.58500", "2007-06-30": "1330.58500", "2007-03-31": "1331.41800", "2006-12-31": "1310.63100", "2006-09-30": "1307.23100", "2006-06-30": "1307.65000", "2006-03-31": "1265.17600", "2005-12-31": "1264.57500", "2005-09-30": "1220.46100", "2005-06-30": "1221.66300", "2005-03-31": "1244.37000"}, "Other Long-Term Assets": {"2020-12-31": "2128.00000", "2020-09-30": "2510.00000", "2020-06-30": "2515.00000", "2020-03-31": "2130.00000", "2019-12-31": "1834.00000", "2019-09-30": "1605.00000", "2019-06-30": "1568.00000", "2019-03-31": "1555.00000", "2018-12-31": "1375.00000", "2018-09-30": "1380.00000", "2018-06-30": "1506.00000", "2018-03-31": "1805.00000", "2017-12-31": "2166.00000", "2017-09-30": "2214.00000", "2017-06-30": "2192.00000", "2017-03-31": "2167.00000", "2016-12-31": "2226.00000", "2016-09-30": "2789.00000", "2016-06-30": "2731.00000", "2016-03-31": "2465.00000", "2015-12-31": "2475.00000", "2015-09-30": "2035.00000", "2015-06-30": "2005.00000", "2015-03-31": "1761.00000", "2014-12-31": "1583.00000", "2014-09-30": "1704.00000", "2014-06-30": "2155.00000", "2014-03-31": "1848.00000", "2013-12-31": "1774.00000", "2013-09-30": "1697.00000", "2013-06-30": "1679.00000", "2013-03-31": "1712.00000", "2012-12-31": "1685.00000", "2012-09-30": "1286.00000", "2012-06-30": "1233.00000", "2012-03-31": "1216.00000", "2011-12-31": "1165.00000", "2011-09-30": "1140.64400", "2011-06-30": "1126.63700", "2011-03-31": "1099.25900", "2010-12-31": "1083.00000", "2010-09-30": "861.03800", "2010-06-30": "842.93100", "2010-03-31": "956.65800", "2009-12-31": "921.52400", "2009-09-30": "969.70600", "2009-06-30": "987.49000", "2009-03-31": "949.28800", "2008-12-31": "959.21100", "2008-09-30": "932.27100", "2008-06-30": "1017.29600", "2008-03-31": "868.10800", "2007-12-31": "829.99800", "2007-09-30": "548.53000", "2007-06-30": "628.26700", "2007-03-31": "552.57200", "2006-12-31": "524.01100", "2006-09-30": "569.71800", "2006-06-30": "576.84100", "2006-03-31": "540.66800", "2005-12-31": "523.40600", "2005-09-30": "506.11200", "2005-06-30": "517.13800", "2005-03-31": "492.19000"}, "Total Long-Term Assets": {"2020-12-31": "6818.00000", "2020-09-30": "11446.00000", "2020-06-30": "10587.00000", "2020-03-31": "10082.00000", "2019-12-31": "9186.00000", "2019-09-30": "8856.00000", "2019-06-30": "8753.00000", "2019-03-31": "8676.00000", "2018-12-31": "8465.00000", "2018-09-30": "8413.00000", "2018-06-30": "7406.00000", "2018-03-31": "9521.00000", "2017-12-31": "9776.00000", "2017-09-30": "9771.00000", "2017-06-30": "9685.00000", "2017-03-31": "9395.00000", "2016-12-31": "9206.00000", "2016-09-30": "9812.00000", "2016-06-30": "9500.00000", "2016-03-31": "9090.00000", "2015-12-31": "8967.00000", "2015-09-30": "8523.00000", "2015-06-30": "8409.00000", "2015-03-31": "8222.00000", "2014-12-31": "7991.00000", "2014-09-30": "8695.00000", "2014-06-30": "9035.00000", "2014-03-31": "8591.00000", "2013-12-31": "8435.00000", "2013-09-30": "8330.00000", "2013-06-30": "8220.00000", "2013-03-31": "8296.00000", "2012-12-31": "8269.00000", "2012-09-30": "7119.00000", "2012-06-30": "6784.00000", "2012-03-31": "6644.00000", "2011-12-31": "6527.00000", "2011-09-30": "6267.39100", "2011-06-30": "6119.67800", "2011-03-31": "6063.28600", "2010-12-31": "5966.00000", "2010-09-30": "5005.73900", "2010-06-30": "4903.48100", "2010-03-31": "4949.15000", "2009-12-31": "4900.67800", "2009-09-30": "4960.95900", "2009-06-30": "4912.02500", "2009-03-31": "4723.85400", "2008-12-31": "4645.71800", "2008-09-30": "4363.88300", "2008-06-30": "4479.44000", "2008-03-31": "4151.75300", "2007-12-31": "4146.22800", "2007-09-30": "2870.68200", "2007-06-30": "2929.03900", "2007-03-31": "2835.53300", "2006-12-31": "2794.52300", "2006-09-30": "2804.16000", "2006-06-30": "2777.57400", "2006-03-31": "2678.69400", "2005-12-31": "2663.42800", "2005-09-30": "2549.28500", "2005-06-30": "2534.83700", "2005-03-31": "2511.14200"}, "Total Assets": {"2020-12-31": "34969.00000", "2020-09-30": "38477.00000", "2020-06-30": "38455.00000", "2020-03-31": "34633.00000", "2019-12-31": "29074.00000", "2019-09-30": "29180.00000", "2019-06-30": "28913.00000", "2019-03-31": "28349.00000", "2018-12-31": "25413.00000", "2018-09-30": "27490.00000", "2018-06-30": "34270.00000", "2018-03-31": "33453.00000", "2017-12-31": "27178.00000", "2017-09-30": "32956.00000", "2017-06-30": "32253.00000", "2017-03-31": "31712.00000", "2016-12-31": "25396.00000", "2016-09-30": "29466.00000", "2016-06-30": "27236.00000", "2016-03-31": "26934.00000", "2015-12-31": "24678.00000", "2015-09-30": "24296.00000", "2015-06-30": "25384.00000", "2015-03-31": "25624.00000", "2014-12-31": "23527.00000", "2014-09-30": "24331.00000", "2014-06-30": "23121.00000", "2014-03-31": "22566.00000", "2013-12-31": "20735.00000", "2013-09-30": "20903.00000", "2013-06-30": "20848.00000", "2013-03-31": "20974.00000", "2012-12-31": "19979.00000", "2012-09-30": "18797.00000", "2012-06-30": "20855.00000", "2012-03-31": "20700.00000", "2011-12-31": "17708.00000", "2011-09-30": "19899.73000", "2011-06-30": "17594.90000", "2011-03-31": "17160.06000", "2010-12-31": "16103.00000", "2010-09-30": "16390.35000", "2010-06-30": "15690.57000", "2010-03-31": "15209.14000", "2009-12-31": "14153.49000", "2009-09-30": "14201.79000", "2009-06-30": "13684.39000", "2009-03-31": "13606.61000", "2008-12-31": "13041.76000", "2008-09-30": "12563.87000", "2008-06-30": "12939.98000", "2008-03-31": "12762.03000", "2007-12-31": "12879.07000", "2007-09-30": "12072.51000", "2007-06-30": "13334.96000", "2007-03-31": "12706.13000", "2006-12-31": "10098.49000", "2006-09-30": "9957.16500", "2006-06-30": "9836.60000", "2006-03-31": "8698.02000", "2005-12-31": "6869.61400", "2005-09-30": "6832.42100", "2005-06-30": "6277.90700", "2005-03-31": "6149.59300"}, "Total Current Liabilities": {"2020-12-31": "13394.00000", "2020-09-30": "14905.00000", "2020-06-30": "16455.00000", "2020-03-31": "14830.00000", "2019-12-31": "10929.00000", "2019-09-30": "11106.00000", "2019-06-30": "11539.00000", "2019-03-31": "11927.00000", "2018-12-31": "10077.00000", "2018-09-30": "11324.00000", "2018-06-30": "18768.00000", "2018-03-31": "15455.00000", "2017-12-31": "9406.00000", "2017-09-30": "14418.00000", "2017-06-30": "13705.00000", "2017-03-31": "13504.00000", "2016-12-31": "7822.00000", "2016-09-30": "11816.00000", "2016-06-30": "9934.00000", "2016-03-31": "10105.00000", "2015-12-31": "8152.00000", "2015-09-30": "7742.00000", "2015-06-30": "8973.00000", "2015-03-31": "9177.00000", "2014-12-31": "7471.00000", "2014-09-30": "7769.00000", "2014-06-30": "7880.00000", "2014-03-31": "7714.00000", "2013-12-31": "6323.00000", "2013-09-30": "6551.00000", "2013-06-30": "6770.00000", "2013-03-31": "6944.00000", "2012-12-31": "6375.00000", "2012-09-30": "6369.00000", "2012-06-30": "8676.00000", "2012-03-31": "8823.00000", "2011-12-31": "6056.00000", "2011-09-30": "8516.50100", "2011-06-30": "6355.76400", "2011-03-31": "6364.73400", "2010-12-31": "5744.00000", "2010-09-30": "6261.12500", "2010-06-30": "5996.98900", "2010-03-31": "5905.86100", "2009-12-31": "5259.99200", "2009-09-30": "5507.23800", "2009-06-30": "5466.60200", "2009-03-31": "5489.72900", "2008-12-31": "5183.94500", "2008-09-30": "5322.93800", "2008-06-30": "5765.67600", "2008-03-31": "5734.43900", "2007-12-31": "5791.85100", "2007-09-30": "6395.85800", "2007-06-30": "8029.33700", "2007-03-31": "7527.77100", "2006-12-31": "5113.95800", "2006-09-30": "5436.82300", "2006-06-30": "5543.45400", "2006-03-31": "4787.53800", "2005-12-31": "3219.59000", "2005-09-30": "3538.92400", "2005-06-30": "2443.50300", "2005-03-31": "2404.65000"}, "Long Term Debt": {"2020-12-31": "6060.00000", "2020-09-30": "6059.00000", "2020-06-30": "6058.00000", "2020-03-31": "6057.00000", "2019-12-31": "4967.00000", "2019-09-30": "5365.00000", "2019-06-30": "4377.00000", "2019-03-31": "4376.00000", "2018-12-31": "4375.00000", "2018-09-30": "4774.00000", "2018-06-30": "4773.00000", "2018-03-31": "4772.00000", "2017-12-31": "4770.00000", "2017-09-30": "3977.00000", "2017-06-30": "4279.00000", "2017-03-31": "4780.00000", "2016-12-31": "3792.00000", "2016-09-30": "3792.00000", "2016-06-30": "3793.00000", "2016-03-31": "3793.00000", "2015-12-31": "3794.00000", "2015-09-30": "3822.00000", "2015-06-30": "3823.00000", "2015-03-31": "3824.00000", "2014-12-31": "3825.00000", "2014-09-30": "3826.00000", "2014-06-30": "2595.00000", "2014-03-31": "2598.00000", "2013-12-31": "2600.00000", "2013-09-30": "2603.00000", "2013-06-30": "2606.00000", "2013-03-31": "2608.00000", "2012-12-31": "2611.00000", "2012-09-30": "1616.00000", "2012-06-30": "1618.00000", "2012-03-31": "1621.00000", "2011-12-31": "1659.00000", "2011-09-30": "1661.55200", "2011-06-30": "1664.01500", "2011-03-31": "1666.44700", "2010-12-31": "1669.00000", "2010-09-30": "1671.22200", "2010-06-30": "1673.56500", "2010-03-31": "1675.88000", "2009-12-31": "1678.16600", "2009-09-30": "1680.42400", "2009-06-30": "1682.65400", "2009-03-31": "1934.85600", "2008-12-31": "1937.03200", "2008-09-30": "1668.23300", "2008-06-30": "1635.09800", "2008-03-31": "1601.33500", "2007-12-31": "1687.82300", "2007-09-30": "1292.85800", "2007-06-30": "1189.57000", "2007-03-31": "1329.33400", "2006-12-31": "1269.10000", "2006-09-30": "970.14400", "2006-06-30": "784.39900", "2006-03-31": "601.22500", "2005-12-31": "513.79000", "2005-09-30": "317.21000", "2005-06-30": "878.38800", "2005-03-31": "885.27100"}, "Other Non-Current Liabilities": {"2020-12-31": "1787.00000", "2020-09-30": "1745.00000", "2020-06-30": "1526.00000", "2020-03-31": "1391.00000", "2019-12-31": "1141.00000", "2019-09-30": "1108.00000", "2019-06-30": "1125.00000", "2019-03-31": "1205.00000", "2018-12-31": "800.00000", "2018-09-30": "799.00000", "2018-06-30": "518.00000", "2018-03-31": "3145.00000", "2017-12-31": "3160.00000", "2017-09-30": "3350.00000", "2017-06-30": "3316.00000", "2017-03-31": "3194.00000", "2016-12-31": "3097.00000", "2016-09-30": "2573.00000", "2016-06-30": "2635.00000", "2016-03-31": "2511.00000", "2015-12-31": "2386.00000", "2015-09-30": "2379.00000", "2015-06-30": "2505.00000", "2015-03-31": "2579.00000", "2014-12-31": "2585.00000", "2014-09-30": "2611.00000", "2014-06-30": "2646.00000", "2014-03-31": "2529.00000", "2013-12-31": "2496.00000", "2013-09-30": "2143.00000", "2013-06-30": "2137.00000", "2013-03-31": "2258.00000", "2012-12-31": "2146.00000", "2012-09-30": "2121.00000", "2012-06-30": "2106.00000", "2012-03-31": "2022.00000", "2011-12-31": "1930.00000", "2011-09-30": "1863.70600", "2011-06-30": "1988.40900", "2011-03-31": "1901.90100", "2010-12-31": "1766.00000", "2010-09-30": "1519.03600", "2010-06-30": "1541.19100", "2010-03-31": "1542.15800", "2009-12-31": "1439.33300", "2009-09-30": "1465.92200", "2009-06-30": "1476.85500", "2009-03-31": "1511.71200", "2008-12-31": "1463.59300", "2008-09-30": "1302.16700", "2008-06-30": "1335.48100", "2008-03-31": "1373.78000", "2007-12-31": "1370.46300", "2007-09-30": "644.91300", "2007-06-30": "740.56000", "2007-03-31": "689.49300", "2006-12-31": "661.54200", "2006-09-30": "657.73500", "2006-06-30": "849.95200", "2006-03-31": "741.49800", "2005-12-31": "627.36000", "2005-09-30": "610.31700", "2005-06-30": "639.82800", "2005-03-31": "659.86700"}, "Total Long Term Liabilities": {"2020-12-31": "7847.00000", "2020-09-30": "7804.00000", "2020-06-30": "7584.00000", "2020-03-31": "7448.00000", "2019-12-31": "6108.00000", "2019-09-30": "6473.00000", "2019-06-30": "5502.00000", "2019-03-31": "5581.00000", "2018-12-31": "5175.00000", "2018-09-30": "5573.00000", "2018-06-30": "5291.00000", "2018-03-31": "7917.00000", "2017-12-31": "7930.00000", "2017-09-30": "7327.00000", "2017-06-30": "7595.00000", "2017-03-31": "7974.00000", "2016-12-31": "6889.00000", "2016-09-30": "6365.00000", "2016-06-30": "6428.00000", "2016-03-31": "6304.00000", "2015-12-31": "6180.00000", "2015-09-30": "6201.00000", "2015-06-30": "6328.00000", "2015-03-31": "6403.00000", "2014-12-31": "6410.00000", "2014-09-30": "6437.00000", "2014-06-30": "5241.00000", "2014-03-31": "5127.00000", "2013-12-31": "5096.00000", "2013-09-30": "4746.00000", "2013-06-30": "4743.00000", "2013-03-31": "4866.00000", "2012-12-31": "4757.00000", "2012-09-30": "3737.00000", "2012-06-30": "3724.00000", "2012-03-31": "3643.00000", "2011-12-31": "3589.00000", "2011-09-30": "3525.25800", "2011-06-30": "3652.42400", "2011-03-31": "3568.34800", "2010-12-31": "3435.00000", "2010-09-30": "3190.25800", "2010-06-30": "3214.75600", "2010-03-31": "3218.03800", "2009-12-31": "3117.49900", "2009-09-30": "3146.34600", "2009-06-30": "3159.50900", "2009-03-31": "3446.56800", "2008-12-31": "3400.62500", "2008-09-30": "2970.40000", "2008-06-30": "2970.57900", "2008-03-31": "2975.11500", "2007-12-31": "3058.28600", "2007-09-30": "1937.77100", "2007-06-30": "1930.13000", "2007-03-31": "2018.82700", "2006-12-31": "1930.64200", "2006-09-30": "1627.87900", "2006-06-30": "1634.35100", "2006-03-31": "1342.72300", "2005-12-31": "1141.15000", "2005-09-30": "927.52700", "2005-06-30": "1518.21600", "2005-03-31": "1545.13800"}, "Total Liabilities": {"2020-12-31": "21241.00000", "2020-09-30": "22709.00000", "2020-06-30": "24039.00000", "2020-03-31": "22278.00000", "2019-12-31": "17037.00000", "2019-09-30": "17579.00000", "2019-06-30": "17041.00000", "2019-03-31": "17508.00000", "2018-12-31": "15252.00000", "2018-09-30": "16897.00000", "2018-06-30": "24059.00000", "2018-03-31": "23372.00000", "2017-12-31": "17336.00000", "2017-09-30": "21745.00000", "2017-06-30": "21300.00000", "2017-03-31": "21478.00000", "2016-12-31": "14711.00000", "2016-09-30": "18181.00000", "2016-06-30": "16362.00000", "2016-03-31": "16409.00000", "2015-12-31": "14332.00000", "2015-09-30": "13943.00000", "2015-06-30": "15301.00000", "2015-03-31": "15580.00000", "2014-12-31": "13881.00000", "2014-09-30": "14206.00000", "2014-06-30": "13121.00000", "2014-03-31": "12841.00000", "2013-12-31": "11419.00000", "2013-09-30": "11297.00000", "2013-06-30": "11513.00000", "2013-03-31": "11810.00000", "2012-12-31": "11132.00000", "2012-09-30": "10106.00000", "2012-06-30": "12400.00000", "2012-03-31": "12466.00000", "2011-12-31": "9645.00000", "2011-09-30": "12041.76000", "2011-06-30": "10008.19000", "2011-03-31": "9933.08200", "2010-12-31": "9179.00000", "2010-09-30": "9451.38300", "2010-06-30": "9211.74500", "2010-03-31": "9123.89900", "2009-12-31": "8377.49100", "2009-09-30": "8653.58400", "2009-06-30": "8626.11100", "2009-03-31": "8936.29700", "2008-12-31": "8584.57000", "2008-09-30": "8293.33800", "2008-06-30": "8736.25500", "2008-03-31": "8709.55400", "2007-12-31": "8850.13700", "2007-09-30": "8333.62900", "2007-06-30": "9959.46700", "2007-03-31": "9546.59800", "2006-12-31": "7044.60000", "2006-09-30": "7064.70200", "2006-06-30": "7177.80500", "2006-03-31": "6130.26100", "2005-12-31": "4360.74000", "2005-09-30": "4466.45100", "2005-06-30": "3961.71900", "2005-03-31": "3949.78800"}, "Common Stock Net": {"2020-12-31": "33.00000", "2020-09-30": "33.00000", "2020-06-30": "33.00000", "2020-03-31": "33.00000", "2019-12-31": "33.00000", "2019-09-30": "33.00000", "2019-06-30": "33.00000", "2019-03-31": "33.00000", "2018-12-31": "33.00000", "2018-09-30": "33.00000", "2018-06-30": "33.00000", "2018-03-31": "33.00000", "2017-12-31": "33.00000", "2017-09-30": "33.00000", "2017-06-30": "33.00000", "2017-03-31": "33.00000", "2016-12-31": "33.00000", "2016-09-30": "33.00000", "2016-06-30": "33.00000", "2016-03-31": "33.00000", "2015-12-31": "33.00000", "2015-09-30": "33.00000", "2015-06-30": "33.00000", "2015-03-31": "33.00000", "2014-12-31": "33.00000", "2014-09-30": "33.00000", "2014-06-30": "33.00000", "2014-03-31": "33.00000", "2013-12-31": "33.00000", "2013-09-30": "32.00000", "2013-06-30": "32.00000", "2013-03-31": "32.00000", "2012-12-31": "32.00000", "2012-09-30": "32.00000", "2012-06-30": "32.00000", "2012-03-31": "32.00000", "2011-12-31": "32.00000", "2011-09-30": "32.13300", "2011-06-30": "32.12300", "2011-03-31": "31.93500", "2010-12-31": "32.00000", "2010-09-30": "31.68500", "2010-06-30": "31.67400", "2010-03-31": "31.66400", "2009-12-31": "31.63400", "2009-09-30": "31.51700", "2009-06-30": "31.47800", "2009-03-31": "31.47200", "2008-12-31": "31.30900", "2008-09-30": "31.28900", "2008-06-30": "31.27500", "2008-03-31": "31.16500", "2007-12-31": "31.12300", "2007-09-30": "30.99500", "2007-06-30": "30.83300", "2007-03-31": "30.74600", "2006-12-31": "30.49100", "2006-09-30": "30.39100", "2006-06-30": "30.17000", "2006-03-31": "30.08500", "2005-12-31": "29.84300", "2005-09-30": "29.76800", "2005-06-30": "29.67700", "2005-03-31": "29.59200"}, "Retained Earnings (Accumulated Deficit)": {"2020-12-31": "20517.00000", "2020-09-30": "20872.00000", "2020-06-30": "19616.00000", "2020-03-31": "17871.00000", "2019-12-31": "17483.00000", "2019-09-30": "17045.00000", "2019-06-30": "16429.00000", "2019-03-31": "15563.00000", "2018-12-31": "15072.00000", "2018-09-30": "14786.00000", "2018-06-30": "14211.00000", "2018-03-31": "14086.00000", "2017-12-31": "13670.00000", "2017-09-30": "13542.00000", "2017-06-30": "13101.00000", "2017-03-31": "12509.00000", "2016-12-31": "11454.00000", "2016-09-30": "11899.00000", "2016-06-30": "11492.00000", "2016-03-31": "11205.00000", "2015-12-31": "11017.00000", "2015-09-30": "10960.00000", "2015-06-30": "10689.00000", "2015-03-31": "10302.00000", "2014-12-31": "9916.00000", "2014-09-30": "9813.00000", "2014-06-30": "9567.00000", "2014-03-31": "9266.00000", "2013-12-31": "8942.00000", "2013-09-30": "9014.00000", "2013-06-30": "8688.00000", "2013-03-31": "8311.00000", "2012-12-31": "7881.00000", "2012-09-30": "7731.00000", "2012-06-30": "7346.00000", "2012-03-31": "7032.00000", "2011-12-31": "6825.00000", "2011-09-30": "6667.00500", "2011-06-30": "6262.94300", "2011-03-31": "5844.17700", "2010-12-31": "5529.00000", "2010-09-30": "5421.67600", "2010-06-30": "5028.45500", "2010-03-31": "4688.37900", "2009-12-31": "4429.61100", "2009-09-30": "4178.95200", "2009-06-30": "3877.43300", "2009-03-31": "3595.65300", "2008-12-31": "3389.93600", "2008-09-30": "3215.85600", "2008-06-30": "3032.84800", "2008-03-31": "2822.95200", "2007-12-31": "2742.78200", "2007-09-30": "2499.56300", "2007-06-30": "2197.18500", "2007-03-31": "1980.33900", "2006-12-31": "1909.09800", "2006-09-30": "1754.07700", "2006-06-30": "1594.87900", "2006-03-31": "1505.39000", "2005-12-31": "1421.67500", "2005-09-30": "1473.69900", "2005-06-30": "1423.75500", "2005-03-31": "1339.61800"}, "Comprehensive Income": {"2020-12-31": "391.00000", "2020-09-30": "370.00000", "2020-06-30": "317.00000", "2020-03-31": "48.00000", "2019-12-31": "156.00000", "2019-09-30": "177.00000", "2019-06-30": "112.00000", "2019-03-31": "-10.00000", "2018-12-31": "-159.00000", "2018-09-30": "-206.00000", "2018-06-30": "-176.00000", "2018-03-31": "-154.00000", "2017-12-31": "19.00000", "2017-09-30": "12.00000", "2017-06-30": "-5.00000", "2017-03-31": "-58.00000", "2016-12-31": "-66.00000", "2016-09-30": "112.00000", "2016-06-30": "134.00000", "2016-03-31": "76.00000", "2015-12-31": "58.00000", "2015-09-30": "137.00000", "2015-06-30": "153.00000", "2015-03-31": "227.00000", "2014-12-31": "223.00000", "2014-09-30": "233.00000", "2014-06-30": "260.00000", "2014-03-31": "226.00000", "2013-12-31": "158.00000", "2013-09-30": "196.00000", "2013-06-30": "209.00000", "2013-03-31": "328.00000", "2012-12-31": "386.00000", "2012-09-30": "397.00000", "2012-06-30": "327.00000", "2012-03-31": "313.00000", "2011-12-31": "303.00000", "2011-09-30": "279.84400", "2011-06-30": "189.03000", "2011-03-31": "108.80800", "2010-12-31": "120.00000", "2010-09-30": "259.02500", "2010-06-30": "158.42800", "2010-03-31": "69.99400", "2009-12-31": "42.13500", "2009-09-30": "83.53600", "2009-06-30": "-86.55600", "2009-03-31": "-174.92400", "2008-12-31": "-175.24300", "2008-09-30": "-172.48400", "2008-06-30": "-51.12500", "2008-03-31": "7.31200", "2007-12-31": "14.02100", "2007-09-30": "-11.04200", "2007-06-30": "-38.11200", "2007-03-31": "-8.37800", "2006-12-31": "-13.20500", "2006-09-30": "-6.57400", "2006-06-30": "-43.35200", "2006-03-31": "-28.40800", "2005-12-31": "24.83200", "2005-09-30": "-3.50400", "2005-06-30": "13.11500", "2005-03-31": "-5.64800"}, "Other Share Holders Equity": {"2020-12-31": "", "2020-09-30": "", "2020-06-30": "", "2020-03-31": "", "2019-12-31": "", "2019-09-30": "", "2019-06-30": "", "2019-03-31": "", "2018-12-31": "", "2018-09-30": "", "2018-06-30": "", "2018-03-31": "", "2017-12-31": "", "2017-09-30": "", "2017-06-30": "", "2017-03-31": "", "2016-12-31": "", "2016-09-30": "", "2016-06-30": "", "2016-03-31": "", "2015-12-31": "", "2015-09-30": "", "2015-06-30": "", "2015-03-31": "", "2014-12-31": "", "2014-09-30": "", "2014-06-30": "", "2014-03-31": "", "2013-12-31": "", "2013-09-30": "", "2013-06-30": "", "2013-03-31": "", "2012-12-31": "", "2012-09-30": "", "2012-06-30": "", "2012-03-31": "", "2011-12-31": "", "2011-09-30": "", "2011-06-30": "", "2011-03-31": "", "2010-12-31": "", "2010-09-30": "", "2010-06-30": "", "2010-03-31": "", "2009-12-31": "", "2009-09-30": "", "2009-06-30": "", "2009-03-31": "", "2008-12-31": "", "2008-09-30": "", "2008-06-30": "", "2008-03-31": "", "2007-12-31": "", "2007-09-30": "", "2007-06-30": "", "2007-03-31": "", "2006-12-31": "", "2006-09-30": "", "2006-06-30": "", "2006-03-31": "", "2005-12-31": "", "2005-09-30": "", "2005-06-30": "", "2005-03-31": ""}, "Share Holder Equity": {"2020-12-31": "13728.00000", "2020-09-30": "15768.00000", "2020-06-30": "14416.00000", "2020-03-31": "12355.00000", "2019-12-31": "12037.00000", "2019-09-30": "11601.00000", "2019-06-30": "11872.00000", "2019-03-31": "10841.00000", "2018-12-31": "10161.00000", "2018-09-30": "10593.00000", "2018-06-30": "10211.00000", "2018-03-31": "10081.00000", "2017-12-31": "9842.00000", "2017-09-30": "11211.00000", "2017-06-30": "10953.00000", "2017-03-31": "10234.00000", "2016-12-31": "10685.00000", "2016-09-30": "11285.00000", "2016-06-30": "10874.00000", "2016-03-31": "10525.00000", "2015-12-31": "10346.00000", "2015-09-30": "10353.00000", "2015-06-30": "10083.00000", "2015-03-31": "10044.00000", "2014-12-31": "9646.00000", "2014-09-30": "10125.00000", "2014-06-30": "10000.00000", "2014-03-31": "9725.00000", "2013-12-31": "9316.00000", "2013-09-30": "9606.00000", "2013-06-30": "9335.00000", "2013-03-31": "9164.00000", "2012-12-31": "8847.00000", "2012-09-30": "8691.00000", "2012-06-30": "8455.00000", "2012-03-31": "8234.00000", "2011-12-31": "8063.00000", "2011-09-30": "7857.97000", "2011-06-30": "7586.71700", "2011-03-31": "7226.97800", "2010-12-31": "6924.00000", "2010-09-30": "6938.96900", "2010-06-30": "6478.82500", "2010-03-31": "6085.23700", "2009-12-31": "5776.00300", "2009-09-30": "5548.20300", "2009-06-30": "5058.27800", "2009-03-31": "4670.31300", "2008-12-31": "4457.19000", "2008-09-30": "4270.53200", "2008-06-30": "4203.72800", "2008-03-31": "4052.47400", "2007-12-31": "4028.93700", "2007-09-30": "3738.87700", "2007-06-30": "3375.49800", "2007-03-31": "3159.52700", "2006-12-31": "3053.88600", "2006-09-30": "2892.46300", "2006-06-30": "2658.79500", "2006-03-31": "2567.75900", "2005-12-31": "2508.87400", "2005-09-30": "2365.97000", "2005-06-30": "2316.18800", "2005-03-31": "2199.80500"}, "Total Liabilities And Share Holders Equity": {"2020-12-31": "34969.00000", "2020-09-30": "38477.00000", "2020-06-30": "38455.00000", "2020-03-31": "34633.00000", "2019-12-31": "29074.00000", "2019-09-30": "29180.00000", "2019-06-30": "28913.00000", "2019-03-31": "28349.00000", "2018-12-31": "25413.00000", "2018-09-30": "27490.00000", "2018-06-30": "34270.00000", "2018-03-31": "33453.00000", "2017-12-31": "27178.00000", "2017-09-30": "32956.00000", "2017-06-30": "32253.00000", "2017-03-31": "31712.00000", "2016-12-31": "25396.00000", "2016-09-30": "29466.00000", "2016-06-30": "27236.00000", "2016-03-31": "26934.00000", "2015-12-31": "24678.00000", "2015-09-30": "24296.00000", "2015-06-30": "25384.00000", "2015-03-31": "25624.00000", "2014-12-31": "23527.00000", "2014-09-30": "24331.00000", "2014-06-30": "23121.00000", "2014-03-31": "22566.00000", "2013-12-31": "20735.00000", "2013-09-30": "20903.00000", "2013-06-30": "20848.00000", "2013-03-31": "20974.00000", "2012-12-31": "19979.00000", "2012-09-30": "18797.00000", "2012-06-30": "20855.00000", "2012-03-31": "20700.00000", "2011-12-31": "17708.00000", "2011-09-30": "19899.73000", "2011-06-30": "17594.90000", "2011-03-31": "17160.06000", "2010-12-31": "16103.00000", "2010-09-30": "16390.35000", "2010-06-30": "15690.57000", "2010-03-31": "15209.14000", "2009-12-31": "14153.49000", "2009-09-30": "14201.79000", "2009-06-30": "13684.39000", "2009-03-31": "13606.61000", "2008-12-31": "13041.76000", "2008-09-30": "12563.87000", "2008-06-30": "12939.98000", "2008-03-31": "12762.03000", "2007-12-31": "12879.07000", "2007-09-30": "12072.51000", "2007-06-30": "13334.96000", "2007-03-31": "12706.13000", "2006-12-31": "10098.49000", "2006-09-30": "9957.16500", "2006-06-30": "9836.60000", "2006-03-31": "8698.02000", "2005-12-31": "6869.61400", "2005-09-30": "6832.42100", "2005-06-30": "6277.90700", "2005-03-31": "6149.59300"}}, "cash flow statement": {"Net Income/Loss": {"2020-12-31": "-274.00000", "2019-12-31": "2707.00000", "2018-12-31": "1683.00000", "2017-12-31": "2448.00000", "2016-12-31": "614.00000", "2015-12-31": "1276.00000", "2014-12-31": "1147.00000", "2013-12-31": "1231.00000", "2012-12-31": "1222.00000", "2011-12-31": "1419.00000", "2010-12-31": "1099.00000", "2009-12-31": "1040.00000", "2008-12-31": "647.15400", "2007-12-31": "833.68400", "2006-12-31": "487.42300", "2005-12-31": "296.73000"}, "Total Depreciation And Amortization - Cash Flow": {"2020-12-31": "160.00000", "2019-12-31": "575.00000", "2018-12-31": "534.00000", "2017-12-31": "485.00000", "2016-12-31": "465.00000", "2015-12-31": "447.00000", "2014-12-31": "449.00000", "2013-12-31": "426.00000", "2012-12-31": "338.00000", "2011-12-31": "303.00000", "2010-12-31": "263.00000", "2009-12-31": "250.00000", "2008-12-31": "220.35000", "2007-12-31": "184.81200", "2006-12-31": "148.59800", "2005-12-31": "128.85800"}, "Other Non-Cash Items": {"2020-12-31": "102.00000", "2019-12-31": "249.00000", "2018-12-31": "1016.00000", "2017-12-31": "275.00000", "2016-12-31": "-13.00000", "2015-12-31": "-248.00000", "2014-12-31": "46.00000", "2013-12-31": "149.00000", "2012-12-31": "-5.00000", "2011-12-31": "109.00000", "2010-12-31": "-123.00000", "2009-12-31": "38.00000", "2008-12-31": "118.17400", "2007-12-31": "13.05300", "2006-12-31": "57.17800", "2005-12-31": "-22.45900"}, "Total Non-Cash Items": {"2020-12-31": "262.00000", "2019-12-31": "824.00000", "2018-12-31": "1550.00000", "2017-12-31": "760.00000", "2016-12-31": "452.00000", "2015-12-31": "199.00000", "2014-12-31": "495.00000", "2013-12-31": "575.00000", "2012-12-31": "333.00000", "2011-12-31": "412.00000", "2010-12-31": "140.00000", "2009-12-31": "288.00000", "2008-12-31": "338.52400", "2007-12-31": "197.86500", "2006-12-31": "205.77600", "2005-12-31": "106.39900"}, "Change In Accounts Receivable": {"2020-12-31": "-3.00000", "2019-12-31": "-32.00000", "2018-12-31": "-164.00000", "2017-12-31": "426.00000", "2016-12-31": "-158.00000", "2015-12-31": "-180.00000", "2014-12-31": "-264.00000", "2013-12-31": "-251.00000", "2012-12-31": "326.00000", "2011-12-31": "-106.00000", "2010-12-31": "-46.00000", "2009-12-31": "-60.00000", "2008-12-31": "-152.89300", "2007-12-31": "60.74500", "2006-12-31": "37.65300", "2005-12-31": "-161.31400"}, "Change In Inventories": {"2020-12-31": "", "2019-12-31": "", "2018-12-31": "", "2017-12-31": "", "2016-12-31": "", "2015-12-31": "", "2014-12-31": "", "2013-12-31": "", "2012-12-31": "", "2011-12-31": "", "2010-12-31": "", "2009-12-31": "", "2008-12-31": "", "2007-12-31": "", "2006-12-31": "", "2005-12-31": ""}, "Change In Accounts Payable": {"2020-12-31": "", "2019-12-31": "", "2018-12-31": "", "2017-12-31": "", "2016-12-31": "", "2015-12-31": "", "2014-12-31": "", "2013-12-31": "", "2012-12-31": "", "2011-12-31": "", "2010-12-31": "", "2009-12-31": "", "2008-12-31": "", "2007-12-31": "", "2006-12-31": "", "2005-12-31": ""}, "Change In Assets/Liabilities": {"2020-12-31": "298.00000", "2019-12-31": "1785.00000", "2018-12-31": "-896.00000", "2017-12-31": "417.00000", "2016-12-31": "1028.00000", "2015-12-31": "-427.00000", "2014-12-31": "240.00000", "2013-12-31": "161.00000", "2012-12-31": "42.00000", "2011-12-31": "354.00000", "2010-12-31": "1049.00000", "2009-12-31": "154.00000", "2008-12-31": "149.52500", "2007-12-31": "131.96800", "2006-12-31": "955.86000", "2005-12-31": "368.26700"}, "Total Change In Assets/Liabilities": {"2020-12-31": "295.00000", "2019-12-31": "1753.00000", "2018-12-31": "-1060.00000", "2017-12-31": "843.00000", "2016-12-31": "870.00000", "2015-12-31": "-607.00000", "2014-12-31": "-24.00000", "2013-12-31": "-90.00000", "2012-12-31": "368.00000", "2011-12-31": "248.00000", "2010-12-31": "1003.00000", "2009-12-31": "94.00000", "2008-12-31": "-3.36800", "2007-12-31": "192.71300", "2006-12-31": "993.51300", "2005-12-31": "206.95300"}, "Cash Flow From Operating Activities": {"2020-12-31": "283.00000", "2019-12-31": "5284.00000", "2018-12-31": "2173.00000", "2017-12-31": "4051.00000", "2016-12-31": "1936.00000", "2015-12-31": "868.00000", "2014-12-31": "1618.00000", "2013-12-31": "1716.00000", "2012-12-31": "1923.00000", "2011-12-31": "2079.00000", "2010-12-31": "2242.00000", "2009-12-31": "1422.00000", "2008-12-31": "982.31000", "2007-12-31": "1224.26200", "2006-12-31": "1686.71200", "2005-12-31": "610.08200"}, "Net Change In Property, Plant, And Equipment": {"2020-12-31": "-296.00000", "2019-12-31": "-736.00000", "2018-12-31": "-612.00000", "2017-12-31": "-524.00000", "2016-12-31": "-527.00000", "2015-12-31": "-522.00000", "2014-12-31": "-528.00000", "2013-12-31": "-437.00000", "2012-12-31": "-410.00000", "2011-12-31": "-336.00000", "2010-12-31": "-222.00000", "2009-12-31": "-184.00000", "2008-12-31": "-261.56600", "2007-12-31": "-212.73000", "2006-12-31": "-183.52800", "2005-12-31": "-161.34900"}, "Net Change In Intangible Assets": {"2020-12-31": "", "2019-12-31": "", "2018-12-31": "", "2017-12-31": "", "2016-12-31": "", "2015-12-31": "", "2014-12-31": "", "2013-12-31": "", "2012-12-31": "", "2011-12-31": "", "2010-12-31": "", "2009-12-31": "", "2008-12-31": "", "2007-12-31": "", "2006-12-31": "", "2005-12-31": ""}, "Net Acquisitions/Divestitures": {"2020-12-31": "", "2019-12-31": "", "2018-12-31": "-1449.00000", "2017-12-31": "-31.00000", "2016-12-31": "-7.00000", "2015-12-31": "1023.00000", "2014-12-31": "54.00000", "2013-12-31": "-153.00000", "2012-12-31": "-1235.00000", "2011-12-31": "-226.00000", "2010-12-31": "-833.00000", "2009-12-31": "-12.00000", "2008-12-31": "-422.91500", "2007-12-31": "-493.49300", "2006-12-31": "-28.06200", "2005-12-31": "-402.84400"}, "Net Change In Short-term Investments": {"2020-12-31": "", "2019-12-31": "", "2018-12-31": "", "2017-12-31": "", "2016-12-31": "", "2015-12-31": "", "2014-12-31": "", "2013-12-31": "", "2012-12-31": "", "2011-12-31": "", "2010-12-31": "", "2009-12-31": "", "2008-12-31": "", "2007-12-31": "", "2006-12-31": "", "2005-12-31": ""}, "Net Change In Long-Term Investments": {"2020-12-31": "241.00000", "2019-12-31": "-542.00000", "2018-12-31": "-221.00000", "2017-12-31": "-2386.00000", "2016-12-31": "-828.00000", "2015-12-31": "-181.00000", "2014-12-31": "411.00000", "2013-12-31": "-592.00000", "2012-12-31": "-320.00000", "2011-12-31": "-796.00000", "2010-12-31": "-756.00000", "2009-12-31": "-1975.00000", "2008-12-31": "-685.52390", "2007-12-31": "-430.10890", "2006-12-31": "-862.09620", "2005-12-31": "-233.31300"}, "Net Change In Investments - Total": {"2020-12-31": "241.00000", "2019-12-31": "-542.00000", "2018-12-31": "-221.00000", "2017-12-31": "-2386.00000", "2016-12-31": "-828.00000", "2015-12-31": "-181.00000", "2014-12-31": "411.00000", "2013-12-31": "-592.00000", "2012-12-31": "-320.00000", "2011-12-31": "-796.00000", "2010-12-31": "-756.00000", "2009-12-31": "-1975.00000", "2008-12-31": "-685.52390", "2007-12-31": "-430.10890", "2006-12-31": "-862.09620", "2005-12-31": "-233.31300"}, "Investing Activities - Other": {"2020-12-31": "", "2019-12-31": "", "2018-12-31": "-805.00000", "2017-12-31": "", "2016-12-31": "", "2015-12-31": "", "2014-12-31": "", "2013-12-31": "", "2012-12-31": "", "2011-12-31": "", "2010-12-31": "", "2009-12-31": "312.00000", "2008-12-31": "871.68100", "2007-12-31": "-709.05900", "2006-12-31": "-580.38000", "2005-12-31": "30.23000"}, "Cash Flow From Investing Activities": {"2020-12-31": "-55.00000", "2019-12-31": "-1278.00000", "2018-12-31": "-3087.00000", "2017-12-31": "-2941.00000", "2016-12-31": "-1362.00000", "2015-12-31": "320.00000", "2014-12-31": "-63.00000", "2013-12-31": "-1182.00000", "2012-12-31": "-1965.00000", "2011-12-31": "-1358.00000", "2010-12-31": "-1811.00000", "2009-12-31": "-1859.00000", "2008-12-31": "-498.32400", "2007-12-31": "-1845.39100", "2006-12-31": "-1654.06600", "2005-12-31": "-767.27600"}, "Net Long-Term Debt": {"2020-12-31": "-1126.00000", "2019-12-31": "-423.00000", "2018-12-31": "1135.00000", "2017-12-31": "826.00000", "2016-12-31": "-2.00000", "2015-12-31": "298.00000", "2014-12-31": "1233.00000", "2013-12-31": "", "2012-12-31": "954.00000", "2011-12-31": "", "2010-12-31": "", "2009-12-31": "-312.00000", "2008-12-31": "749.24700", "2007-12-31": "", "2006-12-31": "498.54500", "2005-12-31": ""}, "Net Current Debt": {"2020-12-31": "106.00000", "2019-12-31": "54.00000", "2018-12-31": "30.00000", "2017-12-31": "-71.00000", "2016-12-31": "-89.00000", "2015-12-31": "-33.00000", "2014-12-31": "-69.00000", "2013-12-31": "79.00000", "2012-12-31": "18.00000", "2011-12-31": "-103.00000", "2010-12-31": "35.00000", "2009-12-31": "-100.00000", "2008-12-31": "-594.68400", "2007-12-31": "325.62100", "2006-12-31": "-36.40000", "2005-12-31": "287.94500"}, "Debt Issuance/Retirement Net - Total": {"2020-12-31": "-1020.00000", "2019-12-31": "-369.00000", "2018-12-31": "1165.00000", "2017-12-31": "755.00000", "2016-12-31": "-91.00000", "2015-12-31": "265.00000", "2014-12-31": "1164.00000", "2013-12-31": "79.00000", "2012-12-31": "972.00000", "2011-12-31": "-103.00000", "2010-12-31": "35.00000", "2009-12-31": "-412.00000", "2008-12-31": "154.56300", "2007-12-31": "325.62100", "2006-12-31": "462.14500", "2005-12-31": "287.94500"}, "Net Common Equity Issued/Repurchased": {"2020-12-31": "-1771.00000", "2019-12-31": "-1012.00000", "2018-12-31": "-1045.00000", "2017-12-31": "-3303.00000", "2016-12-31": "-93.00000", "2015-12-31": "-364.00000", "2014-12-31": "-843.00000", "2013-12-31": "-471.00000", "2012-12-31": "-461.00000", "2011-12-31": "-469.00000", "2010-12-31": "-171.00000", "2009-12-31": "-6.00000", "2008-12-31": "-95.10500", "2007-12-31": "34.22600", "2006-12-31": "22.52400", "2005-12-31": "35.87100"}, "Net Total Equity Issued/Repurchased": {"2020-12-31": "-1771.00000", "2019-12-31": "-1012.00000", "2018-12-31": "-1045.00000", "2017-12-31": "-3303.00000", "2016-12-31": "-93.00000", "2015-12-31": "-364.00000", "2014-12-31": "-843.00000", "2013-12-31": "-471.00000", "2012-12-31": "-461.00000", "2011-12-31": "-469.00000", "2010-12-31": "-171.00000", "2009-12-31": "-6.00000", "2008-12-31": "-95.10500", "2007-12-31": "34.22600", "2006-12-31": "22.52400", "2005-12-31": "35.87100"}, "Total Common And Preferred Stock Dividends Paid": {"2020-12-31": "-84.00000", "2019-12-31": "-291.00000", "2018-12-31": "-265.00000", "2017-12-31": "-220.00000", "2016-12-31": "-177.00000", "2015-12-31": "-172.00000", "2014-12-31": "-172.00000", "2013-12-31": "-168.00000", "2012-12-31": "-165.00000", "2011-12-31": "-82.00000", "2010-12-31": "", "2009-12-31": "", "2008-12-31": "", "2007-12-31": "", "2006-12-31": "", "2005-12-31": ""}, "Financial Activities - Other": {"2020-12-31": "-665.00000", "2019-12-31": "-623.00000", "2018-12-31": "-640.00000", "2017-12-31": "1823.00000", "2016-12-31": "1093.00000", "2015-12-31": "-281.00000", "2014-12-31": "-907.00000", "2013-12-31": "-142.00000", "2012-12-31": "-375.00000", "2011-12-31": "-363.00000", "2010-12-31": "-235.00000", "2009-12-31": "498.00000", "2008-12-31": "-613.47400", "2007-12-31": "561.43100", "2006-12-31": "490.97310", "2005-12-31": "-14.68500"}, "Cash Flow From Financial Activities": {"2020-12-31": "-3540.00000", "2019-12-31": "-2295.00000", "2018-12-31": "-785.00000", "2017-12-31": "-945.00000", "2016-12-31": "732.00000", "2015-12-31": "-552.00000", "2014-12-31": "-758.00000", "2013-12-31": "-702.00000", "2012-12-31": "-29.00000", "2011-12-31": "-1017.00000", "2010-12-31": "-371.00000", "2009-12-31": "80.00000", "2008-12-31": "-554.01600", "2007-12-31": "921.27800", "2006-12-31": "975.64200", "2005-12-31": "309.13100"}, "Net Cash Flow": {"2020-12-31": "-3312.00000", "2019-12-31": "1711.00000", "2018-12-31": "-1699.00000", "2017-12-31": "165.00000", "2016-12-31": "1306.00000", "2015-12-31": "636.00000", "2014-12-31": "797.00000", "2013-12-31": "-168.00000", "2012-12-31": "-71.00000", "2011-12-31": "-296.00000", "2010-12-31": "60.00000", "2009-12-31": "-357.00000", "2008-12-31": "-70.03000", "2007-12-31": "300.14900", "2006-12-31": "1008.28800", "2005-12-31": "151.93700"}, "Stock-Based Compensation": {"2020-12-31": "52.00000", "2019-12-31": "163.00000", "2018-12-31": "137.00000", "2017-12-31": "157.00000", "2016-12-31": "115.00000", "2015-12-31": "109.00000", "2014-12-31": "98.00000", "2013-12-31": "92.00000", "2012-12-31": "82.00000", "2011-12-31": "67.00000", "2010-12-31": "63.00000", "2009-12-31": "66.00000", "2008-12-31": "55.36900", "2007-12-31": "", "2006-12-31": "", "2005-12-31": ""}, "Common Stock Dividends Paid": {"2020-12-31": "-84.00000", "2019-12-31": "-291.00000", "2018-12-31": "-265.00000", "2017-12-31": "-220.00000", "2016-12-31": "-177.00000", "2015-12-31": "-172.00000", "2014-12-31": "-172.00000", "2013-12-31": "-168.00000", "2012-12-31": "-165.00000", "2011-12-31": "-82.00000", "2010-12-31": "0.00000", "2009-12-31": "0.00000", "2008-12-31": "", "2007-12-31": "", "2006-12-31": "", "2005-12-31": ""}}, "cash flow statement, quarterly": {"Net Income/Loss": {"2020-12-31": -3915, "2020-09-30": 1340, "2020-06-30": 1828, "2020-03-31": "473.00000", "2019-12-31": 512, "2019-09-30": 689, "2019-06-30": 940, "2019-03-31": "566.00000", "2018-12-31": 355, "2018-09-30": 644, "2018-06-30": 193, "2018-03-31": "491.00000", "2017-12-31": 184, "2017-09-30": 499, "2017-06-30": 650, "2017-03-31": "1115.00000", "2016-12-31": -401, "2016-09-30": 450, "2016-06-30": 311, "2016-03-31": "254.00000", "2015-12-31": 101, "2015-09-30": 314, "2015-06-30": 431, "2015-03-31": "430.00000", "2014-12-31": 145, "2014-09-30": 290, "2014-06-30": 344, "2014-03-31": "368.00000", "2013-12-31": -30, "2013-09-30": 368, "2013-06-30": 420, "2013-03-31": "473.00000", "2012-12-31": 192, "2012-09-30": 426, "2012-06-30": 356, "2012-03-31": "248.00000", "2011-12-31": 199, "2011-09-30": 445, "2011-06-30": 460, "2011-03-31": "315.00000", "2010-12-31": 106.935, "2010-09-30": 393.221, "2010-06-30": 340.076, "2010-03-31": "258.76800", "2009-12-31": 250.984, "2009-09-30": 301.519, "2009-06-30": 281.78, "2009-03-31": "205.71700", "2008-12-31": 174.08, "2008-09-30": 183.008, "2008-06-30": 209.896, "2008-03-31": "80.17000", "2007-12-31": 243.219, "2007-09-30": 302.378, "2007-06-30": 216.846, "2007-03-31": "71.24100", "2006-12-31": 155.021, "2006-09-30": 159.198, "2006-06-30": 89.489, "2006-03-31": "83.71500", "2005-12-31": 61.776, "2005-09-30": 46.807, "2005-06-30": 81.412, "2005-03-31": "106.73500"}, "Total Depreciation And Amortization - Cash Flow": {"2020-12-31": -296, "2020-09-30": 161, "2020-06-30": 150, "2020-03-31": "145.00000", "2019-12-31": 140, "2019-09-30": 159, "2019-06-30": 140, "2019-03-31": "136.00000", "2018-12-31": 134, "2018-09-30": 131, "2018-06-30": 130, "2018-03-31": "139.00000", "2017-12-31": 128, "2017-09-30": 120, "2017-06-30": 119, "2017-03-31": "118.00000", "2016-12-31": 117, "2016-09-30": 117, "2016-06-30": 116, "2016-03-31": "115.00000", "2015-12-31": 112, "2015-09-30": 107, "2015-06-30": 114, "2015-03-31": "114.00000", "2014-12-31": 124, "2014-09-30": 112, "2014-06-30": 106, "2014-03-31": "107.00000", "2013-12-31": 114, "2013-09-30": 106, "2013-06-30": 104, "2013-03-31": "102.00000", "2012-12-31": 100, "2012-09-30": 78, "2012-06-30": 82, "2012-03-31": "78.00000", "2011-12-31": 78, "2011-09-30": 74, "2011-06-30": 75, "2011-03-31": "76.00000", "2010-12-31": 66.397, "2010-09-30": 64.557, "2010-06-30": 69.29, "2010-03-31": "62.75600", "2009-12-31": 69.42, "2009-09-30": 62.088, "2009-06-30": 60.478, "2009-03-31": "58.01400", "2008-12-31": 59.808, "2008-09-30": 56.126, "2008-06-30": 53.458, "2008-03-31": "50.95800", "2007-12-31": 48.234, "2007-09-30": 42.25, "2007-06-30": 54.264, "2007-03-31": "40.06400", "2006-12-31": 39.419, "2006-09-30": 37.677, "2006-06-30": 36.596, "2006-03-31": "34.90600", "2005-12-31": 33.727, "2005-09-30": 34.119, "2005-06-30": 31.763, "2005-03-31": "29.24900"}, "Other Non-Cash Items": {"2020-12-31": 740, "2020-09-30": -633, "2020-06-30": 19, "2020-03-31": "-24.00000", "2019-12-31": 190, "2019-09-30": 24, "2019-06-30": 24, "2019-03-31": "11.00000", "2018-12-31": 59, "2018-09-30": 484, "2018-06-30": 384, "2018-03-31": "89.00000", "2017-12-31": 241, "2017-09-30": -23, "2017-06-30": 28, "2017-03-31": "29.00000", "2016-12-31": -78, "2016-09-30": 80, "2016-06-30": -33, "2016-03-31": "18.00000", "2015-12-31": 2, "2015-09-30": 13, "2015-06-30": -240, "2015-03-31": "-23.00000", "2014-12-31": 9, "2014-09-30": 24, "2014-06-30": 7, "2014-03-31": "6.00000", "2013-12-31": 59, "2013-09-30": 57, "2013-06-30": 6, "2013-03-31": "27.00000", "2012-12-31": -47, "2012-09-30": 11, "2012-06-30": 4, "2012-03-31": "27.00000", "2011-12-31": 51, "2011-09-30": 1, "2011-06-30": 4, "2011-03-31": "53.00000", "2010-12-31": -46.895, "2010-09-30": -26.489, "2010-06-30": -47.399, "2010-03-31": "-2.21700", "2009-12-31": 25.669, "2009-09-30": 23.684, "2009-06-30": -45.673, "2009-03-31": "34.32000", "2008-12-31": 24.314, "2008-09-30": 74.972, "2008-06-30": 7.425, "2008-03-31": "11.46300", "2007-12-31": 17.836, "2007-09-30": -0.951, "2007-06-30": -5.851, "2007-03-31": "2.01900", "2006-12-31": 95.344, "2006-09-30": 6.073, "2006-06-30": 16.38, "2006-03-31": "-60.61900", "2005-12-31": 16.064, "2005-09-30": -47.248, "2005-06-30": 2.358, "2005-03-31": "6.36700"}, "Total Non-Cash Items": {"2020-12-31": 444, "2020-09-30": -472, "2020-06-30": 169, "2020-03-31": "121.00000", "2019-12-31": 330, "2019-09-30": 183, "2019-06-30": 164, "2019-03-31": "147.00000", "2018-12-31": 193, "2018-09-30": 615, "2018-06-30": 514, "2018-03-31": "228.00000", "2017-12-31": 369, "2017-09-30": 97, "2017-06-30": 147, "2017-03-31": "147.00000", "2016-12-31": 39, "2016-09-30": 197, "2016-06-30": 83, "2016-03-31": "133.00000", "2015-12-31": 114, "2015-09-30": 120, "2015-06-30": -126, "2015-03-31": "91.00000", "2014-12-31": 133, "2014-09-30": 136, "2014-06-30": 113, "2014-03-31": "113.00000", "2013-12-31": 173, "2013-09-30": 163, "2013-06-30": 110, "2013-03-31": "129.00000", "2012-12-31": 53, "2012-09-30": 89, "2012-06-30": 86, "2012-03-31": "105.00000", "2011-12-31": 129, "2011-09-30": 75, "2011-06-30": 79, "2011-03-31": "129.00000", "2010-12-31": 19.502, "2010-09-30": 38.068, "2010-06-30": 21.891, "2010-03-31": "60.53900", "2009-12-31": 95.089, "2009-09-30": 85.772, "2009-06-30": 14.805, "2009-03-31": "92.33400", "2008-12-31": 84.122, "2008-09-30": 131.098, "2008-06-30": 60.883, "2008-03-31": "62.42100", "2007-12-31": 66.07, "2007-09-30": 41.299, "2007-06-30": 48.413, "2007-03-31": "42.08300", "2006-12-31": 134.763, "2006-09-30": 43.75, "2006-06-30": 52.976, "2006-03-31": "-25.71300", "2005-12-31": 49.791, "2005-09-30": -13.129, "2005-06-30": 34.121, "2005-03-31": "35.61600"}, "Change In Accounts Receivable": {"2020-12-31": 79, "2020-09-30": 1103, "2020-06-30": -232, "2020-03-31": "-953.00000", "2019-12-31": -211, "2019-09-30": 56, "2019-06-30": 1063, "2019-03-31": "-940.00000", "2018-12-31": 47, "2018-09-30": 408, "2018-06-30": -197, "2018-03-31": "-422.00000", "2017-12-31": 68, "2017-09-30": 1508, "2017-06-30": -592, "2017-03-31": "-558.00000", "2016-12-31": -554, "2016-09-30": 1788, "2016-06-30": -816, "2016-03-31": "-576.00000", "2015-12-31": -236, "2015-09-30": 1143, "2015-06-30": -443, "2015-03-31": "-644.00000", "2014-12-31": -196, "2014-09-30": 1069, "2014-06-30": -613, "2014-03-31": "-524.00000", "2013-12-31": -162, "2013-09-30": 771, "2013-06-30": -272, "2013-03-31": "-588.00000", "2012-12-31": -110, "2012-09-30": 259, "2012-06-30": 432, "2012-03-31": "-255.00000", "2011-12-31": -29, "2011-09-30": 510, "2011-06-30": -327, "2011-03-31": "-260.00000", "2010-12-31": -61.592, "2010-09-30": 517.074, "2010-06-30": -220.504, "2010-03-31": "-280.97800", "2009-12-31": -66.247, "2009-09-30": 500.386, "2009-06-30": -239.041, "2009-03-31": "-255.09800", "2008-12-31": -59.573, "2008-09-30": 290.065, "2008-06-30": -229.603, "2008-03-31": "-153.78200", "2007-12-31": 77.602, "2007-09-30": -0.245, "2007-06-30": 139.567, "2007-03-31": "-156.17900", "2006-12-31": 43.162, "2006-09-30": 37.448, "2006-06-30": 3.104, "2006-03-31": "-46.06100", "2005-12-31": -32.078, "2005-09-30": -102.986, "2005-06-30": -19.825, "2005-03-31": "-6.42500"}, "Change In Inventories": {"2020-12-31": 0, "2020-09-30": 0, "2020-06-30": 0, "2020-03-31": "", "2019-12-31": 0, "2019-09-30": 0, "2019-06-30": 0, "2019-03-31": "", "2018-12-31": 0, "2018-09-30": 0, "2018-06-30": 0, "2018-03-31": "", "2017-12-31": 0, "2017-09-30": 0, "2017-06-30": 0, "2017-03-31": "", "2016-12-31": 0, "2016-09-30": 0, "2016-06-30": 0, "2016-03-31": "", "2015-12-31": 0, "2015-09-30": 0, "2015-06-30": 0, "2015-03-31": "", "2014-12-31": 0, "2014-09-30": 0, "2014-06-30": 0, "2014-03-31": "", "2013-12-31": 0, "2013-09-30": 0, "2013-06-30": 0, "2013-03-31": "", "2012-12-31": 0, "2012-09-30": 0, "2012-06-30": 0, "2012-03-31": "", "2011-12-31": 0, "2011-09-30": 0, "2011-06-30": 0, "2011-03-31": "", "2010-12-31": 0, "2010-09-30": 0, "2010-06-30": 0, "2010-03-31": "", "2009-12-31": 0, "2009-09-30": 0, "2009-06-30": 0, "2009-03-31": "", "2008-12-31": 0, "2008-09-30": 0, "2008-06-30": 0, "2008-03-31": "", "2007-12-31": 0, "2007-09-30": 0, "2007-06-30": 0, "2007-03-31": "", "2006-12-31": 0, "2006-09-30": 0, "2006-06-30": 0, "2006-03-31": "", "2005-12-31": 0, "2005-09-30": 0, "2005-06-30": 0, "2005-03-31": ""}, "Change In Accounts Payable": {"2020-12-31": 0, "2020-09-30": 0, "2020-06-30": 0, "2020-03-31": "", "2019-12-31": 0, "2019-09-30": 0, "2019-06-30": 0, "2019-03-31": "", "2018-12-31": 0, "2018-09-30": 0, "2018-06-30": 0, "2018-03-31": "", "2017-12-31": 0, "2017-09-30": 0, "2017-06-30": 0, "2017-03-31": "", "2016-12-31": 0, "2016-09-30": 0, "2016-06-30": 0, "2016-03-31": "", "2015-12-31": 0, "2015-09-30": 0, "2015-06-30": 0, "2015-03-31": "", "2014-12-31": 0, "2014-09-30": 0, "2014-06-30": 0, "2014-03-31": "", "2013-12-31": 0, "2013-09-30": 0, "2013-06-30": 0, "2013-03-31": "", "2012-12-31": 0, "2012-09-30": 0, "2012-06-30": 0, "2012-03-31": "", "2011-12-31": 0, "2011-09-30": 0, "2011-06-30": 0, "2011-03-31": "", "2010-12-31": 0, "2010-09-30": 0, "2010-06-30": 0, "2010-03-31": "", "2009-12-31": 0, "2009-09-30": 0, "2009-06-30": 0, "2009-03-31": "", "2008-12-31": 0, "2008-09-30": 0, "2008-06-30": 0, "2008-03-31": "", "2007-12-31": 0, "2007-09-30": 0, "2007-06-30": 0, "2007-03-31": "", "2006-12-31": 0, "2006-09-30": 0, "2006-06-30": 0, "2006-03-31": "", "2005-12-31": 0, "2005-09-30": 0, "2005-06-30": 0, "2005-03-31": ""}, "Change In Assets/Liabilities": {"2020-12-31": -1681, "2020-09-30": -156, "2020-06-30": 1302, "2020-03-31": "833.00000", "2019-12-31": -119, "2019-09-30": 1514, "2019-06-30": -733, "2019-03-31": "1123.00000", "2018-12-31": -928, "2018-09-30": -2722, "2018-06-30": -635, "2018-03-31": "3389.00000", "2017-12-31": -3532, "2017-09-30": 759, "2017-06-30": -311, "2017-03-31": "3501.00000", "2016-12-31": -1857, "2016-09-30": 2068, "2016-06-30": 126, "2016-03-31": "691.00000", "2015-12-31": 358, "2015-09-30": -545, "2015-06-30": -470, "2015-03-31": "230.00000", "2014-12-31": 111, "2014-09-30": -541, "2014-06-30": -44, "2014-03-31": "714.00000", "2013-12-31": 3, "2013-09-30": -155, "2013-06-30": -85, "2013-03-31": "398.00000", "2012-12-31": 70, "2012-09-30": -2108, "2012-06-30": -168, "2012-03-31": "2248.00000", "2011-12-31": -2096, "2011-09-30": 1889, "2011-06-30": -51, "2011-03-31": "612.00000", "2010-12-31": -112.016, "2010-09-30": 260.846, "2010-06-30": 183.848, "2010-03-31": "716.32200", "2009-12-31": -5.317, "2009-09-30": 52.434, "2009-06-30": 104.316, "2009-03-31": "2.56700", "2008-12-31": 97.944, "2008-09-30": -26.896, "2008-06-30": 62.847, "2008-03-31": "15.63000", "2007-12-31": -576.723, "2007-09-30": -981.085, "2007-06-30": 72.44, "2007-03-31": "1617.33600", "2006-12-31": 226.356, "2006-09-30": -655.814, "2006-06-30": 395.866, "2006-03-31": "989.45200", "2005-12-31": -307.836, "2005-09-30": 647.247, "2005-06-30": 75.933, "2005-03-31": "-47.07700"}, "Total Change In Assets/Liabilities": {"2020-12-31": -1602, "2020-09-30": 947, "2020-06-30": 1070, "2020-03-31": "-120.00000", "2019-12-31": -330, "2019-09-30": 1570, "2019-06-30": 330, "2019-03-31": "183.00000", "2018-12-31": -881, "2018-09-30": -2314, "2018-06-30": -832, "2018-03-31": "2967.00000", "2017-12-31": -3464, "2017-09-30": 2267, "2017-06-30": -903, "2017-03-31": "2943.00000", "2016-12-31": -2411, "2016-09-30": 3856, "2016-06-30": -690, "2016-03-31": "115.00000", "2015-12-31": 122, "2015-09-30": 598, "2015-06-30": -913, "2015-03-31": "-414.00000", "2014-12-31": -85, "2014-09-30": 528, "2014-06-30": -657, "2014-03-31": "190.00000", "2013-12-31": -159, "2013-09-30": 616, "2013-06-30": -357, "2013-03-31": "-190.00000", "2012-12-31": -40, "2012-09-30": -1849, "2012-06-30": 264, "2012-03-31": "1993.00000", "2011-12-31": -2125, "2011-09-30": 2399, "2011-06-30": -378, "2011-03-31": "352.00000", "2010-12-31": -173.608, "2010-09-30": 777.92, "2010-06-30": -36.656, "2010-03-31": "435.34400", "2009-12-31": -71.564, "2009-09-30": 552.82, "2009-06-30": -134.725, "2009-03-31": "-252.53100", "2008-12-31": 38.371, "2008-09-30": 263.169, "2008-06-30": -166.756, "2008-03-31": "-138.15200", "2007-12-31": -499.121, "2007-09-30": -981.33, "2007-06-30": 212.007, "2007-03-31": "1461.15700", "2006-12-31": 269.518, "2006-09-30": -618.366, "2006-06-30": 398.9699, "2006-03-31": "943.39110", "2005-12-31": -339.9139, "2005-09-30": 544.2609, "2005-06-30": 56.108, "2005-03-31": "-53.50200"}, "Cash Flow From Operating Activities": {"2020-12-31": -5073, "2020-09-30": 1815, "2020-06-30": 3067, "2020-03-31": "474.00000", "2019-12-31": 512, "2019-09-30": 2442, "2019-06-30": 1434, "2019-03-31": "896.00000", "2018-12-31": -333, "2018-09-30": -1055, "2018-06-30": -125, "2018-03-31": "3686.00000", "2017-12-31": -2911, "2017-09-30": 2863, "2017-06-30": -106, "2017-03-31": "4205.00000", "2016-12-31": -2773, "2016-09-30": 4503, "2016-06-30": -296, "2016-03-31": "502.00000", "2015-12-31": 337, "2015-09-30": 1032, "2015-06-30": -608, "2015-03-31": "107.00000", "2014-12-31": 193, "2014-09-30": 954, "2014-06-30": -200, "2014-03-31": "671.00000", "2013-12-31": -16, "2013-09-30": 1147, "2013-06-30": 173, "2013-03-31": "412.00000", "2012-12-31": 205, "2012-09-30": -1334, "2012-06-30": 706, "2012-03-31": "2346.00000", "2011-12-31": -1797, "2011-09-30": 2919, "2011-06-30": 161, "2011-03-31": "796.00000", "2010-12-31": -47.171, "2010-09-30": 1209.209, "2010-06-30": 325.311, "2010-03-31": "754.65100", "2009-12-31": 274.509, "2009-09-30": 940.111, "2009-06-30": 161.86, "2009-03-31": "45.52000", "2008-12-31": 296.573, "2008-09-30": 577.275, "2008-06-30": 104.023, "2008-03-31": "4.43900", "2007-12-31": -189.832, "2007-09-30": -637.653, "2007-06-30": 477.266, "2007-03-31": "1574.48100", "2006-12-31": 534.901, "2006-09-30": -391.017, "2006-06-30": 534.855, "2006-03-31": "1007.97300", "2005-12-31": -250.784, "2005-09-30": 586.006, "2005-06-30": 179.287, "2005-03-31": "95.57300"}, "Net Change In Property, Plant, And Equipment": {"2020-12-31": 372, "2020-09-30": -250, "2020-06-30": -226, "2020-03-31": "-192.00000", "2019-12-31": -230, "2019-09-30": -210, "2019-06-30": -157, "2019-03-31": "-139.00000", "2018-12-31": -176, "2018-09-30": -164, "2018-06-30": -138, "2018-03-31": "-134.00000", "2017-12-31": -148, "2017-09-30": -143, "2017-06-30": -111, "2017-03-31": "-122.00000", "2016-12-31": -132, "2016-09-30": -139, "2016-06-30": -131, "2016-03-31": "-125.00000", "2015-12-31": -138, "2015-09-30": -125, "2015-06-30": -136, "2015-03-31": "-123.00000", "2014-12-31": -167, "2014-09-30": -145, "2014-06-30": -110, "2014-03-31": "-106.00000", "2013-12-31": -127, "2013-09-30": -123, "2013-06-30": -97, "2013-03-31": "-90.00000", "2012-12-31": -106, "2012-09-30": -119, "2012-06-30": -99, "2012-03-31": "-86.00000", "2011-12-31": -120, "2011-09-30": -87, "2011-06-30": -58, "2011-03-31": "-71.00000", "2010-12-31": -69.568, "2010-09-30": -61.005, "2010-06-30": -52.399, "2010-03-31": "-39.02800", "2009-12-31": -61.865, "2009-09-30": -39.533, "2009-06-30": -43.555, "2009-03-31": "-39.04700", "2008-12-31": -82.021, "2008-09-30": -67.5, "2008-06-30": -64.958, "2008-03-31": "-47.08700", "2007-12-31": -72.608, "2007-09-30": -29.477, "2007-06-30": -43.971, "2007-03-31": "-66.67400", "2006-12-31": -56.378, "2006-09-30": -47.333, "2006-06-30": -36.694, "2006-03-31": "-43.12300", "2005-12-31": -51.679, "2005-09-30": -42.481, "2005-06-30": -31.004, "2005-03-31": "-36.18500"}, "Net Change In Intangible Assets": {"2020-12-31": 0, "2020-09-30": 0, "2020-06-30": 0, "2020-03-31": "", "2019-12-31": 0, "2019-09-30": 0, "2019-06-30": 0, "2019-03-31": "", "2018-12-31": 0, "2018-09-30": 0, "2018-06-30": 0, "2018-03-31": "", "2017-12-31": 0, "2017-09-30": 0, "2017-06-30": 0, "2017-03-31": "", "2016-12-31": 0, "2016-09-30": 0, "2016-06-30": 0, "2016-03-31": "", "2015-12-31": 0, "2015-09-30": 0, "2015-06-30": 0, "2015-03-31": "", "2014-12-31": 0, "2014-09-30": 0, "2014-06-30": 0, "2014-03-31": "", "2013-12-31": 0, "2013-09-30": 0, "2013-06-30": 0, "2013-03-31": "", "2012-12-31": 0, "2012-09-30": 0, "2012-06-30": 0, "2012-03-31": "", "2011-12-31": 0, "2011-09-30": 0, "2011-06-30": 0, "2011-03-31": "", "2010-12-31": 0, "2010-09-30": 0, "2010-06-30": 0, "2010-03-31": "", "2009-12-31": 0, "2009-09-30": 0, "2009-06-30": 0, "2009-03-31": "", "2008-12-31": 0, "2008-09-30": 0, "2008-06-30": 0, "2008-03-31": "", "2007-12-31": 0, "2007-09-30": 0, "2007-06-30": 0, "2007-03-31": "", "2006-12-31": 0, "2006-09-30": 0, "2006-06-30": 0, "2006-03-31": "", "2005-12-31": 0, "2005-09-30": 0, "2005-06-30": 0, "2005-03-31": ""}, "Net Acquisitions/Divestitures": {"2020-12-31": 709, "2020-09-30": 0, "2020-06-30": 0, "2020-03-31": "-709.00000", "2019-12-31": 0, "2019-09-30": 0, "2019-06-30": 0, "2019-03-31": "", "2018-12-31": 0, "2018-09-30": -1095, "2018-06-30": -185, "2018-03-31": "-169.00000", "2017-12-31": -21, "2017-09-30": -1, "2017-06-30": -2, "2017-03-31": "-7.00000", "2016-12-31": 0, "2016-09-30": -6, "2016-06-30": -1, "2016-03-31": "", "2015-12-31": 6, "2015-09-30": 0, "2015-06-30": 1017, "2015-03-31": "", "2014-12-31": -15, "2014-09-30": 0, "2014-06-30": 3, "2014-03-31": "66.00000", "2013-12-31": -25, "2013-09-30": -149, "2013-06-30": 26, "2013-03-31": "-5.00000", "2012-12-31": -947, "2012-09-30": -212, "2012-06-30": -20, "2012-03-31": "-56.00000", "2011-12-31": -212, "2011-09-30": -3, "2011-06-30": -6, "2011-03-31": "-5.00000", "2010-12-31": -822.88, "2010-09-30": -8.451, "2010-06-30": -1.669, "2010-03-31": "", "2009-12-31": 0.436, "2009-09-30": -0.069, "2009-06-30": 0, "2009-03-31": "-12.36700", "2008-12-31": -160.568, "2008-09-30": 3.746, "2008-06-30": -262.255, "2008-03-31": "-3.83800", "2007-12-31": -465.987, "2007-09-30": -0.501, "2007-06-30": -0.224, "2007-03-31": "-26.78100", "2006-12-31": -1.7, "2006-09-30": -0.431, "2006-06-30": -25.818, "2006-03-31": "-0.11300", "2005-12-31": -50.028, "2005-09-30": -0.09, "2005-06-30": -4.627, "2005-03-31": "-348.09900"}, "Net Change In Short-term Investments": {"2020-12-31": 0, "2020-09-30": 0, "2020-06-30": 0, "2020-03-31": "", "2019-12-31": 0, "2019-09-30": 0, "2019-06-30": 0, "2019-03-31": "", "2018-12-31": 0, "2018-09-30": 0, "2018-06-30": 0, "2018-03-31": "", "2017-12-31": 0, "2017-09-30": 0, "2017-06-30": 0, "2017-03-31": "", "2016-12-31": 0, "2016-09-30": 0, "2016-06-30": 0, "2016-03-31": "", "2015-12-31": 0, "2015-09-30": 0, "2015-06-30": 0, "2015-03-31": "", "2014-12-31": 0, "2014-09-30": 0, "2014-06-30": 0, "2014-03-31": "", "2013-12-31": 0, "2013-09-30": 0, "2013-06-30": 0, "2013-03-31": "", "2012-12-31": 0, "2012-09-30": 0, "2012-06-30": 0, "2012-03-31": "", "2011-12-31": 0, "2011-09-30": 0, "2011-06-30": 0, "2011-03-31": "", "2010-12-31": 0, "2010-09-30": 0, "2010-06-30": 0, "2010-03-31": "", "2009-12-31": 0, "2009-09-30": 0, "2009-06-30": 0, "2009-03-31": "", "2008-12-31": 0, "2008-09-30": 0, "2008-06-30": 0, "2008-03-31": "", "2007-12-31": 0, "2007-09-30": 0, "2007-06-30": 0, "2007-03-31": "", "2006-12-31": 0, "2006-09-30": 0, "2006-06-30": 0, "2006-03-31": "", "2005-12-31": 0, "2005-09-30": 0, "2005-06-30": 0, "2005-03-31": ""}, "Net Change In Long-Term Investments": {"2020-12-31": 1874, "2020-09-30": 102, "2020-06-30": -1426, "2020-03-31": "-309.00000", "2019-12-31": -571, "2019-09-30": -356, "2019-06-30": 101, "2019-03-31": "284.00000", "2018-12-31": -271, "2018-09-30": -289, "2018-06-30": 441, "2018-03-31": "-102.00000", "2017-12-31": -996, "2017-09-30": -554, "2017-06-30": -39, "2017-03-31": "-797.00000", "2016-12-31": -696, "2016-09-30": -92, "2016-06-30": 263, "2016-03-31": "-303.00000", "2015-12-31": -165, "2015-09-30": -480, "2015-06-30": 435, "2015-03-31": "29.00000", "2014-12-31": 487, "2014-09-30": -627, "2014-06-30": 682, "2014-03-31": "-131.00000", "2013-12-31": 113, "2013-09-30": -723, "2013-06-30": 315, "2013-03-31": "-297.00000", "2012-12-31": -159, "2012-09-30": -83, "2012-06-30": -30, "2012-03-31": "-48.00000", "2011-12-31": 117, "2011-09-30": -194, "2011-06-30": -104, "2011-03-31": "-615.00000", "2010-12-31": 34.8391, "2010-09-30": -136.9851, "2010-06-30": -107.459, "2010-03-31": "-546.39500", "2009-12-31": -390.448, "2009-09-30": -1100.7532, "2009-06-30": -207.1318, "2009-03-31": "-276.66700", "2008-12-31": -133.5859, "2008-09-30": 48.457, "2008-06-30": -369.572, "2008-03-31": "-230.82300", "2007-12-31": -144.2573, "2007-09-30": -109.1155, "2007-06-30": -251.0811, "2007-03-31": "74.34500", "2006-12-31": -54.2774, "2006-09-30": -272.3527, "2006-06-30": -341.7461, "2006-03-31": "-193.72000", "2005-12-31": -127.886, "2005-09-30": -13.269, "2005-06-30": -73.958, "2005-03-31": "-18.20000"}, "Net Change In Investments - Total": {"2020-12-31": 1874, "2020-09-30": 102, "2020-06-30": -1426, "2020-03-31": "-309.00000", "2019-12-31": -571, "2019-09-30": -356, "2019-06-30": 101, "2019-03-31": "284.00000", "2018-12-31": -271, "2018-09-30": -289, "2018-06-30": 441, "2018-03-31": "-102.00000", "2017-12-31": -996, "2017-09-30": -554, "2017-06-30": -39, "2017-03-31": "-797.00000", "2016-12-31": -696, "2016-09-30": -92, "2016-06-30": 263, "2016-03-31": "-303.00000", "2015-12-31": -165, "2015-09-30": -480, "2015-06-30": 435, "2015-03-31": "29.00000", "2014-12-31": 487, "2014-09-30": -627, "2014-06-30": 682, "2014-03-31": "-131.00000", "2013-12-31": 113, "2013-09-30": -723, "2013-06-30": 315, "2013-03-31": "-297.00000", "2012-12-31": -159, "2012-09-30": -83, "2012-06-30": -30, "2012-03-31": "-48.00000", "2011-12-31": 117, "2011-09-30": -194, "2011-06-30": -104, "2011-03-31": "-615.00000", "2010-12-31": 34.8391, "2010-09-30": -136.9851, "2010-06-30": -107.459, "2010-03-31": "-546.39500", "2009-12-31": -390.448, "2009-09-30": -1100.7532, "2009-06-30": -207.1318, "2009-03-31": "-276.66700", "2008-12-31": -133.5859, "2008-09-30": 48.457, "2008-06-30": -369.572, "2008-03-31": "-230.82300", "2007-12-31": -144.2573, "2007-09-30": -109.1155, "2007-06-30": -251.0811, "2007-03-31": "74.34500", "2006-12-31": -54.2774, "2006-09-30": -272.3527, "2006-06-30": -341.7461, "2006-03-31": "-193.72000", "2005-12-31": -127.886, "2005-09-30": -13.269, "2005-06-30": -73.958, "2005-03-31": "-18.20000"}, "Investing Activities - Other": {"2020-12-31": 0, "2020-09-30": 0, "2020-06-30": 0, "2020-03-31": "", "2019-12-31": 0, "2019-09-30": 0, "2019-06-30": 0, "2019-03-31": "", "2018-12-31": 0, "2018-09-30": -805, "2018-06-30": 0, "2018-03-31": "", "2017-12-31": 0, "2017-09-30": 0, "2017-06-30": 0, "2017-03-31": "", "2016-12-31": 0, "2016-09-30": 0, "2016-06-30": 0, "2016-03-31": "", "2015-12-31": 0, "2015-09-30": 0, "2015-06-30": 0, "2015-03-31": "", "2014-12-31": 0, "2014-09-30": 0, "2014-06-30": 0, "2014-03-31": "", "2013-12-31": 0, "2013-09-30": 0, "2013-06-30": 0, "2013-03-31": "", "2012-12-31": 0, "2012-09-30": 0, "2012-06-30": 0, "2012-03-31": "", "2011-12-31": 0, "2011-09-30": 0, "2011-06-30": 0, "2011-03-31": "", "2010-12-31": -88.321, "2010-09-30": 13.512, "2010-06-30": 16.603, "2010-03-31": "58.20600", "2009-12-31": 63.075, "2009-09-30": 115.234, "2009-06-30": 62.408, "2009-03-31": "71.28300", "2008-12-31": 70.163, "2008-09-30": 264.795, "2008-06-30": 173.599, "2008-03-31": "363.12400", "2007-12-31": -506.46, "2007-09-30": 515.476, "2007-06-30": -296.87, "2007-03-31": "-421.20500", "2006-12-31": 289.335, "2006-09-30": -676.476, "2006-06-30": 9.473, "2006-03-31": "-202.71200", "2005-12-31": 69.943, "2005-09-30": -40.555, "2005-06-30": 49.68, "2005-03-31": "-48.83800"}, "Cash Flow From Investing Activities": {"2020-12-31": 2955, "2020-09-30": -148, "2020-06-30": -1652, "2020-03-31": "-1210.00000", "2019-12-31": -801, "2019-09-30": -566, "2019-06-30": -56, "2019-03-31": "145.00000", "2018-12-31": -447, "2018-09-30": -2353, "2018-06-30": 118, "2018-03-31": "-405.00000", "2017-12-31": -1165, "2017-09-30": -698, "2017-06-30": -152, "2017-03-31": "-926.00000", "2016-12-31": -828, "2016-09-30": -237, "2016-06-30": 131, "2016-03-31": "-428.00000", "2015-12-31": -297, "2015-09-30": -605, "2015-06-30": 1316, "2015-03-31": "-94.00000", "2014-12-31": 305, "2014-09-30": -772, "2014-06-30": 575, "2014-03-31": "-171.00000", "2013-12-31": -39, "2013-09-30": -995, "2013-06-30": 244, "2013-03-31": "-392.00000", "2012-12-31": -1212, "2012-09-30": -414, "2012-06-30": -149, "2012-03-31": "-190.00000", "2011-12-31": -215, "2011-09-30": -284, "2011-06-30": -168, "2011-03-31": "-691.00000", "2010-12-31": -945.93, "2010-09-30": -192.929, "2010-06-30": -144.924, "2010-03-31": "-527.21700", "2009-12-31": -388.802, "2009-09-30": -1025.121, "2009-06-30": -188.279, "2009-03-31": "-256.79800", "2008-12-31": -306.012, "2008-09-30": 249.498, "2008-06-30": -523.186, "2008-03-31": "81.37600", "2007-12-31": -1189.312, "2007-09-30": 376.382, "2007-06-30": -592.146, "2007-03-31": "-440.31500", "2006-12-31": 176.98, "2006-09-30": -996.593, "2006-06-30": -394.785, "2006-03-31": "-439.66800", "2005-12-31": -159.65, "2005-09-30": -96.395, "2005-06-30": -59.909, "2005-03-31": "-451.32200"}, "Net Long-Term Debt": {"2020-12-31": -3235, "2020-09-30": 0, "2020-06-30": -179, "2020-03-31": "2288.00000", "2019-12-31": -402, "2019-09-30": 335, "2019-06-30": -373, "2019-03-31": "17.00000", "2018-12-31": 895, "2018-09-30": -3, "2018-06-30": -2, "2018-03-31": "245.00000", "2017-12-31": -6, "2017-09-30": -51, "2017-06-30": -277, "2017-03-31": "1160.00000", "2016-12-31": -1, "2016-09-30": -1, "2016-06-30": 0, "2016-03-31": "", "2015-12-31": 288, "2015-09-30": -290, "2015-06-30": 300, "2015-03-31": "", "2014-12-31": -500, "2014-09-30": 1733, "2014-06-30": 0, "2014-03-31": "", "2013-12-31": 0, "2013-09-30": 0, "2013-06-30": 0, "2013-03-31": "", "2012-12-31": 990, "2012-09-30": 0, "2012-06-30": 0, "2012-03-31": "-36.00000", "2011-12-31": 0, "2011-09-30": 0, "2011-06-30": 0, "2011-03-31": "", "2010-12-31": 88.321, "2010-09-30": -13.512, "2010-06-30": -16.603, "2010-03-31": "-58.20600", "2009-12-31": -63.075, "2009-09-30": -115.234, "2009-06-30": -62.408, "2009-03-31": "-71.28300", "2008-12-31": 801.518, "2008-09-30": -264.795, "2008-06-30": 575.648, "2008-03-31": "-363.12400", "2007-12-31": -202.599, "2007-09-30": -515.476, "2007-06-30": 296.87, "2007-03-31": "421.20500", "2006-12-31": -569.715, "2006-09-30": 376.476, "2006-06-30": 489.072, "2006-03-31": "202.71200", "2005-12-31": -39.713, "2005-09-30": 40.555, "2005-06-30": -49.68, "2005-03-31": "48.83800"}, "Net Current Debt": {"2020-12-31": 117, "2020-09-30": -96, "2020-06-30": 140, "2020-03-31": "-55.00000", "2019-12-31": -48, "2019-09-30": 69, "2019-06-30": 50, "2019-03-31": "-17.00000", "2018-12-31": -28, "2018-09-30": 125, "2018-06-30": -50, "2018-03-31": "-17.00000", "2017-12-31": -30, "2017-09-30": 54, "2017-06-30": -61, "2017-03-31": "-34.00000", "2016-12-31": 29, "2016-09-30": -9, "2016-06-30": -65, "2016-03-31": "-44.00000", "2015-12-31": 5, "2015-09-30": -13, "2015-06-30": 21, "2015-03-31": "-46.00000", "2014-12-31": 67, "2014-09-30": -27, "2014-06-30": 27, "2014-03-31": "-136.00000", "2013-12-31": 130, "2013-09-30": 27, "2013-06-30": -44, "2013-03-31": "-34.00000", "2012-12-31": 47, "2012-09-30": 17, "2012-06-30": -34, "2012-03-31": "-12.00000", "2011-12-31": 7, "2011-09-30": 82, "2011-06-30": -35, "2011-03-31": "-157.00000", "2010-12-31": 168.235, "2010-09-30": 1.313, "2010-06-30": 3.878, "2010-03-31": "-138.42600", "2009-12-31": 175.158, "2009-09-30": 45.531, "2009-06-30": -354.209, "2009-03-31": "33.52000", "2008-12-31": 216.862, "2008-09-30": -40.285, "2008-06-30": -668.281, "2008-03-31": "-102.98000", "2007-12-31": 340.87, "2007-09-30": 38.71, "2007-06-30": -104.926, "2007-03-31": "50.96700", "2006-12-31": 12.361, "2006-09-30": 159.42, "2006-06-30": -303.763, "2006-03-31": "95.58200", "2005-12-31": 221.572, "2005-09-30": -168.06, "2005-06-30": -35.248, "2005-03-31": "269.68100"}, "Debt Issuance/Retirement Net - Total": {"2020-12-31": -3118, "2020-09-30": -96, "2020-06-30": -39, "2020-03-31": "2233.00000", "2019-12-31": -450, "2019-09-30": 404, "2019-06-30": -323, "2019-03-31": "", "2018-12-31": 867, "2018-09-30": 122, "2018-06-30": -52, "2018-03-31": "228.00000", "2017-12-31": -36, "2017-09-30": 3, "2017-06-30": -338, "2017-03-31": "1126.00000", "2016-12-31": 28, "2016-09-30": -10, "2016-06-30": -65, "2016-03-31": "-44.00000", "2015-12-31": 293, "2015-09-30": -303, "2015-06-30": 321, "2015-03-31": "-46.00000", "2014-12-31": -433, "2014-09-30": 1706, "2014-06-30": 27, "2014-03-31": "-136.00000", "2013-12-31": 130, "2013-09-30": 27, "2013-06-30": -44, "2013-03-31": "-34.00000", "2012-12-31": 1037, "2012-09-30": 17, "2012-06-30": -34, "2012-03-31": "-48.00000", "2011-12-31": 7, "2011-09-30": 82, "2011-06-30": -35, "2011-03-31": "-157.00000", "2010-12-31": 256.556, "2010-09-30": -12.199, "2010-06-30": -12.725, "2010-03-31": "-196.63200", "2009-12-31": 112.083, "2009-09-30": -69.703, "2009-06-30": -416.617, "2009-03-31": "-37.76300", "2008-12-31": 1018.38, "2008-09-30": -305.08, "2008-06-30": -92.633, "2008-03-31": "-466.10400", "2007-12-31": 138.271, "2007-09-30": -476.766, "2007-06-30": 191.944, "2007-03-31": "472.17200", "2006-12-31": -557.354, "2006-09-30": 535.896, "2006-06-30": 185.309, "2006-03-31": "298.29400", "2005-12-31": 181.859, "2005-09-30": -127.505, "2005-06-30": -84.928, "2005-03-31": "318.51900"}, "Net Common Equity Issued/Repurchased": {"2020-12-31": -1771, "2020-09-30": -3, "2020-06-30": 1, "2020-03-31": "2.00000", "2019-12-31": -25, "2019-09-30": -995, "2019-06-30": 1, "2019-03-31": "7.00000", "2018-12-31": -798, "2018-09-30": -197, "2018-06-30": -10, "2018-03-31": "-40.00000", "2017-12-31": -1545, "2017-09-30": -234, "2017-06-30": 16, "2017-03-31": "-1540.00000", "2016-12-31": -18, "2016-09-30": -2, "2016-06-30": -2, "2016-03-31": "-71.00000", "2015-12-31": -4, "2015-09-30": -10, "2015-06-30": -302, "2015-03-31": "-48.00000", "2014-12-31": -618, "2014-09-30": -118, "2014-06-30": -83, "2014-03-31": "-24.00000", "2013-12-31": -202, "2013-09-30": -74, "2013-06-30": -106, "2013-03-31": "-89.00000", "2012-12-31": 3, "2012-09-30": -234, "2012-06-30": -124, "2012-03-31": "-106.00000", "2011-12-31": 4, "2011-09-30": -263, "2011-06-30": -157, "2011-03-31": "-53.00000", "2010-12-31": -74.094, "2010-09-30": -46.296, "2010-06-30": -48.02, "2010-03-31": "-2.59000", "2009-12-31": -2.563, "2009-09-30": 1.273, "2009-06-30": 0.055, "2009-03-31": "-4.76500", "2008-12-31": 1.617, "2008-09-30": -9.547, "2008-06-30": -13.89, "2008-03-31": "-73.28500", "2007-12-31": -0.41, "2007-09-30": 11.504, "2007-06-30": 12.775, "2007-03-31": "10.35700", "2006-12-31": -4.448, "2006-09-30": 10.97, "2006-06-30": 0.366, "2006-03-31": "15.63600", "2005-12-31": 7.598, "2005-09-30": 8.007, "2005-06-30": 6.506, "2005-03-31": "13.76000"}, "Net Total Equity Issued/Repurchased": {"2020-12-31": -1771, "2020-09-30": -3, "2020-06-30": 1, "2020-03-31": "2.00000", "2019-12-31": -25, "2019-09-30": -995, "2019-06-30": 1, "2019-03-31": "7.00000", "2018-12-31": -798, "2018-09-30": -197, "2018-06-30": -10, "2018-03-31": "-40.00000", "2017-12-31": -1545, "2017-09-30": -234, "2017-06-30": 16, "2017-03-31": "-1540.00000", "2016-12-31": -18, "2016-09-30": -2, "2016-06-30": -2, "2016-03-31": "-71.00000", "2015-12-31": -4, "2015-09-30": -10, "2015-06-30": -302, "2015-03-31": "-48.00000", "2014-12-31": -618, "2014-09-30": -118, "2014-06-30": -83, "2014-03-31": "-24.00000", "2013-12-31": -202, "2013-09-30": -74, "2013-06-30": -106, "2013-03-31": "-89.00000", "2012-12-31": 3, "2012-09-30": -234, "2012-06-30": -124, "2012-03-31": "-106.00000", "2011-12-31": 4, "2011-09-30": -263, "2011-06-30": -157, "2011-03-31": "-53.00000", "2010-12-31": -74.094, "2010-09-30": -46.296, "2010-06-30": -48.02, "2010-03-31": "-2.59000", "2009-12-31": -2.563, "2009-09-30": 1.273, "2009-06-30": 0.055, "2009-03-31": "-4.76500", "2008-12-31": 1.617, "2008-09-30": -9.547, "2008-06-30": -13.89, "2008-03-31": "-73.28500", "2007-12-31": -0.41, "2007-09-30": 11.504, "2007-06-30": 12.775, "2007-03-31": "10.35700", "2006-12-31": -4.448, "2006-09-30": 10.97, "2006-06-30": 0.366, "2006-03-31": "15.63600", "2005-12-31": 7.598, "2005-09-30": 8.007, "2005-06-30": 6.506, "2005-03-31": "13.76000"}, "Total Common And Preferred Stock Dividends Paid": {"2020-12-31": 155, "2020-09-30": -83, "2020-06-30": -83, "2020-03-31": "-73.00000", "2019-12-31": -75, "2019-09-30": -74, "2019-06-30": -74, "2019-03-31": "-68.00000", "2018-12-31": -70, "2018-09-30": -69, "2018-06-30": -69, "2018-03-31": "-57.00000", "2017-12-31": -58, "2017-09-30": -58, "2017-06-30": -57, "2017-03-31": "-47.00000", "2016-12-31": -44, "2016-09-30": -43, "2016-06-30": -43, "2016-03-31": "-47.00000", "2015-12-31": -43, "2015-09-30": -43, "2015-06-30": -42, "2015-03-31": "-44.00000", "2014-12-31": -43, "2014-09-30": -43, "2014-06-30": -42, "2014-03-31": "-44.00000", "2013-12-31": -43, "2013-09-30": -42, "2013-06-30": -41, "2013-03-31": "-42.00000", "2012-12-31": -41, "2012-09-30": -42, "2012-06-30": -41, "2012-03-31": "-41.00000", "2011-12-31": -41, "2011-09-30": -41, "2011-06-30": 0, "2011-03-31": "", "2010-12-31": 0, "2010-09-30": 0, "2010-06-30": 0, "2010-03-31": "", "2009-12-31": 0, "2009-09-30": 0, "2009-06-30": 0, "2009-03-31": "", "2008-12-31": 0, "2008-09-30": 0, "2008-06-30": 0, "2008-03-31": "", "2007-12-31": 0, "2007-09-30": 0, "2007-06-30": 0, "2007-03-31": "", "2006-12-31": 0, "2006-09-30": 0, "2006-06-30": 0, "2006-03-31": "", "2005-12-31": 0, "2005-09-30": 0, "2005-06-30": 0, "2005-03-31": ""}, "Financial Activities - Other": {"2020-12-31": -391, "2020-09-30": -663, "2020-06-30": -185, "2020-03-31": "574.00000", "2019-12-31": -634, "2019-09-30": -462, "2019-06-30": -81, "2019-03-31": "554.00000", "2018-12-31": -1018, "2018-09-30": -1137, "2018-06-30": 114, "2018-03-31": "1401.00000", "2017-12-31": -108, "2017-09-30": -150, "2017-06-30": 351, "2017-03-31": "1730.00000", "2016-12-31": 743, "2016-09-30": 129, "2016-06-30": -97, "2016-03-31": "318.00000", "2015-12-31": 688, "2015-09-30": -724, "2015-06-30": -381, "2015-03-31": "136.00000", "2014-12-31": -174, "2014-09-30": -615, "2014-06-30": -346, "2014-03-31": "228.00000", "2013-12-31": 53, "2013-09-30": -327, "2013-06-30": -105, "2013-03-31": "237.00000", "2012-12-31": -49, "2012-09-30": -499, "2012-06-30": -145, "2012-03-31": "318.00000", "2011-12-31": -600, "2011-09-30": 38, "2011-06-30": 11, "2011-03-31": "188.00000", "2010-12-31": -438.625, "2010-09-30": -33.915, "2010-06-30": 65.347, "2010-03-31": "172.19300", "2009-12-31": 166.19, "2009-09-30": 20.337, "2009-06-30": 116.888, "2009-03-31": "194.58500", "2008-12-31": -583.035, "2008-09-30": -143.888, "2008-06-30": 12.041, "2008-03-31": "101.40800", "2007-12-31": 696.066, "2007-09-30": -408.566, "2007-06-30": -63.129, "2007-03-31": "337.06000", "2006-12-31": 408.9911, "2006-09-30": -236.4861, "2006-06-30": 89.3141, "2006-03-31": "229.15400", "2005-12-31": -25.943, "2005-09-30": 5.033, "2005-06-30": 2.57, "2005-03-31": "3.65500"}, "Cash Flow From Financial Activities": {"2020-12-31": -5125, "2020-09-30": -845, "2020-06-30": -306, "2020-03-31": "2736.00000", "2019-12-31": -1184, "2019-09-30": -1127, "2019-06-30": -477, "2019-03-31": "493.00000", "2018-12-31": -1019, "2018-09-30": -1281, "2018-06-30": -17, "2018-03-31": "1532.00000", "2017-12-31": -1747, "2017-09-30": -439, "2017-06-30": -28, "2017-03-31": "1269.00000", "2016-12-31": 709, "2016-09-30": 74, "2016-06-30": -207, "2016-03-31": "156.00000", "2015-12-31": 934, "2015-09-30": -1080, "2015-06-30": -404, "2015-03-31": "-2.00000", "2014-12-31": -1268, "2014-09-30": 930, "2014-06-30": -444, "2014-03-31": "24.00000", "2013-12-31": -62, "2013-09-30": -416, "2013-06-30": -296, "2013-03-31": "72.00000", "2012-12-31": 950, "2012-09-30": -758, "2012-06-30": -344, "2012-03-31": "123.00000", "2011-12-31": -630, "2011-09-30": -184, "2011-06-30": -181, "2011-03-31": "-22.00000", "2010-12-31": -256.163, "2010-09-30": -92.41, "2010-06-30": 4.602, "2010-03-31": "-27.02900", "2009-12-31": 275.71, "2009-09-30": -48.093, "2009-06-30": -299.674, "2009-03-31": "152.05700", "2008-12-31": 436.962, "2008-09-30": -458.515, "2008-06-30": -94.482, "2008-03-31": "-437.98100", "2007-12-31": 833.927, "2007-09-30": -873.828, "2007-06-30": 141.59, "2007-03-31": "819.58900", "2006-12-31": -152.811, "2006-09-30": 310.38, "2006-06-30": 274.989, "2006-03-31": "543.08400", "2005-12-31": 163.514, "2005-09-30": -114.465, "2005-06-30": -75.852, "2005-03-31": "335.93400"}, "Net Cash Flow": {"2020-12-31": -7243, "2020-09-30": 822, "2020-06-30": 1109, "2020-03-31": "2000.00000", "2019-12-31": -1473, "2019-09-30": 749, "2019-06-30": 901, "2019-03-31": "1534.00000", "2018-12-31": -1799, "2018-09-30": -4689, "2018-06-30": -24, "2018-03-31": "4813.00000", "2017-12-31": -5823, "2017-09-30": 1726, "2017-06-30": -286, "2017-03-31": "4548.00000", "2016-12-31": -2892, "2016-09-30": 4340, "2016-06-30": -372, "2016-03-31": "230.00000", "2015-12-31": 974, "2015-09-30": -653, "2015-06-30": 304, "2015-03-31": "11.00000", "2014-12-31": -770, "2014-09-30": 1112, "2014-06-30": -69, "2014-03-31": "524.00000", "2013-12-31": -117, "2013-09-30": -264, "2013-06-30": 121, "2013-03-31": "92.00000", "2012-12-31": -57, "2012-09-30": -2506, "2012-06-30": 213, "2012-03-31": "2279.00000", "2011-12-31": -2642, "2011-09-30": 2451, "2011-06-30": -188, "2011-03-31": "83.00000", "2010-12-31": -1249.264, "2010-09-30": 923.87, "2010-06-30": 184.989, "2010-03-31": "200.40500", "2009-12-31": 161.417, "2009-09-30": -133.103, "2009-06-30": -326.093, "2009-03-31": "-59.22100", "2008-12-31": 427.523, "2008-09-30": 368.258, "2008-06-30": -513.645, "2008-03-31": "-352.16600", "2007-12-31": -545.217, "2007-09-30": -1135.099, "2007-06-30": 26.71, "2007-03-31": "1953.75500", "2006-12-31": 559.07, "2006-09-30": -1077.23, "2006-06-30": 415.059, "2006-03-31": "1111.38900", "2005-12-31": -246.92, "2005-09-30": 375.146, "2005-06-30": 43.526, "2005-03-31": "-19.81500"}, "Stock-Based Compensation": {"2020-12-31": -77, "2020-09-30": 47, "2020-06-30": 46, "2020-03-31": "36.00000", "2019-12-31": 44, "2019-09-30": 43, "2019-06-30": 43, "2019-03-31": "33.00000", "2018-12-31": 32, "2018-09-30": 36, "2018-06-30": 34, "2018-03-31": "35.00000", "2017-12-31": 41, "2017-09-30": 33, "2017-06-30": 57, "2017-03-31": "26.00000", "2016-12-31": 39, "2016-09-30": 28, "2016-06-30": 25, "2016-03-31": "23.00000", "2015-12-31": 17, "2015-09-30": 23, "2015-06-30": 25, "2015-03-31": "44.00000", "2014-12-31": 22, "2014-09-30": 21, "2014-06-30": 22, "2014-03-31": "33.00000", "2013-12-31": 19, "2013-09-30": 22, "2013-06-30": 19, "2013-03-31": "32.00000", "2012-12-31": 14, "2012-09-30": 14, "2012-06-30": 14, "2012-03-31": "40.00000", "2011-12-31": 14, "2011-09-30": 12, "2011-06-30": 11, "2011-03-31": "30.00000", "2010-12-31": 10.896, "2010-09-30": 12.477, "2010-06-30": 12.288, "2010-03-31": "27.33900", "2009-12-31": 17.182, "2009-09-30": 15.796, "2009-06-30": 17.346, "2009-03-31": "15.67600", "2008-12-31": 13.534, "2008-09-30": 14.67, "2008-06-30": 13.249, "2008-03-31": "13.91600", "2007-12-31": -30.868, "2007-09-30": 10.604, "2007-06-30": 10.462, "2007-03-31": "9.80200", "2006-12-31": 0, "2006-09-30": -15.051, "2006-06-30": 15.051, "2006-03-31": "", "2005-12-31": 0, "2005-09-30": 0, "2005-06-30": 0, "2005-03-31": ""}, "Common Stock Dividends Paid": {"2020-12-31": 155, "2020-09-30": -83, "2020-06-30": -83, "2020-03-31": "-73.00000", "2019-12-31": -75, "2019-09-30": -74, "2019-06-30": -74, "2019-03-31": "-68.00000", "2018-12-31": -70, "2018-09-30": -69, "2018-06-30": -69, "2018-03-31": "-57.00000", "2017-12-31": -58, "2017-09-30": -58, "2017-06-30": -57, "2017-03-31": "-47.00000", "2016-12-31": -44, "2016-09-30": -43, "2016-06-30": -43, "2016-03-31": "-47.00000", "2015-12-31": -43, "2015-09-30": -43, "2015-06-30": -42, "2015-03-31": "-44.00000", "2014-12-31": -43, "2014-09-30": -43, "2014-06-30": -42, "2014-03-31": "-44.00000", "2013-12-31": -43, "2013-09-30": -42, "2013-06-30": -41, "2013-03-31": "-42.00000", "2012-12-31": -41, "2012-09-30": -42, "2012-06-30": -41, "2012-03-31": "-41.00000", "2011-12-31": -41, "2011-09-30": -41, "2011-06-30": 0, "2011-03-31": "0.00000", "2010-12-31": 0, "2010-09-30": 0, "2010-06-30": 0, "2010-03-31": "", "2009-12-31": 0, "2009-09-30": 0, "2009-06-30": 0, "2009-03-31": "", "2008-12-31": 0, "2008-09-30": 0, "2008-06-30": 0, "2008-03-31": "", "2007-12-31": 0, "2007-09-30": 0, "2007-06-30": 0, "2007-03-31": "", "2006-12-31": 0, "2006-09-30": 0, "2006-06-30": 0, "2006-03-31": "", "2005-12-31": 0, "2005-09-30": 0, "2005-06-30": 0, "2005-03-31": ""}}, "financial ratios": {"Current Ratio": {"2019-12-31": "1.81970", "2018-12-31": "1.68190", "2017-12-31": "1.85010", "2016-12-31": "2.06980", "2015-12-31": "1.92730", "2014-12-31": "2.07950", "2013-12-31": "1.94530", "2012-12-31": "1.83690", "2011-12-31": "1.84630", "2010-12-31": "1.76480", "2009-12-31": "1.75910", "2008-12-31": "1.61960", "2007-12-31": "1.50780", "2006-12-31": "1.42820", "2005-12-31": "1.30640"}, "Long-term Debt / Capital": {"2019-12-31": "0.29210", "2018-12-31": "0.30100", "2017-12-31": "0.32640", "2016-12-31": "0.26190", "2015-12-31": "0.26830", "2014-12-31": "0.28390", "2013-12-31": "0.21820", "2012-12-31": "0.22790", "2011-12-31": "0.17060", "2010-12-31": "0.19420", "2009-12-31": "0.22510", "2008-12-31": "0.30290", "2007-12-31": "0.29520", "2006-12-31": "0.29360", "2005-12-31": "0.17000"}, "Debt/Equity Ratio": {"2019-12-31": "0.48940", "2018-12-31": "0.61410", "2017-12-31": "0.51420", "2016-12-31": "0.40280", "2015-12-31": "0.42470", "2014-12-31": "0.43120", "2013-12-31": "0.32230", "2012-12-31": "0.33180", "2011-12-31": "0.24370", "2010-12-31": "0.30010", "2009-12-31": "0.35540", "2008-12-31": "0.48500", "2007-12-31": "0.48570", "2006-12-31": "0.51170", "2005-12-31": "0.43650"}, "Gross Margin": {"2019-12-31": "17.00010", "2018-12-31": "19.38080", "2017-12-31": "19.10280", "2016-12-31": "17.23460", "2015-12-31": "18.45680", "2014-12-31": "21.30720", "2013-12-31": "21.17740", "2012-12-31": "20.80710", "2011-12-31": "21.74470", "2010-12-31": "19.28500", "2009-12-31": "19.38330", "2008-12-31": "18.09600", "2007-12-31": "19.84760", "2006-12-31": "18.65540", "2005-12-31": "19.18870"}, "Operating Margin": {"2019-12-31": "4.91920", "2018-12-31": "5.44700", "2017-12-31": "7.92680", "2016-12-31": "3.20160", "2015-12-31": "4.32320", "2014-12-31": "4.87010", "2013-12-31": "4.98870", "2012-12-31": "5.15260", "2011-12-31": "6.36400", "2010-12-31": "5.51850", "2009-12-31": "5.55570", "2008-12-31": "3.70730", "2007-12-31": "5.37040", "2006-12-31": "3.85320", "2005-12-31": "3.06690"}, "EBIT Margin": {"2019-12-31": "4.91920", "2018-12-31": "5.44700", "2017-12-31": "7.92680", "2016-12-31": "3.20160", "2015-12-31": "4.32320", "2014-12-31": "4.87010", "2013-12-31": "4.98870", "2012-12-31": "5.15260", "2011-12-31": "6.36400", "2010-12-31": "5.51850", "2009-12-31": "5.55570", "2008-12-31": "3.70730", "2007-12-31": "5.37040", "2006-12-31": "3.85320", "2005-12-31": "3.06690"}, "EBITDA Margin": {"2019-12-31": "5.80540", "2018-12-31": "6.38530", "2017-12-31": "8.82880", "2016-12-31": "4.05670", "2015-12-31": "5.14650", "2014-12-31": "5.79590", "2013-12-31": "6.01990", "2012-12-31": "6.01650", "2011-12-31": "7.18670", "2010-12-31": "6.30130", "2009-12-31": "6.36890", "2008-12-31": "4.46860", "2007-12-31": "6.10120", "2006-12-31": "4.54710", "2005-12-31": "3.96070"}, "Pre-Tax Profit Margin": {"2019-12-31": "5.32610", "2018-12-31": "3.62490", "2017-12-31": "7.47670", "2016-12-31": "2.85400", "2015-12-31": "4.47790", "2014-12-31": "4.47420", "2013-12-31": "4.64990", "2012-12-31": "4.88420", "2011-12-31": "6.06810", "2010-12-31": "5.20600", "2009-12-31": "5.21090", "2008-12-31": "3.43000", "2007-12-31": "5.09810", "2006-12-31": "3.55840", "2005-12-31": "2.79430"}, "Net Profit Margin": {"2019-12-31": "4.17180", "2018-12-31": "2.95720", "2017-12-31": "4.55300", "2016-12-31": "1.12910", "2015-12-31": "2.35040", "2014-12-31": "2.36490", "2013-12-31": "2.97970", "2012-12-31": "3.12320", "2011-12-31": "3.85260", "2010-12-31": "3.27120", "2009-12-31": "3.38290", "2008-12-31": "2.23570", "2007-12-31": "3.29650", "2006-12-31": "2.27590", "2005-12-31": "2.05800"}, "Asset Turnover": {"2019-12-31": "2.23180", "2018-12-31": "2.23950", "2017-12-31": "1.97830", "2016-12-31": "2.14120", "2015-12-31": "2.19990", "2014-12-31": "2.06150", "2013-12-31": "1.99240", "2012-12-31": "1.95840", "2011-12-31": "2.08000", "2010-12-31": "2.08630", "2009-12-31": "2.17210", "2008-12-31": "2.21950", "2007-12-31": "1.96370", "2006-12-31": "2.12080", "2005-12-31": "2.09880"}, "Inventory Turnover Ratio": {"2019-12-31": "", "2018-12-31": "", "2017-12-31": "", "2016-12-31": "", "2015-12-31": "", "2014-12-31": "", "2013-12-31": "", "2012-12-31": "", "2011-12-31": "", "2010-12-31": "", "2009-12-31": "", "2008-12-31": "", "2007-12-31": "", "2006-12-31": "", "2005-12-31": ""}, "Receiveable Turnover": {"2019-12-31": "61.44700", "2018-12-31": "56.07090", "2017-12-31": "62.95900", "2016-12-31": "42.48360", "2015-12-31": "46.76060", "2014-12-31": "46.05890", "2013-12-31": "43.48740", "2012-12-31": "53.37790", "2011-12-31": "35.62090", "2010-12-31": "35.03230", "2009-12-31": "37.32670", "2008-12-31": "36.65570", "2007-12-31": "41.76430", "2006-12-31": "31.45140", "2005-12-31": "19.51950"}, "Days Sales In Receivables": {"2019-12-31": "5.94010", "2018-12-31": "6.50960", "2017-12-31": "5.79740", "2016-12-31": "8.59160", "2015-12-31": "7.80570", "2014-12-31": "7.92460", "2013-12-31": "8.39320", "2012-12-31": "6.83800", "2011-12-31": "10.24680", "2010-12-31": "10.41900", "2009-12-31": "9.77850", "2008-12-31": "9.95750", "2007-12-31": "8.73950", "2006-12-31": "11.60520", "2005-12-31": "18.69920"}, "ROE - Return On Equity": {"2019-12-31": "22.48900", "2018-12-31": "16.56330", "2017-12-31": "24.87300", "2016-12-31": "5.74640", "2015-12-31": "12.33330", "2014-12-31": "11.89090", "2013-12-31": "13.21380", "2012-12-31": "13.81260", "2011-12-31": "17.59890", "2010-12-31": "15.87230", "2009-12-31": "18.00550", "2008-12-31": "14.51930", "2007-12-31": "20.69240", "2006-12-31": "15.96080", "2005-12-31": "11.82720"}, "Return On Tangible Equity": {"2019-12-31": "33.38270", "2018-12-31": "26.86780", "2017-12-31": "37.31140", "2016-12-31": "8.28270", "2015-12-31": "18.02010", "2014-12-31": "17.88000", "2013-12-31": "22.04910", "2012-12-31": "23.46840", "2011-12-31": "26.65790", "2010-12-31": "25.22960", "2009-12-31": "27.49080", "2008-12-31": "25.94760", "2007-12-31": "35.25090", "2006-12-31": "27.96050", "2005-12-31": "23.84720"}, "ROA - Return On Assets": {"2019-12-31": "9.31070", "2018-12-31": "6.62260", "2017-12-31": "9.00730", "2016-12-31": "2.41770", "2015-12-31": "5.17060", "2014-12-31": "4.87530", "2013-12-31": "5.93680", "2012-12-31": "6.11640", "2011-12-31": "8.01330", "2010-12-31": "6.82480", "2009-12-31": "7.34800", "2008-12-31": "4.96220", "2007-12-31": "6.47320", "2006-12-31": "4.82670", "2005-12-31": "4.31950"}, "ROI - Return On Investment": {"2019-12-31": "15.91980", "2018-12-31": "11.57820", "2017-12-31": "16.75340", "2016-12-31": "4.24120", "2015-12-31": "9.02400", "2014-12-31": "8.51460", "2013-12-31": "10.33070", "2012-12-31": "10.66500", "2011-12-31": "14.59580", "2010-12-31": "12.78950", "2009-12-31": "13.95190", "2008-12-31": "10.12090", "2007-12-31": "14.58320", "2006-12-31": "11.27520", "2005-12-31": "9.81680"}, "Book Value Per Share": {"2019-12-31": "91.11690", "2018-12-31": "74.95190", "2017-12-31": "71.48510", "2016-12-31": "71.56490", "2015-12-31": "69.76960", "2014-12-31": "64.47690", "2013-12-31": "60.48170", "2012-12-31": "55.87630", "2011-12-31": "49.16340", "2010-12-31": "41.10420", "2009-12-31": "33.94060", "2008-12-31": "26.40120", "2007-12-31": "23.69710", "2006-12-31": "18.32690", "2005-12-31": "15.37140"}, "Operating Cash Flow Per Share": {"2019-12-31": 23.5196, "2018-12-31": -12.1252, "2017-12-31": 14.9975, "2016-12-31": 7.0853, "2015-12-31": -4.6373, "2014-12-31": -0.402, "2013-12-31": -0.9824, "2012-12-31": -0.6232, "2011-12-31": -0.8161, "2010-12-31": 4.7932, "2009-12-31": 2.6046, "2008-12-31": -1.4031, "2007-12-31": -2.831, "2006-12-31": 6.3552, "2005-12-31": 3.685}, "Free Cash Flow Per Share": {"2019-12-31": 22.4785, "2018-12-31": -12.9477, "2017-12-31": 14.8901, "2016-12-31": 7.0471, "2015-12-31": -4.7036, "2014-12-31": -1.0436, "2013-12-31": -1.2199, "2012-12-31": -1.1294, "2011-12-31": -1.5108, "2010-12-31": 4.5741, "2009-12-31": 3.0624, "2008-12-31": -1.6965, "2007-12-31": -2.9912, "2006-12-31": 6.2373, "2005-12-31": 2.7104}}, "financial ratios, quarterly": {"Current Ratio": {"2020-09-30": "1.81360", "2020-06-30": "1.69360", "2020-03-31": "1.65550", "2019-12-31": "1.81970", "2019-09-30": "1.83000", "2019-06-30": "1.74710", "2019-03-31": "1.64950", "2018-12-31": "1.68190", "2018-09-30": "1.68470", "2018-06-30": "1.43140", "2018-03-31": "1.54850", "2017-12-31": "1.85010", "2017-09-30": "1.60810", "2017-06-30": "1.64670", "2017-03-31": "1.65260", "2016-12-31": "2.06980", "2016-09-30": "1.66330", "2016-06-30": "1.78540", "2016-03-31": "1.76590", "2015-12-31": "1.92730", "2015-09-30": "2.03730", "2015-06-30": "1.89180", "2015-03-31": "1.89630", "2014-12-31": "2.07950", "2014-09-30": "2.01260", "2014-06-30": "1.78760", "2014-03-31": "1.81160", "2013-12-31": "1.94530", "2013-09-30": "1.91920", "2013-06-30": "1.86530", "2013-03-31": "1.82570", "2012-12-31": "1.83690", "2012-09-30": "1.83360", "2012-06-30": "1.62180", "2012-03-31": "1.59310", "2011-12-31": "1.84630", "2011-09-30": "1.60070", "2011-06-30": "1.80550", "2011-03-31": "1.74350", "2010-12-31": "1.76480", "2010-09-30": "1.81830", "2010-06-30": "1.79880", "2010-03-31": "1.73730", "2009-12-31": "1.75910", "2009-09-30": "1.67790", "2009-06-30": "1.60470", "2009-03-31": "1.61810", "2008-12-31": "1.61960", "2008-09-30": "1.54050", "2008-06-30": "1.46740", "2008-03-31": "1.50150", "2007-12-31": "1.50780", "2007-09-30": "1.43870", "2007-06-30": "1.29600", "2007-03-31": "1.31120", "2006-12-31": "1.42820", "2006-09-30": "1.31570", "2006-06-30": "1.27340", "2006-03-31": "1.25730", "2005-12-31": "1.30640", "2005-09-30": "1.21030", "2005-06-30": "1.53180", "2005-03-31": "1.51310"}, "Long-term Debt / Capital": {"2020-09-30": "0.27760", "2020-06-30": "0.29590", "2020-03-31": "0.32900", "2019-12-31": "0.29210", "2019-09-30": "0.31620", "2019-06-30": "0.26940", "2019-03-31": "0.28760", "2018-12-31": "0.30100", "2018-09-30": "0.31070", "2018-06-30": "0.31850", "2018-03-31": "0.32130", "2017-12-31": "0.32640", "2017-09-30": "0.26190", "2017-06-30": "0.28090", "2017-03-31": "0.31840", "2016-12-31": "0.26190", "2016-09-30": "0.25150", "2016-06-30": "0.25860", "2016-03-31": "0.26490", "2015-12-31": "0.26830", "2015-09-30": "0.26960", "2015-06-30": "0.27490", "2015-03-31": "0.27570", "2014-12-31": "0.28390", "2014-09-30": "0.27420", "2014-06-30": "0.20600", "2014-03-31": "0.21080", "2013-12-31": "0.21820", "2013-09-30": "0.21320", "2013-06-30": "0.21820", "2013-03-31": "0.22150", "2012-12-31": "0.22790", "2012-09-30": "0.15680", "2012-06-30": "0.16060", "2012-03-31": "0.16450", "2011-12-31": "0.17060", "2011-09-30": "0.17450", "2011-06-30": "0.17990", "2011-03-31": "0.18740", "2010-12-31": "0.19420", "2010-09-30": "0.19410", "2010-06-30": "0.20530", "2010-03-31": "0.21590", "2009-12-31": "0.22510", "2009-09-30": "0.23250", "2009-06-30": "0.24960", "2009-03-31": "0.29290", "2008-12-31": "0.30290", "2008-09-30": "0.28090", "2008-06-30": "0.28000", "2008-03-31": "0.28320", "2007-12-31": "0.29520", "2007-09-30": "0.25690", "2007-06-30": "0.26060", "2007-03-31": "0.29610", "2006-12-31": "0.29360", "2006-09-30": "0.25120", "2006-06-30": "0.22780", "2006-03-31": "0.18970", "2005-12-31": "0.17000", "2005-09-30": "0.11820", "2005-06-30": "0.27500", "2005-03-31": "0.28700"}, "Debt/Equity Ratio": {"2020-09-30": "0.50720", "2020-06-30": "0.56130", "2020-03-31": "0.65750", "2019-12-31": "0.48940", "2019-09-30": "0.54620", "2019-06-30": "0.49950", "2019-03-31": "0.57630", "2018-12-31": "0.61410", "2018-09-30": "0.50700", "2018-06-30": "0.51370", "2018-03-31": "0.52510", "2017-12-31": "0.51420", "2017-09-30": "0.45500", "2017-06-30": "0.46540", "2017-03-31": "0.53040", "2016-12-31": "0.40280", "2016-09-30": "0.37880", "2016-06-30": "0.39410", "2016-03-31": "0.41330", "2015-12-31": "0.42470", "2015-09-30": "0.39880", "2015-06-30": "0.43960", "2015-03-31": "0.40940", "2014-12-31": "0.43120", "2014-09-30": "0.45480", "2014-06-30": "0.28890", "2014-03-31": "0.29460", "2013-12-31": "0.32230", "2013-09-30": "0.29940", "2013-06-30": "0.30550", "2013-03-31": "0.31620", "2012-12-31": "0.33180", "2012-09-30": "0.21780", "2012-06-30": "0.22210", "2012-03-31": "0.23260", "2011-12-31": "0.24370", "2011-09-30": "0.24940", "2011-06-30": "0.24800", "2011-03-31": "0.26550", "2010-12-31": "0.30010", "2010-09-30": "0.27560", "2010-06-30": "0.29530", "2010-03-31": "0.31420", "2009-12-31": "0.35540", "2009-09-30": "0.33880", "2009-06-30": "0.36310", "2009-03-31": "0.46950", "2008-12-31": "0.48500", "2008-09-30": "0.45100", "2008-06-30": "0.45980", "2008-03-31": "0.46700", "2007-12-31": "0.48570", "2007-09-30": "0.41360", "2007-06-30": "0.43820", "2007-03-31": "0.51080", "2006-12-31": "0.51170", "2006-09-30": "0.43260", "2006-06-30": "0.51010", "2006-03-31": "0.45840", "2005-12-31": "0.43650", "2005-09-30": "0.37110", "2005-06-30": "0.45800", "2005-03-31": "0.49000"}, "Gross Margin": {"2020-09-30": "22.23660", "2020-06-30": "25.71920", "2020-03-31": "17.45970", "2019-12-31": "15.99260", "2019-09-30": "17.75750", "2019-06-30": "18.01790", "2019-03-31": "16.22900", "2018-12-31": "19.30410", "2018-09-30": "20.85740", "2018-06-30": "19.09670", "2018-03-31": "18.27160", "2017-12-31": "19.33430", "2017-09-30": "19.87650", "2017-06-30": "19.54340", "2017-03-31": "17.70090", "2016-12-31": "13.02220", "2016-09-30": "20.40310", "2016-06-30": "17.83390", "2016-03-31": "17.41300", "2015-12-31": "16.80260", "2015-09-30": "18.46140", "2015-06-30": "18.06000", "2015-03-31": "20.44390", "2014-12-31": "20.91990", "2014-09-30": "21.01650", "2014-06-30": "21.23220", "2014-03-31": "22.09700", "2013-12-31": "19.47580", "2013-09-30": "21.74630", "2013-06-30": "21.60640", "2013-03-31": "21.84820", "2012-12-31": "21.35610", "2012-09-30": "22.62980", "2012-06-30": "21.10530", "2012-03-31": "18.28950", "2011-12-31": "22.01860", "2011-09-30": "23.15880", "2011-06-30": "21.70400", "2011-03-31": "20.08490", "2010-12-31": "17.96060", "2010-09-30": "20.47160", "2010-06-30": "20.02680", "2010-03-31": "18.65030", "2009-12-31": "18.60710", "2009-09-30": "20.80480", "2009-06-30": "19.38680", "2009-03-31": "18.70350", "2008-12-31": "19.31890", "2008-09-30": "18.71190", "2008-06-30": "17.85340", "2008-03-31": "16.40400", "2007-12-31": "22.50500", "2007-09-30": "21.61100", "2007-06-30": "19.23790", "2007-03-31": "15.96850", "2006-12-31": "19.68880", "2006-09-30": "18.29770", "2006-06-30": "17.15630", "2006-03-31": "19.56560", "2005-12-31": "20.42680", "2005-09-30": "19.02580", "2005-06-30": "18.55010", "2005-03-31": "18.70240"}, "Operating Margin": {"2020-09-30": "9.08090", "2020-06-30": "12.76010", "2020-03-31": "5.67200", "2019-12-31": "2.22150", "2019-09-30": "5.34450", "2019-06-30": "6.86370", "2019-03-31": "5.25860", "2018-12-31": "3.64910", "2018-09-30": "6.76470", "2018-06-30": "6.04530", "2018-03-31": "5.32250", "2017-12-31": "4.29150", "2017-09-30": "6.45990", "2017-06-30": "8.12770", "2017-03-31": "12.62900", "2016-12-31": "-3.40110", "2016-09-30": "6.93000", "2016-06-30": "4.87610", "2016-03-31": "3.96380", "2015-12-31": "2.16300", "2015-09-30": "5.20090", "2015-06-30": "4.17270", "2015-03-31": "5.71100", "2014-12-31": "3.00940", "2014-09-30": "4.81290", "2014-06-30": "5.57190", "2014-03-31": "6.15610", "2013-12-31": "-0.13740", "2013-09-30": "6.01800", "2013-06-30": "6.67570", "2013-03-31": "7.29540", "2012-12-31": "3.23320", "2012-09-30": "7.26350", "2012-06-30": "6.08310", "2012-03-31": "4.07080", "2011-12-31": "3.75440", "2011-09-30": "7.80560", "2011-06-30": "8.12150", "2011-03-31": "5.70120", "2010-12-31": "2.41980", "2010-09-30": "7.76490", "2010-06-30": "6.54400", "2010-03-31": "5.28910", "2009-12-31": "5.73570", "2009-09-30": "6.42240", "2009-06-30": "5.90620", "2009-03-31": "4.15650", "2008-12-31": "3.84340", "2008-09-30": "4.22780", "2008-06-30": "4.66450", "2008-03-31": "2.01540", "2007-12-31": "5.96220", "2007-09-30": "7.82410", "2007-06-30": "5.53400", "2007-03-31": "2.09740", "2006-12-31": "4.54420", "2006-09-30": "4.71490", "2006-06-30": "2.90740", "2006-03-31": "3.07480", "2005-12-31": "2.86650", "2005-09-30": "2.01020", "2005-06-30": "3.81150", "2005-03-31": "3.69630"}, "EBIT Margin": {"2020-09-30": "9.08090", "2020-06-30": "12.76010", "2020-03-31": "5.67200", "2019-12-31": "2.22150", "2019-09-30": "5.34450", "2019-06-30": "6.86370", "2019-03-31": "5.25860", "2018-12-31": "3.64910", "2018-09-30": "6.76470", "2018-06-30": "6.04530", "2018-03-31": "5.32250", "2017-12-31": "4.29150", "2017-09-30": "6.45990", "2017-06-30": "8.12770", "2017-03-31": "12.62900", "2016-12-31": "-3.40110", "2016-09-30": "6.93000", "2016-06-30": "4.87610", "2016-03-31": "3.96380", "2015-12-31": "2.16300", "2015-09-30": "5.20090", "2015-06-30": "4.17270", "2015-03-31": "5.71100", "2014-12-31": "3.00940", "2014-09-30": "4.81290", "2014-06-30": "5.57190", "2014-03-31": "6.15610", "2013-12-31": "-0.13740", "2013-09-30": "6.01800", "2013-06-30": "6.67570", "2013-03-31": "7.29540", "2012-12-31": "3.23320", "2012-09-30": "7.26350", "2012-06-30": "6.08310", "2012-03-31": "4.07080", "2011-12-31": "3.75440", "2011-09-30": "7.80560", "2011-06-30": "8.12150", "2011-03-31": "5.70120", "2010-12-31": "2.41980", "2010-09-30": "7.76490", "2010-06-30": "6.54400", "2010-03-31": "5.28910", "2009-12-31": "5.73560", "2009-09-30": "6.42240", "2009-06-30": "5.90620", "2009-03-31": "4.15650", "2008-12-31": "3.84340", "2008-09-30": "4.22780", "2008-06-30": "4.66450", "2008-03-31": "2.01540", "2007-12-31": "5.96220", "2007-09-30": "7.82410", "2007-06-30": "5.53400", "2007-03-31": "2.09740", "2006-12-31": "4.54420", "2006-09-30": "4.71490", "2006-06-30": "2.90740", "2006-03-31": "3.07480", "2005-12-31": "2.86650", "2005-09-30": "2.01020", "2005-06-30": "3.81150", "2005-03-31": "3.69630"}, "EBITDA Margin": {"2020-09-30": "", "2020-06-30": "", "2020-03-31": "", "2019-12-31": "", "2019-09-30": "", "2019-06-30": "", "2019-03-31": "", "2018-12-31": "", "2018-09-30": "", "2018-06-30": "", "2018-03-31": "", "2017-12-31": "", "2017-09-30": "", "2017-06-30": "", "2017-03-31": "", "2016-12-31": "", "2016-09-30": "", "2016-06-30": "", "2016-03-31": "", "2015-12-31": "", "2015-09-30": "", "2015-06-30": "", "2015-03-31": "", "2014-12-31": "", "2014-09-30": "", "2014-06-30": "", "2014-03-31": "", "2013-12-31": "", "2013-09-30": "", "2013-06-30": "", "2013-03-31": "", "2012-12-31": "", "2012-09-30": "", "2012-06-30": "", "2012-03-31": "", "2011-12-31": "", "2011-09-30": "", "2011-06-30": "", "2011-03-31": "", "2010-12-31": "", "2010-09-30": "", "2010-06-30": "", "2010-03-31": "", "2009-12-31": "", "2009-09-30": "", "2009-06-30": "", "2009-03-31": "", "2008-12-31": "", "2008-09-30": "", "2008-06-30": "", "2008-03-31": "", "2007-12-31": "", "2007-09-30": "", "2007-06-30": "", "2007-03-31": "", "2006-12-31": "", "2006-09-30": "", "2006-06-30": "", "2006-03-31": "", "2005-12-31": "", "2005-09-30": "", "2005-06-30": "", "2005-03-31": ""}, "Pre-Tax Profit Margin": {"2020-09-30": "8.74220", "2020-06-30": "13.55130", "2020-03-31": "3.78660", "2019-12-31": "3.63920", "2019-09-30": "5.46760", "2019-06-30": "7.56540", "2019-03-31": "4.63150", "2018-12-31": "3.07740", "2018-09-30": "6.34240", "2018-06-30": "0.13320", "2018-03-31": "4.95130", "2017-12-31": "3.71520", "2017-09-30": "6.01570", "2017-06-30": "7.69910", "2017-03-31": "12.27290", "2016-12-31": "-3.77390", "2016-09-30": "6.58680", "2016-06-30": "4.54060", "2016-03-31": "3.62320", "2015-12-31": "1.84120", "2015-09-30": "4.84920", "2015-06-30": "5.77480", "2015-03-31": "5.37840", "2014-12-31": "2.32800", "2014-09-30": "4.50240", "2014-06-30": "5.28560", "2014-03-31": "5.85720", "2013-12-31": "-0.48100", "2013-09-30": "5.67880", "2013-06-30": "6.33660", "2013-03-31": "6.96170", "2012-12-31": "2.95070", "2012-09-30": "6.99410", "2012-06-30": "5.81500", "2012-03-31": "3.81640", "2011-12-31": "3.45630", "2011-09-30": "7.51530", "2011-06-30": "7.81990", "2011-03-31": "5.40750", "2010-12-31": "2.10170", "2010-09-30": "7.45190", "2010-06-30": "6.23870", "2010-03-31": "4.97510", "2009-12-31": "5.37970", "2009-09-30": "6.08210", "2009-06-30": "5.56980", "2009-03-31": "3.80930", "2008-12-31": "3.48640", "2008-09-30": "3.95710", "2008-06-30": "4.42140", "2008-03-31": "1.78070", "2007-12-31": "5.66330", "2007-09-30": "7.57170", "2007-06-30": "5.28400", "2007-03-31": "1.80860", "2006-12-31": "4.26480", "2006-09-30": "4.41390", "2006-06-30": "2.59510", "2006-03-31": "2.78910", "2005-12-31": "2.58450", "2005-09-30": "1.74480", "2005-06-30": "3.52050", "2005-03-31": "3.44470"}, "Net Profit Margin": {"2020-09-30": "6.67500", "2020-06-30": "9.57920", "2020-03-31": "2.49800", "2019-12-31": "3.14210", "2019-09-30": "4.24240", "2019-06-30": "5.78640", "2019-03-31": "3.51400", "2018-12-31": "2.50560", "2018-09-30": "4.53330", "2018-06-30": "1.35350", "2018-03-31": "3.43860", "2017-12-31": "1.39510", "2017-09-30": "3.75700", "2017-06-30": "4.80270", "2017-03-31": "8.10200", "2016-12-31": "-3.11380", "2016-09-30": "3.28610", "2016-06-30": "2.22030", "2016-03-31": "1.84060", "2015-12-31": "0.75590", "2015-09-30": "2.34980", "2015-06-30": "3.13870", "2015-03-31": "3.10850", "2014-12-31": "1.17620", "2014-09-30": "2.36970", "2014-06-30": "2.81460", "2014-03-31": "3.14210", "2013-12-31": "-0.29450", "2013-09-30": "3.56620", "2013-06-30": "4.06940", "2013-03-31": "4.51080", "2012-12-31": "2.00900", "2012-09-30": "4.41410", "2012-06-30": "3.67050", "2012-03-31": "2.42690", "2011-12-31": "2.19740", "2011-09-30": "4.78440", "2011-06-30": "4.95480", "2011-03-31": "3.42730", "2010-12-31": "1.29220", "2010-09-30": "4.70880", "2010-06-30": "3.95930", "2010-03-31": "3.08780", "2009-12-31": "3.38450", "2009-09-30": "3.90730", "2009-06-30": "3.56730", "2009-03-31": "2.66760", "2008-12-31": "2.32490", "2008-09-30": "2.56020", "2008-06-30": "2.85540", "2008-03-31": "1.15190", "2007-12-31": "3.83700", "2007-09-30": "4.78480", "2007-06-30": "3.37410", "2007-03-31": "1.14820", "2006-12-31": "2.74120", "2006-09-30": "2.81780", "2006-06-30": "1.65500", "2006-03-31": "1.77950", "2005-12-31": "1.68650", "2005-09-30": "1.22480", "2005-06-30": "2.29560", "2005-03-31": "3.15110"}, "Asset Turnover": {"2020-09-30": "0.52170", "2020-06-30": "0.49620", "2020-03-31": "0.54670", "2019-12-31": "0.56050", "2019-09-30": "0.55660", "2019-06-30": "0.56190", "2019-03-31": "0.56820", "2018-12-31": "0.55750", "2018-09-30": "0.51680", "2018-06-30": "0.41610", "2018-03-31": "0.42680", "2017-12-31": "0.48530", "2017-09-30": "0.40300", "2017-06-30": "0.41960", "2017-03-31": "0.43400", "2016-12-31": "0.50710", "2016-09-30": "0.46470", "2016-06-30": "0.51430", "2016-03-31": "0.51240", "2015-12-31": "0.54140", "2015-09-30": "0.55000", "2015-06-30": "0.54100", "2015-03-31": "0.53980", "2014-12-31": "0.52400", "2014-09-30": "0.50300", "2014-06-30": "0.52860", "2014-03-31": "0.51900", "2013-12-31": "0.49130", "2013-09-30": "0.49370", "2013-06-30": "0.49510", "2013-03-31": "0.50000", "2012-12-31": "0.47840", "2012-09-30": "0.51340", "2012-06-30": "0.46510", "2012-03-31": "0.49370", "2011-12-31": "0.51140", "2011-09-30": "0.46740", "2011-06-30": "0.52770", "2011-03-31": "0.53560", "2010-12-31": "0.51390", "2010-09-30": "0.50950", "2010-06-30": "0.54740", "2010-03-31": "0.55100", "2009-12-31": "0.52390", "2009-09-30": "0.54340", "2009-06-30": "0.57720", "2009-03-31": "0.56680", "2008-12-31": "0.57410", "2008-09-30": "0.56890", "2008-06-30": "0.56810", "2008-03-31": "0.54530", "2007-12-31": "0.49220", "2007-09-30": "0.52350", "2007-06-30": "0.48200", "2007-03-31": "0.48830", "2006-12-31": "0.56000", "2006-09-30": "0.56740", "2006-06-30": "0.54970", "2006-03-31": "0.54090", "2005-12-31": "0.53320", "2005-09-30": "0.55930", "2005-06-30": "0.56490", "2005-03-31": "0.55080"}, "Inventory Turnover Ratio": {"2020-09-30": "", "2020-06-30": "", "2020-03-31": "", "2019-12-31": "", "2019-09-30": "", "2019-06-30": "", "2019-03-31": "", "2018-12-31": "", "2018-09-30": "", "2018-06-30": "", "2018-03-31": "", "2017-12-31": "", "2017-09-30": "", "2017-06-30": "", "2017-03-31": "", "2016-12-31": "", "2016-09-30": "", "2016-06-30": "", "2016-03-31": "", "2015-12-31": "", "2015-09-30": "", "2015-06-30": "", "2015-03-31": "", "2014-12-31": "", "2014-09-30": "", "2014-06-30": "", "2014-03-31": "", "2013-12-31": "", "2013-09-30": "", "2013-06-30": "", "2013-03-31": "", "2012-12-31": "", "2012-09-30": "", "2012-06-30": "", "2012-03-31": "", "2011-12-31": "", "2011-09-30": "", "2011-06-30": "", "2011-03-31": "", "2010-12-31": "", "2010-09-30": "", "2010-06-30": "", "2010-03-31": "", "2009-12-31": "", "2009-09-30": "", "2009-06-30": "", "2009-03-31": "", "2008-12-31": "", "2008-09-30": "", "2008-06-30": "", "2008-03-31": "", "2007-12-31": "", "2007-09-30": "", "2007-06-30": "", "2007-03-31": "", "2006-12-31": "", "2006-09-30": "", "2006-06-30": "", "2006-03-31": "", "2005-12-31": "", "2005-09-30": "", "2005-06-30": "", "2005-03-31": ""}, "Receiveable Turnover": {"2020-09-30": "17.68720", "2020-06-30": "8.52680", "2020-03-31": "9.42510", "2019-12-31": "15.43090", "2019-09-30": "19.15210", "2019-06-30": "17.97010", "2019-03-31": "8.23890", "2018-12-31": "13.95860", "2018-09-30": "13.37670", "2018-06-30": "9.69340", "2018-03-31": "11.19040", "2017-12-31": "15.44380", "2017-09-30": "14.40560", "2017-06-30": "5.56950", "2017-03-31": "7.48750", "2016-12-31": "10.06090", "2016-09-30": "17.90070", "2016-06-30": "5.48650", "2016-03-31": "7.94470", "2015-12-31": "11.50820", "2015-09-30": "13.55270", "2015-06-30": "6.45000", "2015-03-31": "8.18520", "2014-12-31": "11.70750", "2014-09-30": "12.18920", "2014-06-30": "5.89300", "2014-03-31": "8.02190", "2013-12-31": "10.72320", "2013-09-30": "12.52310", "2013-06-30": "6.47900", "2013-03-31": "7.93790", "2012-12-31": "13.03820", "2012-09-30": "15.03270", "2012-06-30": "10.80070", "2012-03-31": "7.68350", "2011-12-31": "8.75820", "2011-09-30": "8.97510", "2011-06-30": "6.00370", "2011-03-31": "7.53760", "2010-12-31": "8.62940", "2010-09-30": "10.33480", "2010-06-30": "6.48190", "2010-03-31": "7.58680", "2009-12-31": "9.00370", "2009-09-30": "9.93760", "2009-06-30": "6.18590", "2009-03-31": "7.43030", "2008-12-31": "9.48180", "2008-09-30": "10.07280", "2008-06-30": "7.35290", "2008-03-31": "9.16570", "2007-12-31": "10.46800", "2007-09-30": "9.05650", "2007-06-30": "9.21330", "2007-03-31": "7.41210", "2006-12-31": "8.30500", "2006-09-30": "7.58360", "2006-06-30": "6.91050", "2006-03-31": "5.99500", "2005-12-31": "4.95910", "2005-09-30": "5.37370", "2005-06-30": "5.83140", "2005-03-31": "5.75740"}, "Days Sales In Receivables": {"2020-09-30": "5.08840", "2020-06-30": "10.55490", "2020-03-31": "9.54900", "2019-12-31": "5.83250", "2019-09-30": "4.69920", "2019-06-30": "5.00830", "2019-03-31": "10.92380", "2018-12-31": "6.44760", "2018-09-30": "6.72810", "2018-06-30": "9.28470", "2018-03-31": "8.04260", "2017-12-31": "5.82760", "2017-09-30": "6.24760", "2017-06-30": "16.15930", "2017-03-31": "12.02010", "2016-12-31": "8.94550", "2016-09-30": "5.02780", "2016-06-30": "16.40390", "2016-03-31": "11.32830", "2015-12-31": "7.82050", "2015-09-30": "6.64070", "2015-06-30": "13.95350", "2015-03-31": "10.99550", "2014-12-31": "7.68740", "2014-09-30": "7.38360", "2014-06-30": "15.27250", "2014-03-31": "11.21930", "2013-12-31": "8.39310", "2013-09-30": "7.18670", "2013-06-30": "13.89110", "2013-03-31": "11.33800", "2012-12-31": "6.90280", "2012-09-30": "5.98690", "2012-06-30": "8.33280", "2012-03-31": "11.71350", "2011-12-31": "10.27610", "2011-09-30": "10.02780", "2011-06-30": "14.99090", "2011-03-31": "11.94010", "2010-12-31": "10.42950", "2010-09-30": "8.70840", "2010-06-30": "13.88470", "2010-03-31": "11.86280", "2009-12-31": "9.99590", "2009-09-30": "9.05650", "2009-06-30": "14.54920", "2009-03-31": "12.11260", "2008-12-31": "9.49180", "2008-09-30": "8.93500", "2008-06-30": "12.24000", "2008-03-31": "9.81930", "2007-12-31": "8.59760", "2007-09-30": "9.93770", "2007-06-30": "9.76840", "2007-03-31": "12.14230", "2006-12-31": "10.83680", "2006-09-30": "11.86780", "2006-06-30": "13.02360", "2006-03-31": "15.01250", "2005-12-31": "18.14830", "2005-09-30": "16.74820", "2005-06-30": "15.43380", "2005-03-31": "15.63220"}, "ROE - Return On Equity": {"2020-09-30": "8.49820", "2020-06-30": "12.68040", "2020-03-31": "3.82840", "2019-12-31": "4.25360", "2019-09-30": "5.93910", "2019-06-30": "7.91780", "2019-03-31": "5.22090", "2018-12-31": "3.49380", "2018-09-30": "6.07950", "2018-06-30": "1.89010", "2018-03-31": "4.87050", "2017-12-31": "1.86950", "2017-09-30": "4.45100", "2017-06-30": "5.93440", "2017-03-31": "10.89510", "2016-12-31": "-3.75290", "2016-09-30": "3.98760", "2016-06-30": "2.86000", "2016-03-31": "2.41330", "2015-12-31": "0.97620", "2015-09-30": "3.03290", "2015-06-30": "4.27450", "2015-03-31": "4.28120", "2014-12-31": "1.50320", "2014-09-30": "2.86420", "2014-06-30": "3.44000", "2014-03-31": "3.78410", "2013-12-31": "-0.32200", "2013-09-30": "3.83090", "2013-06-30": "4.49920", "2013-03-31": "5.16150", "2012-12-31": "2.17020", "2012-09-30": "4.90160", "2012-06-30": "4.21050", "2012-03-31": "3.01190", "2011-12-31": "2.46810", "2011-09-30": "5.66300", "2011-06-30": "6.06320", "2011-03-31": "4.35870", "2010-12-31": "1.54440", "2010-09-30": "5.66690", "2010-06-30": "5.24900", "2010-03-31": "4.25240", "2009-12-31": "4.34530", "2009-09-30": "5.43450", "2009-06-30": "5.57070", "2009-03-31": "4.40480", "2008-12-31": "3.90560", "2008-09-30": "4.28540", "2008-06-30": "4.99310", "2008-03-31": "1.97830", "2007-12-31": "6.03680", "2007-09-30": "8.08740", "2007-06-30": "6.42410", "2007-03-31": "2.25480", "2006-12-31": "5.07620", "2006-09-30": "5.50390", "2006-06-30": "3.36580", "2006-03-31": "3.26020", "2005-12-31": "2.46230", "2005-09-30": "1.97830", "2005-06-30": "3.51490", "2005-03-31": "4.85200"}, "Return On Tangible Equity": {"2020-09-30": "11.83220", "2020-06-30": "18.32950", "2020-03-31": "5.97830", "2019-12-31": "6.31400", "2019-09-30": "8.97250", "2019-06-30": "11.82390", "2019-03-31": "8.15090", "2018-12-31": "5.66730", "2018-09-30": "9.61480", "2018-06-30": "3.05570", "2018-03-31": "7.76780", "2017-12-31": "2.80450", "2017-09-30": "6.29260", "2017-06-30": "8.47130", "2017-03-31": "16.03160", "2016-12-31": "-5.40940", "2016-09-30": "5.61590", "2016-06-30": "4.08780", "2016-03-31": "3.49860", "2015-12-31": "1.42640", "2015-09-30": "4.43060", "2015-06-30": "6.32240", "2015-03-31": "6.31150", "2014-12-31": "2.26030", "2014-09-30": "4.51010", "2014-06-30": "5.45690", "2014-03-31": "6.10690", "2013-12-31": "-0.53730", "2013-09-30": "6.24790", "2013-06-30": "7.37230", "2013-03-31": "8.56420", "2012-12-31": "3.68730", "2012-09-30": "7.43590", "2012-06-30": "6.28640", "2012-03-31": "4.55130", "2011-12-31": "3.73850", "2011-09-30": "8.43110", "2011-06-30": "9.18310", "2011-03-31": "6.77310", "2010-12-31": "2.45490", "2010-09-30": "7.95720", "2010-06-30": "7.58380", "2010-03-31": "6.32330", "2009-12-31": "6.63440", "2009-09-30": "8.48090", "2009-06-30": "9.19240", "2009-03-31": "7.67860", "2008-12-31": "6.97970", "2008-09-30": "7.47810", "2008-06-30": "8.79600", "2008-03-31": "3.38430", "2007-12-31": "10.28410", "2007-09-30": "12.55570", "2007-06-30": "10.60420", "2007-03-31": "3.89700", "2006-12-31": "8.89260", "2006-09-30": "10.04260", "2006-06-30": "6.62320", "2006-03-31": "6.42680", "2005-12-31": "4.96470", "2005-09-30": "4.08610", "2005-06-30": "7.43810", "2005-03-31": "11.17140"}, "ROA - Return On Assets": {"2020-09-30": "3.48260", "2020-06-30": "4.75360", "2020-03-31": "1.36570", "2019-12-31": "1.76100", "2019-09-30": "2.36120", "2019-06-30": "3.25110", "2019-03-31": "1.99650", "2018-12-31": "1.39690", "2018-09-30": "2.34270", "2018-06-30": "0.56320", "2018-03-31": "1.46770", "2017-12-31": "0.67700", "2017-09-30": "1.51410", "2017-06-30": "2.01530", "2017-03-31": "3.51600", "2016-12-31": "-1.57900", "2016-09-30": "1.52720", "2016-06-30": "1.14190", "2016-03-31": "0.94300", "2015-12-31": "0.40930", "2015-09-30": "1.29240", "2015-06-30": "1.69790", "2015-03-31": "1.67810", "2014-12-31": "0.61630", "2014-09-30": "1.19190", "2014-06-30": "1.48780", "2014-03-31": "1.63080", "2013-12-31": "-0.14470", "2013-09-30": "1.76050", "2013-06-30": "2.01460", "2013-03-31": "2.25520", "2012-12-31": "0.96100", "2012-09-30": "2.26630", "2012-06-30": "1.70700", "2012-03-31": "1.19810", "2011-12-31": "1.12380", "2011-09-30": "2.23620", "2011-06-30": "2.61440", "2011-03-31": "1.83570", "2010-12-31": "0.66410", "2010-09-30": "2.39910", "2010-06-30": "2.16740", "2010-03-31": "1.70140", "2009-12-31": "1.77330", "2009-09-30": "2.12310", "2009-06-30": "2.05910", "2009-03-31": "1.51190", "2008-12-31": "1.33480", "2008-09-30": "1.45660", "2008-06-30": "1.62210", "2008-03-31": "0.62820", "2007-12-31": "1.88850", "2007-09-30": "2.50470", "2007-06-30": "1.62610", "2007-03-31": "0.56070", "2006-12-31": "1.53510", "2006-09-30": "1.59880", "2006-06-30": "0.90980", "2006-03-31": "0.96250", "2005-12-31": "0.89930", "2005-09-30": "0.68510", "2005-06-30": "1.29680", "2005-03-31": "1.73560"}, "ROI - Return On Investment": {"2020-09-30": "6.13920", "2020-06-30": "8.92840", "2020-03-31": "2.56900", "2019-12-31": "3.01110", "2019-09-30": "4.06110", "2019-06-30": "5.78500", "2019-03-31": "3.71950", "2018-12-31": "2.44220", "2018-09-30": "4.19080", "2018-06-30": "1.28800", "2018-03-31": "3.30570", "2017-12-31": "1.25920", "2017-09-30": "3.28550", "2017-06-30": "4.26730", "2017-03-31": "7.42640", "2016-12-31": "-2.76990", "2016-09-30": "2.98470", "2016-06-30": "2.12040", "2016-03-31": "1.77400", "2015-12-31": "0.71430", "2015-09-30": "2.21520", "2015-06-30": "3.09940", "2015-03-31": "3.10070", "2014-12-31": "1.07640", "2014-09-30": "2.07870", "2014-06-30": "2.73120", "2014-03-31": "2.98630", "2013-12-31": "-0.25180", "2013-09-30": "3.01420", "2013-06-30": "3.51730", "2013-03-31": "4.01800", "2012-12-31": "1.67570", "2012-09-30": "4.13310", "2012-06-30": "3.53420", "2012-03-31": "2.51650", "2011-12-31": "2.04690", "2011-09-30": "4.67460", "2011-06-30": "4.97260", "2011-03-31": "3.54190", "2010-12-31": "1.24440", "2010-09-30": "4.56690", "2010-06-30": "4.17150", "2010-03-31": "3.33420", "2009-12-31": "3.36700", "2009-09-30": "4.17120", "2009-06-30": "4.18010", "2009-03-31": "3.11450", "2008-12-31": "2.72250", "2008-09-30": "3.08160", "2008-06-30": "3.59480", "2008-03-31": "1.41800", "2007-12-31": "4.25450", "2007-09-30": "6.00940", "2007-06-30": "4.75010", "2007-03-31": "1.58710", "2006-12-31": "3.58600", "2006-09-30": "4.12150", "2006-06-30": "2.59900", "2006-03-31": "2.64170", "2005-12-31": "2.04380", "2005-09-30": "1.74450", "2005-06-30": "2.54840", "2005-03-31": "3.45970"}, "Book Value Per Share": {"2020-09-30": "119.14670", "2020-06-30": "108.97020", "2020-03-31": "93.45260", "2019-12-31": "91.11690", "2019-09-30": "87.60370", "2019-06-30": "87.88280", "2019-03-31": "80.28290", "2018-12-31": "74.95190", "2018-09-30": "77.21580", "2018-06-30": "74.12010", "2018-03-31": "73.21940", "2017-12-31": "71.48510", "2017-09-30": "78.47540", "2017-06-30": "75.79040", "2017-03-31": "70.91430", "2016-12-31": "71.56490", "2016-09-30": "75.68700", "2016-06-30": "72.94710", "2016-03-31": "70.62010", "2015-12-31": "69.76960", "2015-09-30": "69.84700", "2015-06-30": "68.06220", "2015-03-31": "67.05790", "2014-12-31": "64.47690", "2014-09-30": "66.03190", "2014-06-30": "64.82770", "2014-03-31": "62.82950", "2013-12-31": "60.48170", "2013-09-30": "61.61130", "2013-06-30": "59.66270", "2013-03-31": "58.18340", "2012-12-31": "55.87630", "2012-09-30": "54.92850", "2012-06-30": "52.28430", "2012-03-31": "50.45990", "2011-12-31": "49.16340", "2011-09-30": "48.05980", "2011-06-30": "45.47600", "2011-03-31": "42.91710", "2010-12-31": "41.10420", "2010-09-30": "41.22540", "2010-06-30": "38.28370", "2010-03-31": "35.75410", "2009-12-31": "33.94060", "2009-09-30": "32.66880", "2009-06-30": "29.81470", "2009-03-31": "27.53410", "2008-12-31": "26.40120", "2008-09-30": "25.31270", "2008-06-30": "24.89000", "2008-03-31": "23.94910", "2007-12-31": "23.69710", "2007-09-30": "22.06710", "2007-06-30": "20.02510", "2007-03-31": "18.80260", "2006-12-31": "18.32690", "2006-09-30": "17.37220", "2006-06-30": "16.10770", "2006-03-31": "15.59550", "2005-12-31": "15.37140", "2005-09-30": "14.53580", "2005-06-30": "14.27700", "2005-03-31": "13.60150"}, "Operating Cash Flow Per Share": {"2020-09-30": 13.5919, "2020-06-30": 23.0505, "2020-03-31": "3.56900", "2019-12-31": 3.6148, "2019-09-30": 18.4197, "2019-06-30": 10.5955, "2019-03-31": "6.59010", "2018-12-31": -2.3701, "2018-09-30": -7.6265, "2018-06-30": -0.8534, "2018-03-31": "26.55050", "2017-12-31": -20.0692, "2017-09-30": 19.749, "2017-06-30": -0.0998, "2017-03-31": "28.24570", "2016-12-31": -18.3771, "2016-09-30": 29.8393, "2016-06-30": -1.9608, "2016-03-31": "3.32680", "2015-12-31": 2.2139, "2015-09-30": 6.8436, "2015-06-30": -4.0169, "2015-03-31": "0.70230", "2014-12-31": 1.259, "2014-09-30": 6.1221, "2014-06-30": -1.2844, "2014-03-31": "4.28350", "2013-12-31": -0.1173, "2013-09-30": 7.2323, "2013-06-30": 1.0987, "2013-03-31": "2.56850", "2012-12-31": 1.1869, "2012-09-30": -7.9598, "2012-06-30": 4.4125, "2012-03-31": "14.12500", "2011-12-31": -10.8803, "2011-09-30": 17.6241, "2011-06-30": 0.9488, "2011-03-31": "4.69520", "2010-12-31": -0.295, "2010-09-30": 7.1547, "2010-06-30": 1.9072, "2010-03-31": "4.43700", "2009-12-31": 1.6307, "2009-09-30": 5.5505, "2009-06-30": 0.9596, "2009-03-31": "0.26990", "2008-12-31": 1.7383, "2008-09-30": 3.426, "2008-06-30": 0.6158, "2008-03-31": "0.02600", "2007-12-31": -1.1065, "2007-09-30": -3.7822, "2007-06-30": 2.779, "2007-03-31": "9.31890", "2006-12-31": 3.1995, "2006-09-30": -2.3682, "2006-06-30": 3.1849, "2006-03-31": "6.02400", "2005-12-31": -1.4986, "2005-09-30": 3.5193, "2005-06-30": 1.0833, "2005-03-31": "0.58100"}, "Free Cash Flow Per Share": {"2020-09-30": 11.7192, "2020-06-30": 21.3538, "2020-03-31": "2.12330", "2019-12-31": 1.9273, "2019-09-30": 16.8276, "2019-06-30": 9.4346, "2019-03-31": "5.56770", "2018-12-31": -3.648, "2018-09-30": -8.8076, "2018-06-30": -1.851, "2018-03-31": "25.58530", "2017-12-31": -21.0818, "2017-09-30": 18.7622, "2017-06-30": -0.8803, "2017-03-31": "27.42630", "2016-12-31": -19.2514, "2016-09-30": 28.9193, "2016-06-30": -2.83, "2016-03-31": "2.49840", "2015-12-31": 1.3122, "2015-09-30": 6.0052, "2015-06-30": -4.9232, "2015-03-31": "-0.10500", "2014-12-31": 0.1823, "2014-09-30": 5.1868, "2014-06-30": -1.9831, "2014-03-31": "3.60680", "2013-12-31": -0.9122, "2013-09-30": 6.4536, "2013-06-30": 0.4876, "2013-03-31": "2.00740", "2012-12-31": 0.5504, "2012-09-30": -8.708, "2012-06-30": 3.8067, "2012-03-31": "13.60720", "2011-12-31": -11.5857, "2011-09-30": 17.0882, "2011-06-30": 0.6068, "2011-03-31": "4.27640", "2010-12-31": -0.7035, "2010-09-30": 6.7929, "2010-06-30": 1.5995, "2010-03-31": "4.20760", "2009-12-31": 1.264, "2009-09-30": 5.3186, "2009-06-30": 0.7014, "2009-03-31": "0.03840", "2008-12-31": 1.2573, "2008-09-30": 3.0239, "2008-06-30": 0.2288, "2008-03-31": "-0.25000", "2007-12-31": -1.5352, "2007-09-30": -3.9538, "2007-06-30": 2.5212, "2007-03-31": "8.92430", "2006-12-31": 2.8621, "2006-09-30": -2.6469, "2006-06-30": 2.9662, "2006-03-31": "5.76630", "2005-12-31": -1.8128, "2005-09-30": 3.2657, "2005-06-30": 0.8965, "2005-03-31": "0.36100"}}, "revenue": {"Humana Annual Revenue (Millions of US $)": {"2020": "$77,155", "2019": "$64,888", "2018": "$56,912", "2017": "$53,767", "2016": "$54,379", "2015": "$54,289", "2014": "$48,500", "2013": "$41,313", "2012": "$39,126", "2011": "$36,832", "2010": "$33,596", "2009": "$30,743", "2008": "$28,946", "2007": "$25,290", "2006": "$21,417", "2005": "$14,418"}, "Humana Quarterly Revenue (Millions of US $)": {"2020-12-31": "$19,062", "2020-09-30": "$20,075", "2020-06-30": "$19,083", "2020-03-31": "$18,935", "2019-12-31": "$16,295", "2019-09-30": "$16,241", "2019-06-30": "$16,245", "2019-03-31": "$16,107", "2018-12-31": "$14,168", "2018-09-30": "$14,206", "2018-06-30": "$14,259", "2018-03-31": "$14,279", "2017-12-31": "$13,189", "2017-09-30": "$13,282", "2017-06-30": "$13,534", "2017-03-31": "$13,762", "2016-12-31": "$12,878", "2016-09-30": "$13,694", "2016-06-30": "$14,007", "2016-03-31": "$13,800", "2015-12-31": "$13,361", "2015-09-30": "$13,363", "2015-06-30": "$13,732", "2015-03-31": "$13,833", "2014-12-31": "$12,328", "2014-09-30": "$12,238", "2014-06-30": "$12,222", "2014-03-31": "$11,712", "2013-12-31": "$10,187", "2013-09-30": "$10,319", "2013-06-30": "$10,321", "2013-03-31": "$10,486", "2012-12-31": "$9,557", "2012-09-30": "$9,651", "2012-06-30": "$9,699", "2012-03-31": "$10,219", "2011-12-31": "$9,056", "2011-09-30": "$9,301", "2011-06-30": "$9,284", "2011-03-31": "$9,191", "2010-12-31": "$8,276", "2010-09-30": "$8,351", "2010-06-30": "$8,589", "2010-03-31": "$8,380", "2009-12-31": "$7,416", "2009-09-30": "$7,717", "2009-06-30": "$7,899", "2009-03-31": "$7,712", "2008-12-31": "$7,488", "2008-09-30": "$7,148", "2008-06-30": "$7,351", "2008-03-31": "$6,960", "2007-12-31": "$6,339", "2007-09-30": "$6,320", "2007-06-30": "$6,427", "2007-03-31": "$6,205", "2006-12-31": "$5,655", "2006-09-30": "$5,650", "2006-06-30": "$5,407", "2006-03-31": "$4,704", "2005-12-31": "$3,663", "2005-09-30": "$3,821", "2005-06-30": "$3,546", "2005-03-31": "$3,387"}}, "gross-profit": {"Humana Annual Gross Profit (Millions of US $)": {"2020": "$15,527", "2019": "$11,031", "2018": "$11,030", "2017": "$10,271", "2016": "$9,372", "2015": "$10,020", "2014": "$10,334", "2013": "$8,749", "2012": "$8,141", "2011": "$8,009", "2010": "$6,479", "2009": "$5,959", "2008": "$5,238", "2007": "$5,019", "2006": "$3,995", "2005": "$2,767"}, "Humana Quarterly Gross Profit (Millions of US $)": {"2020-12-31": "$19,062", "2020-09-30": "$4,464", "2020-06-30": "$4,908", "2020-03-31": "$3,306", "2019-12-31": "$2,606", "2019-09-30": "$2,884", "2019-06-30": "$2,927", "2019-03-31": "$2,614", "2018-12-31": "$2,735", "2018-09-30": "$2,963", "2018-06-30": "$2,723", "2018-03-31": "$2,609", "2017-12-31": "$2,550", "2017-09-30": "$2,640", "2017-06-30": "$2,645", "2017-03-31": "$2,436", "2016-12-31": "$1,677", "2016-09-30": "$2,794", "2016-06-30": "$2,498", "2016-03-31": "$2,403", "2015-12-31": "$2,245", "2015-09-30": "$2,467", "2015-06-30": "$2,480", "2015-03-31": "$2,828", "2014-12-31": "$2,579", "2014-09-30": "$2,572", "2014-06-30": "$2,595", "2014-03-31": "$2,588", "2013-12-31": "$1,984", "2013-09-30": "$2,244", "2013-06-30": "$2,230", "2013-03-31": "$2,291", "2012-12-31": "$2,041", "2012-09-30": "$2,184", "2012-06-30": "$2,047", "2012-03-31": "$1,869", "2011-12-31": "$1,994", "2011-09-30": "$2,154", "2011-06-30": "$2,015", "2011-03-31": "$1,846", "2010-12-31": "$1,486", "2010-09-30": "$1,710", "2010-06-30": "$1,720", "2010-03-31": "$1,563", "2009-12-31": "$1,380", "2009-09-30": "$1,605", "2009-06-30": "$1,531", "2009-03-31": "$1,442", "2008-12-31": "$1,447", "2008-09-30": "$1,338", "2008-06-30": "$1,312", "2008-03-31": "$1,142", "2007-12-31": "$1,427", "2007-09-30": "$1,366", "2007-06-30": "$1,236", "2007-03-31": "$991", "2006-12-31": "$1,113", "2006-09-30": "$1,034", "2006-06-30": "$928", "2006-03-31": "$920", "2005-12-31": "$748", "2005-09-30": "$727", "2005-06-30": "$658", "2005-03-31": "$633"}}, "operating-income": {"Humana Annual Operating Income (Millions of US $)": {"2020": "$4,986", "2019": "$3,192", "2018": "$3,100", "2017": "$4,262", "2016": "$1,741", "2015": "$2,347", "2014": "$2,362", "2013": "$2,061", "2012": "$2,016", "2011": "$2,344", "2010": "$1,854", "2009": "$1,708", "2008": "$1,073", "2007": "$1,358", "2006": "$825", "2005": "$442"}, "Humana Quarterly Operating Income (Millions of US $)": {"2020-12-31": "$-346", "2020-09-30": "$1,823", "2020-06-30": "$2,435", "2020-03-31": "$1,074", "2019-12-31": "$362", "2019-09-30": "$868", "2019-06-30": "$1,115", "2019-03-31": "$847", "2018-12-31": "$517", "2018-09-30": "$961", "2018-06-30": "$862", "2018-03-31": "$760", "2017-12-31": "$566", "2017-09-30": "$858", "2017-06-30": "$1,100", "2017-03-31": "$1,738", "2016-12-31": "$-438", "2016-09-30": "$949", "2016-06-30": "$683", "2016-03-31": "$547", "2015-12-31": "$289", "2015-09-30": "$695", "2015-06-30": "$573", "2015-03-31": "$790", "2014-12-31": "$371", "2014-09-30": "$589", "2014-06-30": "$681", "2014-03-31": "$721", "2013-12-31": "$-14", "2013-09-30": "$621", "2013-06-30": "$689", "2013-03-31": "$765", "2012-12-31": "$309", "2012-09-30": "$701", "2012-06-30": "$590", "2012-03-31": "$416", "2011-12-31": "$340", "2011-09-30": "$726", "2011-06-30": "$754", "2011-03-31": "$524", "2010-12-31": "$200", "2010-09-30": "$648", "2010-06-30": "$562", "2010-03-31": "$443", "2009-12-31": "$425", "2009-09-30": "$496", "2009-06-30": "$467", "2009-03-31": "$321", "2008-12-31": "$288", "2008-09-30": "$302", "2008-06-30": "$343", "2008-03-31": "$140", "2007-12-31": "$378", "2007-09-30": "$494", "2007-06-30": "$356", "2007-03-31": "$130", "2006-12-31": "$257", "2006-09-30": "$266", "2006-06-30": "$157", "2006-03-31": "$145", "2005-12-31": "$105", "2005-09-30": "$77", "2005-06-30": "$135", "2005-03-31": "$125"}}, "ebitda": {"Humana Annual EBITDA (Millions of US $)": {"2019": "$3,767", "2018": "$3,634", "2017": "$4,747", "2016": "$2,206", "2015": "$2,794", "2014": "$2,811", "2013": "$2,487", "2012": "$2,354", "2011": "$2,647", "2010": "$2,117", "2009": "$1,958", "2008": "$1,293", "2007": "$1,543", "2006": "$974", "2005": "$571"}, "Humana Quarterly EBITDA (Millions of US $)": {"2020-09-30": "$1,984", "2020-06-30": "$2,585", "2020-03-31": "$1,219", "2019-12-31": "$502", "2019-09-30": "$1,027", "2019-06-30": "$1,255", "2019-03-31": "$983", "2018-12-31": "$651", "2018-09-30": "$1,092", "2018-06-30": "$992", "2018-03-31": "$899", "2017-12-31": "$694", "2017-09-30": "$978", "2017-06-30": "$1,219", "2017-03-31": "$1,856", "2016-12-31": "$-321", "2016-09-30": "$1,066", "2016-06-30": "$799", "2016-03-31": "$662", "2015-12-31": "$401", "2015-09-30": "$802", "2015-06-30": "$687", "2015-03-31": "$904", "2014-12-31": "$495", "2014-09-30": "$701", "2014-06-30": "$787", "2014-03-31": "$828", "2013-12-31": "$100", "2013-09-30": "$727", "2013-06-30": "$793", "2013-03-31": "$867", "2012-12-31": "$409", "2012-09-30": "$779", "2012-06-30": "$672", "2012-03-31": "$494", "2011-12-31": "$418", "2011-09-30": "$800", "2011-06-30": "$829", "2011-03-31": "$600", "2010-12-31": "$267", "2010-09-30": "$713", "2010-06-30": "$631", "2010-03-31": "$506", "2009-12-31": "$495", "2009-09-30": "$558", "2009-06-30": "$527", "2009-03-31": "$379", "2008-12-31": "$348", "2008-09-30": "$358", "2008-06-30": "$396", "2008-03-31": "$191", "2007-12-31": "$426", "2007-09-30": "$537", "2007-06-30": "$410", "2007-03-31": "$170", "2006-12-31": "$296", "2006-09-30": "$304", "2006-06-30": "$194", "2006-03-31": "$180", "2005-12-31": "$139", "2005-09-30": "$111", "2005-06-30": "$167", "2005-03-31": "$154"}}, "net-income": {"Humana Annual Net Income (Millions of US $)": {"2020": "$3,367", "2019": "$2,707", "2018": "$1,683", "2017": "$2,448", "2016": "$614", "2015": "$1,276", "2014": "$1,147", "2013": "$1,231", "2012": "$1,222", "2011": "$1,419", "2010": "$1,099", "2009": "$1,040", "2008": "$647", "2007": "$834", "2006": "$487", "2005": "$297"}, "Humana Quarterly Net Income (Millions of US $)": {"2020-12-31": "$-274", "2020-09-30": "$1,340", "2020-06-30": "$1,828", "2020-03-31": "$473", "2019-12-31": "$512", "2019-09-30": "$689", "2019-06-30": "$940", "2019-03-31": "$566", "2018-12-31": "$355", "2018-09-30": "$644", "2018-06-30": "$193", "2018-03-31": "$491", "2017-12-31": "$184", "2017-09-30": "$499", "2017-06-30": "$650", "2017-03-31": "$1,115", "2016-12-31": "$-401", "2016-09-30": "$450", "2016-06-30": "$311", "2016-03-31": "$254", "2015-12-31": "$101", "2015-09-30": "$314", "2015-06-30": "$431", "2015-03-31": "$430", "2014-12-31": "$145", "2014-09-30": "$290", "2014-06-30": "$344", "2014-03-31": "$368", "2013-12-31": "$-30", "2013-09-30": "$368", "2013-06-30": "$420", "2013-03-31": "$473", "2012-12-31": "$192", "2012-09-30": "$426", "2012-06-30": "$356", "2012-03-31": "$248", "2011-12-31": "$199", "2011-09-30": "$445", "2011-06-30": "$460", "2011-03-31": "$315", "2010-12-31": "$107", "2010-09-30": "$393", "2010-06-30": "$340", "2010-03-31": "$259", "2009-12-31": "$251", "2009-09-30": "$302", "2009-06-30": "$282", "2009-03-31": "$206", "2008-12-31": "$174", "2008-09-30": "$183", "2008-06-30": "$210", "2008-03-31": "$80", "2007-12-31": "$243", "2007-09-30": "$302", "2007-06-30": "$217", "2007-03-31": "$71", "2006-12-31": "$155", "2006-09-30": "$159", "2006-06-30": "$89", "2006-03-31": "$84", "2005-12-31": "$62", "2005-09-30": "$47", "2005-06-30": "$81", "2005-03-31": "$107"}}, "eps-earnings-per-share-diluted": {"Humana Annual EPS": {"2020": "$25.31", "2019": "$20.10", "2018": "$12.16", "2017": "$16.81", "2016": "$4.07", "2015": "$8.44", "2014": "$7.36", "2013": "$7.73", "2012": "$7.47", "2011": "$8.46", "2010": "$6.47", "2009": "$6.15", "2008": "$3.83", "2007": "$4.91", "2006": "$2.90", "2005": "$1.79"}, "Humana Quarterly EPS": {"2020-12-31": "$-2.07", "2020-09-30": "$10.05", "2020-06-30": "$13.75", "2020-03-31": "$3.56", "2019-12-31": "$3.86", "2019-09-30": "$5.14", "2019-06-30": "$6.94", "2019-03-31": "$4.16", "2018-12-31": "$2.59", "2018-09-30": "$4.65", "2018-06-30": "$1.39", "2018-03-31": "$3.53", "2017-12-31": "$1.42", "2017-09-30": "$3.44", "2017-06-30": "$4.46", "2017-03-31": "$7.49", "2016-12-31": "$-2.65", "2016-09-30": "$2.98", "2016-06-30": "$2.06", "2016-03-31": "$1.68", "2015-12-31": "$0.68", "2015-09-30": "$2.09", "2015-06-30": "$2.85", "2015-03-31": "$2.82", "2014-12-31": "$0.97", "2014-09-30": "$1.85", "2014-06-30": "$2.19", "2014-03-31": "$2.35", "2013-12-31": "$-0.16", "2013-09-30": "$2.31", "2013-06-30": "$2.63", "2013-03-31": "$2.95", "2012-12-31": "$1.20", "2012-09-30": "$2.62", "2012-06-30": "$2.16", "2012-03-31": "$1.49", "2011-12-31": "$1.22", "2011-09-30": "$2.67", "2011-06-30": "$2.71", "2011-03-31": "$1.86", "2010-12-31": "$0.63", "2010-09-30": "$2.32", "2010-06-30": "$2.00", "2010-03-31": "$1.52", "2009-12-31": "$1.48", "2009-09-30": "$1.78", "2009-06-30": "$1.67", "2009-03-31": "$1.22", "2008-12-31": "$1.03", "2008-09-30": "$1.09", "2008-06-30": "$1.24", "2008-03-31": "$0.47", "2007-12-31": "$1.43", "2007-09-30": "$1.78", "2007-06-30": "$1.28", "2007-03-31": "$0.42", "2006-12-31": "$0.92", "2006-09-30": "$0.95", "2006-06-30": "$0.53", "2006-03-31": "$0.50", "2005-12-31": "$0.37", "2005-09-30": "$0.28", "2005-06-30": "$0.49", "2005-03-31": "$0.65"}}, "shares-outstanding": {"Humana Annual Shares Outstanding (Millions of Shares)": {"2020": "133", "2019": "135", "2018": "138", "2017": "146", "2016": "151", "2015": "151", "2014": "156", "2013": "159", "2012": "163", "2011": "168", "2010": "170", "2009": "169", "2008": "169", "2007": "170", "2006": "168", "2005": "166"}, "Humana Quarterly Shares Outstanding (Millions of Shares)": {"2020-12-31": "132", "2020-09-30": "133", "2020-06-30": "133", "2020-03-31": "133", "2019-12-31": "135", "2019-09-30": "134", "2019-06-30": "136", "2019-03-31": "136", "2018-12-31": "138", "2018-09-30": "139", "2018-06-30": "139", "2018-03-31": "139", "2017-12-31": "146", "2017-09-30": "145", "2017-06-30": "146", "2017-03-31": "149", "2016-12-31": "151", "2016-09-30": "151", "2016-06-30": "151", "2016-03-31": "151", "2015-12-31": "151", "2015-09-30": "150", "2015-06-30": "151", "2015-03-31": "152", "2014-12-31": "156", "2014-09-30": "156", "2014-06-30": "157", "2014-03-31": "157", "2013-12-31": "159", "2013-09-30": "159", "2013-06-30": "160", "2013-03-31": "160", "2012-12-31": "163", "2012-09-30": "162", "2012-06-30": "165", "2012-03-31": "166", "2011-12-31": "168", "2011-09-30": "167", "2011-06-30": "170", "2011-03-31": "170", "2010-12-31": "170", "2010-09-30": "170", "2010-06-30": "170", "2010-03-31": "170", "2009-12-31": "169", "2009-09-30": "169", "2009-06-30": "169", "2009-03-31": "169", "2008-12-31": "169", "2008-09-30": "169", "2008-06-30": "169", "2008-03-31": "171", "2007-12-31": "170", "2007-09-30": "170", "2007-06-30": "170", "2007-03-31": "169", "2006-12-31": "168", "2006-09-30": "168", "2006-06-30": "168", "2006-03-31": "167", "2005-12-31": "166", "2005-09-30": "166", "2005-06-30": "165", "2005-03-31": "164"}}, "total-assets": {"Humana Annual Total Assets (Millions of US $)": {"2019": "$29,074", "2018": "$25,413", "2017": "$27,178", "2016": "$25,396", "2015": "$24,678", "2014": "$23,527", "2013": "$20,735", "2012": "$19,979", "2011": "$17,708", "2010": "$16,103", "2009": "$14,153", "2008": "$13,042", "2007": "$12,879", "2006": "$10,098", "2005": "$6,870"}, "Humana Quarterly Total Assets (Millions of US $)": {"2020-09-30": "$38,477", "2020-06-30": "$38,455", "2020-03-31": "$34,633", "2019-12-31": "$29,074", "2019-09-30": "$29,180", "2019-06-30": "$28,913", "2019-03-31": "$28,349", "2018-12-31": "$25,413", "2018-09-30": "$27,490", "2018-06-30": "$34,270", "2018-03-31": "$33,453", "2017-12-31": "$27,178", "2017-09-30": "$32,956", "2017-06-30": "$32,253", "2017-03-31": "$31,712", "2016-12-31": "$25,396", "2016-09-30": "$29,466", "2016-06-30": "$27,236", "2016-03-31": "$26,934", "2015-12-31": "$24,678", "2015-09-30": "$24,296", "2015-06-30": "$25,384", "2015-03-31": "$25,624", "2014-12-31": "$23,527", "2014-09-30": "$24,331", "2014-06-30": "$23,121", "2014-03-31": "$22,566", "2013-12-31": "$20,735", "2013-09-30": "$20,903", "2013-06-30": "$20,848", "2013-03-31": "$20,974", "2012-12-31": "$19,979", "2012-09-30": "$18,797", "2012-06-30": "$20,855", "2012-03-31": "$20,700", "2011-12-31": "$17,708", "2011-09-30": "$19,900", "2011-06-30": "$17,595", "2011-03-31": "$17,160", "2010-12-31": "$16,103", "2010-09-30": "$16,390", "2010-06-30": "$15,691", "2010-03-31": "$15,209", "2009-12-31": "$14,153", "2009-09-30": "$14,202", "2009-06-30": "$13,684", "2009-03-31": "$13,607", "2008-12-31": "$13,042", "2008-09-30": "$12,564", "2008-06-30": "$12,940", "2008-03-31": "$12,762", "2007-12-31": "$12,879", "2007-09-30": "$12,073", "2007-06-30": "$13,335", "2007-03-31": "$12,706", "2006-12-31": "$10,098", "2006-09-30": "$9,957", "2006-06-30": "$9,837", "2006-03-31": "$8,698", "2005-12-31": "$6,870", "2005-09-30": "$6,832", "2005-06-30": "$6,278", "2005-03-31": "$6,150"}}, "cash-on-hand": {"Humana Annual Cash on Hand (Millions of US $)": {"2019": "$15,026", "2018": "$12,369", "2017": "$13,599", "2016": "$11,472", "2015": "$9,838", "2014": "$9,533", "2013": "$9,228", "2012": "$9,307", "2011": "$9,120", "2010": "$8,546", "2009": "$7,923", "2008": "$6,576", "2007": "$7,013", "2006": "$5,561", "2005": "$3,135"}, "Humana Quarterly Cash on Hand (Millions of US $)": {"2020-09-30": "$20,726", "2020-06-30": "$19,999", "2020-03-31": "$17,158", "2019-12-31": "$15,026", "2019-09-30": "$15,957", "2019-06-30": "$14,769", "2019-03-31": "$13,753", "2018-12-31": "$12,369", "2018-09-30": "$13,837", "2018-06-30": "$17,516", "2018-03-31": "$18,597", "2017-12-31": "$13,599", "2017-09-30": "$18,487", "2017-06-30": "$16,254", "2017-03-31": "$16,630", "2016-12-31": "$11,472", "2016-09-30": "$14,098", "2016-06-30": "$9,846", "2016-03-31": "$10,539", "2015-12-31": "$9,838", "2015-09-30": "$9,020", "2015-06-30": "$9,291", "2015-03-31": "$9,546", "2014-12-31": "$9,533", "2014-09-30": "$10,793", "2014-06-30": "$9,158", "2014-03-31": "$9,910", "2013-12-31": "$9,228", "2013-09-30": "$9,517", "2013-06-30": "$9,075", "2013-03-31": "$9,539", "2012-12-31": "$9,307", "2012-09-30": "$9,421", "2012-06-30": "$11,751", "2012-03-31": "$11,545", "2011-12-31": "$9,120", "2011-09-30": "$11,890", "2011-06-30": "$9,207", "2011-03-31": "$9,208", "2010-12-31": "$8,546", "2010-09-30": "$10,097", "2010-06-30": "$8,926", "2010-03-31": "$8,641", "2009-12-31": "$7,923", "2009-09-30": "$7,528", "2009-06-30": "$6,439", "2009-03-31": "$6,682", "2008-12-31": "$6,576", "2008-09-30": "$6,014", "2008-06-30": "$6,171", "2008-03-31": "$6,617", "2007-12-31": "$7,013", "2007-09-30": "$6,892", "2007-06-30": "$8,390", "2007-03-31": "$7,898", "2006-12-31": "$5,561", "2006-09-30": "$5,341", "2006-06-30": "$5,498", "2006-03-31": "$4,717", "2005-12-31": "$3,135", "2005-09-30": "$3,325", "2005-06-30": "$2,898", "2005-03-31": "$2,824"}}, "long-term-debt": {"Humana Annual Long Term Debt (Millions of US $)": {"2019": "$4,967", "2018": "$4,375", "2017": "$4,770", "2016": "$3,792", "2015": "$3,794", "2014": "$3,825", "2013": "$2,600", "2012": "$2,611", "2011": "$1,659", "2010": "$1,669", "2009": "$1,678", "2008": "$1,937", "2007": "$1,688", "2006": "$1,269", "2005": "$514"}, "Humana Quarterly Long Term Debt (Millions of US $)": {"2020-09-30": "$6,059", "2020-06-30": "$6,058", "2020-03-31": "$6,057", "2019-12-31": "$4,967", "2019-09-30": "$5,365", "2019-06-30": "$4,377", "2019-03-31": "$4,376", "2018-12-31": "$4,375", "2018-09-30": "$4,774", "2018-06-30": "$4,773", "2018-03-31": "$4,772", "2017-12-31": "$4,770", "2017-09-30": "$3,977", "2017-06-30": "$4,279", "2017-03-31": "$4,780", "2016-12-31": "$3,792", "2016-09-30": "$3,792", "2016-06-30": "$3,793", "2016-03-31": "$3,793", "2015-12-31": "$3,794", "2015-09-30": "$3,822", "2015-06-30": "$3,823", "2015-03-31": "$3,824", "2014-12-31": "$3,825", "2014-09-30": "$3,826", "2014-06-30": "$2,595", "2014-03-31": "$2,598", "2013-12-31": "$2,600", "2013-09-30": "$2,603", "2013-06-30": "$2,606", "2013-03-31": "$2,608", "2012-12-31": "$2,611", "2012-09-30": "$1,616", "2012-06-30": "$1,618", "2012-03-31": "$1,621", "2011-12-31": "$1,659", "2011-09-30": "$1,662", "2011-06-30": "$1,664", "2011-03-31": "$1,666", "2010-12-31": "$1,669", "2010-09-30": "$1,671", "2010-06-30": "$1,674", "2010-03-31": "$1,676", "2009-12-31": "$1,678", "2009-09-30": "$1,680", "2009-06-30": "$1,683", "2009-03-31": "$1,935", "2008-12-31": "$1,937", "2008-09-30": "$1,668", "2008-06-30": "$1,635", "2008-03-31": "$1,601", "2007-12-31": "$1,688", "2007-09-30": "$1,293", "2007-06-30": "$1,190", "2007-03-31": "$1,329", "2006-12-31": "$1,269", "2006-09-30": "$970", "2006-06-30": "$784", "2006-03-31": "$601", "2005-12-31": "$514", "2005-09-30": "$317", "2005-06-30": "$878", "2005-03-31": "$885"}}, "total-liabilities": {"Humana Annual Total Liabilities (Millions of US $)": {"2019": "$17,037", "2018": "$15,252", "2017": "$17,336", "2016": "$14,711", "2015": "$14,332", "2014": "$13,881", "2013": "$11,419", "2012": "$11,132", "2011": "$9,645", "2010": "$9,179", "2009": "$8,377", "2008": "$8,585", "2007": "$8,850", "2006": "$7,045", "2005": "$4,361"}, "Humana Quarterly Total Liabilities (Millions of US $)": {"2020-09-30": "$22,709", "2020-06-30": "$24,039", "2020-03-31": "$22,278", "2019-12-31": "$17,037", "2019-09-30": "$17,579", "2019-06-30": "$17,041", "2019-03-31": "$17,508", "2018-12-31": "$15,252", "2018-09-30": "$16,897", "2018-06-30": "$24,059", "2018-03-31": "$23,372", "2017-12-31": "$17,336", "2017-09-30": "$21,745", "2017-06-30": "$21,300", "2017-03-31": "$21,478", "2016-12-31": "$14,711", "2016-09-30": "$18,181", "2016-06-30": "$16,362", "2016-03-31": "$16,409", "2015-12-31": "$14,332", "2015-09-30": "$13,943", "2015-06-30": "$15,301", "2015-03-31": "$15,580", "2014-12-31": "$13,881", "2014-09-30": "$14,206", "2014-06-30": "$13,121", "2014-03-31": "$12,841", "2013-12-31": "$11,419", "2013-09-30": "$11,297", "2013-06-30": "$11,513", "2013-03-31": "$11,810", "2012-12-31": "$11,132", "2012-09-30": "$10,106", "2012-06-30": "$12,400", "2012-03-31": "$12,466", "2011-12-31": "$9,645", "2011-09-30": "$12,042", "2011-06-30": "$10,008", "2011-03-31": "$9,933", "2010-12-31": "$9,179", "2010-09-30": "$9,451", "2010-06-30": "$9,212", "2010-03-31": "$9,124", "2009-12-31": "$8,377", "2009-09-30": "$8,654", "2009-06-30": "$8,626", "2009-03-31": "$8,936", "2008-12-31": "$8,585", "2008-09-30": "$8,293", "2008-06-30": "$8,736", "2008-03-31": "$8,710", "2007-12-31": "$8,850", "2007-09-30": "$8,334", "2007-06-30": "$9,959", "2007-03-31": "$9,547", "2006-12-31": "$7,045", "2006-09-30": "$7,065", "2006-06-30": "$7,178", "2006-03-31": "$6,130", "2005-12-31": "$4,361", "2005-09-30": "$4,466", "2005-06-30": "$3,962", "2005-03-31": "$3,950"}}, "total-share-holder-equity": {"Humana Annual Share Holder Equity (Millions of US $)": {"2019": "$12,037", "2018": "$10,161", "2017": "$9,842", "2016": "$10,685", "2015": "$10,346", "2014": "$9,646", "2013": "$9,316", "2012": "$8,847", "2011": "$8,063", "2010": "$6,924", "2009": "$5,776", "2008": "$4,457", "2007": "$4,029", "2006": "$3,054", "2005": "$2,509"}, "Humana Quarterly Share Holder Equity (Millions of US $)": {"2020-09-30": "$15,768", "2020-06-30": "$14,416", "2020-03-31": "$12,355", "2019-12-31": "$12,037", "2019-09-30": "$11,601", "2019-06-30": "$11,872", "2019-03-31": "$10,841", "2018-12-31": "$10,161", "2018-09-30": "$10,593", "2018-06-30": "$10,211", "2018-03-31": "$10,081", "2017-12-31": "$9,842", "2017-09-30": "$11,211", "2017-06-30": "$10,953", "2017-03-31": "$10,234", "2016-12-31": "$10,685", "2016-09-30": "$11,285", "2016-06-30": "$10,874", "2016-03-31": "$10,525", "2015-12-31": "$10,346", "2015-09-30": "$10,353", "2015-06-30": "$10,083", "2015-03-31": "$10,044", "2014-12-31": "$9,646", "2014-09-30": "$10,125", "2014-06-30": "$10,000", "2014-03-31": "$9,725", "2013-12-31": "$9,316", "2013-09-30": "$9,606", "2013-06-30": "$9,335", "2013-03-31": "$9,164", "2012-12-31": "$8,847", "2012-09-30": "$8,691", "2012-06-30": "$8,455", "2012-03-31": "$8,234", "2011-12-31": "$8,063", "2011-09-30": "$7,858", "2011-06-30": "$7,587", "2011-03-31": "$7,227", "2010-12-31": "$6,924", "2010-09-30": "$6,939", "2010-06-30": "$6,479", "2010-03-31": "$6,085", "2009-12-31": "$5,776", "2009-09-30": "$5,548", "2009-06-30": "$5,058", "2009-03-31": "$4,670", "2008-12-31": "$4,457", "2008-09-30": "$4,271", "2008-06-30": "$4,204", "2008-03-31": "$4,052", "2007-12-31": "$4,029", "2007-09-30": "$3,739", "2007-06-30": "$3,375", "2007-03-31": "$3,160", "2006-12-31": "$3,054", "2006-09-30": "$2,892", "2006-06-30": "$2,659", "2006-03-31": "$2,568", "2005-12-31": "$2,509", "2005-09-30": "$2,366", "2005-06-30": "$2,316", "2005-03-31": "$2,200"}}, "profit-margins": {"current": "4.36%"}, "gross margin": {"2020-12-31": "41.14%", "2020-09-30": "20.55%", "2020-06-30": "19.42%", "2020-03-31": "17.31%", "2019-12-31": "17.00%", "2019-09-30": "17.78%", "2019-06-30": "18.51%", "2019-03-31": "18.79%", "2018-12-31": "19.38%", "2018-09-30": "19.39%", "2018-06-30": "19.13%", "2018-03-31": "19.24%", "2017-12-31": "19.10%", "2017-09-30": "17.58%", "2017-06-30": "17.73%", "2017-03-31": "17.31%", "2016-12-31": "17.23%", "2016-09-30": "18.12%", "2016-06-30": "17.63%", "2016-03-31": "17.68%", "2015-12-31": "18.46%", "2015-09-30": "19.44%", "2015-06-30": "20.06%", "2015-03-31": "20.89%", "2014-12-31": "21.31%", "2014-09-30": "21.01%", "2014-06-30": "21.18%", "2014-03-31": "21.27%", "2013-12-31": "21.18%", "2013-09-30": "21.65%", "2013-06-30": "21.86%", "2013-03-31": "21.74%", "2012-12-31": "20.81%", "2012-09-30": "20.96%", "2012-06-30": "21.07%", "2012-03-31": "21.22%", "2011-12-31": "21.74%", "2011-09-30": "20.81%", "2011-06-30": "20.10%", "2011-03-31": "19.65%", "2010-12-31": "19.29%", "2010-09-30": "19.47%", "2010-06-30": "19.53%", "2010-03-31": "19.35%", "2009-12-31": "19.38%", "2009-09-30": "19.55%", "2009-06-30": "19.04%", "2009-03-31": "18.65%", "2008-12-31": "18.10%", "2008-09-30": "18.77%", "2008-06-30": "19.45%", "2008-03-31": "19.85%", "2007-12-31": "19.85%", "2007-09-30": "19.12%", "2007-06-30": "18.27%", "2007-03-31": "17.74%", "2006-12-31": "18.65%", "2006-09-30": "18.69%", "2006-06-30": "18.89%", "2006-03-31": "19.40%", "2005-12-31": "19.19%"}, "operating margin": {"2020-12-31": "6.46%", "2020-09-30": "7.65%", "2020-06-30": "6.72%", "2020-03-31": "5.05%", "2019-12-31": "4.92%", "2019-09-30": "5.33%", "2019-06-30": "5.66%", "2019-03-31": "5.43%", "2018-12-31": "5.45%", "2018-09-30": "5.63%", "2018-06-30": "5.54%", "2018-03-31": "6.05%", "2017-12-31": "7.93%", "2017-09-30": "6.09%", "2017-06-30": "6.22%", "2017-03-31": "5.40%", "2016-12-31": "3.20%", "2016-09-30": "4.50%", "2016-06-30": "4.06%", "2016-03-31": "3.88%", "2015-12-31": "4.32%", "2015-09-30": "4.56%", "2015-06-30": "4.46%", "2015-03-31": "4.80%", "2014-12-31": "4.87%", "2014-09-30": "4.26%", "2014-06-30": "4.52%", "2014-03-31": "4.74%", "2013-12-31": "4.99%", "2013-09-30": "5.86%", "2013-06-30": "6.16%", "2013-03-31": "6.00%", "2012-12-31": "5.15%", "2012-09-30": "5.30%", "2012-06-30": "5.41%", "2012-03-31": "5.91%", "2011-12-31": "6.36%", "2011-09-30": "6.11%", "2011-06-30": "6.06%", "2011-03-31": "5.62%", "2010-12-31": "5.52%", "2010-09-30": "6.35%", "2010-06-30": "6.00%", "2010-03-31": "5.83%", "2009-12-31": "5.56%", "2009-09-30": "5.10%", "2009-06-30": "4.56%", "2009-03-31": "4.22%", "2008-12-31": "3.71%", "2008-09-30": "4.18%", "2008-06-30": "5.02%", "2008-03-31": "5.25%", "2007-12-31": "5.37%", "2007-09-30": "5.03%", "2007-06-30": "4.22%", "2007-03-31": "3.53%", "2006-12-31": "3.85%", "2006-09-30": "3.46%", "2006-06-30": "2.75%", "2006-03-31": "2.94%", "2005-12-31": "3.07%"}, "ebitda margin": {"2020-09-30": "8.46%", "2020-06-30": "7.56%", "2020-03-31": "5.91%", "2019-12-31": "5.81%", "2019-09-30": "6.24%", "2019-06-30": "6.56%", "2019-03-31": "6.33%", "2018-12-31": "6.39%", "2018-09-30": "6.57%", "2018-06-30": "6.48%", "2018-03-31": "6.98%", "2017-12-31": "8.83%", "2017-09-30": "6.98%", "2017-06-30": "7.09%", "2017-03-31": "6.26%", "2016-12-31": "4.06%", "2016-09-30": "5.34%", "2016-06-30": "4.89%", "2016-03-31": "4.70%", "2015-12-31": "5.15%", "2015-09-30": "5.42%", "2015-06-30": "5.35%", "2015-03-31": "5.70%", "2014-12-31": "5.80%", "2014-09-30": "5.21%", "2014-06-30": "5.50%", "2014-03-31": "5.75%", "2013-12-31": "6.02%", "2013-09-30": "6.87%", "2013-06-30": "7.12%", "2013-03-31": "6.92%", "2012-12-31": "6.02%", "2012-09-30": "6.12%", "2012-06-30": "6.23%", "2012-03-31": "6.71%", "2011-12-31": "7.19%", "2011-09-30": "6.92%", "2011-06-30": "6.86%", "2011-03-31": "6.43%", "2010-12-31": "6.30%", "2010-09-30": "7.16%", "2010-06-30": "6.82%", "2010-03-31": "6.64%", "2009-12-31": "6.37%", "2009-09-30": "5.88%", "2009-06-30": "5.33%", "2009-03-31": "4.99%", "2008-12-31": "4.47%", "2008-09-30": "4.93%", "2008-06-30": "5.75%", "2008-03-31": "6.00%", "2007-12-31": "6.10%", "2007-09-30": "5.74%", "2007-06-30": "4.93%", "2007-03-31": "4.21%", "2006-12-31": "4.55%", "2006-09-30": "4.21%", "2006-06-30": "3.55%", "2006-03-31": "3.79%", "2005-12-31": "3.96%"}, "pre tax profit margin": {"2020-12-31": "5.96%", "2020-09-30": "7.60%", "2020-06-30": "6.78%", "2020-03-31": "5.06%", "2019-12-31": "5.33%", "2019-09-30": "5.26%", "2019-06-30": "5.45%", "2019-03-31": "3.58%", "2018-12-31": "3.62%", "2018-09-30": "3.78%", "2018-06-30": "3.66%", "2018-03-31": "5.60%", "2017-12-31": "7.48%", "2017-09-30": "5.69%", "2017-06-30": "5.84%", "2017-03-31": "5.04%", "2016-12-31": "2.85%", "2016-09-30": "4.16%", "2016-06-30": "3.72%", "2016-03-31": "4.03%", "2015-12-31": "4.48%", "2015-09-30": "4.64%", "2015-06-30": "4.56%", "2015-03-31": "4.40%", "2014-12-31": "4.47%", "2014-09-30": "3.96%", "2014-06-30": "4.21%", "2014-03-31": "4.41%", "2013-12-31": "4.65%", "2013-09-30": "5.54%", "2013-06-30": "5.85%", "2013-03-31": "5.71%", "2012-12-31": "4.88%", "2012-09-30": "5.03%", "2012-06-30": "5.14%", "2012-03-31": "5.62%", "2011-12-31": "6.07%", "2011-09-30": "5.81%", "2011-06-30": "5.75%", "2011-03-31": "5.32%", "2010-12-31": "5.21%", "2010-09-30": "6.03%", "2010-06-30": "5.67%", "2010-03-31": "5.49%", "2009-12-31": "5.21%", "2009-09-30": "4.75%", "2009-06-30": "4.23%", "2009-03-31": "3.92%", "2008-12-31": "3.43%", "2008-09-30": "3.92%", "2008-06-30": "4.77%", "2008-03-31": "5.00%", "2007-12-31": "5.10%", "2007-09-30": "4.76%", "2007-06-30": "3.94%", "2007-03-31": "3.24%", "2006-12-31": "3.55%", "2006-09-30": "3.17%", "2006-06-30": "2.46%", "2006-03-31": "2.66%", "2005-12-31": "2.80%"}, "net profit margin": {"2020-12-31": "4.36%", "2020-09-30": "5.58%", "2020-06-30": "4.96%", "2020-03-31": "3.86%", "2019-12-31": "4.17%", "2019-09-30": "4.06%", "2019-06-30": "4.13%", "2019-03-31": "2.99%", "2018-12-31": "2.96%", "2018-09-30": "2.70%", "2018-06-30": "2.49%", "2018-03-31": "3.36%", "2017-12-31": "4.55%", "2017-09-30": "3.49%", "2017-06-30": "3.37%", "2017-03-31": "2.71%", "2016-12-31": "1.13%", "2016-09-30": "2.03%", "2016-06-30": "1.80%", "2016-03-31": "2.03%", "2015-12-31": "2.35%", "2015-09-30": "2.48%", "2015-06-30": "2.49%", "2015-03-31": "2.39%", "2014-12-31": "2.36%", "2014-09-30": "2.10%", "2014-06-30": "2.36%", "2014-03-31": "2.65%", "2013-12-31": "2.98%", "2013-09-30": "3.57%", "2013-06-30": "3.78%", "2013-03-31": "3.67%", "2012-12-31": "3.12%", "2012-09-30": "3.18%", "2012-06-30": "3.26%", "2012-03-31": "3.57%", "2011-12-31": "3.85%", "2011-09-30": "3.68%", "2011-06-30": "3.63%", "2011-03-31": "3.36%", "2010-12-31": "3.27%", "2010-09-30": "3.80%", "2010-06-30": "3.59%", "2010-03-31": "3.48%", "2009-12-31": "3.39%", "2009-09-30": "3.13%", "2009-06-30": "2.79%", "2009-03-31": "2.60%", "2008-12-31": "2.24%", "2008-09-30": "2.58%", "2008-06-30": "3.10%", "2008-03-31": "3.23%", "2007-12-31": "3.29%", "2007-09-30": "3.03%", "2007-06-30": "2.51%", "2007-03-31": "2.07%", "2006-12-31": "2.27%", "2006-09-30": "2.03%", "2006-06-30": "1.60%", "2006-03-31": "1.74%", "2005-12-31": "2.06%"}, "pe ratio": {"current": "20.42", "2021-02-11": "13.93", "2020-12-31": "15.00", "2020-09-30": "13.25", "2020-06-30": "14.70", "2020-03-31": "16.04", "2019-12-31": "18.13", "2019-09-30": "13.47", "2019-06-30": "14.32", "2019-03-31": "20.56", "2018-12-31": "23.24", "2018-09-30": "30.67", "2018-06-30": "30.30", "2018-03-31": "20.73", "2017-12-31": "14.56", "2017-09-30": "18.73", "2017-06-30": "19.17", "2017-03-31": "20.39", "2016-12-31": "50.53", "2016-09-30": "23.58", "2016-06-30": "27.33", "2016-03-31": "24.69", "2015-12-31": "20.46", "2015-09-30": "19.85", "2015-06-30": "21.77", "2015-03-31": "21.95", "2014-12-31": "18.81", "2014-09-30": "20.14", "2014-06-30": "18.34", "2014-03-31": "15.15", "2013-12-31": "12.76", "2013-09-30": "9.76", "2013-06-30": "8.51", "2013-03-31": "7.31", "2012-12-31": "8.65", "2012-09-30": "8.79", "2012-06-30": "9.61", "2012-03-31": "10.65", "2011-12-31": "9.62", "2011-09-30": "8.54", "2011-06-30": "9.87", "2011-03-31": "9.44", "2010-12-31": "7.77", "2010-09-30": "6.31", "2010-06-30": "6.19", "2010-03-31": "6.66", "2009-12-31": "6.56", "2009-09-30": "6.01", "2009-06-30": "5.92", "2009-03-31": "5.23", "2008-12-31": "8.94", "2008-09-30": "8.95", "2008-06-30": "7.43", "2008-03-31": "8.31", "2007-12-31": "14.09", "2007-09-30": "14.59", "2007-06-30": "15.67", "2007-03-31": "18.90", "2006-12-31": "17.52"}, "price sales": {"2021-02-11": "0.66", "2020-12-31": "0.71", "2020-09-30": "0.74", "2020-06-30": "0.73", "2020-03-31": "0.62", "2019-12-31": "0.76", "2019-09-30": "0.55", "2019-06-30": "0.59", "2019-03-31": "0.62", "2018-12-31": "0.69", "2018-09-30": "0.84", "2018-06-30": "0.75", "2018-03-31": "0.70", "2017-12-31": "0.66", "2017-09-30": "0.66", "2017-06-30": "0.65", "2017-03-31": "0.56", "2016-12-31": "0.55", "2016-09-30": "0.47", "2016-06-30": "0.48", "2016-03-31": "0.49", "2015-12-31": "0.48", "2015-09-30": "0.49", "2015-06-30": "0.54", "2015-03-31": "0.53", "2014-12-31": "0.44", "2014-09-30": "0.42", "2014-06-30": "0.43", "2014-03-31": "0.40", "2013-12-31": "0.38", "2013-09-30": "0.35", "2013-06-30": "0.32", "2013-03-31": "0.27", "2012-12-31": "0.27", "2012-09-30": "0.28", "2012-06-30": "0.31", "2012-03-31": "0.38", "2011-12-31": "0.37", "2011-09-30": "0.31", "2011-06-30": "0.36", "2011-03-31": "0.32", "2010-12-31": "0.25", "2010-09-30": "0.24", "2010-06-30": "0.22", "2010-03-31": "0.23", "2009-12-31": "0.22", "2009-09-30": "0.19", "2009-06-30": "0.17", "2009-03-31": "0.14", "2008-12-31": "0.20", "2008-09-30": "0.23", "2008-06-30": "0.23", "2008-03-31": "0.27", "2007-12-31": "0.46", "2007-09-30": "0.44", "2007-06-30": "0.39", "2007-03-31": "0.39", "2006-12-31": "0.40"}, "price book": {"current": "3.69", "2021-02-11": "3.20", "2020-09-30": "3.47", "2020-06-30": "3.55", "2020-03-31": "3.34", "2019-12-31": "4.00", "2019-09-30": "2.89", "2019-06-30": "2.99", "2019-03-31": "3.27", "2018-12-31": "3.77", "2018-09-30": "4.31", "2018-06-30": "3.94", "2018-03-31": "3.60", "2017-12-31": "3.40", "2017-09-30": "3.03", "2017-06-30": "3.10", "2017-03-31": "2.83", "2016-12-31": "2.77", "2016-09-30": "2.27", "2016-06-30": "2.39", "2016-03-31": "2.51", "2015-12-31": "2.47", "2015-09-30": "2.47", "2015-06-30": "2.71", "2015-03-31": "2.55", "2014-12-31": "2.14", "2014-09-30": "1.89", "2014-06-30": "1.88", "2014-03-31": "1.71", "2013-12-31": "1.62", "2013-09-30": "1.44", "2013-06-30": "1.34", "2013-03-31": "1.12", "2012-12-31": "1.15", "2012-09-30": "1.20", "2012-06-30": "1.38", "2012-03-31": "1.70", "2011-12-31": "1.65", "2011-09-30": "1.40", "2011-06-30": "1.63", "2011-03-31": "1.50", "2010-12-31": "1.22", "2010-09-30": "1.12", "2010-06-30": "1.10", "2010-03-31": "1.20", "2009-12-31": "1.19", "2009-09-30": "1.05", "2009-06-30": "0.99", "2009-03-31": "0.87", "2008-12-31": "1.30", "2008-09-30": "1.50", "2008-06-30": "1.47", "2008-03-31": "1.72", "2007-12-31": "2.92", "2007-09-30": "2.91", "2007-06-30": "2.79", "2007-03-31": "2.83", "2006-12-31": "2.77", "2006-09-30": "3.50", "2006-06-30": "3.06", "2006-03-31": "3.10"}, "price fcf": {"2021-02-11": "", "2020-09-30": "$37.12", "2020-06-30": "$42.23", "2020-03-31": "$30.31", "2019-12-31": "$33.76", "2019-09-30": "$28.18", "2019-06-30": "$2.55", "2019-03-31": "$-8.74", "2018-12-31": "$11.28", "2018-09-30": "$-6.16", "2018-06-30": "$21.41", "2018-03-31": "$22.39", "2017-12-31": "$24.23", "2017-09-30": "$26.06", "2017-06-30": "$36.21", "2017-03-31": "$34.26", "2016-12-31": "$9.34", "2016-09-30": "$29.90", "2016-06-30": "$6.99", "2016-03-31": "$4.89", "2015-12-31": "$2.29", "2015-09-30": "$1.16", "2015-06-30": "$0.34", "2015-03-31": "$3.28", "2014-12-31": "$6.99", "2014-09-30": "$5.90", "2014-06-30": "$7.17", "2014-03-31": "$9.64", "2013-12-31": "$8.04", "2013-09-30": "$9.50", "2013-06-30": "$-5.66", "2013-03-31": "$-2.34", "2012-12-31": "$9.26", "2012-09-30": "$-2.88", "2012-06-30": "$22.92", "2012-03-31": "$19.72", "2011-12-31": "$10.39", "2011-09-30": "$21.27", "2011-06-30": "$10.97", "2011-03-31": "$11.97", "2010-12-31": "$11.90", "2010-09-30": "$13.86", "2010-06-30": "$12.39", "2010-03-31": "$11.49", "2009-12-31": "$7.32", "2009-09-30": "$7.32", "2009-06-30": "$5.02", "2009-03-31": "$4.55", "2008-12-31": "$4.26", "2008-09-30": "$1.47", "2008-06-30": "$-5.51", "2008-03-31": "$-3.22", "2007-12-31": "$5.96", "2007-09-30": "$10.35", "2007-06-30": "$11.66", "2007-03-31": "$12.11", "2006-12-31": "$8.95"}, "net worth": {"value": "$50.63B"}, "current ratio": {"2020-12-31": "1.77", "2020-09-30": "1.81", "2020-06-30": "1.69", "2020-03-31": "1.66", "2019-12-31": "1.82", "2019-09-30": "1.83", "2019-06-30": "1.75", "2019-03-31": "1.65", "2018-12-31": "1.68", "2018-09-30": "1.69", "2018-06-30": "1.43", "2018-03-31": "1.55", "2017-12-31": "1.85", "2017-09-30": "1.61", "2017-06-30": "1.65", "2017-03-31": "1.65", "2016-12-31": "2.07", "2016-09-30": "1.66", "2016-06-30": "1.79", "2016-03-31": "1.77", "2015-12-31": "1.93", "2015-09-30": "2.04", "2015-06-30": "1.89", "2015-03-31": "1.90", "2014-12-31": "2.08", "2014-09-30": "2.01", "2014-06-30": "1.79", "2014-03-31": "1.81", "2013-12-31": "1.95", "2013-09-30": "1.92", "2013-06-30": "1.87", "2013-03-31": "1.83", "2012-12-31": "1.84", "2012-09-30": "1.83", "2012-06-30": "1.62", "2012-03-31": "1.59", "2011-12-31": "1.85", "2011-09-30": "1.60", "2011-06-30": "1.81", "2011-03-31": "1.74", "2010-12-31": "1.77", "2010-09-30": "1.82", "2010-06-30": "1.80", "2010-03-31": "1.74", "2009-12-31": "1.76", "2009-09-30": "1.68", "2009-06-30": "1.61", "2009-03-31": "1.62", "2008-12-31": "1.62", "2008-09-30": "1.54", "2008-06-30": "1.47", "2008-03-31": "1.50", "2007-12-31": "1.51", "2007-09-30": "1.44", "2007-06-30": "1.30", "2007-03-31": "1.31", "2006-12-31": "1.43", "2006-09-30": "1.32", "2006-06-30": "1.27", "2006-03-31": "1.26", "2005-12-31": "1.31", "2005-09-30": "1.21", "2005-06-30": "1.53", "2005-03-31": "1.51"}, "quick ratio": {"2020-12-31": "0.00", "2020-09-30": "0.00", "2020-06-30": "0.00", "2020-03-31": "0.00", "2019-12-31": "0.00", "2019-09-30": "0.00", "2019-06-30": "0.00", "2019-03-31": "0.00", "2018-12-31": "0.00", "2018-09-30": "0.00", "2018-06-30": "0.00", "2018-03-31": "0.00", "2017-12-31": "0.00", "2017-09-30": "0.00", "2017-06-30": "0.00", "2017-03-31": "0.00", "2016-12-31": "0.00", "2016-09-30": "0.00", "2016-06-30": "0.00", "2016-03-31": "0.00", "2015-12-31": "0.00", "2015-09-30": "0.00", "2015-06-30": "0.00", "2015-03-31": "0.00", "2014-12-31": "0.00", "2014-09-30": "0.00", "2014-06-30": "0.00", "2014-03-31": "0.00", "2013-12-31": "0.00", "2013-09-30": "0.00", "2013-06-30": "0.00", "2013-03-31": "0.00", "2012-12-31": "0.00", "2012-09-30": "0.00", "2012-06-30": "0.00", "2012-03-31": "0.00", "2011-12-31": "0.00", "2011-09-30": "0.00", "2011-06-30": "0.00", "2011-03-31": "0.00", "2010-12-31": "0.00", "2010-09-30": "0.00", "2010-06-30": "0.00", "2010-03-31": "0.00", "2009-12-31": "0.00", "2009-09-30": "0.00", "2009-06-30": "0.00", "2009-03-31": "0.00", "2008-12-31": "0.00", "2008-09-30": "0.00", "2008-06-30": "0.00", "2008-03-31": "0.00", "2007-12-31": "0.00", "2007-09-30": "0.00", "2007-06-30": "0.00", "2007-03-31": "0.00", "2006-12-31": "0.00", "2006-09-30": "0.00", "2006-06-30": "0.00", "2006-03-31": "0.00", "2005-12-31": "0.00", "2005-09-30": "0.00", "2005-06-30": "0.00", "2005-03-31": "0.00"}, "debt equity ratio": {"current": "0.44", "2020-12-31": "1.55", "2020-09-30": "1.44", "2020-06-30": "1.67", "2020-03-31": "1.80", "2019-12-31": "1.42", "2019-09-30": "1.52", "2019-06-30": "1.44", "2019-03-31": "1.62", "2018-12-31": "1.50", "2018-09-30": "1.60", "2018-06-30": "2.36", "2018-03-31": "2.32", "2017-12-31": "1.76", "2017-09-30": "1.94", "2017-06-30": "1.95", "2017-03-31": "2.10", "2016-12-31": "1.38", "2016-09-30": "1.61", "2016-06-30": "1.51", "2016-03-31": "1.56", "2015-12-31": "1.39", "2015-09-30": "1.35", "2015-06-30": "1.52", "2015-03-31": "1.55", "2014-12-31": "1.44", "2014-09-30": "1.40", "2014-06-30": "1.31", "2014-03-31": "1.32", "2013-12-31": "1.23", "2013-09-30": "1.18", "2013-06-30": "1.23", "2013-03-31": "1.29", "2012-12-31": "1.26", "2012-09-30": "1.16", "2012-06-30": "1.47", "2012-03-31": "1.51", "2011-12-31": "1.20", "2011-09-30": "1.53", "2011-06-30": "1.32", "2011-03-31": "1.37", "2010-12-31": "1.33", "2010-09-30": "1.36", "2010-06-30": "1.42", "2010-03-31": "1.50", "2009-12-31": "1.45", "2009-09-30": "1.56", "2009-06-30": "1.71", "2009-03-31": "1.91", "2008-12-31": "1.93", "2008-09-30": "1.94", "2008-06-30": "2.08", "2008-03-31": "2.15", "2007-12-31": "2.20", "2007-09-30": "2.23", "2007-06-30": "2.95", "2007-03-31": "3.02", "2006-12-31": "2.31", "2006-09-30": "2.44", "2006-06-30": "2.70", "2006-03-31": "2.39", "2005-12-31": "1.74", "2005-09-30": "1.89", "2005-06-30": "1.71", "2005-03-31": "1.80"}, "return on equity": {"2020-12-31": "23.94%", "2020-09-30": "30.44%", "2020-06-30": "27.79%", "2020-03-31": "21.84%", "2019-12-31": "23.36%", "2019-09-30": "22.93%", "2019-06-30": "23.05%", "2019-03-31": "16.82%", "2018-12-31": "16.40%", "2018-09-30": "14.85%", "2018-06-30": "13.23%", "2018-03-31": "17.34%", "2017-12-31": "23.18%", "2017-09-30": "17.30%", "2017-06-30": "16.81%", "2017-03-31": "13.70%", "2016-12-31": "5.66%", "2016-09-30": "10.37%", "2016-06-30": "9.31%", "2016-03-31": "10.65%", "2015-12-31": "12.50%", "2015-09-30": "13.16%", "2015-06-30": "12.99%", "2015-03-31": "12.15%", "2014-12-31": "11.62%", "2014-09-30": "9.93%", "2014-06-30": "10.87%", "2014-03-31": "11.86%", "2013-12-31": "13.16%", "2013-09-30": "15.73%", "2013-06-30": "16.77%", "2013-03-31": "16.46%", "2012-12-31": "14.28%", "2012-09-30": "14.70%", "2012-06-30": "15.31%", "2012-03-31": "17.04%", "2011-12-31": "18.47%", "2011-09-30": "17.93%", "2011-06-30": "17.78%", "2011-03-31": "16.76%", "2010-12-31": "16.63%", "2010-09-30": "19.67%", "2010-06-30": "19.29%", "2010-03-31": "19.48%", "2009-12-31": "19.78%", "2009-09-30": "19.54%", "2009-06-30": "18.31%", "2009-03-31": "17.57%", "2008-12-31": "15.24%", "2008-09-30": "17.30%", "2008-06-30": "20.84%", "2008-03-31": "22.17%", "2007-12-31": "23.30%", "2007-09-30": "22.36%", "2007-06-30": "19.29%", "2007-03-31": "16.12%", "2006-12-31": "17.43%", "2006-09-30": "14.83%", "2006-06-30": "11.17%", "2006-03-31": "11.23%", "2005-12-31": "12.65%"}, "return on assets": {"2020-12-31": "9.19%", "2020-09-30": "11.81%", "2020-06-30": "10.67%", "2020-03-31": "8.58%", "2019-12-31": "9.37%", "2019-09-30": "9.12%", "2019-06-30": "9.10%", "2019-03-31": "6.09%", "2018-12-31": "5.58%", "2018-09-30": "4.94%", "2018-06-30": "4.28%", "2018-03-31": "5.80%", "2017-12-31": "7.89%", "2017-09-30": "6.09%", "2017-06-30": "6.11%", "2017-03-31": "5.18%", "2016-12-31": "2.25%", "2016-09-30": "4.12%", "2016-06-30": "3.80%", "2016-03-31": "4.34%", "2015-12-31": "5.10%", "2015-09-30": "5.34%", "2015-06-30": "5.24%", "2015-03-31": "5.01%", "2014-12-31": "4.90%", "2014-09-30": "4.28%", "2014-06-30": "4.81%", "2014-03-31": "5.30%", "2013-12-31": "5.90%", "2013-09-30": "7.03%", "2013-06-30": "7.50%", "2013-03-31": "7.18%", "2012-12-31": "6.08%", "2012-09-30": "6.30%", "2012-06-30": "6.31%", "2012-03-31": "7.12%", "2011-12-31": "7.84%", "2011-09-30": "7.50%", "2011-06-30": "7.58%", "2011-03-31": "7.07%", "2010-12-31": "6.93%", "2010-09-30": "8.09%", "2010-06-30": "7.78%", "2010-03-31": "7.64%", "2009-12-31": "7.48%", "2009-09-30": "7.07%", "2009-06-30": "6.39%", "2009-03-31": "5.93%", "2008-12-31": "5.04%", "2008-09-30": "5.60%", "2008-06-30": "6.59%", "2008-03-31": "6.60%", "2007-12-31": "6.53%", "2007-09-30": "6.18%", "2007-06-30": "5.22%", "2007-03-31": "4.45%", "2006-12-31": "5.05%", "2006-09-30": "4.46%", "2006-06-30": "3.50%", "2006-03-31": "3.82%", "2005-12-31": "4.55%"}, "return on investments": {"2020-12-31": "24.77%", "2020-09-30": "29.31%", "2020-06-30": "26.02%", "2020-03-31": "19.93%", "2019-12-31": "19.51%", "2019-09-30": "21.26%", "2019-06-30": "22.42%", "2019-03-31": "21.21%", "2018-12-31": "20.76%", "2018-09-30": "21.06%", "2018-06-30": "20.43%", "2018-03-31": "21.94%", "2017-12-31": "28.39%", "2017-09-30": "21.75%", "2017-06-30": "22.40%", "2017-03-31": "19.80%", "2016-12-31": "11.90%", "2016-09-30": "16.96%", "2016-06-30": "15.46%", "2016-03-31": "14.89%", "2015-12-31": "16.74%", "2015-09-30": "17.53%", "2015-06-30": "16.83%", "2015-03-31": "18.05%", "2014-12-31": "18.05%", "2014-09-30": "15.57%", "2014-06-30": "16.39%", "2014-03-31": "16.67%", "2013-12-31": "17.23%", "2013-09-30": "20.13%", "2013-06-30": "21.67%", "2013-03-31": "21.69%", "2012-12-31": "19.34%", "2012-09-30": "20.49%", "2012-06-30": "21.16%", "2012-03-31": "23.32%", "2011-12-31": "25.08%", "2011-09-30": "24.32%", "2011-06-30": "24.06%", "2011-03-31": "22.59%", "2010-12-31": "22.38%", "2010-09-30": "25.99%", "2010-06-30": "25.18%", "2010-03-31": "25.10%", "2009-12-31": "24.39%", "2009-09-30": "23.32%", "2009-06-30": "21.47%", "2009-03-31": "20.24%", "2008-12-31": "18.01%", "2008-09-30": "20.10%", "2008-06-30": "24.37%", "2008-03-31": "26.10%", "2007-12-31": "27.43%", "2007-09-30": "26.88%", "2007-06-30": "23.41%", "2007-03-31": "20.10%", "2006-12-31": "22.30%", "2006-09-30": "19.94%", "2006-06-30": "15.72%", "2006-03-31": "15.31%", "2005-12-31": "14.75%"}, "return on tangible equity": {"2020-09-30": "44.51%", "2020-06-30": "41.60%", "2020-03-31": "33.04%", "2019-12-31": "35.29%", "2019-09-30": "35.37%", "2019-06-30": "35.97%", "2019-03-31": "26.82%", "2018-12-31": "26.30%", "2018-09-30": "23.35%", "2018-06-30": "20.16%", "2018-03-31": "25.61%", "2017-12-31": "33.63%", "2017-09-30": "24.86%", "2017-06-30": "24.14%", "2017-03-31": "19.67%", "2016-12-31": "8.11%", "2016-09-30": "14.90%", "2016-06-30": "13.50%", "2016-03-31": "15.58%", "2015-12-31": "18.36%", "2015-09-30": "19.46%", "2015-06-30": "19.58%", "2015-03-31": "18.63%", "2014-12-31": "18.22%", "2014-09-30": "15.97%", "2014-06-30": "17.64%", "2014-03-31": "19.42%", "2013-12-31": "21.70%", "2013-09-30": "26.04%", "2013-06-30": "27.28%", "2013-03-31": "26.16%", "2012-12-31": "22.17%", "2012-09-30": "22.18%", "2012-06-30": "22.99%", "2012-03-31": "25.68%", "2011-12-31": "28.01%", "2011-09-30": "27.51%", "2011-06-30": "26.90%", "2011-03-31": "25.06%", "2010-12-31": "24.59%", "2010-09-30": "28.74%", "2010-06-30": "28.96%", "2010-03-31": "30.19%", "2009-12-31": "31.83%", "2009-09-30": "32.70%", "2009-06-30": "31.63%", "2009-03-31": "30.90%", "2008-12-31": "26.69%", "2008-09-30": "29.94%", "2008-06-30": "35.05%", "2008-03-31": "36.66%", "2007-12-31": "38.54%", "2007-09-30": "37.14%", "2007-06-30": "33.44%", "2007-03-31": "29.14%", "2006-12-31": "32.56%", "2006-09-30": "28.74%", "2006-06-30": "22.36%", "2006-03-31": "22.89%", "2005-12-31": "26.76%"}, "dividend yield history": {"last payout": "$2.50", "last yield": "0.65%"}}