{"ticker": "HBAN", "price": {"title": "Huntington Bancshares Historical Annual Stock Price Data", "value": 14.07, "historical": {"2021": {"Average Stock Price": "14.0073", "Year Open": "12.5600", "Year High": "15.0000", "Year Low": "12.5600", "Year Close": "14.0700", "Annual % Change": "11.40%"}, "2020": {"Average Stock Price": "10.4484", "Year Open": "14.9900", "Year High": "14.9900", "Year Low": "6.8300", "Year Close": "12.6300", "Annual % Change": "-16.25%"}, "2019": {"Average Stock Price": "13.8054", "Year Open": "12.1400", "Year High": "15.6000", "Year Low": "12.0400", "Year Close": "15.0800", "Annual % Change": "26.51%"}, "2018": {"Average Stock Price": "15.0619", "Year Open": "14.6000", "Year High": "16.5000", "Year Low": "11.2900", "Year Close": "11.9200", "Annual % Change": "-18.13%"}, "2017": {"Average Stock Price": "13.4495", "Year Open": "13.3200", "Year High": "14.8500", "Year Low": "12.1800", "Year Close": "14.5600", "Annual % Change": "10.14%"}, "2016": {"Average Stock Price": "10.0612", "Year Open": "10.7000", "Year High": "13.5100", "Year Low": "8.0050", "Year Close": "13.2200", "Annual % Change": "19.53%"}, "2015": {"Average Stock Price": "11.0263", "Year Open": "10.5000", "Year High": "11.8400", "Year Low": "9.7100", "Year Close": "11.0600", "Annual % Change": "5.13%"}, "2014": {"Average Stock Price": "9.6697", "Year Open": "9.5400", "Year High": "10.7000", "Year Low": "8.7200", "Year Close": "10.5200", "Annual % Change": "9.02%"}, "2013": {"Average Stock Price": "8.0039", "Year Open": "6.5700", "Year High": "9.6600", "Year Low": "6.5700", "Year Close": "9.6500", "Annual % Change": "51.02%"}, "2012": {"Average Stock Price": "6.3304", "Year Open": "5.6250", "Year High": "7.2000", "Year Low": "5.5600", "Year Close": "6.3900", "Annual % Change": "16.39%"}, "2011": {"Average Stock Price": "6.0023", "Year Open": "7.1100", "Year High": "7.6000", "Year Low": "4.5300", "Year Close": "5.4900", "Annual % Change": "-20.09%"}, "2010": {"Average Stock Price": "5.7102", "Year Open": "3.6800", "Year High": "7.1700", "Year Low": "3.6800", "Year Close": "6.8700", "Annual % Change": "88.22%"}, "2009": {"Average Stock Price": "3.6707", "Year Open": "7.9800", "Year High": "7.9800", "Year Low": "1.0200", "Year Close": "3.6500", "Annual % Change": "-52.35%"}, "2008": {"Average Stock Price": "9.1728", "Year Open": "14.3000", "Year High": "14.3000", "Year Low": "4.6400", "Year Close": "7.6600", "Annual % Change": "-48.10%"}, "2007": {"Average Stock Price": "19.9957", "Year Open": "24.0200", "Year High": "24.0500", "Year Low": "13.5100", "Year Close": "14.7600", "Annual % Change": "-37.85%"}, "2006": {"Average Stock Price": "23.9105", "Year Open": "24.2100", "Year High": "24.9100", "Year Low": "22.7100", "Year Close": "23.7500", "Annual % Change": "0.00%"}, "2005": {"Average Stock Price": "23.6518", "Year Open": "24.6500", "Year High": "25.4000", "Year Low": "21.1900", "Year Close": "23.7500", "Annual % Change": "-4.00%"}, "2004": {"Average Stock Price": "23.2393", "Year Open": "22.2900", "Year High": "25.1700", "Year Low": "21.0600", "Year Close": "24.7400", "Annual % Change": "9.96%"}, "2003": {"Average Stock Price": "20.1278", "Year Open": "19.3600", "Year High": "22.5000", "Year Low": "17.9900", "Year Close": "22.5000", "Annual % Change": "20.26%"}, "2002": {"Average Stock Price": "19.0940", "Year Open": "17.2500", "Year High": "20.9400", "Year Low": "16.2000", "Year Close": "18.7100", "Annual % Change": "8.84%"}, "2001": {"Average Stock Price": "16.0169", "Year Open": "16.0000", "Year High": "19.1400", "Year Low": "12.9400", "Year Close": "17.1900", "Annual % Change": "6.18%"}, "2000": {"Average Stock Price": "17.7327", "Year Open": "22.4400", "Year High": "22.8800", "Year Low": "12.8100", "Year Close": "16.1900", "Annual % Change": "-32.20%"}, "1999": {"Average Stock Price": "30.8773", "Year Open": "30.0600", "Year High": "37.0000", "Year Low": "21.4400", "Year Close": "23.8800", "Annual % Change": "-20.56%"}, "1998": {"Average Stock Price": "31.8145", "Year Open": "36.7500", "Year High": "37.4400", "Year Low": "22.7500", "Year Close": "30.0600", "Annual % Change": "-16.50%"}, "1997": {"Average Stock Price": "30.8529", "Year Open": "26.2500", "Year High": "38.6300", "Year Low": "25.5600", "Year Close": "36.0000", "Annual % Change": "36.47%"}, "1996": {"Average Stock Price": "23.6992", "Year Open": "23.8100", "Year High": "28.6200", "Year Low": "21.6250", "Year Close": "26.3800", "Annual % Change": "9.92%"}, "1995": {"Average Stock Price": "20.6541", "Year Open": "17.0000", "Year High": "25.2500", "Year Low": "17.0000", "Year Close": "24.0000", "Annual % Change": "40.11%"}, "1994": {"Average Stock Price": "19.2053", "Year Open": "18.4000", "Year High": "22.0000", "Year Low": "16.7500", "Year Close": "17.1300", "Annual % Change": "-9.38%"}, "1993": {"Average Stock Price": "19.9595", "Year Open": "17.9040", "Year High": "23.1040", "Year Low": "16.3040", "Year Close": "18.9040", "Annual % Change": "3.87%"}, "1992": {"Average Stock Price": "15.0072", "Year Open": "12.3968", "Year High": "18.6000", "Year Low": "12.2368", "Year Close": "18.2000", "Annual % Change": "45.83%"}, "1991": {"Average Stock Price": "10.9000", "Year Open": "7.2768", "Year High": "12.7168", "Year Low": "7.2000", "Year Close": "12.4800", "Annual % Change": "75.36%"}}}, "market cap": {"value": "$14.31B"}, "income statement": {"Revenue": {"2020-12-31": "5238.00000", "2019-12-31": "5655.00000", "2018-12-31": "5270.00000", "2017-12-31": "4740.00000", "2016-12-31": "3782.00000", "2015-12-31": "3154.00000", "2014-12-31": "2955.64100", "2013-12-31": "2872.83300", "2012-12-31": "3036.58400", "2011-12-31": "2950.84900", "2010-12-31": "3187.25000", "2009-12-31": "3243.78600", "2008-12-31": "3505.46000", "2007-12-31": "3419.56600", "2006-12-31": "2631.58800", "2005-12-31": "2274.04700"}, "Cost Of Goods Sold": {"2020-12-31": "423.00000", "2019-12-31": "988.00000", "2018-12-31": "760.00000", "2017-12-31": "431.00000", "2016-12-31": "263.00000", "2015-12-31": "164.00000", "2014-12-31": "139.32100", "2013-12-31": "156.02900", "2012-12-31": "219.73900", "2011-12-31": "341.05600", "2010-12-31": "526.58700", "2009-12-31": "813.85500", "2008-12-31": "1266.63100", "2007-12-31": "1441.45100", "2006-12-31": "1051.34200", "2005-12-31": "679.35400"}, "Gross Profit": {"2020-12-31": "4815.00000", "2019-12-31": "4667.00000", "2018-12-31": "4510.00000", "2017-12-31": "4309.00000", "2016-12-31": "3519.00000", "2015-12-31": "2990.00000", "2014-12-31": "2816.32000", "2013-12-31": "2716.80400", "2012-12-31": "2816.84500", "2011-12-31": "2609.79300", "2010-12-31": "2660.66300", "2009-12-31": "2429.93100", "2008-12-31": "2238.82900", "2007-12-31": "1978.11500", "2006-12-31": "1580.24600", "2005-12-31": "1594.69300"}, "Research And Development Expenses": {"2020-12-31": "", "2019-12-31": "", "2018-12-31": "", "2017-12-31": "", "2016-12-31": "", "2015-12-31": "", "2014-12-31": "", "2013-12-31": "", "2012-12-31": "", "2011-12-31": "", "2010-12-31": "", "2009-12-31": "", "2008-12-31": "", "2007-12-31": "", "2006-12-31": "", "2005-12-31": ""}, "SG&A Expenses": {"2020-12-31": "3802.00000", "2019-12-31": "2959.00000", "2018-12-31": "2829.00000", "2017-12-31": "2859.00000", "2016-12-31": "2569.00000", "2015-12-31": "2048.00000", "2014-12-31": "1924.05800", "2013-12-31": "1806.68400", "2012-12-31": "1936.71500", "2011-12-31": "1849.24100", "2010-12-31": "2247.87400", "2009-12-31": "3432.86300", "2008-12-31": "2457.94300", "2007-12-31": "1910.32100", "2006-12-31": "1056.22300", "2005-12-31": "1050.29000"}, "Other Operating Income Or Expenses": {"2020-12-31": "", "2019-12-31": "", "2018-12-31": "", "2017-12-31": "", "2016-12-31": "", "2015-12-31": "", "2014-12-31": "", "2013-12-31": "", "2012-12-31": "", "2011-12-31": "", "2010-12-31": "", "2009-12-31": "", "2008-12-31": "", "2007-12-31": "", "2006-12-31": "", "2005-12-31": ""}, "Operating Expenses": {"2020-12-31": "4266.00000", "2019-12-31": "3996.00000", "2018-12-31": "3642.00000", "2017-12-31": "3346.00000", "2016-12-31": "2862.00000", "2015-12-31": "2240.00000", "2014-12-31": "2102.65600", "2013-12-31": "2004.07700", "2012-12-31": "2203.00300", "2011-12-31": "2243.61500", "2010-12-31": "2834.93900", "2009-12-31": "6921.96900", "2008-12-31": "3801.46800", "2007-12-31": "3396.92300", "2006-12-31": "2117.52700", "2005-12-31": "1730.47300"}, "Operating Income": {"2020-12-31": "972.00000", "2019-12-31": "1659.00000", "2018-12-31": "1628.00000", "2017-12-31": "1394.00000", "2016-12-31": "920.00000", "2015-12-31": "914.00000", "2014-12-31": "852.98510", "2013-12-31": "868.75590", "2012-12-31": "833.58080", "2011-12-31": "707.23390", "2010-12-31": "352.31100", "2009-12-31": "-3678.18300", "2008-12-31": "-296.00830", "2007-12-31": "22.64260", "2006-12-31": "514.06080", "2005-12-31": "543.57400"}, "Total Non-Operating Income/Expense": {"2020-12-31": "", "2019-12-31": "", "2018-12-31": "", "2017-12-31": "", "2016-12-31": "", "2015-12-31": "", "2014-12-31": "", "2013-12-31": "", "2012-12-31": "", "2011-12-31": "", "2010-12-31": "", "2009-12-31": "", "2008-12-31": "", "2007-12-31": "", "2006-12-31": "", "2005-12-31": ""}, "Pre-Tax Income": {"2020-12-31": "972.00000", "2019-12-31": "1659.00000", "2018-12-31": "1628.00000", "2017-12-31": "1394.00000", "2016-12-31": "920.00000", "2015-12-31": "914.00000", "2014-12-31": "852.98500", "2013-12-31": "868.75600", "2012-12-31": "833.58100", "2011-12-31": "707.23400", "2010-12-31": "352.31100", "2009-12-31": "-3678.18300", "2008-12-31": "-296.00800", "2007-12-31": "22.64300", "2006-12-31": "514.06100", "2005-12-31": "543.57400"}, "Income Taxes": {"2020-12-31": "155.00000", "2019-12-31": "248.00000", "2018-12-31": "235.00000", "2017-12-31": "208.00000", "2016-12-31": "208.00000", "2015-12-31": "221.00000", "2014-12-31": "220.59300", "2013-12-31": "227.47400", "2012-12-31": "202.29100", "2011-12-31": "164.62100", "2010-12-31": "39.96400", "2009-12-31": "-584.00400", "2008-12-31": "-182.20200", "2007-12-31": "-52.52600", "2006-12-31": "52.84000", "2005-12-31": "131.48300"}, "Income After Taxes": {"2020-12-31": "817.00000", "2019-12-31": "1411.00000", "2018-12-31": "1393.00000", "2017-12-31": "1186.00000", "2016-12-31": "712.00000", "2015-12-31": "693.00000", "2014-12-31": "632.39200", "2013-12-31": "641.28200", "2012-12-31": "631.29000", "2011-12-31": "542.61300", "2010-12-31": "312.34700", "2009-12-31": "-3094.17900", "2008-12-31": "-113.80600", "2007-12-31": "75.16900", "2006-12-31": "461.22100", "2005-12-31": "412.09100"}, "Other Income": {"2020-12-31": "", "2019-12-31": "", "2018-12-31": "", "2017-12-31": "", "2016-12-31": "", "2015-12-31": "", "2014-12-31": "", "2013-12-31": "", "2012-12-31": "", "2011-12-31": "", "2010-12-31": "", "2009-12-31": "", "2008-12-31": "", "2007-12-31": "", "2006-12-31": "", "2005-12-31": ""}, "Income From Continuous Operations": {"2020-12-31": "817.00000", "2019-12-31": "1411.00000", "2018-12-31": "1393.00000", "2017-12-31": "1186.00000", "2016-12-31": "712.00000", "2015-12-31": "693.00000", "2014-12-31": "632.39200", "2013-12-31": "641.28200", "2012-12-31": "631.29000", "2011-12-31": "542.61300", "2010-12-31": "312.34700", "2009-12-31": "-3094.17900", "2008-12-31": "-113.80600", "2007-12-31": "75.16900", "2006-12-31": "461.22100", "2005-12-31": "412.09100"}, "Income From Discontinued Operations": {"2020-12-31": "", "2019-12-31": "", "2018-12-31": "", "2017-12-31": "", "2016-12-31": "", "2015-12-31": "", "2014-12-31": "", "2013-12-31": "", "2012-12-31": "", "2011-12-31": "", "2010-12-31": "", "2009-12-31": "", "2008-12-31": "", "2007-12-31": "", "2006-12-31": "", "2005-12-31": ""}, "Net Income": {"2020-12-31": "717.00000", "2019-12-31": "1337.00000", "2018-12-31": "1323.00000", "2017-12-31": "1110.00000", "2016-12-31": "647.00000", "2015-12-31": "661.00000", "2014-12-31": "600.53800", "2013-12-31": "609.41300", "2012-12-31": "599.30100", "2011-12-31": "511.80000", "2010-12-31": "140.31500", "2009-12-31": "-3268.93500", "2008-12-31": "-160.20600", "2007-12-31": "75.16900", "2006-12-31": "461.22100", "2005-12-31": "412.09100"}, "EBITDA": {"2020-12-31": "", "2019-12-31": "", "2018-12-31": "", "2017-12-31": "", "2016-12-31": "", "2015-12-31": "", "2014-12-31": "", "2013-12-31": "", "2012-12-31": "", "2011-12-31": "", "2010-12-31": "", "2009-12-31": "", "2008-12-31": "", "2007-12-31": "", "2006-12-31": "", "2005-12-31": ""}, "EBIT": {"2020-12-31": "", "2019-12-31": "", "2018-12-31": "", "2017-12-31": "", "2016-12-31": "", "2015-12-31": "", "2014-12-31": "", "2013-12-31": "", "2012-12-31": "", "2011-12-31": "", "2010-12-31": "", "2009-12-31": "", "2008-12-31": "", "2007-12-31": "", "2006-12-31": "", "2005-12-31": ""}, "Basic Shares Outstanding": {"2020-12-31": "1017.00000", "2019-12-31": "1038.84000", "2018-12-31": "1081.54200", "2017-12-31": "1084.68600", "2016-12-31": "904.43800", "2015-12-31": "803.41200", "2014-12-31": "819.91700", "2013-12-31": "834.20500", "2012-12-31": "857.96200", "2011-12-31": "863.69100", "2010-12-31": "726.93400", "2009-12-31": "532.80200", "2008-12-31": "366.15500", "2007-12-31": "300.90800", "2006-12-31": "236.69900", "2005-12-31": "230.14200"}, "Shares Outstanding": {"2020-12-31": "1033.00000", "2019-12-31": "1056.07900", "2018-12-31": "1105.98500", "2017-12-31": "1136.18600", "2016-12-31": "918.79000", "2015-12-31": "817.12900", "2014-12-31": "833.08100", "2013-12-31": "843.97400", "2012-12-31": "863.40200", "2011-12-31": "867.62400", "2010-12-31": "729.53200", "2009-12-31": "532.80200", "2008-12-31": "366.15500", "2007-12-31": "303.45500", "2006-12-31": "239.92000", "2005-12-31": "233.47500"}, "Basic EPS": {"2020-12-31": "0.71000", "2019-12-31": "1.29000", "2018-12-31": "1.22000", "2017-12-31": "1.02000", "2016-12-31": "0.72000", "2015-12-31": "0.82000", "2014-12-31": "0.73000", "2013-12-31": "0.73000", "2012-12-31": "0.70000", "2011-12-31": "0.59000", "2010-12-31": "0.19000", "2009-12-31": "-6.14000", "2008-12-31": "-0.44000", "2007-12-31": "0.25000", "2006-12-31": "1.95000", "2005-12-31": "1.79000"}, "EPS - Earnings Per Share": {"2020-12-31": "0.69000", "2019-12-31": "1.27000", "2018-12-31": "1.20000", "2017-12-31": "1.00000", "2016-12-31": "0.70000", "2015-12-31": "0.81000", "2014-12-31": "0.72000", "2013-12-31": "0.72000", "2012-12-31": "0.69000", "2011-12-31": "0.59000", "2010-12-31": "0.19000", "2009-12-31": "-6.14000", "2008-12-31": "-0.44000", "2007-12-31": "0.25000", "2006-12-31": "1.92000", "2005-12-31": "1.77000"}}, "income statement, quarterly": {"Revenue": {"2020-12-31": "1287.00000", "2020-09-30": "1322.00000", "2020-06-30": "1293.00000", "2020-03-31": "1336.00000", "2019-12-31": "1383.00000", "2019-09-30": "1441.00000", "2019-06-30": "1442.00000", "2019-03-31": "1389.00000", "2018-12-31": "1385.00000", "2018-09-30": "1349.00000", "2018-06-30": "1308.00000", "2018-03-31": "1228.00000", "2017-12-31": "1234.00000", "2017-09-30": "1203.00000", "2017-06-30": "1171.00000", "2017-03-31": "1132.00000", "2016-12-31": "1149.35100", "2016-09-30": "996.76100", "2016-06-30": "836.77000", "2016-03-31": "799.11800", "2015-12-31": "817.11710", "2015-09-30": "791.59600", "2015-06-30": "811.56800", "2015-03-31": "733.71900", "2014-12-31": "740.90330", "2014-09-30": "748.40900", "2014-06-30": "745.38900", "2014-03-31": "720.94000", "2013-12-31": "719.71610", "2013-09-30": "716.67900", "2013-06-30": "714.50100", "2013-03-31": "721.93700", "2012-12-31": "785.10990", "2012-09-30": "744.85400", "2012-06-30": "741.36300", "2012-03-31": "765.25700", "2011-12-31": "714.56790", "2011-09-30": "749.55500", "2011-06-30": "747.90400", "2011-03-31": "738.82200", "2010-12-31": "792.51100", "2010-09-30": "801.81200", "2010-06-30": "805.29600", "2010-03-31": "787.63100", "2009-12-31": "795.88020", "2009-09-30": "809.89800", "2009-06-30": "828.94900", "2009-03-31": "809.05900", "2008-12-31": "729.60700", "2008-09-30": "853.58500", "2008-06-30": "933.10500", "2008-03-31": "989.16300", "2007-12-31": "984.95680", "2007-09-30": "1055.82900", "2007-06-30": "698.65400", "2007-03-31": "680.12600", "2006-12-31": "685.44700", "2006-09-30": "636.89790", "2006-06-30": "684.92200", "2006-03-31": "624.32100", "2005-12-31": "589.79790", "2005-09-30": "581.59800", "2005-06-30": "558.49600", "2005-03-31": "544.15500"}, "Cost Of Goods Sold": {"2020-12-31": "53.00000", "2020-09-30": "75.00000", "2020-06-30": "110.00000", "2020-03-31": "185.00000", "2019-12-31": "231.00000", "2019-09-30": "253.00000", "2019-06-30": "256.00000", "2019-03-31": "248.00000", "2018-12-31": "223.00000", "2018-09-30": "205.00000", "2018-06-30": "188.00000", "2018-03-31": "144.00000", "2017-12-31": "125.00000", "2017-09-30": "115.00000", "2017-06-30": "101.00000", "2017-03-31": "90.00000", "2016-12-31": "80.08200", "2016-09-30": "68.95600", "2016-06-30": "59.77700", "2016-03-31": "54.18500", "2015-12-31": "47.45800", "2015-09-30": "43.02200", "2015-06-30": "39.10900", "2015-03-31": "34.41100", "2014-12-31": "34.37300", "2014-09-30": "34.72500", "2014-06-30": "35.27400", "2014-03-31": "34.94900", "2013-12-31": "39.17500", "2013-09-30": "38.06000", "2013-06-30": "37.64500", "2013-03-31": "41.14900", "2012-12-31": "44.94000", "2012-09-30": "53.48900", "2012-06-30": "58.58200", "2012-03-31": "62.72800", "2011-12-31": "70.19100", "2011-09-30": "84.51800", "2011-06-30": "88.80000", "2011-03-31": "97.54700", "2010-12-31": "112.99700", "2010-09-30": "124.70700", "2010-06-30": "135.99700", "2010-03-31": "152.88600", "2009-12-31": "177.27100", "2009-09-30": "191.02700", "2009-06-30": "213.10500", "2009-03-31": "232.45200", "2008-12-31": "286.14300", "2008-09-30": "297.09200", "2008-06-30": "306.80900", "2008-03-31": "376.58700", "2007-12-31": "431.46510", "2007-09-30": "441.52200", "2007-06-30": "289.07000", "2007-03-31": "279.39400", "2006-12-31": "286.85210", "2006-09-30": "283.67500", "2006-06-30": "259.70800", "2006-03-31": "221.10700", "2005-12-31": "198.80000", "2005-09-30": "179.22100", "2005-06-30": "160.42600", "2005-03-31": "140.90700"}, "Gross Profit": {"2020-12-31": "1234.00000", "2020-09-30": "1247.00000", "2020-06-30": "1183.00000", "2020-03-31": "1151.00000", "2019-12-31": "1152.00000", "2019-09-30": "1188.00000", "2019-06-30": "1186.00000", "2019-03-31": "1141.00000", "2018-12-31": "1162.00000", "2018-09-30": "1144.00000", "2018-06-30": "1120.00000", "2018-03-31": "1084.00000", "2017-12-31": "1109.00000", "2017-09-30": "1088.00000", "2017-06-30": "1070.00000", "2017-03-31": "1042.00000", "2016-12-31": "1069.26900", "2016-09-30": "927.80500", "2016-06-30": "776.99300", "2016-03-31": "744.93300", "2015-12-31": "769.65910", "2015-09-30": "748.57400", "2015-06-30": "772.45900", "2015-03-31": "699.30800", "2014-12-31": "706.53030", "2014-09-30": "713.68400", "2014-06-30": "710.11500", "2014-03-31": "685.99100", "2013-12-31": "680.54110", "2013-09-30": "678.61900", "2013-06-30": "676.85600", "2013-03-31": "680.78800", "2012-12-31": "740.16990", "2012-09-30": "691.36500", "2012-06-30": "682.78100", "2012-03-31": "702.52900", "2011-12-31": "644.37690", "2011-09-30": "665.03700", "2011-06-30": "659.10400", "2011-03-31": "641.27500", "2010-12-31": "679.51400", "2010-09-30": "677.10500", "2010-06-30": "669.29900", "2010-03-31": "634.74500", "2009-12-31": "618.60930", "2009-09-30": "618.87100", "2009-06-30": "615.84410", "2009-03-31": "576.60690", "2008-12-31": "443.46400", "2008-09-30": "556.49300", "2008-06-30": "626.29600", "2008-03-31": "612.57600", "2007-12-31": "553.49170", "2007-09-30": "614.30700", "2007-06-30": "409.58400", "2007-03-31": "400.73200", "2006-12-31": "398.59490", "2006-09-30": "353.22300", "2006-06-30": "425.21400", "2006-03-31": "403.21400", "2005-12-31": "390.99790", "2005-09-30": "402.37700", "2005-06-30": "398.07000", "2005-03-31": "403.24800"}, "Research And Development Expenses": {"2020-12-31": "", "2020-09-30": "", "2020-06-30": "", "2020-03-31": "", "2019-12-31": "", "2019-09-30": "", "2019-06-30": "", "2019-03-31": "", "2018-12-31": "", "2018-09-30": "", "2018-06-30": "", "2018-03-31": "", "2017-12-31": "", "2017-09-30": "", "2017-06-30": "", "2017-03-31": "", "2016-12-31": "", "2016-09-30": "", "2016-06-30": "", "2016-03-31": "", "2015-12-31": "", "2015-09-30": "", "2015-06-30": "", "2015-03-31": "", "2014-12-31": "", "2014-09-30": "", "2014-06-30": "", "2014-03-31": "", "2013-12-31": "", "2013-09-30": "", "2013-06-30": "", "2013-03-31": "", "2012-12-31": "", "2012-09-30": "", "2012-06-30": "", "2012-03-31": "", "2011-12-31": "", "2011-09-30": "", "2011-06-30": "", "2011-03-31": "", "2010-12-31": "", "2010-09-30": "", "2010-06-30": "", "2010-03-31": "", "2009-12-31": "", "2009-09-30": "", "2009-06-30": "", "2009-03-31": "", "2008-12-31": "", "2008-09-30": "", "2008-06-30": "", "2008-03-31": "", "2007-12-31": "", "2007-09-30": "", "2007-06-30": "", "2007-03-31": "", "2006-12-31": "", "2006-09-30": "", "2006-06-30": "", "2006-03-31": "", "2005-12-31": "", "2005-09-30": "", "2005-06-30": "", "2005-03-31": ""}, "SG&A Expenses": {"2020-12-31": "849.00000", "2020-09-30": "879.00000", "2020-06-30": "992.00000", "2020-03-31": "1082.00000", "2019-12-31": "768.00000", "2019-09-30": "737.00000", "2019-06-30": "747.00000", "2019-03-31": "707.00000", "2018-12-31": "758.00000", "2018-09-30": "691.00000", "2018-06-30": "695.00000", "2018-03-31": "685.00000", "2017-12-31": "684.00000", "2017-09-30": "709.00000", "2017-06-30": "705.00000", "2017-03-31": "761.00000", "2016-12-31": "742.47410", "2016-09-30": "767.00600", "2016-06-30": "544.57010", "2016-03-31": "514.95000", "2015-12-31": "531.45100", "2015-09-30": "545.07100", "2015-06-30": "502.23600", "2015-03-31": "469.24200", "2014-12-31": "475.11210", "2014-09-30": "494.98500", "2014-06-30": "478.50100", "2014-03-31": "475.46000", "2013-12-31": "460.02000", "2013-09-30": "424.37400", "2013-06-30": "460.22500", "2013-03-31": "462.06500", "2012-12-31": "512.47710", "2012-09-30": "483.87600", "2012-06-30": "468.84890", "2012-03-31": "485.55110", "2011-12-31": "475.38700", "2011-09-30": "469.31700", "2011-06-30": "450.82000", "2011-03-31": "466.71400", "2010-12-31": "506.52000", "2010-09-30": "531.32400", "2010-06-30": "592.07500", "2010-03-31": "617.95500", "2009-12-31": "1199.52600", "2009-09-30": "859.23800", "2009-06-30": "732.34090", "2009-03-31": "641.75810", "2008-12-31": "1071.07800", "2008-09-30": "444.92500", "2008-06-30": "479.28900", "2008-03-31": "440.21400", "2007-12-31": "902.50290", "2007-09-30": "407.62100", "2007-06-30": "302.26900", "2007-03-31": "268.95800", "2006-12-31": "280.54100", "2006-09-30": "253.69000", "2006-06-30": "265.11200", "2006-03-31": "256.88000", "2005-12-31": "260.96800", "2005-09-30": "250.54800", "2005-06-30": "260.82700", "2005-03-31": "277.94700"}, "Other Operating Income Or Expenses": {"2020-12-31": "", "2020-09-30": "", "2020-06-30": "", "2020-03-31": "", "2019-12-31": "", "2019-09-30": "", "2019-06-30": "", "2019-03-31": "", "2018-12-31": "", "2018-09-30": "", "2018-06-30": "", "2018-03-31": "", "2017-12-31": "", "2017-09-30": "", "2017-06-30": "", "2017-03-31": "", "2016-12-31": "", "2016-09-30": "", "2016-06-30": "", "2016-03-31": "", "2015-12-31": "", "2015-09-30": "", "2015-06-30": "", "2015-03-31": "", "2014-12-31": "", "2014-09-30": "", "2014-06-30": "", "2014-03-31": "", "2013-12-31": "", "2013-09-30": "", "2013-06-30": "", "2013-03-31": "", "2012-12-31": "", "2012-09-30": "", "2012-06-30": "", "2012-03-31": "", "2011-12-31": "", "2011-09-30": "", "2011-06-30": "", "2011-03-31": "", "2010-12-31": "", "2010-09-30": "", "2010-06-30": "", "2010-03-31": "", "2009-12-31": "", "2009-09-30": "", "2009-06-30": "", "2009-03-31": "", "2008-12-31": "", "2008-09-30": "", "2008-06-30": "", "2008-03-31": "", "2007-12-31": "", "2007-09-30": "", "2007-06-30": "", "2007-03-31": "", "2006-12-31": "", "2006-09-30": "", "2006-06-30": "", "2006-03-31": "", "2005-12-31": "", "2005-09-30": "", "2005-06-30": "", "2005-03-31": ""}, "Operating Expenses": {"2020-12-31": "912.00000", "2020-09-30": "964.00000", "2020-06-30": "1112.00000", "2020-03-31": "1278.00000", "2019-12-31": "1011.00000", "2019-09-30": "1002.00000", "2019-06-30": "1015.00000", "2019-03-31": "968.00000", "2018-12-31": "994.00000", "2018-09-30": "909.00000", "2018-06-30": "896.00000", "2018-03-31": "843.00000", "2017-12-31": "823.00000", "2017-09-30": "838.00000", "2017-06-30": "820.00000", "2017-03-31": "865.00000", "2016-12-31": "836.19810", "2016-09-30": "845.00800", "2016-06-30": "607.94710", "2016-03-31": "572.84700", "2015-12-31": "582.83010", "2015-09-30": "592.00600", "2015-06-30": "551.30490", "2015-03-31": "513.85890", "2014-12-31": "520.13810", "2014-09-30": "539.52300", "2014-06-30": "523.29500", "2014-03-31": "519.70000", "2013-12-31": "509.51500", "2013-09-30": "472.79600", "2013-06-30": "508.23200", "2013-03-31": "513.53400", "2012-12-31": "569.06410", "2012-09-30": "548.79600", "2012-06-30": "539.37100", "2012-03-31": "559.81010", "2011-12-31": "558.75290", "2011-09-30": "567.22200", "2011-06-30": "553.00600", "2011-03-31": "577.63100", "2010-12-31": "634.56300", "2010-09-30": "671.17600", "2010-06-30": "743.21300", "2010-03-31": "785.98700", "2009-12-31": "1393.85700", "2009-09-30": "1067.26000", "2009-06-30": "966.79390", "2009-03-31": "3494.05800", "2008-12-31": "1376.40800", "2008-09-30": "761.48000", "2008-06-30": "805.42500", "2008-03-31": "835.71800", "2007-12-31": "1354.13100", "2007-09-30": "869.09200", "2007-06-30": "593.85800", "2007-03-31": "550.87200", "2006-12-31": "570.38610", "2006-09-30": "540.26700", "2006-06-30": "527.81200", "2006-03-31": "479.06200", "2005-12-31": "459.98600", "2005-09-30": "429.97200", "2005-06-30": "421.45700", "2005-03-31": "419.05800"}, "Operating Income": {"2020-12-31": "375.00000", "2020-09-30": "358.00000", "2020-06-30": "181.00000", "2020-03-31": "58.00000", "2019-12-31": "372.00000", "2019-09-30": "439.00000", "2019-06-30": "427.00000", "2019-03-31": "421.00000", "2018-12-31": "391.00000", "2018-09-30": "440.00000", "2018-06-30": "412.00000", "2018-03-31": "385.00000", "2017-12-31": "411.00000", "2017-09-30": "365.00000", "2017-06-30": "351.00000", "2017-03-31": "267.00000", "2016-12-31": "313.15300", "2016-09-30": "151.75300", "2016-06-30": "228.82290", "2016-03-31": "226.27090", "2015-12-31": "234.28700", "2015-09-30": "199.59000", "2015-06-30": "260.26310", "2015-03-31": "219.86000", "2014-12-31": "220.76510", "2014-09-30": "208.88600", "2014-06-30": "222.09390", "2014-03-31": "201.24000", "2013-12-31": "210.20100", "2013-09-30": "243.88300", "2013-06-30": "206.26900", "2013-03-31": "208.40300", "2012-12-31": "216.04580", "2012-09-30": "196.05800", "2012-06-30": "201.99210", "2012-03-31": "205.44700", "2011-12-31": "155.81490", "2011-09-30": "182.33290", "2011-06-30": "194.89790", "2011-03-31": "161.19100", "2010-12-31": "157.94800", "2010-09-30": "130.63600", "2010-06-30": "62.08300", "2010-03-31": "1.64400", "2009-12-31": "-597.97660", "2009-09-30": "-257.36200", "2009-06-30": "-137.84490", "2009-03-31": "-2684.99900", "2008-12-31": "-646.80110", "2008-09-30": "92.10500", "2008-06-30": "127.68000", "2008-03-31": "153.44500", "2007-12-31": "-369.17420", "2007-09-30": "186.73700", "2007-06-30": "104.79600", "2007-03-31": "129.25400", "2006-12-31": "115.06090", "2006-09-30": "96.63100", "2006-06-30": "157.11000", "2006-03-31": "145.25900", "2005-12-31": "129.81180", "2005-09-30": "151.62600", "2005-06-30": "137.03890", "2005-03-31": "125.09700"}, "Total Non-Operating Income/Expense": {"2020-12-31": "", "2020-09-30": "", "2020-06-30": "", "2020-03-31": "", "2019-12-31": "", "2019-09-30": "", "2019-06-30": "", "2019-03-31": "", "2018-12-31": "", "2018-09-30": "", "2018-06-30": "", "2018-03-31": "", "2017-12-31": "", "2017-09-30": "", "2017-06-30": "", "2017-03-31": "", "2016-12-31": "", "2016-09-30": "", "2016-06-30": "", "2016-03-31": "", "2015-12-31": "", "2015-09-30": "", "2015-06-30": "", "2015-03-31": "", "2014-12-31": "", "2014-09-30": "", "2014-06-30": "", "2014-03-31": "", "2013-12-31": "", "2013-09-30": "", "2013-06-30": "", "2013-03-31": "", "2012-12-31": "", "2012-09-30": "", "2012-06-30": "", "2012-03-31": "", "2011-12-31": "", "2011-09-30": "", "2011-06-30": "", "2011-03-31": "", "2010-12-31": "", "2010-09-30": "", "2010-06-30": "", "2010-03-31": "", "2009-12-31": "", "2009-09-30": "", "2009-06-30": "", "2009-03-31": "", "2008-12-31": "", "2008-09-30": "", "2008-06-30": "", "2008-03-31": "", "2007-12-31": "", "2007-09-30": "", "2007-06-30": "", "2007-03-31": "", "2006-12-31": "", "2006-09-30": "", "2006-06-30": "", "2006-03-31": "", "2005-12-31": "", "2005-09-30": "", "2005-06-30": "", "2005-03-31": ""}, "Pre-Tax Income": {"2020-12-31": "375.00000", "2020-09-30": "358.00000", "2020-06-30": "181.00000", "2020-03-31": "58.00000", "2019-12-31": "372.00000", "2019-09-30": "439.00000", "2019-06-30": "427.00000", "2019-03-31": "421.00000", "2018-12-31": "391.00000", "2018-09-30": "440.00000", "2018-06-30": "412.00000", "2018-03-31": "385.00000", "2017-12-31": "411.00000", "2017-09-30": "365.00000", "2017-06-30": "351.00000", "2017-03-31": "267.00000", "2016-12-31": "313.15300", "2016-09-30": "151.75300", "2016-06-30": "228.82300", "2016-03-31": "226.27100", "2015-12-31": "234.28700", "2015-09-30": "199.59000", "2015-06-30": "260.26300", "2015-03-31": "219.86000", "2014-12-31": "220.76500", "2014-09-30": "208.88600", "2014-06-30": "222.09400", "2014-03-31": "201.24000", "2013-12-31": "210.20100", "2013-09-30": "243.88300", "2013-06-30": "206.26900", "2013-03-31": "208.40300", "2012-12-31": "230.08400", "2012-09-30": "196.05800", "2012-06-30": "201.99200", "2012-03-31": "205.44700", "2011-12-31": "168.81200", "2011-09-30": "182.33300", "2011-06-30": "194.89800", "2011-03-31": "161.19100", "2010-12-31": "157.94800", "2010-09-30": "130.63600", "2010-06-30": "62.08300", "2010-03-31": "1.64400", "2009-12-31": "-597.97710", "2009-09-30": "-257.36200", "2009-06-30": "-137.84500", "2009-03-31": "-2684.99900", "2008-12-31": "-669.23800", "2008-09-30": "92.10500", "2008-06-30": "127.68000", "2008-03-31": "153.44500", "2007-12-31": "-398.14400", "2007-09-30": "186.73700", "2007-06-30": "104.79600", "2007-03-31": "129.25400", "2006-12-31": "115.06100", "2006-09-30": "96.63100", "2006-06-30": "157.11000", "2006-03-31": "145.25900", "2005-12-31": "129.81200", "2005-09-30": "151.62600", "2005-06-30": "137.03900", "2005-03-31": "125.09700"}, "Income Taxes": {"2020-12-31": "59.00000", "2020-09-30": "55.00000", "2020-06-30": "31.00000", "2020-03-31": "10.00000", "2019-12-31": "55.00000", "2019-09-30": "67.00000", "2019-06-30": "63.00000", "2019-03-31": "63.00000", "2018-12-31": "57.00000", "2018-09-30": "62.00000", "2018-06-30": "57.00000", "2018-03-31": "59.00000", "2017-12-31": "-20.00000", "2017-09-30": "90.00000", "2017-06-30": "79.00000", "2017-03-31": "59.00000", "2016-12-31": "74.01100", "2016-09-30": "24.74900", "2016-06-30": "54.28300", "2016-03-31": "54.95700", "2015-12-31": "55.93500", "2015-09-30": "47.00200", "2015-06-30": "64.05700", "2015-03-31": "54.00600", "2014-12-31": "57.15100", "2014-09-30": "53.87000", "2014-06-30": "57.47500", "2014-03-31": "52.09700", "2013-12-31": "52.02900", "2013-09-30": "65.04700", "2013-06-30": "55.26900", "2013-03-31": "55.12900", "2012-12-31": "72.53700", "2012-09-30": "28.29100", "2012-06-30": "49.28600", "2012-03-31": "52.17700", "2011-12-31": "41.95400", "2011-09-30": "38.94200", "2011-06-30": "48.98000", "2011-03-31": "34.74500", "2010-12-31": "35.04800", "2010-09-30": "29.69000", "2010-06-30": "13.31900", "2010-03-31": "-38.09300", "2009-12-31": "-228.29000", "2009-09-30": "-91.17200", "2009-06-30": "-12.75000", "2009-03-31": "-251.79200", "2008-12-31": "-251.94900", "2008-09-30": "17.04200", "2008-06-30": "26.32800", "2008-03-31": "26.37700", "2007-12-31": "-158.86400", "2007-09-30": "48.53500", "2007-06-30": "24.27500", "2007-03-31": "33.52800", "2006-12-31": "27.34600", "2006-09-30": "-60.81500", "2006-06-30": "45.50600", "2006-03-31": "40.80300", "2005-12-31": "29.23900", "2005-09-30": "43.05200", "2005-06-30": "30.61400", "2005-03-31": "28.57800"}, "Income After Taxes": {"2020-12-31": "316.00000", "2020-09-30": "303.00000", "2020-06-30": "150.00000", "2020-03-31": "48.00000", "2019-12-31": "317.00000", "2019-09-30": "372.00000", "2019-06-30": "364.00000", "2019-03-31": "358.00000", "2018-12-31": "334.00000", "2018-09-30": "378.00000", "2018-06-30": "355.00000", "2018-03-31": "326.00000", "2017-12-31": "431.00000", "2017-09-30": "275.00000", "2017-06-30": "272.00000", "2017-03-31": "208.00000", "2016-12-31": "239.14200", "2016-09-30": "127.00400", "2016-06-30": "174.54000", "2016-03-31": "171.31400", "2015-12-31": "178.35200", "2015-09-30": "152.58800", "2015-06-30": "196.20600", "2015-03-31": "165.85400", "2014-12-31": "163.61400", "2014-09-30": "155.01600", "2014-06-30": "164.61900", "2014-03-31": "149.14300", "2013-12-31": "158.17200", "2013-09-30": "178.83600", "2013-06-30": "151.00000", "2013-03-31": "153.27400", "2012-12-31": "157.54700", "2012-09-30": "167.76700", "2012-06-30": "152.70600", "2012-03-31": "153.27000", "2011-12-31": "126.85800", "2011-09-30": "143.39100", "2011-06-30": "145.91800", "2011-03-31": "126.44600", "2010-12-31": "122.90000", "2010-09-30": "100.94600", "2010-06-30": "48.76400", "2010-03-31": "39.73700", "2009-12-31": "-369.68730", "2009-09-30": "-166.19000", "2009-06-30": "-125.09500", "2009-03-31": "-2433.20700", "2008-12-31": "-417.28900", "2008-09-30": "75.06300", "2008-06-30": "101.35200", "2008-03-31": "127.06800", "2007-12-31": "-239.28000", "2007-09-30": "138.20200", "2007-06-30": "80.52100", "2007-03-31": "95.72600", "2006-12-31": "87.71500", "2006-09-30": "157.44600", "2006-06-30": "111.60400", "2006-03-31": "104.45600", "2005-12-31": "100.57300", "2005-09-30": "108.57400", "2005-06-30": "106.42500", "2005-03-31": "96.51900"}, "Other Income": {"2020-12-31": "", "2020-09-30": "", "2020-06-30": "", "2020-03-31": "", "2019-12-31": "", "2019-09-30": "", "2019-06-30": "", "2019-03-31": "", "2018-12-31": "", "2018-09-30": "", "2018-06-30": "", "2018-03-31": "", "2017-12-31": "", "2017-09-30": "", "2017-06-30": "", "2017-03-31": "", "2016-12-31": "", "2016-09-30": "", "2016-06-30": "", "2016-03-31": "", "2015-12-31": "", "2015-09-30": "", "2015-06-30": "", "2015-03-31": "", "2014-12-31": "", "2014-09-30": "", "2014-06-30": "", "2014-03-31": "", "2013-12-31": "", "2013-09-30": "", "2013-06-30": "", "2013-03-31": "", "2012-12-31": "", "2012-09-30": "", "2012-06-30": "", "2012-03-31": "", "2011-12-31": "", "2011-09-30": "", "2011-06-30": "", "2011-03-31": "", "2010-12-31": "", "2010-09-30": "", "2010-06-30": "", "2010-03-31": "", "2009-12-31": "", "2009-09-30": "", "2009-06-30": "", "2009-03-31": "", "2008-12-31": "", "2008-09-30": "", "2008-06-30": "", "2008-03-31": "", "2007-12-31": "", "2007-09-30": "", "2007-06-30": "", "2007-03-31": "", "2006-12-31": "", "2006-09-30": "", "2006-06-30": "", "2006-03-31": "", "2005-12-31": "", "2005-09-30": "", "2005-06-30": "", "2005-03-31": ""}, "Income From Continuous Operations": {"2020-12-31": "316.00000", "2020-09-30": "303.00000", "2020-06-30": "150.00000", "2020-03-31": "48.00000", "2019-12-31": "317.00000", "2019-09-30": "372.00000", "2019-06-30": "364.00000", "2019-03-31": "358.00000", "2018-12-31": "334.00000", "2018-09-30": "378.00000", "2018-06-30": "355.00000", "2018-03-31": "326.00000", "2017-12-31": "431.00000", "2017-09-30": "275.00000", "2017-06-30": "272.00000", "2017-03-31": "208.00000", "2016-12-31": "239.14200", "2016-09-30": "127.00400", "2016-06-30": "174.54000", "2016-03-31": "171.31400", "2015-12-31": "178.35200", "2015-09-30": "152.58800", "2015-06-30": "196.20600", "2015-03-31": "165.85400", "2014-12-31": "163.61400", "2014-09-30": "155.01600", "2014-06-30": "164.61900", "2014-03-31": "149.14300", "2013-12-31": "158.17200", "2013-09-30": "178.83600", "2013-06-30": "151.00000", "2013-03-31": "153.27400", "2012-12-31": "157.54700", "2012-09-30": "167.76700", "2012-06-30": "152.70600", "2012-03-31": "153.27000", "2011-12-31": "126.85800", "2011-09-30": "143.39100", "2011-06-30": "145.91800", "2011-03-31": "126.44600", "2010-12-31": "122.90000", "2010-09-30": "100.94600", "2010-06-30": "48.76400", "2010-03-31": "39.73700", "2009-12-31": "-369.68730", "2009-09-30": "-166.19000", "2009-06-30": "-125.09500", "2009-03-31": "-2433.20700", "2008-12-31": "-417.28900", "2008-09-30": "75.06300", "2008-06-30": "101.35200", "2008-03-31": "127.06800", "2007-12-31": "-239.28000", "2007-09-30": "138.20200", "2007-06-30": "80.52100", "2007-03-31": "95.72600", "2006-12-31": "87.71500", "2006-09-30": "157.44600", "2006-06-30": "111.60400", "2006-03-31": "104.45600", "2005-12-31": "100.57300", "2005-09-30": "108.57400", "2005-06-30": "106.42500", "2005-03-31": "96.51900"}, "Income From Discontinued Operations": {"2020-12-31": "", "2020-09-30": "", "2020-06-30": "", "2020-03-31": "", "2019-12-31": "", "2019-09-30": "", "2019-06-30": "", "2019-03-31": "", "2018-12-31": "", "2018-09-30": "", "2018-06-30": "", "2018-03-31": "", "2017-12-31": "", "2017-09-30": "", "2017-06-30": "", "2017-03-31": "", "2016-12-31": "", "2016-09-30": "", "2016-06-30": "", "2016-03-31": "", "2015-12-31": "", "2015-09-30": "", "2015-06-30": "", "2015-03-31": "", "2014-12-31": "", "2014-09-30": "", "2014-06-30": "", "2014-03-31": "", "2013-12-31": "", "2013-09-30": "", "2013-06-30": "", "2013-03-31": "", "2012-12-31": "", "2012-09-30": "", "2012-06-30": "", "2012-03-31": "", "2011-12-31": "", "2011-09-30": "", "2011-06-30": "", "2011-03-31": "", "2010-12-31": "", "2010-09-30": "", "2010-06-30": "", "2010-03-31": "", "2009-12-31": "", "2009-09-30": "", "2009-06-30": "", "2009-03-31": "", "2008-12-31": "", "2008-09-30": "", "2008-06-30": "", "2008-03-31": "", "2007-12-31": "", "2007-09-30": "", "2007-06-30": "", "2007-03-31": "", "2006-12-31": "", "2006-09-30": "", "2006-06-30": "", "2006-03-31": "", "2005-12-31": "", "2005-09-30": "", "2005-06-30": "", "2005-03-31": ""}, "Net Income": {"2020-12-31": "281.00000", "2020-09-30": "275.00000", "2020-06-30": "131.00000", "2020-03-31": "30.00000", "2019-12-31": "298.00000", "2019-09-30": "354.00000", "2019-06-30": "346.00000", "2019-03-31": "339.00000", "2018-12-31": "315.00000", "2018-09-30": "360.00000", "2018-06-30": "334.00000", "2018-03-31": "314.00000", "2017-12-31": "412.00000", "2017-09-30": "256.00000", "2017-06-30": "253.00000", "2017-03-31": "189.00000", "2016-12-31": "220.55100", "2016-09-30": "108.46700", "2016-06-30": "154.66600", "2016-03-31": "163.31600", "2015-12-31": "170.25300", "2015-09-30": "144.62000", "2015-06-30": "188.23800", "2015-03-31": "157.88900", "2014-12-31": "155.65100", "2014-09-30": "147.05200", "2014-06-30": "156.65600", "2014-03-31": "141.17900", "2013-12-31": "150.20700", "2013-09-30": "170.86900", "2013-06-30": "143.03300", "2013-03-31": "145.30400", "2012-12-31": "149.57410", "2012-09-30": "159.78400", "2012-06-30": "144.72200", "2012-03-31": "145.22100", "2011-12-31": "119.15500", "2011-09-30": "135.68800", "2011-06-30": "138.21400", "2011-03-31": "118.74300", "2010-12-31": "39.14600", "2010-09-30": "71.45100", "2010-06-30": "19.33800", "2010-03-31": "10.38000", "2009-12-31": "-398.97610", "2009-09-30": "-195.41300", "2009-06-30": "-182.54600", "2009-03-31": "-2492.00000", "2008-12-31": "-440.44700", "2008-09-30": "62.97200", "2008-06-30": "90.20100", "2008-03-31": "127.06800", "2007-12-31": "-239.28000", "2007-09-30": "138.20200", "2007-06-30": "80.52100", "2007-03-31": "95.72600", "2006-12-31": "87.71500", "2006-09-30": "157.44600", "2006-06-30": "111.60400", "2006-03-31": "104.45600", "2005-12-31": "100.57300", "2005-09-30": "108.57400", "2005-06-30": "106.42500", "2005-03-31": "96.51900"}, "EBITDA": {"2020-12-31": "", "2020-09-30": "", "2020-06-30": "", "2020-03-31": "", "2019-12-31": "", "2019-09-30": "", "2019-06-30": "", "2019-03-31": "", "2018-12-31": "", "2018-09-30": "", "2018-06-30": "", "2018-03-31": "", "2017-12-31": "", "2017-09-30": "", "2017-06-30": "", "2017-03-31": "", "2016-12-31": "", "2016-09-30": "", "2016-06-30": "", "2016-03-31": "", "2015-12-31": "", "2015-09-30": "", "2015-06-30": "", "2015-03-31": "", "2014-12-31": "", "2014-09-30": "", "2014-06-30": "", "2014-03-31": "", "2013-12-31": "", "2013-09-30": "", "2013-06-30": "", "2013-03-31": "", "2012-12-31": "", "2012-09-30": "", "2012-06-30": "", "2012-03-31": "", "2011-12-31": "", "2011-09-30": "", "2011-06-30": "", "2011-03-31": "", "2010-12-31": "", "2010-09-30": "", "2010-06-30": "", "2010-03-31": "", "2009-12-31": "", "2009-09-30": "", "2009-06-30": "", "2009-03-31": "", "2008-12-31": "", "2008-09-30": "", "2008-06-30": "", "2008-03-31": "", "2007-12-31": "", "2007-09-30": "", "2007-06-30": "", "2007-03-31": "", "2006-12-31": "", "2006-09-30": "", "2006-06-30": "", "2006-03-31": "", "2005-12-31": "", "2005-09-30": "", "2005-06-30": "", "2005-03-31": ""}, "EBIT": {"2020-12-31": "", "2020-09-30": "", "2020-06-30": "", "2020-03-31": "", "2019-12-31": "", "2019-09-30": "", "2019-06-30": "", "2019-03-31": "", "2018-12-31": "", "2018-09-30": "", "2018-06-30": "", "2018-03-31": "", "2017-12-31": "", "2017-09-30": "", "2017-06-30": "", "2017-03-31": "", "2016-12-31": "", "2016-09-30": "", "2016-06-30": "", "2016-03-31": "", "2015-12-31": "", "2015-09-30": "", "2015-06-30": "", "2015-03-31": "", "2014-12-31": "", "2014-09-30": "", "2014-06-30": "", "2014-03-31": "", "2013-12-31": "", "2013-09-30": "", "2013-06-30": "", "2013-03-31": "", "2012-12-31": "", "2012-09-30": "", "2012-06-30": "", "2012-03-31": "", "2011-12-31": "", "2011-09-30": "", "2011-06-30": "", "2011-03-31": "", "2010-12-31": "", "2010-09-30": "", "2010-06-30": "", "2010-03-31": "", "2009-12-31": "", "2009-09-30": "", "2009-06-30": "", "2009-03-31": "", "2008-12-31": "", "2008-09-30": "", "2008-06-30": "", "2008-03-31": "", "2007-12-31": "", "2007-09-30": "", "2007-06-30": "", "2007-03-31": "", "2006-12-31": "", "2006-09-30": "", "2006-06-30": "", "2006-03-31": "", "2005-12-31": "", "2005-09-30": "", "2005-06-30": "", "2005-03-31": ""}, "Basic Shares Outstanding": {"2020-12-31": "1017.00000", "2020-09-30": "1017.25300", "2020-06-30": "1016.25900", "2020-03-31": "1017.64300", "2019-12-31": "1038.84000", "2019-09-30": "1034.94000", "2019-06-30": "1044.80200", "2019-03-31": "1046.99500", "2018-12-31": "1081.54200", "2018-09-30": "1084.53600", "2018-06-30": "1103.33700", "2018-03-31": "1083.83600", "2017-12-31": "1084.68600", "2017-09-30": "1086.03800", "2017-06-30": "1088.93400", "2017-03-31": "1086.37400", "2016-12-31": "904.43800", "2016-09-30": "938.57800", "2016-06-30": "798.16700", "2016-03-31": "795.75500", "2015-12-31": "803.41200", "2015-09-30": "800.88300", "2015-06-30": "806.89100", "2015-03-31": "809.77800", "2014-12-31": "819.91700", "2014-09-30": "816.49700", "2014-06-30": "821.54600", "2014-03-31": "829.65900", "2013-12-31": "834.20500", "2013-09-30": "830.39800", "2013-06-30": "834.73000", "2013-03-31": "841.10300", "2012-12-31": "857.96200", "2012-09-30": "857.87100", "2012-06-30": "862.26100", "2012-03-31": "864.49900", "2011-12-31": "863.69100", "2011-09-30": "863.91100", "2011-06-30": "863.35800", "2011-03-31": "863.35900", "2010-12-31": "726.93400", "2010-09-30": "716.91100", "2010-06-30": "716.58000", "2010-03-31": "716.32000", "2009-12-31": "532.80200", "2009-09-30": "589.70800", "2009-06-30": "459.24600", "2009-03-31": "366.91900", "2008-12-31": "366.15500", "2008-09-30": "366.12400", "2008-06-30": "366.20600", "2008-03-31": "366.23500", "2007-12-31": "300.90800", "2007-09-30": "365.89500", "2007-06-30": "236.03200", "2007-03-31": "235.58600", "2006-12-31": "236.69900", "2006-09-30": "237.67200", "2006-06-30": "241.72900", "2006-03-31": "230.96800", "2005-12-31": "230.14200", "2005-09-30": "229.83000", "2005-06-30": "232.21700", "2005-03-31": "231.82400"}, "Shares Outstanding": {"2020-12-31": "1036.00000", "2020-09-30": "1031.46000", "2020-06-30": "1028.68300", "2020-03-31": "1034.57600", "2019-12-31": "1056.07900", "2019-09-30": "1051.27300", "2019-06-30": "1060.28000", "2019-03-31": "1065.63800", "2018-12-31": "1105.98500", "2018-09-30": "1103.74000", "2018-06-30": "1122.61200", "2018-03-31": "1124.77800", "2017-12-31": "1136.18600", "2017-09-30": "1106.49100", "2017-06-30": "1108.52700", "2017-03-31": "1108.61700", "2016-12-31": "918.79000", "2016-09-30": "952.08100", "2016-06-30": "810.37100", "2016-03-31": "808.34900", "2015-12-31": "817.12900", "2015-09-30": "814.32600", "2015-06-30": "820.23800", "2015-03-31": "823.80900", "2014-12-31": "833.08100", "2014-09-30": "829.62300", "2014-06-30": "834.68700", "2014-03-31": "842.67700", "2013-12-31": "843.97400", "2013-09-30": "841.02500", "2013-06-30": "843.84000", "2013-03-31": "848.70800", "2012-12-31": "863.40200", "2012-09-30": "863.58800", "2012-06-30": "867.55100", "2012-03-31": "869.16400", "2011-12-31": "867.62400", "2011-09-30": "867.63300", "2011-06-30": "867.46900", "2011-03-31": "867.23700", "2010-12-31": "729.53200", "2010-09-30": "719.56700", "2010-06-30": "719.38700", "2010-03-31": "718.59300", "2009-12-31": "532.80200", "2009-09-30": "589.70800", "2009-06-30": "459.24600", "2009-03-31": "366.91900", "2008-12-31": "366.15500", "2008-09-30": "367.36100", "2008-06-30": "367.23400", "2008-03-31": "367.20800", "2007-12-31": "303.45500", "2007-09-30": "368.28000", "2007-06-30": "239.00800", "2007-03-31": "238.75400", "2006-12-31": "239.92000", "2006-09-30": "240.89600", "2006-06-30": "244.53800", "2006-03-31": "234.36300", "2005-12-31": "233.47500", "2005-09-30": "233.45600", "2005-06-30": "235.67100", "2005-03-31": "235.05300"}, "Basic EPS": {"2020-12-31": "0.28000", "2020-09-30": "0.27000", "2020-06-30": "0.13000", "2020-03-31": "0.03000", "2019-12-31": "0.30000", "2019-09-30": "0.34000", "2019-06-30": "0.33000", "2019-03-31": "0.32000", "2018-12-31": "0.30000", "2018-09-30": "0.33000", "2018-06-30": "0.30000", "2018-03-31": "0.29000", "2017-12-31": "0.38000", "2017-09-30": "0.24000", "2017-06-30": "0.23000", "2017-03-31": "0.17000", "2016-12-31": "0.20000", "2016-09-30": "0.12000", "2016-06-30": "0.19000", "2016-03-31": "0.21000", "2015-12-31": "0.22000", "2015-09-30": "0.18000", "2015-06-30": "0.23000", "2015-03-31": "0.19000", "2014-12-31": "0.19000", "2014-09-30": "0.18000", "2014-06-30": "0.19000", "2014-03-31": "0.17000", "2013-12-31": "0.18000", "2013-09-30": "0.21000", "2013-06-30": "0.17000", "2013-03-31": "0.17000", "2012-12-31": "0.17000", "2012-09-30": "0.19000", "2012-06-30": "0.17000", "2012-03-31": "0.17000", "2011-12-31": "0.13000", "2011-09-30": "0.16000", "2011-06-30": "0.16000", "2011-03-31": "0.14000", "2010-12-31": "0.05000", "2010-09-30": "0.10000", "2010-06-30": "0.03000", "2010-03-31": "0.01000", "2009-12-31": "1.38000", "2009-09-30": "-0.33000", "2009-06-30": "-0.40000", "2009-03-31": "-6.79000", "2008-12-31": "-1.21000", "2008-09-30": "0.17000", "2008-06-30": "0.25000", "2008-03-31": "0.35000", "2007-12-31": "-0.88000", "2007-09-30": "0.38000", "2007-06-30": "0.34000", "2007-03-31": "0.41000", "2006-12-31": "0.38000", "2006-09-30": "0.66000", "2006-06-30": "0.46000", "2006-03-31": "0.45000", "2005-12-31": "0.44000", "2005-09-30": "0.47000", "2005-06-30": "0.46000", "2005-03-31": "0.42000"}, "EPS - Earnings Per Share": {"2020-12-31": "0.27000", "2020-09-30": "0.27000", "2020-06-30": "0.13000", "2020-03-31": "0.03000", "2019-12-31": "0.28000", "2019-09-30": "0.34000", "2019-06-30": "0.33000", "2019-03-31": "0.32000", "2018-12-31": "0.29000", "2018-09-30": "0.33000", "2018-06-30": "0.30000", "2018-03-31": "0.28000", "2017-12-31": "0.37000", "2017-09-30": "0.23000", "2017-06-30": "0.23000", "2017-03-31": "0.17000", "2016-12-31": "0.20000", "2016-09-30": "0.11000", "2016-06-30": "0.19000", "2016-03-31": "0.20000", "2015-12-31": "0.21000", "2015-09-30": "0.18000", "2015-06-30": "0.23000", "2015-03-31": "0.19000", "2014-12-31": "0.18000", "2014-09-30": "0.18000", "2014-06-30": "0.19000", "2014-03-31": "0.17000", "2013-12-31": "0.18000", "2013-09-30": "0.20000", "2013-06-30": "0.17000", "2013-03-31": "0.17000", "2012-12-31": "0.16000", "2012-09-30": "0.19000", "2012-06-30": "0.17000", "2012-03-31": "0.17000", "2011-12-31": "0.13000", "2011-09-30": "0.16000", "2011-06-30": "0.16000", "2011-03-31": "0.14000", "2010-12-31": "0.05000", "2010-09-30": "0.10000", "2010-06-30": "0.03000", "2010-03-31": "0.01000", "2009-12-31": "1.38000", "2009-09-30": "-0.33000", "2009-06-30": "-0.40000", "2009-03-31": "-6.79000", "2008-12-31": "-1.21000", "2008-09-30": "0.17000", "2008-06-30": "0.25000", "2008-03-31": "0.35000", "2007-12-31": "-0.87000", "2007-09-30": "0.38000", "2007-06-30": "0.34000", "2007-03-31": "0.40000", "2006-12-31": "0.36000", "2006-09-30": "0.65000", "2006-06-30": "0.46000", "2006-03-31": "0.45000", "2005-12-31": "0.44000", "2005-09-30": "0.47000", "2005-06-30": "0.45000", "2005-03-31": "0.41000"}}, "balance sheet": {"Cash On Hand": {"2020-12-31": "6774.00000", "2019-12-31": "1371.00000", "2018-12-31": "2830.00000", "2017-12-31": "1653.00000", "2016-12-31": "1576.00000", "2015-12-31": "935.99100", "2014-12-31": "1327.31500", "2013-12-31": "1093.74800", "2012-12-31": "1424.93200", "2011-12-31": "1252.81000", "2010-12-31": "1168.33000", "2009-12-31": "1924.37600", "2008-12-31": "1225.90600", "2007-12-31": "3382.08100", "2006-12-31": "1630.97100", "2005-12-31": "1071.78600"}, "Receivables": {"2020-12-31": "", "2019-12-31": "", "2018-12-31": "", "2017-12-31": "", "2016-12-31": "", "2015-12-31": "", "2014-12-31": "", "2013-12-31": "", "2012-12-31": "", "2011-12-31": "", "2010-12-31": "", "2009-12-31": "", "2008-12-31": "", "2007-12-31": "", "2006-12-31": "", "2005-12-31": ""}, "Inventory": {"2020-12-31": "", "2019-12-31": "", "2018-12-31": "", "2017-12-31": "", "2016-12-31": "", "2015-12-31": "", "2014-12-31": "", "2013-12-31": "", "2012-12-31": "", "2011-12-31": "", "2010-12-31": "", "2009-12-31": "", "2008-12-31": "", "2007-12-31": "", "2006-12-31": "", "2005-12-31": ""}, "Pre-Paid Expenses": {"2020-12-31": "", "2019-12-31": "", "2018-12-31": "", "2017-12-31": "", "2016-12-31": "", "2015-12-31": "", "2014-12-31": "", "2013-12-31": "", "2012-12-31": "", "2011-12-31": "", "2010-12-31": "", "2009-12-31": "", "2008-12-31": "", "2007-12-31": "", "2006-12-31": "", "2005-12-31": ""}, "Other Current Assets": {"2020-12-31": "", "2019-12-31": "", "2018-12-31": "", "2017-12-31": "", "2016-12-31": "", "2015-12-31": "", "2014-12-31": "", "2013-12-31": "", "2012-12-31": "", "2011-12-31": "", "2010-12-31": "", "2009-12-31": "", "2008-12-31": "", "2007-12-31": "", "2006-12-31": "", "2005-12-31": ""}, "Total Current Assets": {"2020-12-31": "87843.00000", "2019-12-31": "76869.00000", "2018-12-31": "77762.00000", "2017-12-31": "71567.00000", "2016-12-31": "70475.00000", "2015-12-31": "52783.98000", "2014-12-31": "50601.38000", "2013-12-31": "45502.46000", "2012-12-31": "44053.40000", "2011-12-31": "42998.30000", "2010-12-31": "41259.51000", "2009-12-31": "40325.03000", "2008-12-31": "44672.75000", "2007-12-31": "44839.15000", "2006-12-31": "28873.93000", "2005-12-31": "26469.58000"}, "Property, Plant, And Equipment": {"2020-12-31": "757.00000", "2019-12-31": "763.00000", "2018-12-31": "790.00000", "2017-12-31": "864.00000", "2016-12-31": "816.00000", "2015-12-31": "620.54000", "2014-12-31": "616.40700", "2013-12-31": "634.65700", "2012-12-31": "617.25700", "2011-12-31": "564.42900", "2010-12-31": "491.60200", "2009-12-31": "496.02100", "2008-12-31": "519.50000", "2007-12-31": "557.56500", "2006-12-31": "372.77200", "2005-12-31": "360.67700"}, "Long-Term Investments": {"2020-12-31": "25764.00000", "2019-12-31": "23660.00000", "2018-12-31": "22910.00000", "2017-12-31": "24560.00000", "2016-12-31": "23370.00000", "2015-12-31": "14935.03000", "2014-12-31": "12764.58000", "2013-12-31": "11145.42000", "2012-12-31": "9310.05100", "2011-12-31": "8718.56500", "2010-12-31": "9895.24400", "2009-12-31": "8587.91400", "2008-12-31": "4384.45700", "2007-12-31": "4500.17100", "2006-12-31": "4362.92400", "2005-12-31": "4526.52000"}, "Goodwill And Intangible Assets": {"2020-12-31": "2418.00000", "2019-12-31": "2465.00000", "2018-12-31": "2524.00000", "2017-12-31": "2577.00000", "2016-12-31": "2621.00000", "2015-12-31": "921.08400", "2014-12-31": "597.21200", "2013-12-31": "537.46100", "2012-12-31": "576.42500", "2011-12-31": "619.57000", "2010-12-31": "672.88800", "2009-12-31": "733.36600", "2008-12-31": "3411.68800", "2007-12-31": "3487.30300", "2006-12-31": "630.36300", "2005-12-31": "217.48600"}, "Other Long-Term Assets": {"2020-12-31": "6256.00000", "2019-12-31": "5245.00000", "2018-12-31": "4795.00000", "2017-12-31": "4617.00000", "2016-12-31": "2432.00000", "2015-12-31": "1757.66800", "2014-12-31": "1718.43600", "2013-12-31": "1647.17000", "2012-12-31": "1596.05600", "2011-12-31": "1549.78300", "2010-12-31": "1500.40100", "2009-12-31": "1412.33300", "2008-12-31": "1364.46600", "2007-12-31": "1313.28100", "2006-12-31": "1089.02800", "2005-12-31": "1190.54500"}, "Total Long-Term Assets": {"2020-12-31": "35195.00000", "2019-12-31": "32133.00000", "2018-12-31": "31019.00000", "2017-12-31": "32618.00000", "2016-12-31": "29239.00000", "2015-12-31": "18234.32000", "2014-12-31": "15696.63000", "2013-12-31": "13964.71000", "2012-12-31": "12099.79000", "2011-12-31": "11452.35000", "2010-12-31": "12560.13000", "2009-12-31": "11229.63000", "2008-12-31": "9680.11000", "2007-12-31": "9858.32000", "2006-12-31": "6455.08600", "2005-12-31": "6295.22900"}, "Total Assets": {"2020-12-31": "123038.00000", "2019-12-31": "109002.00000", "2018-12-31": "108781.00000", "2017-12-31": "104185.00000", "2016-12-31": "99714.00000", "2015-12-31": "71018.30000", "2014-12-31": "66298.01000", "2013-12-31": "59467.18000", "2012-12-31": "56153.18000", "2011-12-31": "54450.65000", "2010-12-31": "53819.64000", "2009-12-31": "51554.66000", "2008-12-31": "54352.86000", "2007-12-31": "54697.47000", "2006-12-31": "35329.02000", "2005-12-31": "32764.80000"}, "Total Current Liabilities": {"2020-12-31": "99131.00000", "2019-12-31": "84953.00000", "2018-12-31": "86791.00000", "2017-12-31": "84165.00000", "2016-12-31": "81097.00000", "2015-12-31": "57382.33000", "2014-12-31": "55633.88000", "2013-12-31": "50918.75000", "2012-12-31": "47998.14000", "2011-12-31": "45934.70000", "2010-12-31": "45025.27000", "2009-12-31": "42415.99000", "2008-12-31": "40253.25000", "2007-12-31": "41793.42000", "2006-12-31": "27802.07000", "2005-12-31": "24829.26000"}, "Long Term Debt": {"2020-12-31": "8352.00000", "2019-12-31": "9849.00000", "2018-12-31": "8625.00000", "2017-12-31": "9206.00000", "2016-12-31": "8309.00000", "2015-12-31": "7041.36400", "2014-12-31": "4335.96200", "2013-12-31": "2458.27200", "2012-12-31": "2364.83400", "2011-12-31": "3097.85700", "2010-12-31": "3813.82700", "2009-12-31": "3802.67000", "2008-12-31": "6870.70500", "2007-12-31": "6954.90900", "2006-12-31": "4512.61800", "2005-12-31": "4597.43700"}, "Other Non-Current Liabilities": {"2020-12-31": "2562.00000", "2019-12-31": "2405.00000", "2018-12-31": "2263.00000", "2017-12-31": "", "2016-12-31": "", "2015-12-31": "", "2014-12-31": "", "2013-12-31": "", "2012-12-31": "", "2011-12-31": "", "2010-12-31": "", "2009-12-31": "", "2008-12-31": "", "2007-12-31": "", "2006-12-31": "", "2005-12-31": "36.95700"}, "Total Long Term Liabilities": {"2020-12-31": "10914.00000", "2019-12-31": "12254.00000", "2018-12-31": "10888.00000", "2017-12-31": "9206.00000", "2016-12-31": "8309.00000", "2015-12-31": "7041.36400", "2014-12-31": "4335.96200", "2013-12-31": "2458.27200", "2012-12-31": "2364.83400", "2011-12-31": "3097.85700", "2010-12-31": "3813.82700", "2009-12-31": "3802.67000", "2008-12-31": "6870.70500", "2007-12-31": "6954.90900", "2006-12-31": "4512.61800", "2005-12-31": "5378.04900"}, "Total Liabilities": {"2020-12-31": "110045.00000", "2019-12-31": "97207.00000", "2018-12-31": "97679.00000", "2017-12-31": "93371.00000", "2016-12-31": "89406.00000", "2015-12-31": "64423.70000", "2014-12-31": "59969.84000", "2013-12-31": "53377.02000", "2012-12-31": "50362.97000", "2011-12-31": "49032.55000", "2010-12-31": "48839.10000", "2009-12-31": "46218.66000", "2008-12-31": "47123.95000", "2007-12-31": "48748.33000", "2006-12-31": "32314.69000", "2005-12-31": "30207.30000"}, "Common Stock Net": {"2020-12-31": "10.00000", "2019-12-31": "10.00000", "2018-12-31": "11.00000", "2017-12-31": "11.00000", "2016-12-31": "11.00000", "2015-12-31": "7.97000", "2014-12-31": "8.13100", "2013-12-31": "8.32200", "2012-12-31": "8.44100", "2011-12-31": "8.65600", "2010-12-31": "8.64200", "2009-12-31": "7.16700", "2008-12-31": "3.67000", "2007-12-31": "3.67000", "2006-12-31": "2560.56900", "2005-12-31": "2491.32600"}, "Retained Earnings (Accumulated Deficit)": {"2020-12-31": "1878.00000", "2019-12-31": "2088.00000", "2018-12-31": "1361.00000", "2017-12-31": "588.00000", "2016-12-31": "-227.00000", "2015-12-31": "-594.06700", "2014-12-31": "-1052.32400", "2013-12-31": "-1479.32400", "2012-12-31": "-1917.93300", "2011-12-31": "-2389.63900", "2010-12-31": "-2814.43300", "2009-12-31": "-2922.02600", "2008-12-31": "367.36400", "2007-12-31": "771.68900", "2006-12-31": "1015.76900", "2005-12-31": "781.84400"}, "Comprehensive Income": {"2020-12-31": "192.00000", "2019-12-31": "-256.00000", "2018-12-31": "-609.00000", "2017-12-31": "-528.00000", "2016-12-31": "-401.00000", "2015-12-31": "-226.15800", "2014-12-31": "-222.29200", "2013-12-31": "-214.00900", "2012-12-31": "-150.81700", "2011-12-31": "-173.76300", "2010-12-31": "-197.49600", "2009-12-31": "-156.98500", "2008-12-31": "-326.69300", "2007-12-31": "-49.61100", "2006-12-31": "-55.06600", "2005-12-31": "-22.09300"}, "Other Share Holders Equity": {"2020-12-31": "", "2019-12-31": "", "2018-12-31": "", "2017-12-31": "", "2016-12-31": "", "2015-12-31": "", "2014-12-31": "", "2013-12-31": "", "2012-12-31": "", "2011-12-31": "", "2010-12-31": "", "2009-12-31": "", "2008-12-31": "", "2007-12-31": "", "2006-12-31": "", "2005-12-31": ""}, "Share Holder Equity": {"2020-12-31": "12993.00000", "2019-12-31": "11795.00000", "2018-12-31": "11102.00000", "2017-12-31": "10814.00000", "2016-12-31": "10308.00000", "2015-12-31": "6594.60600", "2014-12-31": "6328.17000", "2013-12-31": "6090.15300", "2012-12-31": "5790.21100", "2011-12-31": "5418.10000", "2010-12-31": "4980.54200", "2009-12-31": "5336.00200", "2008-12-31": "7228.90600", "2007-12-31": "5949.14000", "2006-12-31": "3014.32600", "2005-12-31": "2557.50100"}, "Total Liabilities And Share Holders Equity": {"2020-12-31": "123038.00000", "2019-12-31": "109002.00000", "2018-12-31": "108781.00000", "2017-12-31": "104185.00000", "2016-12-31": "99714.00000", "2015-12-31": "71018.30000", "2014-12-31": "66298.01000", "2013-12-31": "59467.18000", "2012-12-31": "56153.18000", "2011-12-31": "54450.65000", "2010-12-31": "53819.64000", "2009-12-31": "51554.66000", "2008-12-31": "54352.86000", "2007-12-31": "54697.47000", "2006-12-31": "35329.02000", "2005-12-31": "32764.80000"}}, "balance sheet, quarterly": {"Cash On Hand": {"2020-12-31": "6774.00000", "2020-09-30": "6438.00000", "2020-06-30": "6420.00000", "2020-03-31": "1940.00000", "2019-12-31": "1371.00000", "2019-09-30": "1876.00000", "2019-06-30": "1923.00000", "2019-03-31": "1649.00000", "2018-12-31": "2830.00000", "2018-09-30": "1425.00000", "2018-06-30": "1508.00000", "2018-03-31": "1200.00000", "2017-12-31": "1653.00000", "2017-09-30": "1332.31600", "2017-06-30": "1687.39100", "2017-03-31": "1469.65300", "2016-12-31": "1576.00000", "2016-09-30": "1749.12300", "2016-06-30": "947.36500", "2016-03-31": "928.84000", "2015-12-31": "935.99100", "2015-09-30": "1128.77200", "2015-06-30": "1510.52400", "2015-03-31": "1021.53200", "2014-12-31": "1327.31500", "2014-09-30": "1019.22000", "2014-06-30": "1338.62800", "2014-03-31": "1084.93400", "2013-12-31": "1093.74800", "2013-09-30": "1244.92500", "2013-06-30": "1151.54800", "2013-03-31": "986.52500", "2012-12-31": "1424.93200", "2012-09-30": "955.20610", "2012-06-30": "1361.25000", "2012-03-31": "1322.85300", "2011-12-31": "1252.81000", "2011-09-30": "2381.44100", "2011-06-30": "1199.35100", "2011-03-31": "1503.30800", "2010-12-31": "1168.33000", "2010-09-30": "1552.14300", "2010-06-30": "1522.10200", "2010-03-31": "1825.18500", "2009-12-31": "1924.37600", "2009-09-30": "2401.41500", "2009-06-30": "2571.60600", "2009-03-31": "2739.14000", "2008-12-31": "1225.90600", "2008-09-30": "2467.30400", "2008-06-30": "2768.24600", "2008-03-31": "3781.34000", "2007-12-31": "3382.08100", "2007-09-30": "2956.70600", "2007-06-30": "2566.92600", "2007-03-31": "1746.25500", "2006-12-31": "1630.97100", "2006-09-30": "1400.46000", "2006-06-30": "1392.66500", "2006-03-31": "1280.76800", "2005-12-31": "1071.78600", "2005-09-30": "1095.54700", "2005-06-30": "1449.21500", "2005-03-31": "1189.36500"}, "Receivables": {"2020-12-31": "", "2020-09-30": "", "2020-06-30": "", "2020-03-31": "", "2019-12-31": "", "2019-09-30": "", "2019-06-30": "", "2019-03-31": "", "2018-12-31": "", "2018-09-30": "", "2018-06-30": "", "2018-03-31": "", "2017-12-31": "", "2017-09-30": "", "2017-06-30": "", "2017-03-31": "", "2016-12-31": "", "2016-09-30": "", "2016-06-30": "", "2016-03-31": "", "2015-12-31": "", "2015-09-30": "", "2015-06-30": "", "2015-03-31": "", "2014-12-31": "", "2014-09-30": "", "2014-06-30": "", "2014-03-31": "", "2013-12-31": "", "2013-09-30": "", "2013-06-30": "", "2013-03-31": "", "2012-12-31": "", "2012-09-30": "", "2012-06-30": "", "2012-03-31": "", "2011-12-31": "", "2011-09-30": "", "2011-06-30": "", "2011-03-31": "", "2010-12-31": "", "2010-09-30": "", "2010-06-30": "", "2010-03-31": "", "2009-12-31": "", "2009-09-30": "", "2009-06-30": "", "2009-03-31": "", "2008-12-31": "", "2008-09-30": "", "2008-06-30": "", "2008-03-31": "", "2007-12-31": "", "2007-09-30": "", "2007-06-30": "", "2007-03-31": "", "2006-12-31": "", "2006-09-30": "", "2006-06-30": "", "2006-03-31": "", "2005-12-31": "", "2005-09-30": "", "2005-06-30": "", "2005-03-31": ""}, "Inventory": {"2020-12-31": "", "2020-09-30": "", "2020-06-30": "", "2020-03-31": "", "2019-12-31": "", "2019-09-30": "", "2019-06-30": "", "2019-03-31": "", "2018-12-31": "", "2018-09-30": "", "2018-06-30": "", "2018-03-31": "", "2017-12-31": "", "2017-09-30": "", "2017-06-30": "", "2017-03-31": "", "2016-12-31": "", "2016-09-30": "", "2016-06-30": "", "2016-03-31": "", "2015-12-31": "", "2015-09-30": "", "2015-06-30": "", "2015-03-31": "", "2014-12-31": "", "2014-09-30": "", "2014-06-30": "", "2014-03-31": "", "2013-12-31": "", "2013-09-30": "", "2013-06-30": "", "2013-03-31": "", "2012-12-31": "", "2012-09-30": "", "2012-06-30": "", "2012-03-31": "", "2011-12-31": "", "2011-09-30": "", "2011-06-30": "", "2011-03-31": "", "2010-12-31": "", "2010-09-30": "", "2010-06-30": "", "2010-03-31": "", "2009-12-31": "", "2009-09-30": "", "2009-06-30": "", "2009-03-31": "", "2008-12-31": "", "2008-09-30": "", "2008-06-30": "", "2008-03-31": "", "2007-12-31": "", "2007-09-30": "", "2007-06-30": "", "2007-03-31": "", "2006-12-31": "", "2006-09-30": "", "2006-06-30": "", "2006-03-31": "", "2005-12-31": "", "2005-09-30": "", "2005-06-30": "", "2005-03-31": ""}, "Pre-Paid Expenses": {"2020-12-31": "", "2020-09-30": "", "2020-06-30": "", "2020-03-31": "", "2019-12-31": "", "2019-09-30": "", "2019-06-30": "", "2019-03-31": "", "2018-12-31": "", "2018-09-30": "", "2018-06-30": "", "2018-03-31": "", "2017-12-31": "", "2017-09-30": "", "2017-06-30": "", "2017-03-31": "", "2016-12-31": "", "2016-09-30": "", "2016-06-30": "", "2016-03-31": "", "2015-12-31": "", "2015-09-30": "", "2015-06-30": "", "2015-03-31": "", "2014-12-31": "", "2014-09-30": "", "2014-06-30": "", "2014-03-31": "", "2013-12-31": "", "2013-09-30": "", "2013-06-30": "", "2013-03-31": "", "2012-12-31": "", "2012-09-30": "", "2012-06-30": "", "2012-03-31": "", "2011-12-31": "", "2011-09-30": "", "2011-06-30": "", "2011-03-31": "", "2010-12-31": "", "2010-09-30": "", "2010-06-30": "", "2010-03-31": "", "2009-12-31": "", "2009-09-30": "", "2009-06-30": "", "2009-03-31": "", "2008-12-31": "", "2008-09-30": "", "2008-06-30": "", "2008-03-31": "", "2007-12-31": "", "2007-09-30": "", "2007-06-30": "", "2007-03-31": "", "2006-12-31": "", "2006-09-30": "", "2006-06-30": "", "2006-03-31": "", "2005-12-31": "", "2005-09-30": "", "2005-06-30": "", "2005-03-31": ""}, "Other Current Assets": {"2020-12-31": "", "2020-09-30": "", "2020-06-30": "", "2020-03-31": "", "2019-12-31": "", "2019-09-30": "", "2019-06-30": "", "2019-03-31": "", "2018-12-31": "", "2018-09-30": "", "2018-06-30": "", "2018-03-31": "", "2017-12-31": "", "2017-09-30": "", "2017-06-30": "", "2017-03-31": "", "2016-12-31": "", "2016-09-30": "", "2016-06-30": "", "2016-03-31": "", "2015-12-31": "", "2015-09-30": "", "2015-06-30": "", "2015-03-31": "", "2014-12-31": "", "2014-09-30": "", "2014-06-30": "", "2014-03-31": "", "2013-12-31": "", "2013-09-30": "", "2013-06-30": "", "2013-03-31": "", "2012-12-31": "", "2012-09-30": "", "2012-06-30": "", "2012-03-31": "", "2011-12-31": "", "2011-09-30": "", "2011-06-30": "", "2011-03-31": "", "2010-12-31": "", "2010-09-30": "", "2010-06-30": "", "2010-03-31": "", "2009-12-31": "", "2009-09-30": "", "2009-06-30": "", "2009-03-31": "", "2008-12-31": "", "2008-09-30": "", "2008-06-30": "", "2008-03-31": "", "2007-12-31": "", "2007-09-30": "", "2007-06-30": "", "2007-03-31": "", "2006-12-31": "", "2006-09-30": "", "2006-06-30": "", "2006-03-31": "", "2005-12-31": "", "2005-09-30": "", "2005-06-30": "", "2005-03-31": ""}, "Total Current Assets": {"2020-12-31": "87843.00000", "2020-09-30": "87101.00000", "2020-06-30": "86022.00000", "2020-03-31": "79468.00000", "2019-12-31": "76869.00000", "2019-09-30": "77049.00000", "2019-06-30": "76960.00000", "2019-03-31": "76657.00000", "2018-12-31": "77762.00000", "2018-09-30": "77024.00000", "2018-06-30": "76121.00000", "2018-03-31": "74349.00000", "2017-12-31": "71567.00000", "2017-09-30": "71951.13000", "2017-06-30": "71843.27000", "2017-03-31": "70431.63000", "2016-12-31": "70475.00000", "2016-09-30": "73128.47000", "2016-06-30": "55384.14000", "2016-03-31": "54104.42000", "2015-12-31": "52783.98000", "2015-09-30": "52853.12000", "2015-06-30": "52194.48000", "2015-03-31": "51659.91000", "2014-12-31": "50601.38000", "2014-09-30": "49187.56000", "2014-06-30": "48780.90000", "2014-03-31": "46749.17000", "2013-12-31": "45502.46000", "2013-09-30": "45144.79000", "2013-06-30": "44320.30000", "2013-03-31": "44058.30000", "2012-12-31": "44053.40000", "2012-09-30": "44316.55000", "2012-06-30": "44597.39000", "2012-03-31": "43589.73000", "2011-12-31": "42998.30000", "2011-09-30": "42936.61000", "2011-06-30": "41624.92000", "2011-03-31": "40951.93000", "2010-12-31": "41259.51000", "2010-09-30": "40895.60000", "2010-06-30": "40334.75000", "2010-03-31": "40287.76000", "2009-12-31": "40325.03000", "2009-09-30": "41364.83000", "2009-06-30": "42797.28000", "2009-03-31": "44107.98000", "2008-12-31": "44672.75000", "2008-09-30": "44782.03000", "2008-06-30": "45218.68000", "2008-03-31": "46410.75000", "2007-12-31": "44839.15000", "2007-09-30": "45725.80000", "2007-06-30": "30427.64000", "2007-03-31": "29152.00000", "2006-12-31": "28873.93000", "2006-09-30": "28934.55000", "2006-06-30": "29068.59000", "2006-03-31": "28555.70000", "2005-12-31": "26469.58000", "2005-09-30": "26640.71000", "2005-06-30": "27227.77000", "2005-03-31": "26117.25000"}, "Property, Plant, And Equipment": {"2020-12-31": "757.00000", "2020-09-30": "752.00000", "2020-06-30": "751.00000", "2020-03-31": "743.00000", "2019-12-31": "763.00000", "2019-09-30": "775.00000", "2019-06-30": "774.00000", "2019-03-31": "784.00000", "2018-12-31": "790.00000", "2018-09-30": "827.00000", "2018-06-30": "840.00000", "2018-03-31": "847.00000", "2017-12-31": "864.00000", "2017-09-30": "853.29000", "2017-06-30": "855.34700", "2017-03-31": "852.58200", "2016-12-31": "816.00000", "2016-09-30": "828.44000", "2016-06-30": "596.64200", "2016-03-31": "611.60300", "2015-12-31": "620.54000", "2015-09-30": "620.51500", "2015-06-30": "615.43600", "2015-03-31": "607.26300", "2014-12-31": "616.40700", "2014-09-30": "613.21400", "2014-06-30": "622.28900", "2014-03-31": "628.96600", "2013-12-31": "634.65700", "2013-09-30": "639.63200", "2013-06-30": "626.74500", "2013-03-31": "620.83300", "2012-12-31": "617.25700", "2012-09-30": "590.75000", "2012-06-30": "583.05700", "2012-03-31": "577.53800", "2011-12-31": "564.42900", "2011-09-30": "543.32400", "2011-06-30": "528.59000", "2011-03-31": "500.73600", "2010-12-31": "491.60200", "2010-09-30": "489.34900", "2010-06-30": "492.85900", "2010-03-31": "491.57300", "2009-12-31": "496.02100", "2009-09-30": "496.28000", "2009-06-30": "503.87700", "2009-03-31": "517.13000", "2008-12-31": "519.50000", "2008-09-30": "527.79800", "2008-06-30": "533.78900", "2008-03-31": "544.71800", "2007-12-31": "557.56500", "2007-09-30": "547.38000", "2007-06-30": "398.43600", "2007-03-31": "377.68700", "2006-12-31": "372.77200", "2006-09-30": "367.70900", "2006-06-30": "365.76300", "2006-03-31": "375.74000", "2005-12-31": "360.67700", "2005-09-30": "358.87600", "2005-06-30": "356.69700", "2005-03-31": "354.97900"}, "Long-Term Investments": {"2020-12-31": "25764.00000", "2020-09-30": "23785.00000", "2020-06-30": "23151.00000", "2020-03-31": "25303.00000", "2019-12-31": "23660.00000", "2019-09-30": "23171.00000", "2019-06-30": "22839.00000", "2019-03-31": "23215.00000", "2018-12-31": "22910.00000", "2018-09-30": "22757.00000", "2018-06-30": "23349.00000", "2018-03-31": "23998.00000", "2017-12-31": "24560.00000", "2017-09-30": "24141.46000", "2017-06-30": "23667.88000", "2017-03-31": "23707.12000", "2016-12-31": "23370.00000", "2016-09-30": "21771.76000", "2016-06-30": "15311.60000", "2016-03-31": "15265.53000", "2015-12-31": "14935.03000", "2015-09-30": "14252.56000", "2015-06-30": "13559.03000", "2015-03-31": "13259.06000", "2014-12-31": "12764.58000", "2014-09-30": "12218.30000", "2014-06-30": "12113.03000", "2014-03-31": "11489.51000", "2013-12-31": "11145.42000", "2013-09-30": "8682.80300", "2013-06-30": "8987.88700", "2013-03-31": "9197.71300", "2012-12-31": "9310.05100", "2012-09-30": "9360.71800", "2012-06-30": "9265.16300", "2012-03-31": "9531.53100", "2011-12-31": "8718.56500", "2011-09-30": "9371.78000", "2011-06-30": "8770.19300", "2011-03-31": "9322.43400", "2010-12-31": "9895.24400", "2010-09-30": "9723.55800", "2010-06-30": "8803.71800", "2010-03-31": "8946.36400", "2009-12-31": "8587.91400", "2009-09-30": "8503.15000", "2009-06-30": "5934.70400", "2009-03-31": "4908.33200", "2008-12-31": "4384.45700", "2008-09-30": "4565.06400", "2008-06-30": "4788.27500", "2008-03-31": "4313.00600", "2007-12-31": "4500.17100", "2007-09-30": "4288.97400", "2007-06-30": "3863.18200", "2007-03-31": "3724.67600", "2006-12-31": "4362.92400", "2006-09-30": "4643.90100", "2006-06-30": "5124.68200", "2006-03-31": "5034.35900", "2005-12-31": "4526.52000", "2005-09-30": "4304.89800", "2005-06-30": "3849.95500", "2005-03-31": "4052.87500"}, "Goodwill And Intangible Assets": {"2020-12-31": "2418.00000", "2020-09-30": "2409.00000", "2020-06-30": "2401.00000", "2020-03-31": "2407.00000", "2019-12-31": "2465.00000", "2019-09-30": "2445.00000", "2019-06-30": "2471.00000", "2019-03-31": "2503.00000", "2018-12-31": "2524.00000", "2018-09-30": "2550.00000", "2018-06-30": "2560.00000", "2018-03-31": "2572.00000", "2017-12-31": "2577.00000", "2017-09-30": "2582.43900", "2017-06-30": "2591.36600", "2017-03-31": "2608.63000", "2016-12-31": "2621.00000", "2016-09-30": "2614.06000", "2016-06-30": "884.00200", "2016-03-31": "896.78300", "2015-12-31": "921.08400", "2015-09-30": "735.66200", "2015-06-30": "741.07400", "2015-03-31": "751.03400", "2014-12-31": "597.21200", "2014-09-30": "607.86500", "2014-06-30": "586.90800", "2014-03-31": "596.20500", "2013-12-31": "537.46100", "2013-09-30": "547.78000", "2013-06-30": "558.14200", "2013-03-31": "568.50400", "2012-12-31": "576.42500", "2012-09-30": "588.07200", "2012-06-30": "603.46300", "2012-03-31": "615.40300", "2011-12-31": "619.57000", "2011-09-30": "632.74500", "2011-06-30": "646.13200", "2011-03-31": "659.51900", "2010-12-31": "672.88800", "2010-09-30": "687.93400", "2010-06-30": "703.07900", "2010-03-31": "718.22000", "2009-12-31": "733.36600", "2009-09-30": "746.26000", "2009-06-30": "770.34600", "2009-03-31": "791.68200", "2008-12-31": "3411.68800", "2008-09-30": "3432.30000", "2008-06-30": "3451.94100", "2008-03-31": "3456.46200", "2007-12-31": "3487.30300", "2007-09-30": "3439.40700", "2007-06-30": "624.38400", "2007-03-31": "626.94400", "2006-12-31": "630.36300", "2006-09-30": "632.76000", "2006-06-30": "635.83800", "2006-03-31": "639.80900", "2005-12-31": "217.48600", "2005-09-30": "217.70300", "2005-06-30": "217.57600", "2005-03-31": "217.78000"}, "Other Long-Term Assets": {"2020-12-31": "6256.00000", "2020-09-30": "6069.00000", "2020-06-30": "6100.00000", "2020-03-31": "5976.00000", "2019-12-31": "5245.00000", "2019-09-30": "5295.00000", "2019-06-30": "5203.00000", "2019-03-31": "5044.00000", "2018-12-31": "4795.00000", "2018-09-30": "2494.00000", "2018-06-30": "2488.00000", "2018-03-31": "2480.00000", "2017-12-31": "4617.00000", "2017-09-30": "2459.80700", "2017-06-30": "2448.91300", "2017-03-31": "2445.54500", "2016-12-31": "2432.00000", "2016-09-30": "2422.69200", "2016-06-30": "1777.62800", "2016-03-31": "1766.63700", "2015-12-31": "1757.66800", "2015-09-30": "1748.32800", "2015-06-30": "1735.62700", "2015-03-31": "1725.38800", "2014-12-31": "1718.43600", "2014-09-30": "1703.69200", "2014-06-30": "1693.99100", "2014-03-31": "1681.89800", "2013-12-31": "1647.17000", "2013-09-30": "1633.24700", "2013-06-30": "1620.60400", "2013-03-31": "1609.61000", "2012-12-31": "1596.05600", "2012-09-30": "1586.90200", "2012-06-30": "1573.89100", "2012-03-31": "1562.44900", "2011-12-31": "1549.78300", "2011-09-30": "1494.25100", "2011-06-30": "1480.20300", "2011-03-31": "1513.89200", "2010-12-31": "1500.40100", "2010-09-30": "1450.33500", "2010-06-30": "1436.43300", "2010-03-31": "1422.87400", "2009-12-31": "1412.33300", "2009-09-30": "1402.13400", "2009-06-30": "1391.04500", "2009-03-31": "1376.99600", "2008-12-31": "1364.46600", "2008-09-30": "1353.40000", "2008-06-30": "1341.16200", "2008-03-31": "1327.03100", "2007-12-31": "1313.28100", "2007-09-30": "1302.36300", "2007-06-30": "1107.04200", "2007-03-31": "1097.98600", "2006-12-31": "1089.02800", "2006-09-30": "1083.03300", "2006-06-30": "1070.90900", "2006-03-31": "1060.30500", "2005-12-31": "1190.54500", "2005-09-30": "1240.79600", "2005-06-30": "1336.98000", "2005-03-31": "1439.71400"}, "Total Long-Term Assets": {"2020-12-31": "35195.00000", "2020-09-30": "33015.00000", "2020-06-30": "32403.00000", "2020-03-31": "34429.00000", "2019-12-31": "32133.00000", "2019-09-30": "31686.00000", "2019-06-30": "31287.00000", "2019-03-31": "31546.00000", "2018-12-31": "31019.00000", "2018-09-30": "28628.00000", "2018-06-30": "29237.00000", "2018-03-31": "29897.00000", "2017-12-31": "32618.00000", "2017-09-30": "30037.00000", "2017-06-30": "29563.51000", "2017-03-31": "29613.88000", "2016-12-31": "29239.00000", "2016-09-30": "27636.95000", "2016-06-30": "18569.88000", "2016-03-31": "18540.55000", "2015-12-31": "18234.32000", "2015-09-30": "17357.06000", "2015-06-30": "16651.17000", "2015-03-31": "16342.75000", "2014-12-31": "15696.63000", "2014-09-30": "15143.07000", "2014-06-30": "15016.22000", "2014-03-31": "14396.58000", "2013-12-31": "13964.71000", "2013-09-30": "11503.46000", "2013-06-30": "11793.38000", "2013-03-31": "11996.66000", "2012-12-31": "12099.79000", "2012-09-30": "12126.44000", "2012-06-30": "12025.57000", "2012-03-31": "12286.92000", "2011-12-31": "11452.35000", "2011-09-30": "12042.10000", "2011-06-30": "11425.12000", "2011-03-31": "11996.58000", "2010-12-31": "12560.13000", "2010-09-30": "12351.17000", "2010-06-30": "11436.09000", "2010-03-31": "11579.03000", "2009-12-31": "11229.63000", "2009-09-30": "11147.82000", "2009-06-30": "8599.97300", "2009-03-31": "7594.14000", "2008-12-31": "9680.11000", "2008-09-30": "9878.56300", "2008-06-30": "10115.17000", "2008-03-31": "9641.21700", "2007-12-31": "9858.32000", "2007-09-30": "9578.12400", "2007-06-30": "5993.04300", "2007-03-31": "5827.29300", "2006-12-31": "6455.08600", "2006-09-30": "6727.40300", "2006-06-30": "7197.19200", "2006-03-31": "7110.21300", "2005-12-31": "6295.22900", "2005-09-30": "6122.27300", "2005-06-30": "5761.20800", "2005-03-31": "6065.34800"}, "Total Assets": {"2020-12-31": "123038.00000", "2020-09-30": "120116.00000", "2020-06-30": "118425.00000", "2020-03-31": "113897.00000", "2019-12-31": "109002.00000", "2019-09-30": "108735.00000", "2019-06-30": "108247.00000", "2019-03-31": "108203.00000", "2018-12-31": "108781.00000", "2018-09-30": "105652.00000", "2018-06-30": "105358.00000", "2018-03-31": "104246.00000", "2017-12-31": "104185.00000", "2017-09-30": "101988.10000", "2017-06-30": "101406.80000", "2017-03-31": "100045.50000", "2016-12-31": "99714.00000", "2016-09-30": "100765.40000", "2016-06-30": "73954.02000", "2016-03-31": "72644.97000", "2015-12-31": "71018.30000", "2015-09-30": "70210.18000", "2015-06-30": "68845.65000", "2015-03-31": "68002.66000", "2014-12-31": "66298.01000", "2014-09-30": "64330.63000", "2014-06-30": "63797.11000", "2014-03-31": "61145.75000", "2013-12-31": "59467.18000", "2013-09-30": "56648.25000", "2013-06-30": "56113.69000", "2013-03-31": "56054.96000", "2012-12-31": "56153.18000", "2012-09-30": "56443.00000", "2012-06-30": "56622.96000", "2012-03-31": "55876.65000", "2011-12-31": "54450.65000", "2011-09-30": "54978.71000", "2011-06-30": "53050.04000", "2011-03-31": "52948.51000", "2010-12-31": "53819.64000", "2010-09-30": "53246.78000", "2010-06-30": "51770.84000", "2010-03-31": "51866.80000", "2009-12-31": "51554.66000", "2009-09-30": "52512.66000", "2009-06-30": "51397.25000", "2009-03-31": "51702.13000", "2008-12-31": "54352.86000", "2008-09-30": "54660.59000", "2008-06-30": "55333.84000", "2008-03-31": "56051.97000", "2007-12-31": "54697.47000", "2007-09-30": "55303.93000", "2007-06-30": "36420.69000", "2007-03-31": "34979.30000", "2006-12-31": "35329.02000", "2006-09-30": "35661.95000", "2006-06-30": "36265.78000", "2006-03-31": "35665.91000", "2005-12-31": "32764.80000", "2005-09-30": "32762.99000", "2005-06-30": "32988.97000", "2005-03-31": "32182.60000"}, "Total Current Liabilities": {"2020-12-31": "99131.00000", "2020-09-30": "95376.00000", "2020-06-30": "93837.00000", "2020-03-31": "89656.00000", "2019-12-31": "84953.00000", "2019-09-30": "84568.00000", "2019-06-30": "85043.00000", "2019-03-31": "85017.00000", "2018-12-31": "86791.00000", "2018-09-30": "85333.00000", "2018-06-30": "84160.00000", "2018-03-31": "84320.00000", "2017-12-31": "84165.00000", "2017-09-30": "82088.56000", "2017-06-30": "82216.13000", "2017-03-31": "80329.22000", "2016-12-31": "81097.00000", "2016-09-30": "81380.07000", "2016-06-30": "58516.89000", "2016-03-31": "57551.89000", "2015-12-31": "57382.33000", "2015-09-30": "57268.10000", "2015-06-30": "56494.81000", "2015-03-31": "56381.87000", "2014-12-31": "55633.88000", "2014-09-30": "52821.83000", "2014-06-30": "51086.97000", "2014-03-31": "51812.87000", "2013-12-31": "50918.75000", "2013-09-30": "48337.05000", "2013-06-30": "48077.26000", "2013-03-31": "48659.36000", "2012-12-31": "47998.14000", "2012-09-30": "49134.10000", "2012-06-30": "48409.82000", "2012-03-31": "47717.46000", "2011-12-31": "45934.70000", "2011-09-30": "46605.26000", "2011-06-30": "44445.46000", "2011-03-31": "44500.41000", "2010-12-31": "45025.27000", "2010-09-30": "44060.09000", "2010-06-30": "41967.46000", "2010-03-31": "42344.57000", "2009-12-31": "42415.99000", "2009-09-30": "41808.60000", "2009-06-30": "41068.76000", "2009-03-31": "41289.61000", "2008-12-31": "40253.25000", "2008-09-30": "40440.10000", "2008-06-30": "41404.47000", "2008-03-31": "42621.11000", "2007-12-31": "41793.42000", "2007-09-30": "42443.98000", "2007-06-30": "28448.75000", "2007-03-31": "27275.84000", "2006-12-31": "27802.07000", "2006-09-30": "27442.46000", "2006-06-30": "28082.88000", "2006-03-31": "26922.75000", "2005-12-31": "24829.26000", "2005-09-30": "24386.54000", "2005-06-30": "24551.88000", "2005-03-31": "23711.96000"}, "Long Term Debt": {"2020-12-31": "8352.00000", "2020-09-30": "9174.00000", "2020-06-30": "9753.00000", "2020-03-31": "9796.00000", "2019-12-31": "9849.00000", "2019-09-30": "9874.00000", "2019-06-30": "8973.00000", "2019-03-31": "9400.00000", "2018-12-31": "8625.00000", "2018-09-30": "9385.00000", "2018-06-30": "9726.00000", "2018-03-31": "8618.00000", "2017-12-31": "9206.00000", "2017-09-30": "9200.70700", "2017-06-30": "8536.47100", "2017-03-31": "9279.14000", "2016-12-31": "8309.00000", "2016-09-30": "8998.57100", "2016-06-30": "7929.82000", "2016-03-31": "7935.41200", "2015-12-31": "7041.36400", "2015-09-30": "6359.44500", "2015-06-30": "5854.58400", "2015-03-31": "5158.83600", "2014-12-31": "4335.96200", "2014-09-30": "5224.58800", "2014-06-30": "6469.35200", "2014-03-31": "3156.65200", "2013-12-31": "2458.27200", "2013-09-30": "2349.61800", "2013-06-30": "2252.91400", "2013-03-31": "1528.46600", "2012-12-31": "2364.83400", "2012-09-30": "1501.29200", "2012-06-30": "2563.91200", "2012-03-31": "2609.36800", "2011-12-31": "3097.85700", "2011-09-30": "2972.96800", "2011-06-30": "3351.93200", "2011-03-31": "3409.50000", "2010-12-31": "3813.82700", "2010-09-30": "3619.28200", "2010-06-30": "4364.94200", "2010-03-31": "4152.54700", "2009-12-31": "3802.67000", "2009-09-30": "5028.95700", "2009-06-30": "5107.96800", "2009-03-31": "5597.78200", "2008-12-31": "6870.70500", "2008-09-30": "7844.73100", "2008-06-30": "7546.15500", "2008-03-31": "7522.25700", "2007-12-31": "6954.90900", "2007-09-30": "6610.27700", "2007-06-30": "4907.79400", "2007-03-31": "4652.09900", "2006-12-31": "4512.61800", "2006-09-30": "5089.74000", "2006-06-30": "5243.74000", "2006-03-31": "4977.42100", "2005-12-31": "4597.43700", "2005-09-30": "4985.43000", "2005-06-30": "4984.30100", "2005-03-31": "5068.10900"}, "Other Non-Current Liabilities": {"2020-12-31": "2562.00000", "2020-09-30": "2649.00000", "2020-06-30": "2521.00000", "2020-03-31": "2676.00000", "2019-12-31": "2405.00000", "2019-09-30": "2384.00000", "2019-06-30": "2563.00000", "2019-03-31": "2354.00000", "2018-12-31": "2263.00000", "2018-09-30": "", "2018-06-30": "", "2018-03-31": "", "2017-12-31": "", "2017-09-30": "", "2017-06-30": "", "2017-03-31": "", "2016-12-31": "", "2016-09-30": "", "2016-06-30": "", "2016-03-31": "", "2015-12-31": "", "2015-09-30": "", "2015-06-30": "", "2015-03-31": "", "2014-12-31": "", "2014-09-30": "", "2014-06-30": "", "2014-03-31": "", "2013-12-31": "", "2013-09-30": "", "2013-06-30": "", "2013-03-31": "", "2012-12-31": "", "2012-09-30": "", "2012-06-30": "", "2012-03-31": "", "2011-12-31": "", "2011-09-30": "", "2011-06-30": "", "2011-03-31": "", "2010-12-31": "", "2010-09-30": "", "2010-06-30": "", "2010-03-31": "", "2009-12-31": "", "2009-09-30": "", "2009-06-30": "", "2009-03-31": "", "2008-12-31": "", "2008-09-30": "", "2008-06-30": "", "2008-03-31": "", "2007-12-31": "", "2007-09-30": "", "2007-06-30": "", "2007-03-31": "", "2006-12-31": "", "2006-09-30": "", "2006-06-30": "", "2006-03-31": "", "2005-12-31": "36.95700", "2005-09-30": "", "2005-06-30": "37.51100", "2005-03-31": "31.61000"}, "Total Long Term Liabilities": {"2020-12-31": "10914.00000", "2020-09-30": "11823.00000", "2020-06-30": "12274.00000", "2020-03-31": "12472.00000", "2019-12-31": "12254.00000", "2019-09-30": "12258.00000", "2019-06-30": "11536.00000", "2019-03-31": "11754.00000", "2018-12-31": "10888.00000", "2018-09-30": "9385.00000", "2018-06-30": "9726.00000", "2018-03-31": "8618.00000", "2017-12-31": "9206.00000", "2017-09-30": "9200.70700", "2017-06-30": "8536.47100", "2017-03-31": "9279.14000", "2016-12-31": "8309.00000", "2016-09-30": "8998.57100", "2016-06-30": "7929.82000", "2016-03-31": "7935.41200", "2015-12-31": "7041.36400", "2015-09-30": "6359.44500", "2015-06-30": "5854.58400", "2015-03-31": "5158.83600", "2014-12-31": "4335.96200", "2014-09-30": "5224.58800", "2014-06-30": "6469.35200", "2014-03-31": "3156.65200", "2013-12-31": "2458.27200", "2013-09-30": "2349.61800", "2013-06-30": "2252.91400", "2013-03-31": "1528.46600", "2012-12-31": "2364.83400", "2012-09-30": "1501.29200", "2012-06-30": "2563.91200", "2012-03-31": "2609.36800", "2011-12-31": "3097.85700", "2011-09-30": "2972.96800", "2011-06-30": "3351.93200", "2011-03-31": "3409.50000", "2010-12-31": "3813.82700", "2010-09-30": "3619.28200", "2010-06-30": "4364.94200", "2010-03-31": "4152.54700", "2009-12-31": "3802.67000", "2009-09-30": "5028.95700", "2009-06-30": "5107.96800", "2009-03-31": "5597.78200", "2008-12-31": "6870.70500", "2008-09-30": "7844.73100", "2008-06-30": "7546.15500", "2008-03-31": "7522.25700", "2007-12-31": "6954.90900", "2007-09-30": "6610.27700", "2007-06-30": "4907.79400", "2007-03-31": "4652.09900", "2006-12-31": "4512.61800", "2006-09-30": "5089.74000", "2006-06-30": "5243.74000", "2006-03-31": "5662.98000", "2005-12-31": "5378.04900", "2005-09-30": "5753.77300", "2005-06-30": "5806.31600", "2005-03-31": "5880.87100"}, "Total Liabilities": {"2020-12-31": "110045.00000", "2020-09-30": "107199.00000", "2020-06-30": "106111.00000", "2020-03-31": "102128.00000", "2019-12-31": "97207.00000", "2019-09-30": "96826.00000", "2019-06-30": "96579.00000", "2019-03-31": "96771.00000", "2018-12-31": "97679.00000", "2018-09-30": "94718.00000", "2018-06-30": "93886.00000", "2018-03-31": "92938.00000", "2017-12-31": "93371.00000", "2017-09-30": "91289.27000", "2017-06-30": "90752.59000", "2017-03-31": "89608.36000", "2016-12-31": "89406.00000", "2016-09-30": "90378.65000", "2016-06-30": "66446.71000", "2016-03-31": "65487.30000", "2015-12-31": "64423.70000", "2015-09-30": "63627.54000", "2015-06-30": "62349.39000", "2015-03-31": "61540.71000", "2014-12-31": "59969.84000", "2014-09-30": "58046.42000", "2014-06-30": "57556.32000", "2014-03-31": "54969.52000", "2013-12-31": "53377.02000", "2013-09-30": "50686.67000", "2013-06-30": "50330.17000", "2013-03-31": "50187.83000", "2012-12-31": "50362.97000", "2012-09-30": "50635.39000", "2012-06-30": "50973.73000", "2012-03-31": "50326.82000", "2011-12-31": "49032.55000", "2011-09-30": "49578.23000", "2011-06-30": "47797.39000", "2011-03-31": "47909.91000", "2010-12-31": "48839.10000", "2010-09-30": "47679.37000", "2010-06-30": "46332.40000", "2010-03-31": "46497.11000", "2009-12-31": "46218.66000", "2009-09-30": "46837.55000", "2009-06-30": "46176.73000", "2009-03-31": "46887.39000", "2008-12-31": "47123.95000", "2008-09-30": "48284.83000", "2008-06-30": "48950.63000", "2008-03-31": "50143.37000", "2007-12-31": "48748.33000", "2007-09-30": "49054.25000", "2007-06-30": "33356.55000", "2007-03-31": "31927.94000", "2006-12-31": "32314.69000", "2006-09-30": "32532.20000", "2006-06-30": "33326.62000", "2006-03-31": "32585.73000", "2005-12-31": "30207.30000", "2005-09-30": "30140.31000", "2005-06-30": "30358.20000", "2005-03-31": "29592.83000"}, "Common Stock Net": {"2020-12-31": "10.00000", "2020-09-30": "10.00000", "2020-06-30": "10.00000", "2020-03-31": "10.00000", "2019-12-31": "10.00000", "2019-09-30": "10.00000", "2019-06-30": "10.00000", "2019-03-31": "11.00000", "2018-12-31": "11.00000", "2018-09-30": "11.00000", "2018-06-30": "11.00000", "2018-03-31": "11.00000", "2017-12-31": "11.00000", "2017-09-30": "10.84400", "2017-06-30": "10.93200", "2017-03-31": "10.90000", "2016-12-31": "11.00000", "2016-09-30": "10.87700", "2016-06-30": "8.01500", "2016-03-31": "7.98800", "2015-12-31": "7.97000", "2015-09-30": "7.98700", "2015-06-30": "8.05000", "2015-03-31": "8.10200", "2014-12-31": "8.13100", "2014-09-30": "8.16100", "2014-06-30": "8.18200", "2014-03-31": "8.29000", "2013-12-31": "8.32200", "2013-09-30": "8.31500", "2013-06-30": "8.31000", "2013-03-31": "8.40100", "2012-12-31": "8.44100", "2012-09-30": "8.56700", "2012-06-30": "8.59600", "2012-03-31": "8.65900", "2011-12-31": "8.65600", "2011-09-30": "8.65200", "2011-06-30": "8.64300", "2011-03-31": "8.64300", "2010-12-31": "8.64200", "2010-09-30": "7.18000", "2010-06-30": "7.17500", "2010-03-31": "7.17400", "2009-12-31": "7.16700", "2009-09-30": "7.15400", "2009-06-30": "5.69600", "2009-03-31": "3.91600", "2008-12-31": "3.67000", "2008-09-30": "3.67000", "2008-06-30": "3.67000", "2008-03-31": "3.67000", "2007-12-31": "3.67000", "2007-09-30": "3.66500", "2007-06-30": "2.36900", "2007-03-31": "2072.97600", "2006-12-31": "2560.56900", "2006-09-30": "2556.16800", "2006-06-30": "2552.09400", "2006-03-31": "2548.18500", "2005-12-31": "2491.32600", "2005-09-30": "2490.91900", "2005-06-30": "2487.98100", "2005-03-31": "2484.83200"}, "Retained Earnings (Accumulated Deficit)": {"2020-12-31": "1878.00000", "2020-09-30": "1752.00000", "2020-06-30": "1633.00000", "2020-03-31": "1657.00000", "2019-12-31": "2088.00000", "2019-09-30": "1946.00000", "2019-06-30": "1750.00000", "2019-03-31": "1551.00000", "2018-12-31": "1361.00000", "2018-09-30": "1196.00000", "2018-06-30": "990.00000", "2018-03-31": "780.00000", "2017-12-31": "588.00000", "2017-09-30": "201.21500", "2017-06-30": "33.55700", "2017-03-31": "-126.24400", "2016-12-31": "-227.00000", "2016-09-30": "-359.38000", "2016-06-30": "-390.83800", "2016-03-31": "-487.71700", "2015-12-31": "-594.06700", "2015-09-30": "-708.34100", "2015-06-30": "-804.88400", "2015-03-31": "-943.52500", "2014-12-31": "-1052.32400", "2014-09-30": "-1159.16800", "2014-06-30": "-1264.12900", "2014-03-31": "-1379.83200", "2013-12-31": "-1479.32400", "2013-09-30": "-1578.40100", "2013-06-30": "-1706.67300", "2013-03-31": "-1807.74600", "2012-12-31": "-1917.93300", "2012-09-30": "-2043.40500", "2012-06-30": "-2168.76800", "2012-03-31": "-2279.13700", "2011-12-31": "-2389.63900", "2011-09-30": "-2474.20500", "2011-06-30": "-2574.85500", "2011-03-31": "-2704.35000", "2010-12-31": "-2814.43300", "2010-09-30": "-2846.39200", "2010-06-30": "-2910.11500", "2010-03-31": "-2922.16100", "2009-12-31": "-2922.02600", "2009-09-30": "-2515.70700", "2009-06-30": "-2313.37700", "2009-03-31": "-2128.59200", "2008-12-31": "367.36400", "2008-09-30": "856.88700", "2008-06-30": "842.56300", "2008-03-31": "800.94700", "2007-12-31": "771.68900", "2007-09-30": "1108.00100", "2007-06-30": "1066.80000", "2007-03-31": "1049.02100", "2006-12-31": "1015.76900", "2006-09-30": "986.86100", "2006-06-30": "888.91100", "2006-03-31": "836.54900", "2005-12-31": "781.84400", "2005-09-30": "729.53600", "2005-06-30": "670.32800", "2005-03-31": "613.76600"}, "Comprehensive Income": {"2020-12-31": "192.00000", "2020-09-30": "257.00000", "2020-06-30": "290.00000", "2020-03-31": "227.00000", "2019-12-31": "-256.00000", "2019-09-30": "-175.00000", "2019-06-30": "-273.00000", "2019-03-31": "-455.00000", "2018-12-31": "-609.00000", "2018-09-30": "-790.00000", "2018-06-30": "-730.00000", "2018-03-31": "-677.00000", "2017-12-31": "-528.00000", "2017-09-30": "-369.96300", "2017-06-30": "-350.35700", "2017-03-31": "-390.86000", "2016-12-31": "-401.00000", "2016-09-30": "-172.17500", "2016-06-30": "-134.04200", "2016-03-31": "-167.28600", "2015-12-31": "-226.15800", "2015-09-30": "-139.73900", "2015-06-30": "-185.65000", "2015-03-31": "-160.83200", "2014-12-31": "-222.29200", "2014-09-30": "-182.01600", "2014-06-30": "-159.72700", "2014-03-31": "-201.74700", "2013-12-31": "-214.00900", "2013-09-30": "-230.76700", "2013-06-30": "-283.73600", "2013-03-31": "-159.95500", "2012-12-31": "-150.81700", "2012-09-30": "-84.54200", "2012-06-30": "-135.97700", "2012-03-31": "-157.81600", "2011-12-31": "-173.76300", "2011-09-30": "-80.40400", "2011-06-30": "-122.54300", "2011-03-31": "-203.92100", "2010-12-31": "-197.49600", "2010-09-30": "-28.39600", "2010-06-30": "-84.39800", "2010-03-31": "-133.47300", "2009-12-31": "-156.98500", "2009-09-30": "-211.84200", "2009-06-30": "-273.52500", "2009-03-31": "-279.58900", "2008-12-31": "-326.69300", "2008-09-30": "-266.67700", "2008-06-30": "-243.12200", "2008-03-31": "-122.21700", "2007-12-31": "-49.61100", "2007-09-30": "-74.10100", "2007-06-30": "-80.79000", "2007-03-31": "-59.50900", "2006-12-31": "-55.06600", "2006-09-30": "32.07600", "2006-06-30": "-44.09100", "2006-03-31": "-31.43400", "2005-12-31": "-22.09300", "2005-09-30": "-21.83900", "2005-06-30": "-0.72000", "2005-03-31": "-18.68600"}, "Other Share Holders Equity": {"2020-12-31": "", "2020-09-30": "", "2020-06-30": "", "2020-03-31": "", "2019-12-31": "", "2019-09-30": "", "2019-06-30": "", "2019-03-31": "", "2018-12-31": "", "2018-09-30": "", "2018-06-30": "", "2018-03-31": "", "2017-12-31": "", "2017-09-30": "", "2017-06-30": "", "2017-03-31": "", "2016-12-31": "", "2016-09-30": "", "2016-06-30": "", "2016-03-31": "", "2015-12-31": "", "2015-09-30": "", "2015-06-30": "", "2015-03-31": "", "2014-12-31": "", "2014-09-30": "", "2014-06-30": "", "2014-03-31": "", "2013-12-31": "", "2013-09-30": "", "2013-06-30": "", "2013-03-31": "", "2012-12-31": "", "2012-09-30": "", "2012-06-30": "", "2012-03-31": "", "2011-12-31": "", "2011-09-30": "", "2011-06-30": "", "2011-03-31": "", "2010-12-31": "", "2010-09-30": "", "2010-06-30": "", "2010-03-31": "", "2009-12-31": "", "2009-09-30": "", "2009-06-30": "", "2009-03-31": "", "2008-12-31": "", "2008-09-30": "", "2008-06-30": "", "2008-03-31": "", "2007-12-31": "", "2007-09-30": "", "2007-06-30": "", "2007-03-31": "", "2006-12-31": "", "2006-09-30": "", "2006-06-30": "", "2006-03-31": "", "2005-12-31": "", "2005-09-30": "", "2005-06-30": "", "2005-03-31": ""}, "Share Holder Equity": {"2020-12-31": "12993.00000", "2020-09-30": "12917.00000", "2020-06-30": "12314.00000", "2020-03-31": "11769.00000", "2019-12-31": "11795.00000", "2019-09-30": "11909.00000", "2019-06-30": "11668.00000", "2019-03-31": "11432.00000", "2018-12-31": "11102.00000", "2018-09-30": "10934.00000", "2018-06-30": "11472.00000", "2018-03-31": "11308.00000", "2017-12-31": "10814.00000", "2017-09-30": "10698.85000", "2017-06-30": "10654.18000", "2017-03-31": "10437.15000", "2016-12-31": "10308.00000", "2016-09-30": "10386.76000", "2016-06-30": "7507.30400", "2016-03-31": "7157.67000", "2015-12-31": "6594.60600", "2015-09-30": "6582.63700", "2015-06-30": "6496.25800", "2015-03-31": "6461.95400", "2014-12-31": "6328.17000", "2014-09-30": "6284.21000", "2014-06-30": "6240.79100", "2014-03-31": "6176.23400", "2013-12-31": "6090.15300", "2013-09-30": "5961.57900", "2013-06-30": "5783.51500", "2013-03-31": "5867.13800", "2012-12-31": "5790.21100", "2012-09-30": "5807.60400", "2012-06-30": "5649.23100", "2012-03-31": "5549.82800", "2011-12-31": "5418.10000", "2011-09-30": "5400.47900", "2011-06-30": "5252.64300", "2011-03-31": "5038.59900", "2010-12-31": "4980.54200", "2010-09-30": "5567.40300", "2010-06-30": "5438.43600", "2010-03-31": "5369.68600", "2009-12-31": "5336.00200", "2009-09-30": "5675.10600", "2009-06-30": "5220.52200", "2009-03-31": "4814.73600", "2008-12-31": "7228.90600", "2008-09-30": "6375.76000", "2008-06-30": "6383.21300", "2008-03-31": "5908.59900", "2007-12-31": "5949.14000", "2007-09-30": "6249.67400", "2007-06-30": "3064.14100", "2007-03-31": "3051.36000", "2006-12-31": "3014.32600", "2006-09-30": "3129.74600", "2006-06-30": "2939.15600", "2006-03-31": "3080.18000", "2005-12-31": "2557.50100", "2005-09-30": "2622.67500", "2005-06-30": "2630.77500", "2005-03-31": "2589.77300"}, "Total Liabilities And Share Holders Equity": {"2020-12-31": "123038.00000", "2020-09-30": "120116.00000", "2020-06-30": "118425.00000", "2020-03-31": "113897.00000", "2019-12-31": "109002.00000", "2019-09-30": "108735.00000", "2019-06-30": "108247.00000", "2019-03-31": "108203.00000", "2018-12-31": "108781.00000", "2018-09-30": "105652.00000", "2018-06-30": "105358.00000", "2018-03-31": "104246.00000", "2017-12-31": "104185.00000", "2017-09-30": "101988.10000", "2017-06-30": "101406.80000", "2017-03-31": "100045.50000", "2016-12-31": "99714.00000", "2016-09-30": "100765.40000", "2016-06-30": "73954.02000", "2016-03-31": "72644.97000", "2015-12-31": "71018.30000", "2015-09-30": "70210.18000", "2015-06-30": "68845.65000", "2015-03-31": "68002.66000", "2014-12-31": "66298.01000", "2014-09-30": "64330.63000", "2014-06-30": "63797.11000", "2014-03-31": "61145.75000", "2013-12-31": "59467.18000", "2013-09-30": "56648.25000", "2013-06-30": "56113.69000", "2013-03-31": "56054.96000", "2012-12-31": "56153.18000", "2012-09-30": "56443.00000", "2012-06-30": "56622.96000", "2012-03-31": "55876.65000", "2011-12-31": "54450.65000", "2011-09-30": "54978.71000", "2011-06-30": "53050.04000", "2011-03-31": "52948.51000", "2010-12-31": "53819.64000", "2010-09-30": "53246.78000", "2010-06-30": "51770.84000", "2010-03-31": "51866.80000", "2009-12-31": "51554.66000", "2009-09-30": "52512.66000", "2009-06-30": "51397.25000", "2009-03-31": "51702.13000", "2008-12-31": "54352.86000", "2008-09-30": "54660.59000", "2008-06-30": "55333.84000", "2008-03-31": "56051.97000", "2007-12-31": "54697.47000", "2007-09-30": "55303.93000", "2007-06-30": "36420.69000", "2007-03-31": "34979.30000", "2006-12-31": "35329.02000", "2006-09-30": "35661.95000", "2006-06-30": "36265.78000", "2006-03-31": "35665.91000", "2005-12-31": "32764.80000", "2005-09-30": "32762.99000", "2005-06-30": "32988.97000", "2005-03-31": "32182.60000"}}, "cash flow statement": {"Net Income/Loss": {"2020-12-31": "0.00000", "2019-12-31": "1411.00000", "2018-12-31": "1393.00000", "2017-12-31": "1186.00000", "2016-12-31": "712.00000", "2015-12-31": "693.00000", "2014-12-31": "632.39200", "2013-12-31": "641.28200", "2012-12-31": "631.29000", "2011-12-31": "542.61300", "2010-12-31": "312.34700", "2009-12-31": "-3094.17900", "2008-12-31": "-113.80600", "2007-12-31": "75.16900", "2006-12-31": "461.22100", "2005-12-31": "412.09100"}, "Total Depreciation And Amortization - Cash Flow": {"2020-12-31": "", "2019-12-31": "386.00000", "2018-12-31": "493.00000", "2017-12-31": "413.00000", "2016-12-31": "380.00000", "2015-12-31": "341.00000", "2014-12-31": "335.83200", "2013-12-31": "281.54500", "2012-12-31": "274.57200", "2011-12-31": "282.10500", "2010-12-31": "286.18600", "2009-12-31": "2834.98500", "2008-12-31": "244.86000", "2007-12-31": "127.26100", "2006-12-31": "111.64900", "2005-12-31": "172.97700"}, "Other Non-Cash Items": {"2020-12-31": "", "2019-12-31": "393.00000", "2018-12-31": "376.00000", "2017-12-31": "461.00000", "2016-12-31": "422.00000", "2015-12-31": "219.00000", "2014-12-31": "142.27500", "2013-12-31": "232.65600", "2012-12-31": "318.41500", "2011-12-31": "346.90200", "2010-12-31": "796.18800", "2009-12-31": "1465.88600", "2008-12-31": "979.46400", "2007-12-31": "508.13900", "2006-12-31": "-219.07600", "2005-12-31": "-17.40400"}, "Total Non-Cash Items": {"2020-12-31": "", "2019-12-31": "779.00000", "2018-12-31": "869.00000", "2017-12-31": "874.00000", "2016-12-31": "802.00000", "2015-12-31": "560.00000", "2014-12-31": "478.10700", "2013-12-31": "514.20100", "2012-12-31": "592.98690", "2011-12-31": "629.00700", "2010-12-31": "1082.37400", "2009-12-31": "4300.87100", "2008-12-31": "1224.32400", "2007-12-31": "635.40000", "2006-12-31": "-107.42700", "2005-12-31": "155.57300"}, "Change In Accounts Receivable": {"2020-12-31": "", "2019-12-31": "-214.00000", "2018-12-31": "-301.00000", "2017-12-31": "12.00000", "2016-12-31": "-123.00000", "2015-12-31": "54.00000", "2014-12-31": "-58.80300", "2013-12-31": "127.36800", "2012-12-31": "-143.35800", "2011-12-31": "390.75490", "2010-12-31": "-328.72300", "2009-12-31": "-118.25100", "2008-12-31": "32.75400", "2007-12-31": "-122.72200", "2006-12-31": "-5.09100", "2005-12-31": "-70.87500"}, "Change In Inventories": {"2020-12-31": "", "2019-12-31": "-32.00000", "2018-12-31": "-11.00000", "2017-12-31": "47.00000", "2016-12-31": "-96.00000", "2015-12-31": "5.00000", "2014-12-31": "-6.61800", "2013-12-31": "55.63200", "2012-12-31": "-45.30600", "2011-12-31": "139.50500", "2010-12-31": "-101.74700", "2009-12-31": "856.11200", "2008-12-31": "92.97600", "2007-12-31": "-996.68900", "2006-12-31": "24.78400", "2005-12-31": "275.76500"}, "Change In Accounts Payable": {"2020-12-31": "", "2019-12-31": "", "2018-12-31": "", "2017-12-31": "", "2016-12-31": "", "2015-12-31": "", "2014-12-31": "", "2013-12-31": "", "2012-12-31": "", "2011-12-31": "", "2010-12-31": "", "2009-12-31": "", "2008-12-31": "", "2007-12-31": "", "2006-12-31": "", "2005-12-31": ""}, "Change In Assets/Liabilities": {"2020-12-31": "", "2019-12-31": "-399.00000", "2018-12-31": "-213.00000", "2017-12-31": "-187.00000", "2016-12-31": "-92.00000", "2015-12-31": "-234.00000", "2014-12-31": "-438.36600", "2013-12-31": "10.50000", "2012-12-31": "458.32800", "2011-12-31": "-62.23000", "2010-12-31": "", "2009-12-31": "", "2008-12-31": "", "2007-12-31": "", "2006-12-31": "", "2005-12-31": "-63.60000"}, "Total Change In Assets/Liabilities": {"2020-12-31": "", "2019-12-31": "-645.00000", "2018-12-31": "-525.00000", "2017-12-31": "-128.00000", "2016-12-31": "-311.00000", "2015-12-31": "-210.00000", "2014-12-31": "-221.71300", "2013-12-31": "-142.23800", "2012-12-31": "-222.14700", "2011-12-31": "423.16690", "2010-12-31": "-430.47000", "2009-12-31": "737.86100", "2008-12-31": "125.73000", "2007-12-31": "-1119.41100", "2006-12-31": "19.69300", "2005-12-31": "141.29010"}, "Cash Flow From Operating Activities": {"2020-12-31": "", "2019-12-31": "1574.00000", "2018-12-31": "1726.00000", "2017-12-31": "1954.00000", "2016-12-31": "1215.00000", "2015-12-31": "1033.00000", "2014-12-31": "888.78600", "2013-12-31": "1013.24500", "2012-12-31": "1002.13000", "2011-12-31": "1594.78700", "2010-12-31": "840.82300", "2009-12-31": "1966.26200", "2008-12-31": "1237.32900", "2007-12-31": "-342.77900", "2006-12-31": "224.45900", "2005-12-31": "674.69900"}, "Net Change In Property, Plant, And Equipment": {"2020-12-31": "", "2019-12-31": "-107.00000", "2018-12-31": "-110.00000", "2017-12-31": "-194.00000", "2016-12-31": "-120.00000", "2015-12-31": "-93.00000", "2014-12-31": "-58.86200", "2013-12-31": "-102.20800", "2012-12-31": "-129.64100", "2011-12-31": "-143.76300", "2010-12-31": "-68.20000", "2009-12-31": "-49.22300", "2008-12-31": "-59.94500", "2007-12-31": "-109.45000", "2006-12-31": "-47.20700", "2005-12-31": "-57.28800"}, "Net Change In Intangible Assets": {"2020-12-31": "", "2019-12-31": "", "2018-12-31": "", "2017-12-31": "", "2016-12-31": "", "2015-12-31": "", "2014-12-31": "", "2013-12-31": "", "2012-12-31": "", "2011-12-31": "", "2010-12-31": "", "2009-12-31": "", "2008-12-31": "", "2007-12-31": "", "2006-12-31": "", "2005-12-31": ""}, "Net Acquisitions/Divestitures": {"2020-12-31": "", "2019-12-31": "-548.00000", "2018-12-31": "-15.00000", "2017-12-31": "", "2016-12-31": "-613.00000", "2015-12-31": "-458.00000", "2014-12-31": "691.63700", "2013-12-31": "", "2012-12-31": "40.25800", "2011-12-31": "", "2010-12-31": "", "2009-12-31": "", "2008-12-31": "", "2007-12-31": "-80.06000", "2006-12-31": "60.77200", "2005-12-31": ""}, "Net Change In Short-term Investments": {"2020-12-31": "", "2019-12-31": "-112.00000", "2018-12-31": "90.00000", "2017-12-31": "39.00000", "2016-12-31": "26.00000", "2015-12-31": "13.00000", "2014-12-31": "-7.51600", "2013-12-31": "146.58400", "2012-12-31": "70.98000", "2011-12-31": "50.09300", "2010-12-31": "162.91300", "2009-12-31": "-319.98900", "2008-12-31": "-228.55400", "2007-12-31": "-188.97100", "2006-12-31": "-48.68100", "2005-12-31": "0.00700"}, "Net Change In Long-Term Investments": {"2020-12-31": "", "2019-12-31": "-507.00000", "2018-12-31": "1448.00000", "2017-12-31": "-1247.00000", "2016-12-31": "-1409.00000", "2015-12-31": "-2220.00000", "2014-12-31": "-1467.66000", "2013-12-31": "-1395.81200", "2012-12-31": "-477.84300", "2011-12-31": "1238.14700", "2010-12-31": "-1200.53500", "2009-12-31": "-3796.28600", "2008-12-31": "-396.32310", "2007-12-31": "616.33200", "2006-12-31": "417.89280", "2005-12-31": "-373.49320"}, "Net Change In Investments - Total": {"2020-12-31": "", "2019-12-31": "-619.00000", "2018-12-31": "1538.00000", "2017-12-31": "-1208.00000", "2016-12-31": "-1383.00000", "2015-12-31": "-2207.00000", "2014-12-31": "-1475.17600", "2013-12-31": "-1249.22800", "2012-12-31": "-406.86300", "2011-12-31": "1288.24000", "2010-12-31": "-1037.62200", "2009-12-31": "-4116.27400", "2008-12-31": "-624.87710", "2007-12-31": "427.36100", "2006-12-31": "369.21180", "2005-12-31": "-373.48620"}, "Investing Activities - Other": {"2020-12-31": "", "2019-12-31": "-603.00000", "2018-12-31": "-5076.00000", "2017-12-31": "-3464.00000", "2016-12-31": "-1329.00000", "2015-12-31": "-2171.00000", "2014-12-31": "-4162.38000", "2013-12-31": "-2888.89700", "2012-12-31": "-586.73200", "2011-12-31": "-2449.18400", "2010-12-31": "-1670.96200", "2009-12-31": "2570.13700", "2008-12-31": "-2014.88600", "2007-12-31": "-1643.22100", "2006-12-31": "28.51900", "2005-12-31": "-711.18400"}, "Cash Flow From Investing Activities": {"2020-12-31": "", "2019-12-31": "-1877.00000", "2018-12-31": "-3663.00000", "2017-12-31": "-4866.00000", "2016-12-31": "-3445.00000", "2015-12-31": "-4929.00000", "2014-12-31": "-5004.78100", "2013-12-31": "-4240.33300", "2012-12-31": "-1082.97800", "2011-12-31": "-1304.70600", "2010-12-31": "-2776.78400", "2009-12-31": "-1595.36100", "2008-12-31": "-2699.70800", "2007-12-31": "-1405.37000", "2006-12-31": "411.29600", "2005-12-31": "-1141.95800"}, "Net Long-Term Debt": {"2020-12-31": "", "2019-12-31": "1053.00000", "2018-12-31": "-569.00000", "2017-12-31": "943.00000", "2016-12-31": "853.00000", "2015-12-31": "2195.00000", "2014-12-31": "1801.07800", "2013-12-31": "1147.91400", "2012-12-31": "-775.09500", "2011-12-31": "-717.38400", "2010-12-31": "-571.16400", "2009-12-31": "-2949.80200", "2008-12-31": "-224.88790", "2007-12-31": "1210.49200", "2006-12-31": "-232.22900", "2005-12-31": "-1834.84400"}, "Net Current Debt": {"2020-12-31": "", "2019-12-31": "586.00000", "2018-12-31": "-3025.00000", "2017-12-31": "1371.00000", "2016-12-31": "1900.00000", "2015-12-31": "-1819.00000", "2014-12-31": "118.69800", "2013-12-31": "854.55800", "2012-12-31": "-939.97900", "2011-12-31": "-580.33500", "2010-12-31": "1128.88700", "2009-12-31": "-277.21500", "2008-12-31": "-1316.15500", "2007-12-31": "1464.54200", "2006-12-31": "-292.21100", "2005-12-31": "682.02700"}, "Debt Issuance/Retirement Net - Total": {"2020-12-31": "", "2019-12-31": "1639.00000", "2018-12-31": "-3594.00000", "2017-12-31": "2314.00000", "2016-12-31": "2753.00000", "2015-12-31": "376.00000", "2014-12-31": "1919.77600", "2013-12-31": "2002.47200", "2012-12-31": "-1715.07400", "2011-12-31": "-1297.71900", "2010-12-31": "557.72300", "2009-12-31": "-3227.01700", "2008-12-31": "-1541.04300", "2007-12-31": "2675.03400", "2006-12-31": "-524.44000", "2005-12-31": "-1152.81700"}, "Net Common Equity Issued/Repurchased": {"2020-12-31": "", "2019-12-31": "-441.00000", "2018-12-31": "-939.00000", "2017-12-31": "-260.00000", "2016-12-31": "", "2015-12-31": "-233.00000", "2014-12-31": "-314.12200", "2013-12-31": "-112.39400", "2012-12-31": "-146.88100", "2011-12-31": "-49.10000", "2010-12-31": "886.17200", "2009-12-31": "1135.64500", "2008-12-31": "", "2007-12-31": "", "2006-12-31": "-378.83500", "2005-12-31": "-231.65600"}, "Net Total Equity Issued/Repurchased": {"2020-12-31": "", "2019-12-31": "-441.00000", "2018-12-31": "-444.00000", "2017-12-31": "-260.00000", "2016-12-31": "585.00000", "2015-12-31": "-233.00000", "2014-12-31": "-314.12200", "2013-12-31": "-112.39400", "2012-12-31": "-146.88100", "2011-12-31": "-49.10000", "2010-12-31": "-511.89900", "2009-12-31": "1135.64500", "2008-12-31": "1947.62500", "2007-12-31": "", "2006-12-31": "-378.83500", "2005-12-31": "-231.65600"}, "Total Common And Preferred Stock Dividends Paid": {"2020-12-31": "", "2019-12-31": "-671.00000", "2018-12-31": "-584.00000", "2017-12-31": "-425.00000", "2016-12-31": "-299.00000", "2015-12-31": "-225.00000", "2014-12-31": "-198.78900", "2013-12-31": "-182.47700", "2012-12-31": "-169.33500", "2011-12-31": "-92.40400", "2010-12-31": "-136.49900", "2009-12-31": "-162.28800", "2008-12-31": "-302.85000", "2007-12-31": "-289.75800", "2006-12-31": "-231.11700", "2005-12-31": "-200.62800"}, "Financial Activities - Other": {"2020-12-31": "", "2019-12-31": "-1726.00000", "2018-12-31": "7711.00000", "2017-12-31": "1418.00000", "2016-12-31": "-271.00000", "2015-12-31": "3604.00000", "2014-12-31": "2928.56300", "2013-12-31": "1257.81300", "2012-12-31": "2258.97600", "2011-12-31": "1417.22200", "2010-12-31": "1353.18000", "2009-12-31": "2559.43500", "2008-12-31": "194.06900", "2007-12-31": "-148.62800", "2006-12-31": "978.60800", "2005-12-31": "1587.77600"}, "Cash Flow From Financial Activities": {"2020-12-31": "", "2019-12-31": "-1199.00000", "2018-12-31": "3089.00000", "2017-12-31": "3047.00000", "2016-12-31": "2768.00000", "2015-12-31": "3522.00000", "2014-12-31": "4335.42800", "2013-12-31": "2965.41400", "2012-12-31": "227.68600", "2011-12-31": "-22.00100", "2010-12-31": "1262.50500", "2009-12-31": "305.77500", "2008-12-31": "297.80100", "2007-12-31": "2236.64800", "2006-12-31": "-155.78400", "2005-12-31": "2.67500"}, "Net Cash Flow": {"2020-12-31": "", "2019-12-31": "-1502.00000", "2018-12-31": "1152.00000", "2017-12-31": "135.00000", "2016-12-31": "538.00000", "2015-12-31": "-374.00000", "2014-12-31": "219.43300", "2013-12-31": "-261.67400", "2012-12-31": "146.83800", "2011-12-31": "268.08000", "2010-12-31": "-673.45600", "2009-12-31": "676.67600", "2008-12-31": "-1164.57800", "2007-12-31": "488.49900", "2006-12-31": "479.97100", "2005-12-31": "-464.58400"}, "Stock-Based Compensation": {"2020-12-31": "", "2019-12-31": "83.00000", "2018-12-31": "78.00000", "2017-12-31": "92.00000", "2016-12-31": "66.00000", "2015-12-31": "51.00000", "2014-12-31": "43.66600", "2013-12-31": "37.00700", "2012-12-31": "27.87300", "2011-12-31": "19.66600", "2010-12-31": "", "2009-12-31": "", "2008-12-31": "", "2007-12-31": "", "2006-12-31": "", "2005-12-31": ""}, "Common Stock Dividends Paid": {"2020-12-31": "", "2019-12-31": "-597.00000", "2018-12-31": "-514.00000", "2017-12-31": "-349.00000", "2016-12-31": "-245.00000", "2015-12-31": "-193.00000", "2014-12-31": "-166.93500", "2013-12-31": "-150.60800", "2012-12-31": "-137.61600", "2011-12-31": "-61.59100", "2010-12-31": "-28.59800", "2009-12-31": "-55.02600", "2008-12-31": "-279.60800", "2007-12-31": "-289.75800", "2006-12-31": "-231.11700", "2005-12-31": "-200.62800"}}, "cash flow statement, quarterly": {"Net Income/Loss": {"2020-12-31": -501, "2020-09-30": 303, "2020-06-30": 150, "2020-03-31": "48.00000", "2019-12-31": 317, "2019-09-30": 372, "2019-06-30": 364, "2019-03-31": "358.00000", "2018-12-31": 334, "2018-09-30": 378, "2018-06-30": 355, "2018-03-31": "326.00000", "2017-12-31": 432, "2017-09-30": 274, "2017-06-30": 272, "2017-03-31": "208.00000", "2016-12-31": 239.142, "2016-09-30": 127.004, "2016-06-30": 174.54, "2016-03-31": "171.31400", "2015-12-31": 178.352, "2015-09-30": 152.588, "2015-06-30": 196.206, "2015-03-31": "165.85400", "2014-12-31": 163.614, "2014-09-30": 155.016, "2014-06-30": 164.619, "2014-03-31": "149.14300", "2013-12-31": 158.172, "2013-09-30": 178.836, "2013-06-30": 151, "2013-03-31": "153.27400", "2012-12-31": 157.547, "2012-09-30": 167.767, "2012-06-30": 152.706, "2012-03-31": "153.27000", "2011-12-31": 126.858, "2011-09-30": 143.391, "2011-06-30": 145.918, "2011-03-31": "126.44600", "2010-12-31": 122.9, "2010-09-30": 100.946, "2010-06-30": 48.764, "2010-03-31": "39.73700", "2009-12-31": -369.687, "2009-09-30": -166.19, "2009-06-30": -125.095, "2009-03-31": "-2433.20700", "2008-12-31": -417.289, "2008-09-30": 75.063, "2008-06-30": 101.352, "2008-03-31": "127.06800", "2007-12-31": -239.28, "2007-09-30": 138.202, "2007-06-30": 80.521, "2007-03-31": "95.72600", "2006-12-31": 87.715, "2006-09-30": 157.446, "2006-06-30": 111.604, "2006-03-31": "104.45600", "2005-12-31": 100.573, "2005-09-30": 108.574, "2005-06-30": 106.425, "2005-03-31": "96.51900"}, "Total Depreciation And Amortization - Cash Flow": {"2020-12-31": -258, "2020-09-30": 80, "2020-06-30": 59, "2020-03-31": "119.00000", "2019-12-31": 78, "2019-09-30": 104, "2019-06-30": 73, "2019-03-31": "131.00000", "2018-12-31": 143, "2018-09-30": 122, "2018-06-30": 123, "2018-03-31": "105.00000", "2017-12-31": 106, "2017-09-30": 96, "2017-06-30": 0, "2017-03-31": "211.00000", "2016-12-31": 80.556, "2016-09-30": 91.195, "2016-06-30": 103.146, "2016-03-31": "105.10300", "2015-12-31": 78.212, "2015-09-30": 94.831, "2015-06-30": 72.293, "2015-03-31": "95.66400", "2014-12-31": 93.858, "2014-09-30": 86.107, "2014-06-30": 70.852, "2014-03-31": "85.01500", "2013-12-31": 71.234, "2013-09-30": 74.947, "2013-06-30": 68.187, "2013-03-31": "67.17700", "2012-12-31": 66.531, "2012-09-30": 69.165, "2012-06-30": 68.153, "2012-03-31": "70.72300", "2011-12-31": 69.021, "2011-09-30": 70.284, "2011-06-30": 69.566, "2011-03-31": "73.23400", "2010-12-31": 77.116, "2010-09-30": 73.113, "2010-06-30": 66.227, "2010-03-31": "69.73000", "2009-12-31": 67.568, "2009-09-30": 54.865, "2009-06-30": 56.083, "2009-03-31": "2656.46900", "2008-12-31": 63.607, "2008-09-30": 62.01, "2008-06-30": 60.118, "2008-03-31": "59.12500", "2007-12-31": 46.922, "2007-09-30": 39.059, "2007-06-30": 20.054, "2007-03-31": "21.22600", "2006-12-31": 23.247, "2006-09-30": 27.057, "2006-06-30": 29.731, "2006-03-31": "31.61400", "2005-12-31": 34.078, "2005-09-30": 28.535, "2005-06-30": 54.405, "2005-03-31": "55.95900"}, "Other Non-Cash Items": {"2020-12-31": -882, "2020-09-30": 140, "2020-06-30": 323, "2020-03-31": "419.00000", "2019-12-31": 127, "2019-09-30": 63, "2019-06-30": 104, "2019-03-31": "99.00000", "2018-12-31": 17, "2018-09-30": 54, "2018-06-30": 131, "2018-03-31": "174.00000", "2017-12-31": 216, "2017-09-30": 88, "2017-06-30": 111, "2017-03-31": "46.00000", "2016-12-31": 277.317, "2016-09-30": 71.657, "2016-06-30": 38.542, "2016-03-31": "34.48400", "2015-12-31": 105.691, "2015-09-30": 22.67, "2015-06-30": 73.42, "2015-03-31": "17.21900", "2014-12-31": 35.516, "2014-09-30": 57.692, "2014-06-30": 49.043, "2014-03-31": "0.02400", "2013-12-31": 78.034, "2013-09-30": 4.259, "2013-06-30": 63.676, "2013-03-31": "86.68700", "2012-12-31": 55.191, "2012-09-30": 72.175, "2012-06-30": 100.017, "2012-03-31": "91.03200", "2011-12-31": 164.051, "2011-09-30": 58.327, "2011-06-30": 52.485, "2011-03-31": "72.03900", "2010-12-31": 72.728, "2010-09-30": 171.735, "2010-06-30": 354.839, "2010-03-31": "196.88600", "2009-12-31": 528.6879, "2009-09-30": 385.6121, "2009-06-30": 400.919, "2009-03-31": "150.66700", "2008-12-31": 644.399, "2008-09-30": 132.778, "2008-06-30": -22.299, "2008-03-31": "224.58600", "2007-12-31": 392.064, "2007-09-30": 86.373, "2007-06-30": -87.38, "2007-03-31": "117.08200", "2006-12-31": -102.355, "2006-09-30": -28.176, "2006-06-30": -48.636, "2006-03-31": "-39.90900", "2005-12-31": -7.267, "2005-09-30": -53.068, "2005-06-30": 21.819, "2005-03-31": "21.11200"}, "Total Non-Cash Items": {"2020-12-31": -1140, "2020-09-30": 220, "2020-06-30": 382, "2020-03-31": "538.00000", "2019-12-31": 205, "2019-09-30": 167, "2019-06-30": 177, "2019-03-31": "230.00000", "2018-12-31": 160, "2018-09-30": 176, "2018-06-30": 254, "2018-03-31": "279.00000", "2017-12-31": 322, "2017-09-30": 184, "2017-06-30": 111, "2017-03-31": "257.00000", "2016-12-31": 357.873, "2016-09-30": 162.852, "2016-06-30": 141.688, "2016-03-31": "139.58700", "2015-12-31": 183.903, "2015-09-30": 117.501, "2015-06-30": 145.713, "2015-03-31": "112.88300", "2014-12-31": 129.374, "2014-09-30": 143.799, "2014-06-30": 119.895, "2014-03-31": "85.03900", "2013-12-31": 149.268, "2013-09-30": 79.206, "2013-06-30": 131.863, "2013-03-31": "153.86400", "2012-12-31": 121.7219, "2012-09-30": 141.34, "2012-06-30": 168.17, "2012-03-31": "161.75500", "2011-12-31": 233.072, "2011-09-30": 128.611, "2011-06-30": 122.051, "2011-03-31": "145.27300", "2010-12-31": 149.844, "2010-09-30": 244.848, "2010-06-30": 421.066, "2010-03-31": "266.61600", "2009-12-31": 596.256, "2009-09-30": 440.477, "2009-06-30": 457.002, "2009-03-31": "2807.13600", "2008-12-31": 708.006, "2008-09-30": 194.788, "2008-06-30": 37.819, "2008-03-31": "283.71100", "2007-12-31": 438.986, "2007-09-30": 125.432, "2007-06-30": -67.326, "2007-03-31": "138.30800", "2006-12-31": -79.108, "2006-09-30": -1.119, "2006-06-30": -18.905, "2006-03-31": "-8.29500", "2005-12-31": 26.811, "2005-09-30": -24.533, "2005-06-30": 76.224, "2005-03-31": "77.07100"}, "Change In Accounts Receivable": {"2020-12-31": 395, "2020-09-30": -214, "2020-06-30": -161, "2020-03-31": "-20.00000", "2019-12-31": 142, "2019-09-30": -259, "2019-06-30": -169, "2019-03-31": "72.00000", "2018-12-31": 83, "2018-09-30": -110, "2018-06-30": -247, "2018-03-31": "-27.00000", "2017-12-31": 176, "2017-09-30": 57, "2017-06-30": -245, "2017-03-31": "24.00000", "2016-12-31": 71.735, "2016-09-30": 113.145, "2016-06-30": -268.378, "2016-03-31": "-39.50200", "2015-12-31": 321.494, "2015-09-30": -25.383, "2015-06-30": -43.335, "2015-03-31": "-198.77600", "2014-12-31": 3.092, "2014-09-30": -33.841, "2014-06-30": -9.307, "2014-03-31": "-18.74700", "2013-12-31": 11.264, "2013-09-30": 110.146, "2013-06-30": -40.682, "2013-03-31": "46.64000", "2012-12-31": 18.9039, "2012-09-30": -64.924, "2012-06-30": -96.8619, "2012-03-31": "-0.47600", "2011-12-31": -33.3431, "2011-09-30": -94.185, "2011-06-30": -63.683, "2011-03-31": "581.96600", "2010-12-31": -73.7611, "2010-09-30": -301.3809, "2010-06-30": -84.738, "2010-03-31": "131.15700", "2009-12-31": 52.957, "2009-09-30": 35.0571, "2009-06-30": -85.1221, "2009-03-31": "-121.14300", "2008-12-31": -114.346, "2008-09-30": 71.945, "2008-06-30": 236.592, "2008-03-31": "-161.43700", "2007-12-31": 12.147, "2007-09-30": -39.593, "2007-06-30": -79.724, "2007-03-31": "-15.55200", "2006-12-31": -1.6469, "2006-09-30": 1.0829, "2006-06-30": 12.267, "2006-03-31": "-16.79400", "2005-12-31": -152.876, "2005-09-30": 388.3999, "2005-06-30": -289.2399, "2005-03-31": "-17.15900"}, "Change In Inventories": {"2020-12-31": -45, "2020-09-30": -9, "2020-06-30": -9, "2020-03-31": "63.00000", "2019-12-31": 19, "2019-09-30": 20, "2019-06-30": -10, "2019-03-31": "-61.00000", "2018-12-31": -14, "2018-09-30": 2, "2018-06-30": 0, "2018-03-31": "1.00000", "2017-12-31": 2, "2017-09-30": 6, "2017-06-30": 4, "2017-03-31": "35.00000", "2016-12-31": -96.926, "2016-09-30": -0.782, "2016-06-30": 10.635, "2016-03-31": "-8.92700", "2015-12-31": 1.418, "2015-09-30": 20.537, "2015-06-30": -11.52, "2015-03-31": "-5.43500", "2014-12-31": 24.269, "2014-09-30": -15.919, "2014-06-30": -10.102, "2014-03-31": "-4.86600", "2013-12-31": 38.594, "2013-09-30": 6.76, "2013-06-30": 5.593, "2013-03-31": "4.68500", "2012-12-31": 0.765, "2012-09-30": -38.133, "2012-06-30": 5.826, "2012-03-31": "-13.76400", "2011-12-31": 39.812, "2011-09-30": 13.06, "2011-06-30": 65.718, "2011-03-31": "20.91500", "2010-12-31": -46.727, "2010-09-30": -31.819, "2010-06-30": 43.605, "2010-03-31": "-66.80600", "2009-12-31": 37.709, "2009-09-30": -25.446, "2009-06-30": -12.366, "2009-03-31": "856.21500", "2008-12-31": 58.48, "2008-09-30": 297.99, "2008-06-30": -49.362, "2008-03-31": "-214.13200", "2007-12-31": 836.453, "2007-09-30": -1249.362, "2007-06-30": -543.205, "2007-03-31": "-40.57500", "2006-12-31": 61.319, "2006-09-30": -9.245, "2006-06-30": -3.445, "2006-03-31": "-23.84500", "2005-12-31": 157.553, "2005-09-30": 137.297, "2005-06-30": -228.58, "2005-03-31": "209.49500"}, "Change In Accounts Payable": {"2020-12-31": 0, "2020-09-30": 0, "2020-06-30": 0, "2020-03-31": "", "2019-12-31": 0, "2019-09-30": 0, "2019-06-30": 0, "2019-03-31": "", "2018-12-31": 0, "2018-09-30": 0, "2018-06-30": 0, "2018-03-31": "", "2017-12-31": 0, "2017-09-30": 0, "2017-06-30": 0, "2017-03-31": "", "2016-12-31": 0, "2016-09-30": 0, "2016-06-30": 0, "2016-03-31": "", "2015-12-31": 0, "2015-09-30": 0, "2015-06-30": 0, "2015-03-31": "", "2014-12-31": 0, "2014-09-30": 0, "2014-06-30": 0, "2014-03-31": "", "2013-12-31": 0, "2013-09-30": 0, "2013-06-30": 0, "2013-03-31": "", "2012-12-31": 0, "2012-09-30": 0, "2012-06-30": 0, "2012-03-31": "", "2011-12-31": 0, "2011-09-30": 0, "2011-06-30": 0, "2011-03-31": "", "2010-12-31": 0, "2010-09-30": 0, "2010-06-30": 0, "2010-03-31": "", "2009-12-31": 0, "2009-09-30": 0, "2009-06-30": 0, "2009-03-31": "", "2008-12-31": 0, "2008-09-30": 0, "2008-06-30": 0, "2008-03-31": "", "2007-12-31": 0, "2007-09-30": 0, "2007-06-30": 0, "2007-03-31": "", "2006-12-31": 0, "2006-09-30": 0, "2006-06-30": 0, "2006-03-31": "", "2005-12-31": 0, "2005-09-30": 0, "2005-06-30": 0, "2005-03-31": ""}, "Change In Assets/Liabilities": {"2020-12-31": 29, "2020-09-30": 248, "2020-06-30": -146, "2020-03-31": "-131.00000", "2019-12-31": -34, "2019-09-30": -263, "2019-06-30": 6, "2019-03-31": "-108.00000", "2018-12-31": -103, "2018-09-30": 93, "2018-06-30": 83, "2018-03-31": "-286.00000", "2017-12-31": -50, "2017-09-30": -79, "2017-06-30": -112, "2017-03-31": "54.00000", "2016-12-31": 77.453, "2016-09-30": -72.119, "2016-06-30": -97.334, "2016-03-31": "", "2015-12-31": -18.308, "2015-09-30": -40.225, "2015-06-30": -117.241, "2015-03-31": "-58.22600", "2014-12-31": -281.203, "2014-09-30": -49.009, "2014-06-30": -86.184, "2014-03-31": "-21.97000", "2013-12-31": 46.85, "2013-09-30": -21.2, "2013-06-30": -3.296, "2013-03-31": "-11.85400", "2012-12-31": 520.325, "2012-09-30": -222.493, "2012-06-30": 160.496, "2012-03-31": "", "2011-12-31": -62.23, "2011-09-30": 0, "2011-06-30": 0, "2011-03-31": "", "2010-12-31": 0, "2010-09-30": 0, "2010-06-30": 0, "2010-03-31": "", "2009-12-31": 0, "2009-09-30": 0, "2009-06-30": 0, "2009-03-31": "", "2008-12-31": 0, "2008-09-30": 0, "2008-06-30": 0, "2008-03-31": "", "2007-12-31": 0, "2007-09-30": 0, "2007-06-30": 0, "2007-03-31": "", "2006-12-31": 29.8, "2006-09-30": 0, "2006-06-30": -29.8, "2006-03-31": "", "2005-12-31": 0, "2005-09-30": -43.357, "2005-06-30": -10.139, "2005-03-31": "-10.10400"}, "Total Change In Assets/Liabilities": {"2020-12-31": 379, "2020-09-30": 25, "2020-06-30": -316, "2020-03-31": "-88.00000", "2019-12-31": 127, "2019-09-30": -502, "2019-06-30": -173, "2019-03-31": "-97.00000", "2018-12-31": -34, "2018-09-30": -15, "2018-06-30": -164, "2018-03-31": "-312.00000", "2017-12-31": 86, "2017-09-30": 86, "2017-06-30": -225, "2017-03-31": "-75.00000", "2016-12-31": -92.234, "2016-09-30": 114.186, "2016-06-30": -217.877, "2016-03-31": "-115.07500", "2015-12-31": 259.26, "2015-09-30": 49.785, "2015-06-30": -225.934, "2015-03-31": "-293.11100", "2014-12-31": -33.428, "2014-09-30": -52.188, "2014-06-30": -57.879, "2014-03-31": "-78.21800", "2013-12-31": -107.489, "2013-09-30": 146.164, "2013-06-30": -85.684, "2013-03-31": "-95.22900", "2012-12-31": 48.183, "2012-09-30": -195.204, "2012-06-30": -37.371, "2012-03-31": "-37.75500", "2011-12-31": -100.6241, "2011-09-30": -81.125, "2011-06-30": 2.035, "2011-03-31": "602.88100", "2010-12-31": -120.4881, "2010-09-30": -333.1999, "2010-06-30": -41.133, "2010-03-31": "64.35100", "2009-12-31": 90.666, "2009-09-30": 9.6111, "2009-06-30": -97.4881, "2009-03-31": "735.07200", "2008-12-31": -55.866, "2008-09-30": 369.9351, "2008-06-30": 187.2299, "2008-03-31": "-375.56900", "2007-12-31": 848.6, "2007-09-30": -1288.955, "2007-06-30": -622.929, "2007-03-31": "-56.12700", "2006-12-31": 188.3651, "2006-09-30": -116.1401, "2006-06-30": -60.913, "2006-03-31": "8.38100", "2005-12-31": 4.6771, "2005-09-30": 482.3399, "2005-06-30": -527.9589, "2005-03-31": "182.23200"}, "Cash Flow From Operating Activities": {"2020-12-31": -1259, "2020-09-30": 549, "2020-06-30": 212, "2020-03-31": "498.00000", "2019-12-31": 676, "2019-09-30": 46, "2019-06-30": 355, "2019-03-31": "497.00000", "2018-12-31": 582, "2018-09-30": 542, "2018-06-30": 308, "2018-03-31": "294.00000", "2017-12-31": 848, "2017-09-30": 547, "2017-06-30": 163, "2017-03-31": "396.00000", "2016-12-31": 529.194, "2016-09-30": 399.168, "2016-06-30": 94.848, "2016-03-31": "191.79000", "2015-12-31": 632.174, "2015-09-30": 314.731, "2015-06-30": 104.352, "2015-03-31": "-18.25700", "2014-12-31": 259.56, "2014-09-30": 246.627, "2014-06-30": 226.635, "2014-03-31": "155.96400", "2013-12-31": 199.951, "2013-09-30": 404.206, "2013-06-30": 197.179, "2013-03-31": "211.90900", "2012-12-31": 327.452, "2012-09-30": 113.903, "2012-06-30": 283.505, "2012-03-31": "277.27000", "2011-12-31": 208.073, "2011-09-30": 196.359, "2011-06-30": 435.394, "2011-03-31": "754.96100", "2010-12-31": -25.293, "2010-09-30": 81.467, "2010-06-30": 468.516, "2010-03-31": "316.13300", "2009-12-31": 127.714, "2009-09-30": 289.981, "2009-06-30": 488.995, "2009-03-31": "1059.57200", "2008-12-31": 264.733, "2008-09-30": 692.652, "2008-06-30": 285.404, "2008-03-31": "-5.46000", "2007-12-31": 1086.221, "2007-09-30": -945.913, "2007-06-30": -664.018, "2007-03-31": "180.93100", "2006-12-31": 179.927, "2006-09-30": 142.03, "2006-06-30": -122.752, "2006-03-31": "25.25400", "2005-12-31": 341.777, "2005-09-30": 435.462, "2005-06-30": -512.398, "2005-03-31": "409.85800"}, "Net Change In Property, Plant, And Equipment": {"2020-12-31": 82, "2020-09-30": -33, "2020-06-30": -38, "2020-03-31": "-11.00000", "2019-12-31": -25, "2019-09-30": -31, "2019-06-30": -27, "2019-03-31": "-24.00000", "2018-12-31": -48, "2018-09-30": -24, "2018-06-30": -22, "2018-03-31": "-16.00000", "2017-12-31": -49, "2017-09-30": -32, "2017-06-30": -58, "2017-03-31": "-55.00000", "2016-12-31": -56.312, "2016-09-30": -43.842, "2016-06-30": -7.689, "2016-03-31": "-12.15700", "2015-12-31": -23.979, "2015-09-30": -25.928, "2015-06-30": -29.999, "2015-03-31": "-13.09400", "2014-12-31": -27.303, "2014-09-30": -8.964, "2014-06-30": -11.982, "2014-03-31": "-10.61300", "2013-12-31": -13.108, "2013-09-30": -39.973, "2013-06-30": -25.185, "2013-03-31": "-23.94200", "2012-12-31": -46.779, "2012-09-30": -27.385, "2012-06-30": -26.135, "2012-03-31": "-29.34200", "2011-12-31": -41.332, "2011-09-30": -30.604, "2011-06-30": -45.24, "2011-03-31": "-26.58700", "2010-12-31": -22.249, "2010-09-30": -13.83, "2010-06-30": -18.888, "2010-03-31": "-13.23300", "2009-12-31": -16.551, "2009-09-30": -11.576, "2009-06-30": -6.15, "2009-03-31": "-14.94600", "2008-12-31": -15.055, "2008-09-30": -13.768, "2008-06-30": -17.493, "2008-03-31": "-13.62900", "2007-12-31": -33.459, "2007-09-30": -22.962, "2007-06-30": -34.466, "2007-03-31": "-18.56300", "2006-12-31": -18.88, "2006-09-30": -15.682, "2006-06-30": -5.169, "2006-03-31": "-7.47600", "2005-12-31": -15.408, "2005-09-30": -14.369, "2005-06-30": -14.831, "2005-03-31": "-12.68000"}, "Net Change In Intangible Assets": {"2020-12-31": 0, "2020-09-30": 0, "2020-06-30": 0, "2020-03-31": "", "2019-12-31": 0, "2019-09-30": 0, "2019-06-30": 0, "2019-03-31": "", "2018-12-31": 0, "2018-09-30": 0, "2018-06-30": 0, "2018-03-31": "", "2017-12-31": 0, "2017-09-30": 0, "2017-06-30": 0, "2017-03-31": "", "2016-12-31": 0, "2016-09-30": 0, "2016-06-30": 0, "2016-03-31": "", "2015-12-31": 0, "2015-09-30": 0, "2015-06-30": 0, "2015-03-31": "", "2014-12-31": 0, "2014-09-30": 0, "2014-06-30": 0, "2014-03-31": "", "2013-12-31": 0, "2013-09-30": 0, "2013-06-30": 0, "2013-03-31": "", "2012-12-31": 0, "2012-09-30": 0, "2012-06-30": 0, "2012-03-31": "", "2011-12-31": 0, "2011-09-30": 0, "2011-06-30": 0, "2011-03-31": "", "2010-12-31": 0, "2010-09-30": 0, "2010-06-30": 0, "2010-03-31": "", "2009-12-31": 0, "2009-09-30": 0, "2009-06-30": 0, "2009-03-31": "", "2008-12-31": 0, "2008-09-30": 0, "2008-06-30": 0, "2008-03-31": "", "2007-12-31": 0, "2007-09-30": 0, "2007-06-30": 0, "2007-03-31": "", "2006-12-31": 0, "2006-09-30": 0, "2006-06-30": 0, "2006-03-31": "", "2005-12-31": 0, "2005-09-30": 0, "2005-06-30": 0, "2005-03-31": ""}, "Net Acquisitions/Divestitures": {"2020-12-31": 0, "2020-09-30": 0, "2020-06-30": 0, "2020-03-31": "", "2019-12-31": 0, "2019-09-30": 7, "2019-06-30": -555, "2019-03-31": "", "2018-12-31": -15, "2018-09-30": 0, "2018-06-30": 0, "2018-03-31": "", "2017-12-31": 0, "2017-09-30": 0, "2017-06-30": 0, "2017-03-31": "", "2016-12-31": -479.782, "2016-09-30": -133.218, "2016-06-30": 0, "2016-03-31": "", "2015-12-31": -0.164, "2015-09-30": 0, "2015-06-30": 0, "2015-03-31": "-457.83600", "2014-12-31": 0, "2014-09-30": 705.089, "2014-06-30": 0, "2014-03-31": "-13.45200", "2013-12-31": 0, "2013-09-30": 0, "2013-06-30": 0, "2013-03-31": "", "2012-12-31": -0.052, "2012-09-30": 0, "2012-06-30": 0, "2012-03-31": "40.31000", "2011-12-31": 0, "2011-09-30": 0, "2011-06-30": 0, "2011-03-31": "", "2010-12-31": 0, "2010-09-30": 0, "2010-06-30": 0, "2010-03-31": "", "2009-12-31": 0, "2009-09-30": 0, "2009-06-30": 0, "2009-03-31": "", "2008-12-31": 0, "2008-09-30": 0, "2008-06-30": 0, "2008-03-31": "", "2007-12-31": -31.239, "2007-09-30": -48.821, "2007-06-30": 0, "2007-03-31": "", "2006-12-31": -5.735, "2006-09-30": 0, "2006-06-30": 0, "2006-03-31": "66.50700", "2005-12-31": 0, "2005-09-30": 0, "2005-06-30": 0, "2005-03-31": ""}, "Net Change In Short-term Investments": {"2020-12-31": 80, "2020-09-30": -53, "2020-06-30": -1, "2020-03-31": "-26.00000", "2019-12-31": 9, "2019-09-30": 16, "2019-06-30": -26, "2019-03-31": "-111.00000", "2018-12-31": 28, "2018-09-30": 6, "2018-06-30": 34, "2018-03-31": "22.00000", "2017-12-31": 18, "2017-09-30": 2, "2017-06-30": 2, "2017-03-31": "17.00000", "2016-12-31": -7.221, "2016-09-30": 26.279, "2016-06-30": 21.772, "2016-03-31": "-14.83000", "2015-12-31": 14.246, "2015-09-30": 5.604, "2015-06-30": 2.621, "2015-03-31": "-9.47100", "2014-12-31": 8.339, "2014-09-30": -3.264, "2014-06-30": 1.597, "2014-03-31": "-14.18800", "2013-12-31": 42.803, "2013-09-30": 17.301, "2013-06-30": 49.188, "2013-03-31": "37.29200", "2012-12-31": -8.418, "2012-09-30": 11.684, "2012-06-30": 67.543, "2012-03-31": "0.17100", "2011-12-31": 5.041, "2011-09-30": 35.581, "2011-06-30": -3.636, "2011-03-31": "13.10700", "2010-12-31": 140.159, "2010-09-30": 4.712, "2010-06-30": 10.472, "2010-03-31": "7.57000", "2009-12-31": -25.751, "2009-09-30": -61.485, "2009-06-30": -242.173, "2009-03-31": "9.42000", "2008-12-31": -233.699, "2008-09-30": 15.888, "2008-06-30": 40.769, "2008-03-31": "-51.51200", "2007-12-31": -59.021, "2007-09-30": -6.605, "2007-06-30": -97.097, "2007-03-31": "-26.24800", "2006-12-31": -14.835, "2006-09-30": -21.757, "2006-06-30": -14.372, "2006-03-31": "2.28300", "2005-12-31": -0.012, "2005-09-30": 0.379, "2005-06-30": 6.793, "2005-03-31": "-7.15300"}, "Net Change In Long-Term Investments": {"2020-12-31": -109, "2020-09-30": -660, "2020-06-30": 2214, "2020-03-31": "-1445.00000", "2019-12-31": -705, "2019-09-30": -215, "2019-06-30": 615, "2019-03-31": "-202.00000", "2018-12-31": 35, "2018-09-30": 507, "2018-06-30": 576, "2018-03-31": "330.00000", "2017-12-31": -477, "2017-09-30": -521, "2017-06-30": 87, "2017-03-31": "-336.00000", "2016-12-31": -1984.3511, "2016-09-30": 846.1221, "2016-06-30": -6.785, "2016-03-31": "-263.98600", "2015-12-31": -794.931, "2015-09-30": -636.1909, "2015-06-30": -350.1021, "2015-03-31": "-438.77600", "2014-12-31": -518.7328, "2014-09-30": -126.5362, "2014-06-30": -596.009, "2014-03-31": "-226.38200", "2013-12-31": -1886.3319, "2013-09-30": 304.6389, "2013-06-30": 85.844, "2013-03-31": "100.03700", "2012-12-31": 40.865, "2012-09-30": -36.543, "2012-06-30": 273.749, "2012-03-31": "-755.91400", "2011-12-31": 605.7068, "2011-09-30": -575.4028, "2011-06-30": 589.2579, "2011-03-31": "618.58510", "2010-12-31": -350.4671, "2010-09-30": -858.5598, "2010-06-30": 200.38, "2010-03-31": "-191.88810", "2009-12-31": -97.534, "2009-09-30": -2537.644, "2009-06-30": -1183.25, "2009-03-31": "22.14200", "2008-12-31": 53.2758, "2008-09-30": 53.3871, "2008-06-30": -582.709, "2008-03-31": "79.72300", "2007-12-31": -161.989, "2007-09-30": 326.143, "2007-06-30": -71.076, "2007-03-31": "523.25400", "2006-12-31": 271.0958, "2006-09-30": 552.711, "2006-06-30": -115.986, "2006-03-31": "-289.92800", "2005-12-31": -275.5313, "2005-09-30": -508.5879, "2005-06-30": 257.659, "2005-03-31": "152.96700"}, "Net Change In Investments - Total": {"2020-12-31": -29, "2020-09-30": -713, "2020-06-30": 2213, "2020-03-31": "-1471.00000", "2019-12-31": -696, "2019-09-30": -199, "2019-06-30": 589, "2019-03-31": "-313.00000", "2018-12-31": 63, "2018-09-30": 513, "2018-06-30": 610, "2018-03-31": "352.00000", "2017-12-31": -459, "2017-09-30": -519, "2017-06-30": 89, "2017-03-31": "-319.00000", "2016-12-31": -1991.5721, "2016-09-30": 872.4011, "2016-06-30": 14.987, "2016-03-31": "-278.81600", "2015-12-31": -780.685, "2015-09-30": -630.587, "2015-06-30": -347.481, "2015-03-31": "-448.24700", "2014-12-31": -510.3938, "2014-09-30": -129.8002, "2014-06-30": -594.412, "2014-03-31": "-240.57000", "2013-12-31": -1843.5289, "2013-09-30": 321.9399, "2013-06-30": 135.032, "2013-03-31": "137.32900", "2012-12-31": 32.447, "2012-09-30": -24.859, "2012-06-30": 341.292, "2012-03-31": "-755.74300", "2011-12-31": 610.7478, "2011-09-30": -539.8218, "2011-06-30": 585.6219, "2011-03-31": "631.69210", "2010-12-31": -210.3082, "2010-09-30": -853.8477, "2010-06-30": 210.852, "2010-03-31": "-184.31810", "2009-12-31": -123.284, "2009-09-30": -2599.129, "2009-06-30": -1425.423, "2009-03-31": "31.56200", "2008-12-31": -180.4232, "2008-09-30": 69.275, "2008-06-30": -541.9399, "2008-03-31": "28.21100", "2007-12-31": -221.01, "2007-09-30": 319.538, "2007-06-30": -168.173, "2007-03-31": "497.00600", "2006-12-31": 256.2608, "2006-09-30": 530.954, "2006-06-30": -130.358, "2006-03-31": "-287.64500", "2005-12-31": -275.5433, "2005-09-30": -508.2089, "2005-06-30": 264.452, "2005-03-31": "145.81400"}, "Investing Activities - Other": {"2020-12-31": 6099, "2020-09-30": -1037, "2020-06-30": -2222, "2020-03-31": "-2840.00000", "2019-12-31": -393, "2019-09-30": 39, "2019-06-30": -71, "2019-03-31": "-178.00000", "2018-12-31": -1686, "2018-09-30": -1008, "2018-06-30": -1270, "2018-03-31": "-1112.00000", "2017-12-31": -1656, "2017-09-30": -571, "2017-06-30": -875, "2017-03-31": "-362.00000", "2016-12-31": 1942.653, "2016-09-30": -959.335, "2016-06-30": -1013.848, "2016-03-31": "-1298.47000", "2015-12-31": -864.5, "2015-09-30": -1081.254, "2015-06-30": 24.383, "2015-03-31": "-249.62900", "2014-12-31": -933.494, "2014-09-30": -752.66, "2014-06-30": -1784.343, "2014-03-31": "-691.88300", "2013-12-31": -1170.928, "2013-09-30": -888.812, "2013-06-30": -200.089, "2013-03-31": "-629.06800", "2012-12-31": 543.941, "2012-09-30": -56.131, "2012-06-30": -1016.038, "2012-03-31": "-58.50400", "2011-12-31": -1256.161, "2011-09-30": 27.417, "2011-06-30": -957.019, "2011-03-31": "-263.42100", "2010-12-31": -709.7111, "2010-09-30": -403.6159, "2010-06-30": -629.69, "2010-03-31": "72.05500", "2009-12-31": 68.727, "2009-09-30": 801.444, "2009-06-30": 849.409, "2009-03-31": "850.55700", "2008-12-31": -561.4, "2008-09-30": -260.194, "2008-06-30": -143.424, "2008-03-31": "-1049.86800", "2007-12-31": -594.037, "2007-09-30": -370.595, "2007-06-30": -561.986, "2007-03-31": "-116.60300", "2006-12-31": 198.505, "2006-09-30": -5.793, "2006-06-30": -178.835, "2006-03-31": "14.64200", "2005-12-31": 350.427, "2005-09-30": -212.75, "2005-06-30": -290.62, "2005-03-31": "-558.24100"}, "Cash Flow From Investing Activities": {"2020-12-31": 6152, "2020-09-30": -1783, "2020-06-30": -47, "2020-03-31": "-4322.00000", "2019-12-31": -1114, "2019-09-30": -184, "2019-06-30": -64, "2019-03-31": "-515.00000", "2018-12-31": -1686, "2018-09-30": -519, "2018-06-30": -682, "2018-03-31": "-776.00000", "2017-12-31": -2164, "2017-09-30": -1122, "2017-06-30": -844, "2017-03-31": "-736.00000", "2016-12-31": -585.013, "2016-09-30": -263.994, "2016-06-30": -1006.55, "2016-03-31": "-1589.44300", "2015-12-31": -1669.328, "2015-09-30": -1737.769, "2015-06-30": -353.097, "2015-03-31": "-1168.80600", "2014-12-31": -1471.191, "2014-09-30": -186.335, "2014-06-30": -2390.737, "2014-03-31": "-956.51800", "2013-12-31": -3027.565, "2013-09-30": -606.845, "2013-06-30": -90.242, "2013-03-31": "-515.68100", "2012-12-31": 529.557, "2012-09-30": -108.375, "2012-06-30": -700.881, "2012-03-31": "-803.27900", "2011-12-31": -686.744, "2011-09-30": -543.009, "2011-06-30": -416.637, "2011-03-31": "341.68400", "2010-12-31": -942.268, "2010-09-30": -1271.294, "2010-06-30": -437.726, "2010-03-31": "-125.49600", "2009-12-31": -71.109, "2009-09-30": -1809.261, "2009-06-30": -582.164, "2009-03-31": "867.17300", "2008-12-31": -756.878, "2008-09-30": -204.687, "2008-06-30": -702.857, "2008-03-31": "-1035.28600", "2007-12-31": -879.745, "2007-09-30": -122.84, "2007-06-30": -764.625, "2007-03-31": "361.84000", "2006-12-31": 430.151, "2006-09-30": 509.479, "2006-06-30": -314.362, "2006-03-31": "-213.97200", "2005-12-31": 59.476, "2005-09-30": -735.328, "2005-06-30": -40.999, "2005-03-31": "-425.10700"}, "Net Long-Term Debt": {"2020-12-31": 870, "2020-09-30": -557, "2020-06-30": -59, "2020-03-31": "-254.00000", "2019-12-31": 0, "2019-09-30": 857, "2019-06-30": -526, "2019-03-31": "722.00000", "2018-12-31": -825, "2018-09-30": -341, "2018-06-30": 1169, "2018-03-31": "-572.00000", "2017-12-31": 53, "2017-09-30": 672, "2017-06-30": -763, "2017-03-31": "981.00000", "2016-12-31": -543.897, "2016-09-30": 600.8531, "2016-06-30": -32.5491, "2016-03-31": "828.59300", "2015-12-31": 763.4, "2015-09-30": 474.07, "2015-06-30": 711.996, "2015-03-31": "245.53400", "2014-12-31": 749.925, "2014-09-30": -500.075, "2014-06-30": 3049.927, "2014-03-31": "-1498.69900", "2013-12-31": 1126.9208, "2013-09-30": 98.6451, "2013-06-30": 749.9151, "2013-03-31": "-827.56700", "2012-12-31": 870.963, "2012-09-30": -1065.096, "2012-06-30": -58.084, "2012-03-31": "-522.87800", "2011-12-31": 161.067, "2011-09-30": -419.479, "2011-06-30": -199.909, "2011-03-31": "-259.06300", "2010-12-31": 202.492, "2010-09-30": -704.985, "2010-06-30": 220.739, "2010-03-31": "-289.41000", "2009-12-31": -1148.74, "2009-09-30": -85.069, "2009-06-30": -457.597, "2009-03-31": "-1258.39600", "2008-12-31": -1075.6779, "2008-09-30": 276.148, "2008-06-30": 68.343, "2008-03-31": "506.29900", "2007-12-31": 317.2869, "2007-09-30": 482.7171, "2007-06-30": 279.921, "2007-03-31": "130.56700", "2006-12-31": -624.1609, "2006-09-30": -170.6001, "2006-06-30": 293.033, "2006-03-31": "269.49900", "2005-12-31": -411.267, "2005-09-30": -81.353, "2005-06-30": -115.007, "2005-03-31": "-1227.21700"}, "Net Current Debt": {"2020-12-31": 2306, "2020-09-30": -13, "2020-06-30": -2751, "2020-03-31": "458.00000", "2019-12-31": 390, "2019-09-30": -1961, "2019-06-30": 1381, "2019-03-31": "776.00000", "2018-12-31": 588, "2018-09-30": -1034, "2018-06-30": -398, "2018-03-31": "-2181.00000", "2017-12-31": 3236, "2017-09-30": -2703, "2017-06-30": 3271, "2017-03-31": "-2433.00000", "2016-12-31": 1536.482, "2016-09-30": -972.37, "2016-06-30": 1483.227, "2016-03-31": "-147.33900", "2015-12-31": -852.072, "2015-09-30": -77.949, "2015-06-30": -531.148, "2015-03-31": "-357.83100", "2014-12-31": -715.043, "2014-09-30": -444.727, "2014-06-30": 116.576, "2014-03-31": "1161.89200", "2013-12-31": 699.104, "2013-09-30": 45.974, "2013-06-30": -45.01, "2013-03-31": "154.49000", "2012-12-31": -648.712, "2012-09-30": 40.114, "2012-06-30": -401.987, "2012-03-31": "70.60600", "2011-12-31": -774.236, "2011-09-30": 176.203, "2011-06-30": -56.145, "2011-03-31": "73.84300", "2010-12-31": 235.386, "2010-09-30": 726.968, "2010-06-30": 52.767, "2010-03-31": "113.76600", "2009-12-31": 97.796, "2009-09-30": 174.716, "2009-06-30": -252.255, "2009-03-31": "-297.47200", "2008-12-31": -469.289, "2008-09-30": -333.776, "2008-06-30": -1049.425, "2008-03-31": "536.33500", "2007-12-31": 616.522, "2007-09-30": -336.73, "2007-06-30": 1283.207, "2007-03-31": "-98.45700", "2006-12-31": 143.685, "2006-09-30": -593.428, "2006-06-30": 438.396, "2006-03-31": "-280.86400", "2005-12-31": 386.694, "2005-09-30": 236.031, "2005-06-30": 233.039, "2005-03-31": "-173.73700"}, "Debt Issuance/Retirement Net - Total": {"2020-12-31": 3176, "2020-09-30": -570, "2020-06-30": -2810, "2020-03-31": "204.00000", "2019-12-31": 390, "2019-09-30": -1104, "2019-06-30": 855, "2019-03-31": "1498.00000", "2018-12-31": -237, "2018-09-30": -1375, "2018-06-30": 771, "2018-03-31": "-2753.00000", "2017-12-31": 3289, "2017-09-30": -2031, "2017-06-30": 2508, "2017-03-31": "-1452.00000", "2016-12-31": 992.585, "2016-09-30": -371.517, "2016-06-30": 1450.678, "2016-03-31": "681.25400", "2015-12-31": -88.6721, "2015-09-30": 396.1211, "2015-06-30": 180.848, "2015-03-31": "-112.29700", "2014-12-31": 34.882, "2014-09-30": -944.802, "2014-06-30": 3166.503, "2014-03-31": "-336.80700", "2013-12-31": 1826.0248, "2013-09-30": 144.619, "2013-06-30": 704.9052, "2013-03-31": "-673.07700", "2012-12-31": 222.251, "2012-09-30": -1024.982, "2012-06-30": -460.071, "2012-03-31": "-452.27200", "2011-12-31": -613.169, "2011-09-30": -243.276, "2011-06-30": -256.054, "2011-03-31": "-185.22000", "2010-12-31": 437.878, "2010-09-30": 21.983, "2010-06-30": 273.506, "2010-03-31": "-175.64400", "2009-12-31": -1050.944, "2009-09-30": 89.647, "2009-06-30": -709.852, "2009-03-31": "-1555.86800", "2008-12-31": -1544.967, "2008-09-30": -57.6279, "2008-06-30": -981.0821, "2008-03-31": "1042.63400", "2007-12-31": 933.809, "2007-09-30": 145.987, "2007-06-30": 1563.128, "2007-03-31": "32.11000", "2006-12-31": -480.4759, "2006-09-30": -764.0281, "2006-06-30": 731.429, "2006-03-31": "-11.36500", "2005-12-31": -24.573, "2005-09-30": 154.678, "2005-06-30": 118.032, "2005-03-31": "-1400.95400"}, "Net Common Equity Issued/Repurchased": {"2020-12-31": 88, "2020-09-30": 0, "2020-06-30": 0, "2020-03-31": "-88.00000", "2019-12-31": -196, "2019-09-30": -68, "2019-06-30": -152, "2019-03-31": "-25.00000", "2018-12-31": -200, "2018-09-30": -691, "2018-06-30": -51, "2018-03-31": "3.00000", "2017-12-31": -137, "2017-09-30": -129, "2017-06-30": 1, "2017-03-31": "5.00000", "2016-12-31": -6.084, "2016-09-30": 2.197, "2016-06-30": 2.761, "2016-03-31": "1.12600", "2015-12-31": -14.664, "2015-09-30": -74.006, "2015-06-30": -96.423, "2015-03-31": "-47.90700", "2014-12-31": -33.699, "2014-09-30": -45.631, "2014-06-30": -104.768, "2014-03-31": "-130.02400", "2013-12-31": 12.601, "2013-09-30": -16.197, "2013-06-30": -75.198, "2013-03-31": "-33.60000", "2012-12-31": -81.578, "2012-09-30": -25.073, "2012-06-30": -40.23, "2012-03-31": "", "2011-12-31": 0, "2011-09-30": 0, "2011-06-30": 0, "2011-03-31": "-49.10000", "2010-12-31": 886.172, "2010-09-30": 0, "2010-06-30": 0, "2010-03-31": "", "2009-12-31": -0.017, "2009-09-30": 587.335, "2009-06-30": 548.327, "2009-03-31": "", "2008-12-31": 0, "2008-09-30": 0, "2008-06-30": 0, "2008-03-31": "", "2007-12-31": 0, "2007-09-30": 0, "2007-06-30": 0, "2007-03-31": "", "2006-12-31": -74.937, "2006-09-30": 0.045, "2006-06-30": -190.617, "2006-03-31": "-113.32600", "2005-12-31": -159.571, "2005-09-30": -45.948, "2005-06-30": -33.912, "2005-03-31": "7.77500"}, "Net Total Equity Issued/Repurchased": {"2020-12-31": -900, "2020-09-30": 494, "2020-06-30": 494, "2020-03-31": "-88.00000", "2019-12-31": -196, "2019-09-30": -68, "2019-06-30": -152, "2019-03-31": "-25.00000", "2018-12-31": -200, "2018-09-30": -691, "2018-06-30": -51, "2018-03-31": "498.00000", "2017-12-31": -137, "2017-09-30": -129, "2017-06-30": 1, "2017-03-31": "5.00000", "2016-12-31": -6.02, "2016-09-30": 2.146, "2016-06-30": 201.4, "2016-03-31": "387.47400", "2015-12-31": -14.664, "2015-09-30": -74.006, "2015-06-30": -96.423, "2015-03-31": "-47.90700", "2014-12-31": -33.699, "2014-09-30": -45.631, "2014-06-30": -104.768, "2014-03-31": "-130.02400", "2013-12-31": 12.601, "2013-09-30": -16.197, "2013-06-30": -75.198, "2013-03-31": "-33.60000", "2012-12-31": -81.578, "2012-09-30": -25.073, "2012-06-30": -40.23, "2012-03-31": "", "2011-12-31": 0, "2011-09-30": 0, "2011-06-30": 0, "2011-03-31": "-49.10000", "2010-12-31": -511.899, "2010-09-30": 0, "2010-06-30": 0, "2010-03-31": "", "2009-12-31": -0.017, "2009-09-30": 587.335, "2009-06-30": 548.327, "2009-03-31": "", "2008-12-31": 1397.491, "2008-09-30": -0.715, "2008-06-30": 550.849, "2008-03-31": "", "2007-12-31": 0, "2007-09-30": 0, "2007-06-30": 0, "2007-03-31": "", "2006-12-31": -74.937, "2006-09-30": 0.045, "2006-06-30": -190.617, "2006-03-31": "-113.32600", "2005-12-31": -159.571, "2005-09-30": -45.948, "2005-06-30": -33.912, "2005-03-31": "7.77500"}, "Total Common And Preferred Stock Dividends Paid": {"2020-12-31": 515, "2020-09-30": -171, "2020-06-30": -171, "2020-03-31": "-173.00000", "2019-12-31": -174, "2019-09-30": -165, "2019-06-30": -166, "2019-03-31": "-166.00000", "2018-12-31": -171, "2018-09-30": -143, "2018-06-30": -133, "2018-03-31": "-137.00000", "2017-12-31": -106, "2017-09-30": -107, "2017-06-30": -106, "2017-03-31": "-106.00000", "2016-12-31": -83.935, "2016-09-30": -75.106, "2016-06-30": -75.766, "2016-03-31": "-64.19300", "2015-12-31": -55.527, "2015-09-30": -56.23, "2015-06-30": -56.54, "2015-03-31": "-56.70300", "2014-12-31": -53.645, "2014-09-30": -46.631, "2014-06-30": -49.403, "2014-03-31": "-49.11000", "2013-12-31": -49.521, "2013-09-30": -49.444, "2013-06-30": -41.856, "2013-03-31": "-41.65600", "2012-12-31": -42.199, "2012-09-30": -42.267, "2012-06-30": -42.518, "2012-03-31": "-42.35100", "2011-12-31": -42.252, "2011-09-30": -17.501, "2011-06-30": -16.33, "2011-03-31": "-16.32100", "2010-12-31": -39.525, "2010-09-30": -32.369, "2010-06-30": -32.282, "2010-03-31": "-32.32300", "2009-12-31": -30.855, "2009-09-30": -30.748, "2009-06-30": -30.667, "2009-03-31": "-70.01800", "2008-12-31": -59.723, "2008-09-30": -59.506, "2008-06-30": -86.824, "2008-03-31": "-96.79700", "2007-12-31": -96.191, "2007-09-30": -69.564, "2007-06-30": -62.463, "2007-03-31": "-61.54000", "2006-12-31": -69.211, "2006-09-30": -58.81, "2006-06-30": -61.418, "2006-03-31": "-41.67800", "2005-12-31": -58.206, "2005-09-30": -49.902, "2005-06-30": -47.136, "2005-03-31": "-45.38400"}, "Financial Activities - Other": {"2020-12-31": -12789, "2020-09-30": 1463, "2020-06-30": 6848, "2020-03-31": "4478.00000", "2019-12-31": -48, "2019-09-30": 1513, "2019-06-30": -566, "2019-03-31": "-2625.00000", "2018-12-31": 3085, "2018-09-30": 2103, "2018-06-30": 100, "2018-03-31": "2423.00000", "2017-12-31": -1404, "2017-09-30": 2521, "2017-06-30": -1517, "2017-03-31": "1818.00000", "2016-12-31": -1123.5941, "2016-09-30": 1104.0621, "2016-06-30": -613.678, "2016-03-31": "362.21000", "2015-12-31": 1018.224, "2015-09-30": 801.542, "2015-06-30": 700.953, "2015-03-31": "1083.28100", "2014-12-31": 1604.796, "2014-09-30": 638.181, "2014-06-30": -603.041, "2014-03-31": "1288.62700", "2013-12-31": 931.983, "2013-09-30": 237.413, "2013-06-30": -529.57, "2013-03-31": "617.98700", "2012-12-31": -490.278, "2012-09-30": 665.807, "2012-06-30": 1067.566, "2012-03-31": "1015.88100", "2011-12-31": 59.784, "2011-09-30": 1813.821, "2011-06-30": 28.689, "2011-03-31": "-485.07200", "2010-12-31": 789.769, "2010-09-30": 1213.663, "2010-06-30": -456.878, "2010-03-31": "-193.37400", "2009-12-31": 664.447, "2009-09-30": 662.55, "2009-06-30": 105.134, "2009-03-31": "1127.30400", "2008-12-31": 373.254, "2008-09-30": -557.51, "2008-06-30": 11.42, "2008-03-31": "366.90500", "2007-12-31": -668.073, "2007-09-30": 949.598, "2007-06-30": 34.728, "2007-03-31": "-464.88100", "2006-12-31": 316.787, "2006-09-30": 148.077, "2006-06-30": 53.077, "2006-03-31": "460.66700", "2005-12-31": 0.123, "2005-09-30": 25.046, "2005-06-30": 554.476, "2005-03-31": "1008.13100"}, "Cash Flow From Financial Activities": {"2020-12-31": -9998, "2020-09-30": 1216, "2020-06-30": 4361, "2020-03-31": "4421.00000", "2019-12-31": -28, "2019-09-30": 176, "2019-06-30": -29, "2019-03-31": "-1318.00000", "2018-12-31": 2477, "2018-09-30": -106, "2018-06-30": 687, "2018-03-31": "31.00000", "2017-12-31": 1642, "2017-09-30": 254, "2017-06-30": 886, "2017-03-31": "265.00000", "2016-12-31": -220.964, "2016-09-30": 659.585, "2016-06-30": 962.634, "2016-03-31": "1366.74500", "2015-12-31": 859.361, "2015-09-30": 1067.427, "2015-06-30": 728.838, "2015-03-31": "866.37400", "2014-12-31": 1552.334, "2014-09-30": -398.883, "2014-06-30": 2409.291, "2014-03-31": "772.68600", "2013-12-31": 2721.088, "2013-09-30": 316.391, "2013-06-30": 58.281, "2013-03-31": "-130.34600", "2012-12-31": -391.804, "2012-09-30": -426.515, "2012-06-30": 524.747, "2012-03-31": "521.25800", "2011-12-31": -595.637, "2011-09-30": 1553.044, "2011-06-30": -243.695, "2011-03-31": "-735.71300", "2010-12-31": 676.223, "2010-09-30": 1203.277, "2010-06-30": -215.654, "2010-03-31": "-401.34100", "2009-12-31": -417.369, "2009-09-30": 1308.784, "2009-06-30": -87.058, "2009-03-31": "-498.58200", "2008-12-31": 166.055, "2008-09-30": -675.359, "2008-06-30": -505.637, "2008-03-31": "1312.74200", "2007-12-31": 169.545, "2007-09-30": 1026.021, "2007-06-30": 1535.393, "2007-03-31": "-494.31100", "2006-12-31": -307.837, "2006-09-30": -674.716, "2006-06-30": 532.471, "2006-03-31": "294.29800", "2005-12-31": -242.227, "2005-09-30": 83.874, "2005-06-30": 591.46, "2005-03-31": "-430.43200"}, "Net Cash Flow": {"2020-12-31": -5105, "2020-09-30": -18, "2020-06-30": 4526, "2020-03-31": "597.00000", "2019-12-31": -466, "2019-09-30": 38, "2019-06-30": 262, "2019-03-31": "-1336.00000", "2018-12-31": 1373, "2018-09-30": -83, "2018-06-30": 313, "2018-03-31": "-451.00000", "2017-12-31": 326, "2017-09-30": -321, "2017-06-30": 205, "2017-03-31": "-75.00000", "2016-12-31": -276.783, "2016-09-30": 794.759, "2016-06-30": 50.932, "2016-03-31": "-30.90800", "2015-12-31": -177.793, "2015-09-30": -355.611, "2015-06-30": 480.093, "2015-03-31": "-320.68900", "2014-12-31": 340.703, "2014-09-30": -338.591, "2014-06-30": 245.189, "2014-03-31": "-27.86800", "2013-12-31": -106.526, "2013-09-30": 113.752, "2013-06-30": 165.218, "2013-03-31": "-434.11800", "2012-12-31": 465.205, "2012-09-30": -420.987, "2012-06-30": 107.371, "2012-03-31": "-4.75100", "2011-12-31": -1074.308, "2011-09-30": 1206.394, "2011-06-30": -224.938, "2011-03-31": "360.93200", "2010-12-31": -291.338, "2010-09-30": 13.45, "2010-06-30": -184.864, "2010-03-31": "-210.70400", "2009-12-31": -360.764, "2009-09-30": -210.496, "2009-06-30": -180.227, "2009-03-31": "1428.16300", "2008-12-31": -326.09, "2008-09-30": -187.394, "2008-06-30": -923.09, "2008-03-31": "271.99600", "2007-12-31": 376.021, "2007-09-30": -42.732, "2007-06-30": 106.75, "2007-03-31": "48.46000", "2006-12-31": 302.241, "2006-09-30": -23.207, "2006-06-30": 95.357, "2006-03-31": "105.58000", "2005-12-31": 159.026, "2005-09-30": -215.992, "2005-06-30": 38.063, "2005-03-31": "-445.68100"}, "Stock-Based Compensation": {"2020-12-31": -60, "2020-09-30": 20, "2020-06-30": 25, "2020-03-31": "15.00000", "2019-12-31": 19, "2019-09-30": 16, "2019-06-30": 31, "2019-03-31": "17.00000", "2018-12-31": 19, "2018-09-30": 15, "2018-06-30": 29, "2018-03-31": "15.00000", "2017-12-31": 19, "2017-09-30": 21, "2017-06-30": 54, "2017-03-31": "-2.00000", "2016-12-31": 17.432, "2016-09-30": 20.769, "2016-06-30": 16.531, "2016-03-31": "11.26800", "2015-12-31": 11.864, "2015-09-30": 13.563, "2015-06-30": 14.478, "2015-03-31": "11.09500", "2014-12-31": 10.01, "2014-09-30": 10.864, "2014-06-30": 13.374, "2014-03-31": "9.41800", "2013-12-31": 9.364, "2013-09-30": 9.747, "2013-06-30": 9.875, "2013-03-31": "8.02100", "2012-12-31": 7.915, "2012-09-30": 7.138, "2012-06-30": 7.517, "2012-03-31": "5.30300", "2011-12-31": 19.666, "2011-09-30": 0, "2011-06-30": 0, "2011-03-31": "", "2010-12-31": 0, "2010-09-30": 0, "2010-06-30": 0, "2010-03-31": "", "2009-12-31": 0, "2009-09-30": 0, "2009-06-30": 0, "2009-03-31": "", "2008-12-31": 0, "2008-09-30": 0, "2008-06-30": 0, "2008-03-31": "", "2007-12-31": 0, "2007-09-30": 0, "2007-06-30": 0, "2007-03-31": "", "2006-12-31": 0, "2006-09-30": 0, "2006-06-30": 0, "2006-03-31": "", "2005-12-31": 0, "2005-09-30": 0, "2005-06-30": 0, "2005-03-31": ""}, "Common Stock Dividends Paid": {"2020-12-31": 460, "2020-09-30": -153, "2020-06-30": -152, "2020-03-31": "-155.00000", "2019-12-31": -155, "2019-09-30": -147, "2019-06-30": -147, "2019-03-31": "-148.00000", "2018-12-31": -152, "2018-09-30": -122, "2018-06-30": -122, "2018-03-31": "-118.00000", "2017-12-31": -87, "2017-09-30": -88, "2017-06-30": -87, "2017-03-31": "-87.00000", "2016-12-31": -76.344, "2016-09-30": -56.569, "2016-06-30": -55.892, "2016-03-31": "-56.19500", "2015-12-31": -47.428, "2015-09-30": -48.262, "2015-06-30": -48.572, "2015-03-31": "-48.73800", "2014-12-31": -45.682, "2014-09-30": -38.669, "2014-06-30": -41.438, "2014-03-31": "-41.14600", "2013-12-31": -41.562, "2013-09-30": -41.477, "2013-06-30": -33.886, "2013-03-31": "-33.68300", "2012-12-31": -34.216, "2012-09-30": -34.283, "2012-06-30": -34.469, "2012-03-31": "-34.64800", "2011-12-31": -34.549, "2011-09-30": -9.798, "2011-06-30": -8.626, "2011-03-31": "-8.61800", "2010-12-31": -7.161, "2010-09-30": -7.19, "2010-06-30": -7.103, "2010-03-31": "-7.14400", "2009-12-31": -5.677, "2009-09-30": -5.569, "2009-06-30": -3.523, "2009-03-31": "-40.25700", "2008-12-31": -47.632, "2008-09-30": -48.355, "2008-06-30": -86.824, "2008-03-31": "-96.79700", "2007-12-31": -96.191, "2007-09-30": -69.564, "2007-06-30": -62.463, "2007-03-31": "-61.54000", "2006-12-31": -69.211, "2006-09-30": -58.81, "2006-06-30": -61.418, "2006-03-31": "-41.67800", "2005-12-31": -58.206, "2005-09-30": -49.902, "2005-06-30": -47.136, "2005-03-31": "-45.38400"}}, "financial ratios": {"Current Ratio": {"2019-12-31": "", "2018-12-31": "", "2017-12-31": "", "2016-12-31": "", "2015-12-31": "", "2014-12-31": "", "2013-12-31": "", "2012-12-31": "", "2011-12-31": "", "2010-12-31": "", "2009-12-31": "", "2008-12-31": "", "2007-12-31": "", "2006-12-31": "", "2005-12-31": ""}, "Long-term Debt / Capital": {"2019-12-31": "0.45500", "2018-12-31": "0.43720", "2017-12-31": "0.45980", "2016-12-31": "0.44630", "2015-12-31": "0.51640", "2014-12-31": "0.40660", "2013-12-31": "0.28760", "2012-12-31": "0.18970", "2011-12-31": "0.33540", "2010-12-31": "0.42230", "2009-12-31": "0.40510", "2008-12-31": "0.37200", "2007-12-31": "0.39420", "2006-12-31": "0.53840", "2005-12-31": "0.57370"}, "Debt/Equity Ratio": {"2019-12-31": "1.05600", "2018-12-31": "0.95860", "2017-12-31": "1.31880", "2016-12-31": "1.16430", "2015-12-31": "1.16100", "2014-12-31": "1.06400", "2013-12-31": "0.78990", "2012-12-31": "0.51030", "2011-12-31": "0.83770", "2010-12-31": "1.17550", "2009-12-31": "0.87690", "2008-12-31": "1.13150", "2007-12-31": "1.64710", "2006-12-31": "2.05310", "2005-12-31": "2.53630"}, "Gross Margin": {"2019-12-31": "", "2018-12-31": "", "2017-12-31": "", "2016-12-31": "", "2015-12-31": "", "2014-12-31": "", "2013-12-31": "", "2012-12-31": "", "2011-12-31": "", "2010-12-31": "", "2009-12-31": "", "2008-12-31": "", "2007-12-31": "", "2006-12-31": "", "2005-12-31": ""}, "Operating Margin": {"2019-12-31": "", "2018-12-31": "", "2017-12-31": "", "2016-12-31": "", "2015-12-31": "", "2014-12-31": "", "2013-12-31": "", "2012-12-31": "", "2011-12-31": "", "2010-12-31": "", "2009-12-31": "", "2008-12-31": "", "2007-12-31": "", "2006-12-31": "", "2005-12-31": ""}, "EBIT Margin": {"2019-12-31": "", "2018-12-31": "", "2017-12-31": "", "2016-12-31": "", "2015-12-31": "", "2014-12-31": "", "2013-12-31": "", "2012-12-31": "", "2011-12-31": "", "2010-12-31": "", "2009-12-31": "", "2008-12-31": "", "2007-12-31": "", "2006-12-31": "", "2005-12-31": ""}, "EBITDA Margin": {"2019-12-31": "", "2018-12-31": "", "2017-12-31": "", "2016-12-31": "", "2015-12-31": "", "2014-12-31": "", "2013-12-31": "", "2012-12-31": "", "2011-12-31": "", "2010-12-31": "", "2009-12-31": "", "2008-12-31": "", "2007-12-31": "", "2006-12-31": "", "2005-12-31": ""}, "Pre-Tax Profit Margin": {"2019-12-31": "37.87670", "2018-12-31": "38.08190", "2017-12-31": "33.93380", "2016-12-31": "27.64420", "2015-12-31": "31.62630", "2014-12-31": "31.18400", "2013-12-31": "33.07330", "2012-12-31": "31.22660", "2011-12-31": "29.03580", "2010-12-31": "17.38850", "2009-12-31": "-1035.35000", "2008-12-31": "-25.05640", "2007-12-31": "1.69680", "2006-12-31": "33.93020", "2005-12-31": "35.91760"}, "Net Profit Margin": {"2019-12-31": "30.52510", "2018-12-31": "30.94740", "2017-12-31": "27.02050", "2016-12-31": "19.44110", "2015-12-31": "22.87200", "2014-12-31": "21.95490", "2013-12-31": "23.20020", "2012-12-31": "22.45030", "2011-12-31": "21.01220", "2010-12-31": "6.92530", "2009-12-31": "-920.15280", "2008-12-31": "-13.56110", "2007-12-31": "5.63280", "2006-12-31": "30.44250", "2005-12-31": "27.22960"}, "Asset Turnover": {"2019-12-31": "0.04020", "2018-12-31": "0.03930", "2017-12-31": "0.03940", "2016-12-31": "0.03340", "2015-12-31": "0.04070", "2014-12-31": "0.04130", "2013-12-31": "0.04420", "2012-12-31": "0.04750", "2011-12-31": "0.04470", "2010-12-31": "0.03760", "2009-12-31": "0.00690", "2008-12-31": "0.02170", "2007-12-31": "0.02440", "2006-12-31": "0.04290", "2005-12-31": "0.04620"}, "Inventory Turnover Ratio": {"2019-12-31": "", "2018-12-31": "", "2017-12-31": "", "2016-12-31": "", "2015-12-31": "", "2014-12-31": "", "2013-12-31": "", "2012-12-31": "", "2011-12-31": "", "2010-12-31": "", "2009-12-31": "", "2008-12-31": "", "2007-12-31": "", "2006-12-31": "", "2005-12-31": ""}, "Receiveable Turnover": {"2019-12-31": "", "2018-12-31": "", "2017-12-31": "", "2016-12-31": "", "2015-12-31": "", "2014-12-31": "", "2013-12-31": "", "2012-12-31": "", "2011-12-31": "", "2010-12-31": "", "2009-12-31": "", "2008-12-31": "", "2007-12-31": "", "2006-12-31": "", "2005-12-31": ""}, "Days Sales In Receivables": {"2019-12-31": "", "2018-12-31": "", "2017-12-31": "", "2016-12-31": "", "2015-12-31": "", "2014-12-31": "", "2013-12-31": "", "2012-12-31": "", "2011-12-31": "", "2010-12-31": "", "2009-12-31": "", "2008-12-31": "", "2007-12-31": "", "2006-12-31": "", "2005-12-31": ""}, "ROE - Return On Equity": {"2019-12-31": "13.32140", "2018-12-31": "14.07210", "2017-12-31": "12.17280", "2016-12-31": "7.70810", "2015-12-31": "11.16250", "2014-12-31": "10.64300", "2013-12-31": "11.24300", "2012-12-31": "11.68210", "2011-12-31": "10.78370", "2010-12-31": "6.76360", "2009-12-31": "-84.80720", "2008-12-31": "-2.12670", "2007-12-31": "1.26350", "2006-12-31": "15.30100", "2005-12-31": "16.11300"}, "Return On Tangible Equity": {"2019-12-31": "15.12330", "2018-12-31": "16.23920", "2017-12-31": "14.39850", "2016-12-31": "9.26240", "2015-12-31": "12.21460", "2014-12-31": "11.03470", "2013-12-31": "11.54900", "2012-12-31": "12.10810", "2011-12-31": "11.30790", "2010-12-31": "7.25100", "2009-12-31": "-67.22630", "2008-12-31": "-2.98140", "2007-12-31": "3.05340", "2006-12-31": "19.34680", "2005-12-31": "17.61060"}, "ROA - Return On Assets": {"2019-12-31": "1.29450", "2018-12-31": "1.28060", "2017-12-31": "1.13840", "2016-12-31": "0.71400", "2015-12-31": "0.97580", "2014-12-31": "0.95390", "2013-12-31": "1.07840", "2012-12-31": "1.12420", "2011-12-31": "0.99650", "2010-12-31": "0.58040", "2009-12-31": "-6.00170", "2008-12-31": "-0.20940", "2007-12-31": "0.13740", "2006-12-31": "1.30550", "2005-12-31": "1.25770"}, "ROI - Return On Investment": {"2019-12-31": "6.51910", "2018-12-31": "7.06140", "2017-12-31": "5.92410", "2016-12-31": "3.82450", "2015-12-31": "5.08210", "2014-12-31": "5.93010", "2013-12-31": "7.50180", "2012-12-31": "8.83410", "2011-12-31": "6.65540", "2010-12-31": "3.62270", "2009-12-31": "-34.49590", "2008-12-31": "-0.98870", "2007-12-31": "0.76540", "2006-12-31": "7.06300", "2005-12-31": "6.86900"}, "Book Value Per Share": {"2019-12-31": "11.56370", "2018-12-31": "10.60600", "2017-12-31": "10.08740", "2016-12-31": "9.49440", "2015-12-31": "8.29580", "2014-12-31": "7.79850", "2013-12-31": "7.32900", "2012-12-31": "6.87010", "2011-12-31": "6.26800", "2010-12-31": "5.76910", "2009-12-31": "7.45500", "2008-12-31": "19.74800", "2007-12-31": "16.24290", "2006-12-31": "12.80110", "2005-12-31": "11.41200"}, "Operating Cash Flow Per Share": {"2019-12-31": -0.0702, "2018-12-31": -0.1592, "2017-12-31": 0.3974, "2016-12-31": 0.0582, "2015-12-31": 0.1973, "2014-12-31": -0.1337, "2013-12-31": 0.0399, "2012-12-31": -0.6774, "2011-12-31": 0.6855, "2010-12-31": -2.5378, "2009-12-31": 0.3112, "2008-12-31": 4.5088, "2007-12-31": -2.0652, "2006-12-31": -1.9542, "2005-12-31": 2.8898}, "Free Cash Flow Per Share": {"2019-12-31": -0.072, "2018-12-31": -0.0879, "2017-12-31": 0.3572, "2016-12-31": 0.0414, "2015-12-31": 0.1542, "2014-12-31": -0.0833, "2013-12-31": 0.069, "2012-12-31": -0.6619, "2011-12-31": 0.6133, "2010-12-31": -2.5389, "2009-12-31": 0.3825, "2008-12-31": 4.7058, "2007-12-31": -2.2291, "2006-12-31": -1.9056, "2005-12-31": 2.6444}}, "financial ratios, quarterly": {"Current Ratio": {"2020-09-30": "", "2020-06-30": "", "2020-03-31": "", "2019-12-31": "", "2019-09-30": "", "2019-06-30": "", "2019-03-31": "", "2018-12-31": "", "2018-09-30": "", "2018-06-30": "", "2018-03-31": "", "2017-12-31": "", "2017-09-30": "", "2017-06-30": "", "2017-03-31": "", "2016-12-31": "", "2016-09-30": "", "2016-06-30": "", "2016-03-31": "", "2015-12-31": "", "2015-09-30": "", "2015-06-30": "", "2015-03-31": "", "2014-12-31": "", "2014-09-30": "", "2014-06-30": "", "2014-03-31": "", "2013-12-31": "", "2013-09-30": "", "2013-06-30": "", "2013-03-31": "", "2012-12-31": "", "2012-09-30": "", "2012-06-30": "", "2012-03-31": "", "2011-12-31": "", "2011-09-30": "", "2011-06-30": "", "2011-03-31": "", "2010-12-31": "", "2010-09-30": "", "2010-06-30": "", "2010-03-31": "", "2009-12-31": "", "2009-09-30": "", "2009-06-30": "", "2009-03-31": "", "2008-12-31": "", "2008-09-30": "", "2008-06-30": "", "2008-03-31": "", "2007-12-31": "", "2007-09-30": "", "2007-06-30": "", "2007-03-31": "", "2006-12-31": "", "2006-09-30": "", "2006-06-30": "", "2006-03-31": "", "2005-12-31": "", "2005-09-30": "", "2005-06-30": "", "2005-03-31": ""}, "Long-term Debt / Capital": {"2020-09-30": "0.41530", "2020-06-30": "0.44200", "2020-03-31": "0.45430", "2019-12-31": "0.45500", "2019-09-30": "0.45330", "2019-06-30": "0.43470", "2019-03-31": "0.45120", "2018-12-31": "0.43720", "2018-09-30": "0.46190", "2018-06-30": "0.45880", "2018-03-31": "0.43250", "2017-12-31": "0.45980", "2017-09-30": "0.46240", "2017-06-30": "0.44480", "2017-03-31": "0.47060", "2016-12-31": "0.44630", "2016-09-30": "0.46420", "2016-06-30": "0.51370", "2016-03-31": "0.52580", "2015-12-31": "0.51640", "2015-09-30": "0.49140", "2015-06-30": "0.47400", "2015-03-31": "0.44390", "2014-12-31": "0.40660", "2014-09-30": "0.36210", "2014-06-30": "0.36490", "2014-03-31": "0.31370", "2013-12-31": "0.28760", "2013-09-30": "0.25270", "2013-06-30": "0.18000", "2013-03-31": "0.18650", "2012-12-31": "0.18970", "2012-09-30": "0.20440", "2012-06-30": "0.23430", "2012-03-31": "0.31500", "2011-12-31": "0.33540", "2011-09-30": "0.35400", "2011-06-30": "0.37350", "2011-03-31": "0.40210", "2010-12-31": "0.42230", "2010-09-30": "0.39240", "2010-06-30": "0.40910", "2010-03-31": "0.42660", "2009-12-31": "0.40510", "2009-09-30": "0.42000", "2009-06-30": "0.44470", "2009-03-31": "0.49080", "2008-12-31": "0.37200", "2008-09-30": "0.40620", "2008-06-30": "0.41280", "2008-03-31": "0.39380", "2007-12-31": "0.39420", "2007-09-30": "0.38390", "2007-06-30": "0.53390", "2007-03-31": "0.53100", "2006-12-31": "0.53840", "2006-09-30": "0.55280", "2006-06-30": "0.57470", "2006-03-31": "0.51870", "2005-12-31": "0.57370", "2005-09-30": "0.59350", "2005-06-30": "0.60800", "2005-03-31": "0.61660"}, "Debt/Equity Ratio": {"2020-09-30": "0.72740", "2020-06-30": "0.80390", "2020-03-31": "1.07250", "2019-12-31": "1.05600", "2019-09-30": "1.01160", "2019-06-30": "1.12560", "2019-03-31": "1.07260", "2018-12-31": "0.95860", "2018-09-30": "0.98160", "2018-06-30": "1.06070", "2018-03-31": "1.01450", "2017-12-31": "1.31880", "2017-09-30": "1.03100", "2017-06-30": "1.22860", "2017-03-31": "1.01010", "2016-12-31": "1.16430", "2016-09-30": "1.07320", "2016-06-30": "1.31690", "2016-03-31": "1.17450", "2015-12-31": "1.16100", "2015-09-30": "1.18690", "2015-06-30": "1.13390", "2015-03-31": "1.10900", "2014-12-31": "1.06400", "2014-09-30": "1.07500", "2014-06-30": "1.23730", "2014-03-31": "0.73750", "2013-12-31": "0.78990", "2013-09-30": "0.50500", "2013-06-30": "0.49850", "2013-03-31": "0.38540", "2012-12-31": "0.51030", "2012-09-30": "0.47540", "2012-06-30": "0.66730", "2012-03-31": "0.74120", "2011-12-31": "0.83770", "2011-09-30": "0.96250", "2011-06-30": "1.02330", "2011-03-31": "1.08380", "2010-12-31": "1.17550", "2010-09-30": "0.98400", "2010-06-30": "1.00360", "2010-03-31": "0.95600", "2009-12-31": "0.87690", "2009-09-30": "1.03630", "2009-06-30": "1.14360", "2009-03-31": "1.38180", "2008-12-31": "1.13150", "2008-09-30": "1.54010", "2008-06-30": "1.54460", "2008-03-31": "1.83780", "2007-12-31": "1.64710", "2007-09-30": "1.41410", "2007-06-30": "2.53540", "2007-03-31": "2.04170", "2006-12-31": "2.05310", "2006-09-30": "2.11590", "2006-06-30": "2.50740", "2006-03-31": "2.16380", "2005-12-31": "2.53630", "2005-09-30": "2.47380", "2005-06-30": "2.37600", "2005-03-31": "2.35600"}, "Gross Margin": {"2020-09-30": "", "2020-06-30": "", "2020-03-31": "", "2019-12-31": "", "2019-09-30": "", "2019-06-30": "", "2019-03-31": "", "2018-12-31": "", "2018-09-30": "", "2018-06-30": "", "2018-03-31": "", "2017-12-31": "", "2017-09-30": "", "2017-06-30": "", "2017-03-31": "", "2016-12-31": "", "2016-09-30": "", "2016-06-30": "", "2016-03-31": "", "2015-12-31": "", "2015-09-30": "", "2015-06-30": "", "2015-03-31": "", "2014-12-31": "", "2014-09-30": "", "2014-06-30": "", "2014-03-31": "", "2013-12-31": "", "2013-09-30": "", "2013-06-30": "", "2013-03-31": "", "2012-12-31": "", "2012-09-30": "", "2012-06-30": "", "2012-03-31": "", "2011-12-31": "", "2011-09-30": "", "2011-06-30": "", "2011-03-31": "", "2010-12-31": "", "2010-09-30": "", "2010-06-30": "", "2010-03-31": "", "2009-12-31": "", "2009-09-30": "", "2009-06-30": "", "2009-03-31": "", "2008-12-31": "", "2008-09-30": "", "2008-06-30": "", "2008-03-31": "", "2007-12-31": "", "2007-09-30": "", "2007-06-30": "", "2007-03-31": "", "2006-12-31": "", "2006-09-30": "", "2006-06-30": "", "2006-03-31": "", "2005-12-31": "", "2005-09-30": "", "2005-06-30": "", "2005-03-31": ""}, "Operating Margin": {"2020-09-30": "", "2020-06-30": "", "2020-03-31": "", "2019-12-31": "", "2019-09-30": "", "2019-06-30": "", "2019-03-31": "", "2018-12-31": "", "2018-09-30": "", "2018-06-30": "", "2018-03-31": "", "2017-12-31": "", "2017-09-30": "", "2017-06-30": "", "2017-03-31": "", "2016-12-31": "", "2016-09-30": "", "2016-06-30": "", "2016-03-31": "", "2015-12-31": "", "2015-09-30": "", "2015-06-30": "", "2015-03-31": "", "2014-12-31": "", "2014-09-30": "", "2014-06-30": "", "2014-03-31": "", "2013-12-31": "", "2013-09-30": "", "2013-06-30": "", "2013-03-31": "", "2012-12-31": "", "2012-09-30": "", "2012-06-30": "", "2012-03-31": "", "2011-12-31": "", "2011-09-30": "", "2011-06-30": "", "2011-03-31": "", "2010-12-31": "", "2010-09-30": "", "2010-06-30": "", "2010-03-31": "", "2009-12-31": "", "2009-09-30": "", "2009-06-30": "", "2009-03-31": "", "2008-12-31": "", "2008-09-30": "", "2008-06-30": "", "2008-03-31": "", "2007-12-31": "", "2007-09-30": "", "2007-06-30": "", "2007-03-31": "", "2006-12-31": "", "2006-09-30": "", "2006-06-30": "", "2006-03-31": "", "2005-12-31": "", "2005-09-30": "", "2005-06-30": "", "2005-03-31": ""}, "EBIT Margin": {"2020-09-30": "", "2020-06-30": "", "2020-03-31": "", "2019-12-31": "", "2019-09-30": "", "2019-06-30": "", "2019-03-31": "", "2018-12-31": "", "2018-09-30": "", "2018-06-30": "", "2018-03-31": "", "2017-12-31": "", "2017-09-30": "", "2017-06-30": "", "2017-03-31": "", "2016-12-31": "", "2016-09-30": "", "2016-06-30": "", "2016-03-31": "", "2015-12-31": "", "2015-09-30": "", "2015-06-30": "", "2015-03-31": "", "2014-12-31": "", "2014-09-30": "", "2014-06-30": "", "2014-03-31": "", "2013-12-31": "", "2013-09-30": "", "2013-06-30": "", "2013-03-31": "", "2012-12-31": "", "2012-09-30": "", "2012-06-30": "", "2012-03-31": "", "2011-12-31": "", "2011-09-30": "", "2011-06-30": "", "2011-03-31": "", "2010-12-31": "", "2010-09-30": "", "2010-06-30": "", "2010-03-31": "", "2009-12-31": "", "2009-09-30": "", "2009-06-30": "", "2009-03-31": "", "2008-12-31": "", "2008-09-30": "", "2008-06-30": "", "2008-03-31": "", "2007-12-31": "", "2007-09-30": "", "2007-06-30": "", "2007-03-31": "", "2006-12-31": "", "2006-09-30": "", "2006-06-30": "", "2006-03-31": "", "2005-12-31": "", "2005-09-30": "", "2005-06-30": "", "2005-03-31": ""}, "EBITDA Margin": {"2020-09-30": "", "2020-06-30": "", "2020-03-31": "", "2019-12-31": "", "2019-09-30": "", "2019-06-30": "", "2019-03-31": "", "2018-12-31": "", "2018-09-30": "", "2018-06-30": "", "2018-03-31": "", "2017-12-31": "", "2017-09-30": "", "2017-06-30": "", "2017-03-31": "", "2016-12-31": "", "2016-09-30": "", "2016-06-30": "", "2016-03-31": "", "2015-12-31": "", "2015-09-30": "", "2015-06-30": "", "2015-03-31": "", "2014-12-31": "", "2014-09-30": "", "2014-06-30": "", "2014-03-31": "", "2013-12-31": "", "2013-09-30": "", "2013-06-30": "", "2013-03-31": "", "2012-12-31": "", "2012-09-30": "", "2012-06-30": "", "2012-03-31": "", "2011-12-31": "", "2011-09-30": "", "2011-06-30": "", "2011-03-31": "", "2010-12-31": "", "2010-09-30": "", "2010-06-30": "", "2010-03-31": "", "2009-12-31": "", "2009-09-30": "", "2009-06-30": "", "2009-03-31": "", "2008-12-31": "", "2008-09-30": "", "2008-06-30": "", "2008-03-31": "", "2007-12-31": "", "2007-09-30": "", "2007-06-30": "", "2007-03-31": "", "2006-12-31": "", "2006-09-30": "", "2006-06-30": "", "2006-03-31": "", "2005-12-31": "", "2005-09-30": "", "2005-06-30": "", "2005-03-31": ""}, "Pre-Tax Profit Margin": {"2020-09-30": "33.45790", "2020-06-30": "21.14490", "2020-03-31": "8.16900", "2019-12-31": "34.66920", "2019-09-30": "39.69260", "2019-06-30": "37.88820", "2019-03-31": "39.19930", "2018-12-31": "35.48090", "2018-09-30": "40.33000", "2018-06-30": "38.72180", "2018-03-31": "37.81930", "2017-12-31": "39.36780", "2017-09-30": "34.92820", "2017-06-30": "33.58850", "2017-03-31": "27.41270", "2016-12-31": "31.49910", "2016-09-30": "17.56400", "2016-06-30": "30.40900", "2016-03-31": "31.54260", "2015-12-31": "31.95650", "2015-09-30": "27.48800", "2015-06-30": "34.60760", "2015-03-31": "32.39350", "2014-12-31": "31.35710", "2014-09-30": "30.30830", "2014-06-30": "32.62590", "2014-03-31": "30.42820", "2013-12-31": "32.03260", "2013-09-30": "36.55220", "2013-06-30": "31.62990", "2013-03-31": "32.00310", "2012-12-31": "32.83570", "2012-09-30": "29.96180", "2012-06-30": "31.25550", "2012-03-31": "30.74990", "2011-12-31": "28.17830", "2011-09-30": "29.33990", "2011-06-30": "31.26840", "2011-03-31": "27.23330", "2010-12-31": "26.65610", "2010-09-30": "23.41380", "2010-06-30": "13.04560", "2010-03-31": "0.41130", "2009-12-31": "217.14460", "2009-09-30": "-179.05310", "2009-06-30": "-68.19390", "2009-03-31": "-942.86570", "2008-12-31": "239.74650", "2008-09-30": "21.36510", "2008-06-30": "25.25900", "2008-03-31": "29.28750", "2007-12-31": "-961.46600", "2007-09-30": "32.62920", "2007-06-30": "29.98880", "2007-03-31": "34.80880", "2006-12-31": "30.05370", "2006-09-30": "28.49960", "2006-06-30": "38.36920", "2006-03-31": "37.86000", "2005-12-31": "36.04220", "2005-09-30": "39.41630", "2005-06-30": "35.57840", "2005-03-31": "32.63050"}, "Net Profit Margin": {"2020-09-30": "25.70090", "2020-06-30": "15.30370", "2020-03-31": "4.22540", "2019-12-31": "27.77260", "2019-09-30": "32.00720", "2019-06-30": "30.70100", "2019-03-31": "31.56430", "2018-12-31": "28.58440", "2018-09-30": "32.99730", "2018-06-30": "31.39100", "2018-03-31": "30.84480", "2017-12-31": "39.46360", "2017-09-30": "24.49760", "2017-06-30": "24.21050", "2017-03-31": "19.40450", "2016-12-31": "22.18460", "2016-09-30": "12.55410", "2016-06-30": "20.55410", "2016-03-31": "22.76650", "2015-12-31": "23.22230", "2015-09-30": "19.91740", "2015-06-30": "25.03030", "2015-03-31": "23.26290", "2014-12-31": "22.10840", "2014-09-30": "21.33650", "2014-06-30": "23.01290", "2014-03-31": "21.34670", "2013-12-31": "22.89010", "2013-09-30": "25.60910", "2013-06-30": "21.93310", "2013-03-31": "22.31340", "2012-12-31": "21.34600", "2012-09-30": "24.41830", "2012-06-30": "22.39370", "2012-03-31": "21.73570", "2011-12-31": "19.88950", "2011-09-30": "21.83410", "2011-06-30": "22.17430", "2011-03-31": "20.06170", "2010-12-31": "6.60650", "2010-09-30": "12.80610", "2010-06-30": "4.06350", "2010-03-31": "2.59670", "2009-12-31": "144.88100", "2009-09-30": "-135.95370", "2009-06-30": "-90.30810", "2009-03-31": "-875.09210", "2008-12-31": "157.78490", "2008-09-30": "14.60730", "2008-06-30": "17.84450", "2008-03-31": "24.25300", "2007-12-31": "-577.83010", "2007-09-30": "24.14850", "2007-06-30": "23.04210", "2007-03-31": "25.77950", "2006-12-31": "22.91100", "2006-09-30": "46.43590", "2006-06-30": "27.25580", "2006-03-31": "27.22520", "2005-12-31": "27.92400", "2005-09-30": "28.22460", "2005-06-30": "27.63030", "2005-03-31": "25.17620"}, "Asset Turnover": {"2020-09-30": "0.00890", "2020-06-30": "0.00720", "2020-03-31": "0.00620", "2019-12-31": "0.00980", "2019-09-30": "0.01020", "2019-06-30": "0.01040", "2019-03-31": "0.00990", "2018-12-31": "0.01010", "2018-09-30": "0.01030", "2018-06-30": "0.01010", "2018-03-31": "0.00980", "2017-12-31": "0.01000", "2017-09-30": "0.01020", "2017-06-30": "0.01030", "2017-03-31": "0.00970", "2016-12-31": "0.01000", "2016-09-30": "0.00860", "2016-06-30": "0.01020", "2016-03-31": "0.00990", "2015-12-31": "0.01030", "2015-09-30": "0.01030", "2015-06-30": "0.01090", "2015-03-31": "0.01000", "2014-12-31": "0.01060", "2014-09-30": "0.01070", "2014-06-30": "0.01070", "2014-03-31": "0.01080", "2013-12-31": "0.01100", "2013-09-30": "0.01180", "2013-06-30": "0.01160", "2013-03-31": "0.01160", "2012-12-31": "0.01250", "2012-09-30": "0.01160", "2012-06-30": "0.01140", "2012-03-31": "0.01200", "2011-12-31": "0.01100", "2011-09-30": "0.01130", "2011-06-30": "0.01170", "2011-03-31": "0.01120", "2010-12-31": "0.01100", "2010-09-30": "0.01050", "2010-06-30": "0.00920", "2010-03-31": "0.00770", "2009-12-31": "-0.00530", "2009-09-30": "0.00270", "2009-06-30": "0.00390", "2009-03-31": "0.00550", "2008-12-31": "-0.00510", "2008-09-30": "0.00790", "2008-06-30": "0.00910", "2008-03-31": "0.00930", "2007-12-31": "0.00080", "2007-09-30": "0.01030", "2007-06-30": "0.00960", "2007-03-31": "0.01060", "2006-12-31": "0.01080", "2006-09-30": "0.00950", "2006-06-30": "0.01130", "2006-03-31": "0.01080", "2005-12-31": "0.01100", "2005-09-30": "0.01170", "2005-06-30": "0.01170", "2005-03-31": "0.01190"}, "Inventory Turnover Ratio": {"2020-09-30": "", "2020-06-30": "", "2020-03-31": "", "2019-12-31": "", "2019-09-30": "", "2019-06-30": "", "2019-03-31": "", "2018-12-31": "", "2018-09-30": "", "2018-06-30": "", "2018-03-31": "", "2017-12-31": "", "2017-09-30": "", "2017-06-30": "", "2017-03-31": "", "2016-12-31": "", "2016-09-30": "", "2016-06-30": "", "2016-03-31": "", "2015-12-31": "", "2015-09-30": "", "2015-06-30": "", "2015-03-31": "", "2014-12-31": "", "2014-09-30": "", "2014-06-30": "", "2014-03-31": "", "2013-12-31": "", "2013-09-30": "", "2013-06-30": "", "2013-03-31": "", "2012-12-31": "", "2012-09-30": "", "2012-06-30": "", "2012-03-31": "", "2011-12-31": "", "2011-09-30": "", "2011-06-30": "", "2011-03-31": "", "2010-12-31": "", "2010-09-30": "", "2010-06-30": "", "2010-03-31": "", "2009-12-31": "", "2009-09-30": "", "2009-06-30": "", "2009-03-31": "", "2008-12-31": "", "2008-09-30": "", "2008-06-30": "", "2008-03-31": "", "2007-12-31": "", "2007-09-30": "", "2007-06-30": "", "2007-03-31": "", "2006-12-31": "", "2006-09-30": "", "2006-06-30": "", "2006-03-31": "", "2005-12-31": "", "2005-09-30": "", "2005-06-30": "", "2005-03-31": ""}, "Receiveable Turnover": {"2020-09-30": "", "2020-06-30": "", "2020-03-31": "", "2019-12-31": "", "2019-09-30": "", "2019-06-30": "", "2019-03-31": "", "2018-12-31": "", "2018-09-30": "", "2018-06-30": "", "2018-03-31": "", "2017-12-31": "", "2017-09-30": "", "2017-06-30": "", "2017-03-31": "", "2016-12-31": "", "2016-09-30": "", "2016-06-30": "", "2016-03-31": "", "2015-12-31": "", "2015-09-30": "", "2015-06-30": "", "2015-03-31": "", "2014-12-31": "", "2014-09-30": "", "2014-06-30": "", "2014-03-31": "", "2013-12-31": "", "2013-09-30": "", "2013-06-30": "", "2013-03-31": "", "2012-12-31": "", "2012-09-30": "", "2012-06-30": "", "2012-03-31": "", "2011-12-31": "", "2011-09-30": "", "2011-06-30": "", "2011-03-31": "", "2010-12-31": "", "2010-09-30": "", "2010-06-30": "", "2010-03-31": "", "2009-12-31": "", "2009-09-30": "", "2009-06-30": "", "2009-03-31": "", "2008-12-31": "", "2008-09-30": "", "2008-06-30": "", "2008-03-31": "", "2007-12-31": "", "2007-09-30": "", "2007-06-30": "", "2007-03-31": "", "2006-12-31": "", "2006-09-30": "", "2006-06-30": "", "2006-03-31": "", "2005-12-31": "", "2005-09-30": "", "2005-06-30": "", "2005-03-31": ""}, "Days Sales In Receivables": {"2020-09-30": "", "2020-06-30": "", "2020-03-31": "", "2019-12-31": "", "2019-09-30": "", "2019-06-30": "", "2019-03-31": "", "2018-12-31": "", "2018-09-30": "", "2018-06-30": "", "2018-03-31": "", "2017-12-31": "", "2017-09-30": "", "2017-06-30": "", "2017-03-31": "", "2016-12-31": "", "2016-09-30": "", "2016-06-30": "", "2016-03-31": "", "2015-12-31": "", "2015-09-30": "", "2015-06-30": "", "2015-03-31": "", "2014-12-31": "", "2014-09-30": "", "2014-06-30": "", "2014-03-31": "", "2013-12-31": "", "2013-09-30": "", "2013-06-30": "", "2013-03-31": "", "2012-12-31": "", "2012-09-30": "", "2012-06-30": "", "2012-03-31": "", "2011-12-31": "", "2011-09-30": "", "2011-06-30": "", "2011-03-31": "", "2010-12-31": "", "2010-09-30": "", "2010-06-30": "", "2010-03-31": "", "2009-12-31": "", "2009-09-30": "", "2009-06-30": "", "2009-03-31": "", "2008-12-31": "", "2008-09-30": "", "2008-06-30": "", "2008-03-31": "", "2007-12-31": "", "2007-09-30": "", "2007-06-30": "", "2007-03-31": "", "2006-12-31": "", "2006-09-30": "", "2006-06-30": "", "2006-03-31": "", "2005-12-31": "", "2005-09-30": "", "2005-06-30": "", "2005-03-31": ""}, "ROE - Return On Equity": {"2020-09-30": "2.82490", "2020-06-30": "1.41280", "2020-03-31": "0.45430", "2019-12-31": "2.99280", "2019-09-30": "3.47470", "2019-06-30": "3.47830", "2019-03-31": "3.49990", "2018-12-31": "3.37410", "2018-09-30": "3.88450", "2018-06-30": "3.45700", "2018-03-31": "3.22610", "2017-12-31": "4.42370", "2017-09-30": "2.85640", "2017-06-30": "2.83840", "2017-03-31": "2.22080", "2016-12-31": "2.58900", "2016-09-30": "1.36340", "2016-06-30": "2.67040", "2016-03-31": "2.68310", "2015-12-31": "2.87280", "2015-09-30": "2.46250", "2015-06-30": "3.21120", "2015-03-31": "2.72980", "2014-12-31": "2.75360", "2014-09-30": "2.62830", "2014-06-30": "2.81180", "2014-03-31": "2.57590", "2013-12-31": "2.77310", "2013-09-30": "3.20770", "2013-06-30": "2.79770", "2013-03-31": "2.79650", "2012-12-31": "2.91540", "2012-09-30": "3.09460", "2012-06-30": "2.90150", "2012-03-31": "2.96830", "2011-12-31": "2.52110", "2011-09-30": "2.84620", "2011-06-30": "2.98390", "2011-03-31": "2.70410", "2010-12-31": "2.66130", "2010-09-30": "2.61030", "2010-06-30": "1.30300", "2010-03-31": "1.08040", "2009-12-31": "-10.13260", "2009-09-30": "-4.16340", "2009-06-30": "-3.53260", "2009-03-31": "-79.85660", "2008-12-31": "-7.79800", "2008-09-30": "1.29270", "2008-06-30": "1.74320", "2008-03-31": "2.15060", "2007-12-31": "-4.02210", "2007-09-30": "2.21130", "2007-06-30": "2.62780", "2007-03-31": "3.13720", "2006-12-31": "2.90990", "2006-09-30": "5.03060", "2006-06-30": "3.79710", "2006-03-31": "3.39120", "2005-12-31": "3.93250", "2005-09-30": "4.13980", "2005-06-30": "4.04540", "2005-03-31": "3.72690"}, "Return On Tangible Equity": {"2020-09-30": "2.88350", "2020-06-30": "1.51320", "2020-03-31": "0.51270", "2019-12-31": "3.39760", "2019-09-30": "3.93070", "2019-06-30": "3.95780", "2019-03-31": "4.00940", "2018-12-31": "3.89370", "2018-09-30": "4.50860", "2018-06-30": "3.98340", "2018-03-31": "3.73170", "2017-12-31": "5.23250", "2017-09-30": "3.38820", "2017-06-30": "3.37350", "2017-03-31": "2.65700", "2016-12-31": "3.11100", "2016-09-30": "1.63400", "2016-06-30": "2.63520", "2016-03-31": "2.73630", "2015-12-31": "3.14360", "2015-09-30": "2.60970", "2015-06-30": "3.40920", "2015-03-31": "2.90420", "2014-12-31": "2.85490", "2014-09-30": "2.73090", "2014-06-30": "2.91160", "2014-03-31": "2.67280", "2013-12-31": "2.84860", "2013-09-30": "3.30330", "2013-06-30": "2.88970", "2013-03-31": "2.89270", "2012-12-31": "3.02170", "2012-09-30": "3.21420", "2012-06-30": "3.02640", "2012-03-31": "3.10610", "2011-12-31": "2.64370", "2011-09-30": "3.00750", "2011-06-30": "3.16760", "2011-03-31": "2.88750", "2010-12-31": "2.85310", "2010-09-30": "2.06880", "2010-06-30": "1.02980", "2010-03-31": "0.85430", "2009-12-31": "-8.03210", "2009-09-30": "-3.37180", "2009-06-30": "-2.81100", "2009-03-31": "-60.48160", "2008-12-31": "-10.93180", "2008-09-30": "2.55020", "2008-06-30": "3.45760", "2008-03-31": "5.18190", "2007-12-31": "-9.71960", "2007-09-30": "4.91780", "2007-06-30": "3.30040", "2007-03-31": "3.94840", "2006-12-31": "3.67940", "2006-09-30": "6.30540", "2006-06-30": "4.84540", "2006-03-31": "4.28030", "2005-12-31": "4.29800", "2005-09-30": "4.51460", "2005-06-30": "4.41010", "2005-03-31": "4.06910"}, "ROA - Return On Assets": {"2020-09-30": "0.25230", "2020-06-30": "0.12670", "2020-03-31": "0.04210", "2019-12-31": "0.29080", "2019-09-30": "0.34210", "2019-06-30": "0.33630", "2019-03-31": "0.33090", "2018-12-31": "0.30700", "2018-09-30": "0.35780", "2018-06-30": "0.33690", "2018-03-31": "0.31270", "2017-12-31": "0.41370", "2017-09-30": "0.26960", "2017-06-30": "0.26820", "2017-03-31": "0.20790", "2016-12-31": "0.23980", "2016-09-30": "0.12600", "2016-06-30": "0.23600", "2016-03-31": "0.23580", "2015-12-31": "0.25110", "2015-09-30": "0.21730", "2015-06-30": "0.28500", "2015-03-31": "0.24390", "2014-12-31": "0.24680", "2014-09-30": "0.24100", "2014-06-30": "0.25800", "2014-03-31": "0.24390", "2013-12-31": "0.26600", "2013-09-30": "0.31570", "2013-06-30": "0.26910", "2013-03-31": "0.27340", "2012-12-31": "0.28060", "2012-09-30": "0.29720", "2012-06-30": "0.26970", "2012-03-31": "0.27430", "2011-12-31": "0.23300", "2011-09-30": "0.26080", "2011-06-30": "0.27510", "2011-03-31": "0.23880", "2010-12-31": "0.22840", "2010-09-30": "0.18960", "2010-06-30": "0.09420", "2010-03-31": "0.07660", "2009-12-31": "-0.71710", "2009-09-30": "-0.31650", "2009-06-30": "-0.24340", "2009-03-31": "-4.70620", "2008-12-31": "-0.76770", "2008-09-30": "0.13730", "2008-06-30": "0.18320", "2008-03-31": "0.22670", "2007-12-31": "-0.43750", "2007-09-30": "0.24990", "2007-06-30": "0.22110", "2007-03-31": "0.27370", "2006-12-31": "0.24830", "2006-09-30": "0.44150", "2006-06-30": "0.30770", "2006-03-31": "0.29290", "2005-12-31": "0.30700", "2005-09-30": "0.33140", "2005-06-30": "0.32260", "2005-03-31": "0.29990"}, "ROI - Return On Investment": {"2020-09-30": "1.37160", "2020-06-30": "0.67970", "2020-03-31": "0.22260", "2019-12-31": "1.46460", "2019-09-30": "1.70780", "2019-06-30": "1.76350", "2019-03-31": "1.71850", "2018-12-31": "1.69310", "2018-09-30": "1.86030", "2018-06-30": "1.67470", "2018-03-31": "1.63610", "2017-12-31": "2.15280", "2017-09-30": "1.38190", "2017-06-30": "1.41740", "2017-03-31": "1.05500", "2016-12-31": "1.28450", "2016-09-30": "0.65520", "2016-06-30": "1.13070", "2016-03-31": "1.13510", "2015-12-31": "1.30800", "2015-09-30": "1.17900", "2015-06-30": "1.58860", "2015-03-31": "1.42720", "2014-12-31": "1.53420", "2014-09-30": "1.57370", "2014-06-30": "1.67520", "2014-03-31": "1.65720", "2013-12-31": "1.85030", "2013-09-30": "2.24170", "2013-06-30": "2.14090", "2013-03-31": "2.12520", "2012-12-31": "2.20470", "2012-09-30": "2.29830", "2012-06-30": "2.06990", "2012-03-31": "1.89170", "2011-12-31": "1.55600", "2011-09-30": "1.71530", "2011-06-30": "1.74040", "2011-03-31": "1.50050", "2010-12-31": "1.42540", "2010-09-30": "1.10170", "2010-06-30": "0.52980", "2010-03-31": "0.42430", "2009-12-31": "-4.12150", "2009-09-30": "-1.69860", "2009-06-30": "-1.33060", "2009-03-31": "-25.73580", "2008-12-31": "-3.62520", "2008-09-30": "0.69910", "2008-06-30": "0.93230", "2008-03-31": "1.30370", "2007-12-31": "-2.43650", "2007-09-30": "1.36240", "2007-06-30": "1.22470", "2007-03-31": "1.47130", "2006-12-31": "1.34320", "2006-09-30": "2.24990", "2006-06-30": "1.61480", "2006-03-31": "1.63240", "2005-12-31": "1.67640", "2005-09-30": "1.68270", "2005-06-30": "1.58580", "2005-03-31": "1.42910"}, "Book Value Per Share": {"2020-09-30": "12.69720", "2020-06-30": "12.10450", "2020-03-31": "11.60400", "2019-12-31": "11.56370", "2019-09-30": "11.53130", "2019-06-30": "11.24260", "2019-03-31": "10.92470", "2018-12-31": "10.60600", "2018-09-30": "10.30020", "2018-06-30": "10.38920", "2018-03-31": "10.26320", "2017-12-31": "10.08740", "2017-09-30": "9.89770", "2017-06-30": "9.77430", "2017-03-31": "9.60070", "2016-12-31": "9.49440", "2016-09-30": "9.57500", "2016-06-30": "9.39410", "2016-03-31": "8.98430", "2015-12-31": "8.29580", "2015-09-30": "8.26280", "2015-06-30": "8.08930", "2015-03-31": "7.99220", "2014-12-31": "7.79850", "2014-09-30": "7.71590", "2014-06-30": "7.63860", "2014-03-31": "7.46130", "2013-12-31": "7.32900", "2013-09-30": "7.18140", "2013-06-30": "6.97080", "2013-03-31": "6.99500", "2012-12-31": "6.87010", "2012-09-30": "6.78870", "2012-06-30": "6.58110", "2012-03-31": "6.41840", "2011-12-31": "6.26800", "2011-09-30": "6.25000", "2011-06-30": "6.08420", "2011-03-31": "5.83580", "2010-12-31": "5.76910", "2010-09-30": "7.76340", "2010-06-30": "7.58900", "2010-03-31": "7.49370", "2009-12-31": "7.45500", "2009-09-30": "7.94310", "2009-06-30": "9.17910", "2009-03-31": "12.32390", "2008-12-31": "19.74800", "2008-09-30": "17.41680", "2008-06-30": "17.43110", "2008-03-31": "16.13380", "2007-12-31": "16.24290", "2007-09-30": "17.08040", "2007-06-30": "12.97020", "2007-03-31": "12.94520", "2006-12-31": "12.80110", "2006-09-30": "13.18560", "2006-06-30": "12.38260", "2006-03-31": "12.56280", "2005-12-31": "11.41200", "2005-09-30": "11.45240", "2005-06-30": "11.39640", "2005-03-31": "11.16270"}, "Operating Cash Flow Per Share": {"2020-09-30": 0.5304, "2020-06-30": 0.2088, "2020-03-31": "0.48140", "2019-12-31": 0.6362, "2019-09-30": 0.0506, "2019-06-30": 0.3372, "2019-03-31": "0.46640", "2018-12-31": 0.5241, "2018-09-30": 0.5003, "2018-06-30": 0.2748, "2018-03-31": "0.26140", "2017-12-31": 0.7202, "2017-09-30": 0.4953, "2017-06-30": 0.1471, "2017-03-31": "0.35720", "2016-12-31": 0.6021, "2016-09-30": 0.3666, "2016-06-30": 0.1164, "2016-03-31": "0.23730", "2015-12-31": 0.772, "2015-09-30": 0.3872, "2015-06-30": 0.1272, "2015-03-31": "-0.02220", "2014-12-31": 0.3085, "2014-09-30": 0.3, "2014-06-30": 0.2733, "2014-03-31": "0.18510", "2013-12-31": 0.2336, "2013-09-30": 0.4822, "2013-06-30": 0.2351, "2013-03-31": "0.24970", "2012-12-31": 0.3795, "2012-09-30": 0.1348, "2012-06-30": 0.3274, "2012-03-31": "0.31900", "2011-12-31": 0.2398, "2011-09-30": 0.2261, "2011-06-30": 0.5017, "2011-03-31": "0.87050", "2010-12-31": -0.0511, "2010-09-30": 0.113, "2010-06-30": 0.6508, "2010-03-31": "0.43990", "2009-12-31": 0.5727, "2009-09-30": -0.2543, "2009-06-30": 0.4842, "2009-03-31": "2.88780", "2008-12-31": 0.7317, "2008-09-30": 1.8852, "2008-06-30": 0.7772, "2008-03-31": "-0.01490", "2007-12-31": 2.7506, "2007-09-30": -1.859, "2007-06-30": -2.779, "2007-03-31": "0.75780", "2006-12-31": 0.7507, "2006-09-30": 0.5836, "2006-06-30": -0.5065, "2006-03-31": "0.10780", "2005-12-31": 1.4637, "2005-09-30": 1.8612, "2005-06-30": -2.1788, "2005-03-31": "1.74370"}, "Free Cash Flow Per Share": {"2020-09-30": 0.4985, "2020-06-30": 0.1719, "2020-03-31": "0.47070", "2019-12-31": 0.6129, "2019-09-30": 0.0207, "2019-06-30": 0.3116, "2019-03-31": "0.44390", "2018-12-31": 0.4808, "2018-09-30": 0.4779, "2018-06-30": 0.2552, "2018-03-31": "0.24720", "2017-12-31": 0.6805, "2017-09-30": 0.4662, "2017-06-30": 0.0947, "2017-03-31": "0.30760", "2016-12-31": 0.5384, "2016-09-30": 0.3242, "2016-06-30": 0.107, "2016-03-31": "0.22220", "2015-12-31": 0.7429, "2015-09-30": 0.3551, "2015-06-30": 0.0905, "2015-03-31": "-0.03810", "2014-12-31": 0.2758, "2014-09-30": 0.2891, "2014-06-30": 0.2588, "2014-03-31": "0.17250", "2013-12-31": 0.2184, "2013-09-30": 0.4345, "2013-06-30": 0.2051, "2013-03-31": "0.22150", "2012-12-31": 0.3252, "2012-09-30": 0.1029, "2012-06-30": 0.2972, "2012-03-31": "0.28520", "2011-12-31": 0.1922, "2011-09-30": 0.1908, "2011-06-30": 0.4495, "2011-03-31": "0.83990", "2010-12-31": -0.0807, "2010-09-30": 0.0937, "2010-06-30": 0.6246, "2010-03-31": "0.42150", "2009-12-31": 0.5357, "2009-09-30": -0.2637, "2009-06-30": 0.479, "2009-03-31": "2.84700", "2008-12-31": 0.6902, "2008-09-30": 1.8477, "2008-06-30": 0.7296, "2008-03-31": "-0.05200", "2007-12-31": 2.5962, "2007-09-30": -1.8434, "2007-06-30": -2.9232, "2007-03-31": "0.68010", "2006-12-31": 0.6715, "2006-09-30": 0.5177, "2006-06-30": -0.5263, "2006-03-31": "0.07590", "2005-12-31": 1.3977, "2005-09-30": 1.7985, "2005-06-30": -2.2415, "2005-03-31": "1.68970"}}, "revenue": {"Huntington Bancshares Annual Revenue (Millions of US $)": {"2020": "$5,238", "2019": "$5,655", "2018": "$5,270", "2017": "$4,740", "2016": "$3,782", "2015": "$3,154", "2014": "$2,956", "2013": "$2,873", "2012": "$3,037", "2011": "$2,951", "2010": "$3,187", "2009": "$3,244", "2008": "$3,505", "2007": "$3,420", "2006": "$2,632", "2005": "$2,274"}, "Huntington Bancshares Quarterly Revenue (Millions of US $)": {"2020-12-31": "$1,287", "2020-09-30": "$1,322", "2020-06-30": "$1,293", "2020-03-31": "$1,336", "2019-12-31": "$1,383", "2019-09-30": "$1,441", "2019-06-30": "$1,442", "2019-03-31": "$1,389", "2018-12-31": "$1,385", "2018-09-30": "$1,349", "2018-06-30": "$1,308", "2018-03-31": "$1,228", "2017-12-31": "$1,234", "2017-09-30": "$1,203", "2017-06-30": "$1,171", "2017-03-31": "$1,132", "2016-12-31": "$1,149", "2016-09-30": "$997", "2016-06-30": "$837", "2016-03-31": "$799", "2015-12-31": "$817", "2015-09-30": "$792", "2015-06-30": "$812", "2015-03-31": "$734", "2014-12-31": "$741", "2014-09-30": "$748", "2014-06-30": "$745", "2014-03-31": "$721", "2013-12-31": "$720", "2013-09-30": "$717", "2013-06-30": "$715", "2013-03-31": "$722", "2012-12-31": "$785", "2012-09-30": "$745", "2012-06-30": "$741", "2012-03-31": "$765", "2011-12-31": "$715", "2011-09-30": "$750", "2011-06-30": "$748", "2011-03-31": "$739", "2010-12-31": "$793", "2010-09-30": "$802", "2010-06-30": "$805", "2010-03-31": "$788", "2009-12-31": "$796", "2009-09-30": "$810", "2009-06-30": "$829", "2009-03-31": "$809", "2008-12-31": "$730", "2008-09-30": "$854", "2008-06-30": "$933", "2008-03-31": "$989", "2007-12-31": "$985", "2007-09-30": "$1,056", "2007-06-30": "$699", "2007-03-31": "$680", "2006-12-31": "$685", "2006-09-30": "$637", "2006-06-30": "$685", "2006-03-31": "$624", "2005-12-31": "$590", "2005-09-30": "$582", "2005-06-30": "$558", "2005-03-31": "$544"}}, "gross-profit": {"Huntington Bancshares Annual Gross Profit (Millions of US $)": {"2020": "$4,815", "2019": "$4,667", "2018": "$4,510", "2017": "$4,309", "2016": "$3,519", "2015": "$2,990", "2014": "$2,816", "2013": "$2,717", "2012": "$2,817", "2011": "$2,610", "2010": "$2,661", "2009": "$2,430", "2008": "$2,239", "2007": "$1,978", "2006": "$1,580", "2005": "$1,595"}, "Huntington Bancshares Quarterly Gross Profit (Millions of US $)": {"2020-12-31": "$1,234", "2020-09-30": "$1,247", "2020-06-30": "$1,183", "2020-03-31": "$1,151", "2019-12-31": "$1,152", "2019-09-30": "$1,188", "2019-06-30": "$1,186", "2019-03-31": "$1,141", "2018-12-31": "$1,162", "2018-09-30": "$1,144", "2018-06-30": "$1,120", "2018-03-31": "$1,084", "2017-12-31": "$1,109", "2017-09-30": "$1,088", "2017-06-30": "$1,070", "2017-03-31": "$1,042", "2016-12-31": "$1,069", "2016-09-30": "$928", "2016-06-30": "$777", "2016-03-31": "$745", "2015-12-31": "$770", "2015-09-30": "$749", "2015-06-30": "$772", "2015-03-31": "$699", "2014-12-31": "$707", "2014-09-30": "$714", "2014-06-30": "$710", "2014-03-31": "$686", "2013-12-31": "$681", "2013-09-30": "$679", "2013-06-30": "$677", "2013-03-31": "$681", "2012-12-31": "$740", "2012-09-30": "$691", "2012-06-30": "$683", "2012-03-31": "$703", "2011-12-31": "$644", "2011-09-30": "$665", "2011-06-30": "$659", "2011-03-31": "$641", "2010-12-31": "$680", "2010-09-30": "$677", "2010-06-30": "$669", "2010-03-31": "$635", "2009-12-31": "$619", "2009-09-30": "$619", "2009-06-30": "$616", "2009-03-31": "$577", "2008-12-31": "$443", "2008-09-30": "$556", "2008-06-30": "$626", "2008-03-31": "$613", "2007-12-31": "$553", "2007-09-30": "$614", "2007-06-30": "$410", "2007-03-31": "$401", "2006-12-31": "$399", "2006-09-30": "$353", "2006-06-30": "$425", "2006-03-31": "$403", "2005-12-31": "$391", "2005-09-30": "$402", "2005-06-30": "$398", "2005-03-31": "$403"}}, "operating-income": {"Huntington Bancshares Annual Operating Income (Millions of US $)": {"2020": "$972", "2019": "$1,659", "2018": "$1,628", "2017": "$1,394", "2016": "$920", "2015": "$914", "2014": "$853", "2013": "$869", "2012": "$834", "2011": "$707", "2010": "$352", "2009": "$-3,678", "2008": "$-296", "2007": "$23", "2006": "$514", "2005": "$544"}, "Huntington Bancshares Quarterly Operating Income (Millions of US $)": {"2020-12-31": "$375", "2020-09-30": "$358", "2020-06-30": "$181", "2020-03-31": "$58", "2019-12-31": "$372", "2019-09-30": "$439", "2019-06-30": "$427", "2019-03-31": "$421", "2018-12-31": "$391", "2018-09-30": "$440", "2018-06-30": "$412", "2018-03-31": "$385", "2017-12-31": "$411", "2017-09-30": "$365", "2017-06-30": "$351", "2017-03-31": "$267", "2016-12-31": "$313", "2016-09-30": "$152", "2016-06-30": "$229", "2016-03-31": "$226", "2015-12-31": "$234", "2015-09-30": "$200", "2015-06-30": "$260", "2015-03-31": "$220", "2014-12-31": "$221", "2014-09-30": "$209", "2014-06-30": "$222", "2014-03-31": "$201", "2013-12-31": "$210", "2013-09-30": "$244", "2013-06-30": "$206", "2013-03-31": "$208", "2012-12-31": "$216", "2012-09-30": "$196", "2012-06-30": "$202", "2012-03-31": "$205", "2011-12-31": "$156", "2011-09-30": "$182", "2011-06-30": "$195", "2011-03-31": "$161", "2010-12-31": "$158", "2010-09-30": "$131", "2010-06-30": "$62", "2010-03-31": "$2", "2009-12-31": "$-598", "2009-09-30": "$-257", "2009-06-30": "$-138", "2009-03-31": "$-2,685", "2008-12-31": "$-647", "2008-09-30": "$92", "2008-06-30": "$128", "2008-03-31": "$153", "2007-12-31": "$-369", "2007-09-30": "$187", "2007-06-30": "$105", "2007-03-31": "$129", "2006-12-31": "$115", "2006-09-30": "$97", "2006-06-30": "$157", "2006-03-31": "$145", "2005-12-31": "$130", "2005-09-30": "$152", "2005-06-30": "$137", "2005-03-31": "$125"}}, "ebitda": {"Huntington Bancshares Annual EBITDA (Millions of US $)": {"2019": "$", "2018": "$", "2017": "$", "2016": "$", "2015": "$", "2014": "$", "2013": "$", "2012": "$", "2011": "$", "2010": "$", "2009": "$", "2008": "$", "2007": "$", "2006": "$", "2005": "$"}, "Huntington Bancshares Quarterly EBITDA (Millions of US $)": {"2020-09-30": "", "2020-06-30": "", "2020-03-31": "", "2019-12-31": "", "2019-09-30": "", "2019-06-30": "", "2019-03-31": "", "2018-12-31": "", "2018-09-30": "", "2018-06-30": "", "2018-03-31": "", "2017-12-31": "", "2017-09-30": "", "2017-06-30": "", "2017-03-31": "", "2016-12-31": "", "2016-09-30": "", "2016-06-30": "", "2016-03-31": "", "2015-12-31": "", "2015-09-30": "", "2015-06-30": "", "2015-03-31": "", "2014-12-31": "", "2014-09-30": "", "2014-06-30": "", "2014-03-31": "", "2013-12-31": "", "2013-09-30": "", "2013-06-30": "", "2013-03-31": "", "2012-12-31": "", "2012-09-30": "", "2012-06-30": "", "2012-03-31": "", "2011-12-31": "", "2011-09-30": "", "2011-06-30": "", "2011-03-31": "", "2010-12-31": "", "2010-09-30": "", "2010-06-30": "", "2010-03-31": "", "2009-12-31": "", "2009-09-30": "", "2009-06-30": "", "2009-03-31": "", "2008-12-31": "", "2008-09-30": "", "2008-06-30": "", "2008-03-31": "", "2007-12-31": "", "2007-09-30": "", "2007-06-30": "", "2007-03-31": "", "2006-12-31": "", "2006-09-30": "", "2006-06-30": "", "2006-03-31": "", "2005-12-31": "", "2005-09-30": "", "2005-06-30": "", "2005-03-31": ""}}, "net-income": {"Huntington Bancshares Annual Net Income (Millions of US $)": {"2020": "$717", "2019": "$1,337", "2018": "$1,323", "2017": "$1,110", "2016": "$647", "2015": "$661", "2014": "$601", "2013": "$609", "2012": "$599", "2011": "$512", "2010": "$140", "2009": "$-3,269", "2008": "$-160", "2007": "$75", "2006": "$461", "2005": "$412"}, "Huntington Bancshares Quarterly Net Income (Millions of US $)": {"2020-12-31": "$281", "2020-09-30": "$275", "2020-06-30": "$131", "2020-03-31": "$30", "2019-12-31": "$298", "2019-09-30": "$354", "2019-06-30": "$346", "2019-03-31": "$339", "2018-12-31": "$315", "2018-09-30": "$360", "2018-06-30": "$334", "2018-03-31": "$314", "2017-12-31": "$412", "2017-09-30": "$256", "2017-06-30": "$253", "2017-03-31": "$189", "2016-12-31": "$221", "2016-09-30": "$108", "2016-06-30": "$155", "2016-03-31": "$163", "2015-12-31": "$170", "2015-09-30": "$145", "2015-06-30": "$188", "2015-03-31": "$158", "2014-12-31": "$156", "2014-09-30": "$147", "2014-06-30": "$157", "2014-03-31": "$141", "2013-12-31": "$150", "2013-09-30": "$171", "2013-06-30": "$143", "2013-03-31": "$145", "2012-12-31": "$150", "2012-09-30": "$160", "2012-06-30": "$145", "2012-03-31": "$145", "2011-12-31": "$119", "2011-09-30": "$136", "2011-06-30": "$138", "2011-03-31": "$119", "2010-12-31": "$39", "2010-09-30": "$71", "2010-06-30": "$19", "2010-03-31": "$10", "2009-12-31": "$-399", "2009-09-30": "$-195", "2009-06-30": "$-183", "2009-03-31": "$-2,492", "2008-12-31": "$-440", "2008-09-30": "$63", "2008-06-30": "$90", "2008-03-31": "$127", "2007-12-31": "$-239", "2007-09-30": "$138", "2007-06-30": "$81", "2007-03-31": "$96", "2006-12-31": "$88", "2006-09-30": "$157", "2006-06-30": "$112", "2006-03-31": "$104", "2005-12-31": "$101", "2005-09-30": "$109", "2005-06-30": "$106", "2005-03-31": "$97"}}, "eps-earnings-per-share-diluted": {"Huntington Bancshares Annual EPS": {"2020": "$0.69", "2019": "$1.27", "2018": "$1.20", "2017": "$1.00", "2016": "$0.70", "2015": "$0.81", "2014": "$0.72", "2013": "$0.72", "2012": "$0.69", "2011": "$0.59", "2010": "$0.19", "2009": "$-6.14", "2008": "$-0.44", "2007": "$0.25", "2006": "$1.92", "2005": "$1.77"}, "Huntington Bancshares Quarterly EPS": {"2020-12-31": "$0.27", "2020-09-30": "$0.27", "2020-06-30": "$0.13", "2020-03-31": "$0.03", "2019-12-31": "$0.28", "2019-09-30": "$0.34", "2019-06-30": "$0.33", "2019-03-31": "$0.32", "2018-12-31": "$0.29", "2018-09-30": "$0.33", "2018-06-30": "$0.30", "2018-03-31": "$0.28", "2017-12-31": "$0.37", "2017-09-30": "$0.23", "2017-06-30": "$0.23", "2017-03-31": "$0.17", "2016-12-31": "$0.20", "2016-09-30": "$0.11", "2016-06-30": "$0.19", "2016-03-31": "$0.20", "2015-12-31": "$0.21", "2015-09-30": "$0.18", "2015-06-30": "$0.23", "2015-03-31": "$0.19", "2014-12-31": "$0.18", "2014-09-30": "$0.18", "2014-06-30": "$0.19", "2014-03-31": "$0.17", "2013-12-31": "$0.18", "2013-09-30": "$0.20", "2013-06-30": "$0.17", "2013-03-31": "$0.17", "2012-12-31": "$0.16", "2012-09-30": "$0.19", "2012-06-30": "$0.17", "2012-03-31": "$0.17", "2011-12-31": "$0.13", "2011-09-30": "$0.16", "2011-06-30": "$0.16", "2011-03-31": "$0.14", "2010-12-31": "$0.05", "2010-09-30": "$0.10", "2010-06-30": "$0.03", "2010-03-31": "$0.01", "2009-12-31": "$1.38", "2009-09-30": "$-0.33", "2009-06-30": "$-0.40", "2009-03-31": "$-6.79", "2008-12-31": "$-1.21", "2008-09-30": "$0.17", "2008-06-30": "$0.25", "2008-03-31": "$0.35", "2007-12-31": "$-0.87", "2007-09-30": "$0.38", "2007-06-30": "$0.34", "2007-03-31": "$0.40", "2006-12-31": "$0.36", "2006-09-30": "$0.65", "2006-06-30": "$0.46", "2006-03-31": "$0.45", "2005-12-31": "$0.44", "2005-09-30": "$0.47", "2005-06-30": "$0.45", "2005-03-31": "$0.41"}}, "shares-outstanding": {"Huntington Bancshares Annual Shares Outstanding (Millions of Shares)": {"2020": "1,033", "2019": "1,056", "2018": "1,106", "2017": "1,136", "2016": "919", "2015": "817", "2014": "833", "2013": "844", "2012": "863", "2011": "868", "2010": "730", "2009": "533", "2008": "366", "2007": "303", "2006": "240", "2005": "233"}, "Huntington Bancshares Quarterly Shares Outstanding (Millions of Shares)": {"2020-12-31": "1,036", "2020-09-30": "1,031", "2020-06-30": "1,029", "2020-03-31": "1,035", "2019-12-31": "1,056", "2019-09-30": "1,051", "2019-06-30": "1,060", "2019-03-31": "1,066", "2018-12-31": "1,106", "2018-09-30": "1,104", "2018-06-30": "1,123", "2018-03-31": "1,125", "2017-12-31": "1,136", "2017-09-30": "1,106", "2017-06-30": "1,109", "2017-03-31": "1,109", "2016-12-31": "919", "2016-09-30": "952", "2016-06-30": "810", "2016-03-31": "808", "2015-12-31": "817", "2015-09-30": "814", "2015-06-30": "820", "2015-03-31": "824", "2014-12-31": "833", "2014-09-30": "830", "2014-06-30": "835", "2014-03-31": "843", "2013-12-31": "844", "2013-09-30": "841", "2013-06-30": "844", "2013-03-31": "849", "2012-12-31": "863", "2012-09-30": "864", "2012-06-30": "868", "2012-03-31": "869", "2011-12-31": "868", "2011-09-30": "868", "2011-06-30": "867", "2011-03-31": "867", "2010-12-31": "730", "2010-09-30": "720", "2010-06-30": "719", "2010-03-31": "719", "2009-12-31": "533", "2009-09-30": "590", "2009-06-30": "459", "2009-03-31": "367", "2008-12-31": "366", "2008-09-30": "367", "2008-06-30": "367", "2008-03-31": "367", "2007-12-31": "303", "2007-09-30": "368", "2007-06-30": "239", "2007-03-31": "239", "2006-12-31": "240", "2006-09-30": "241", "2006-06-30": "245", "2006-03-31": "234", "2005-12-31": "233", "2005-09-30": "233", "2005-06-30": "236", "2005-03-31": "235"}}, "total-assets": {"Huntington Bancshares Annual Total Assets (Millions of US $)": {"2019": "$109,002", "2018": "$108,781", "2017": "$104,185", "2016": "$99,714", "2015": "$71,018", "2014": "$66,298", "2013": "$59,467", "2012": "$56,153", "2011": "$54,451", "2010": "$53,820", "2009": "$51,555", "2008": "$54,353", "2007": "$54,697", "2006": "$35,329", "2005": "$32,765"}, "Huntington Bancshares Quarterly Total Assets (Millions of US $)": {"2020-09-30": "$120,116", "2020-06-30": "$118,425", "2020-03-31": "$113,897", "2019-12-31": "$109,002", "2019-09-30": "$108,735", "2019-06-30": "$108,247", "2019-03-31": "$108,203", "2018-12-31": "$108,781", "2018-09-30": "$105,652", "2018-06-30": "$105,358", "2018-03-31": "$104,246", "2017-12-31": "$104,185", "2017-09-30": "$101,988", "2017-06-30": "$101,407", "2017-03-31": "$100,046", "2016-12-31": "$99,714", "2016-09-30": "$100,765", "2016-06-30": "$73,954", "2016-03-31": "$72,645", "2015-12-31": "$71,018", "2015-09-30": "$70,210", "2015-06-30": "$68,846", "2015-03-31": "$68,003", "2014-12-31": "$66,298", "2014-09-30": "$64,331", "2014-06-30": "$63,797", "2014-03-31": "$61,146", "2013-12-31": "$59,467", "2013-09-30": "$56,648", "2013-06-30": "$56,114", "2013-03-31": "$56,055", "2012-12-31": "$56,153", "2012-09-30": "$56,443", "2012-06-30": "$56,623", "2012-03-31": "$55,877", "2011-12-31": "$54,451", "2011-09-30": "$54,979", "2011-06-30": "$53,050", "2011-03-31": "$52,949", "2010-12-31": "$53,820", "2010-09-30": "$53,247", "2010-06-30": "$51,771", "2010-03-31": "$51,867", "2009-12-31": "$51,555", "2009-09-30": "$52,513", "2009-06-30": "$51,397", "2009-03-31": "$51,702", "2008-12-31": "$54,353", "2008-09-30": "$54,661", "2008-06-30": "$55,334", "2008-03-31": "$56,052", "2007-12-31": "$54,697", "2007-09-30": "$55,304", "2007-06-30": "$36,421", "2007-03-31": "$34,979", "2006-12-31": "$35,329", "2006-09-30": "$35,662", "2006-06-30": "$36,266", "2006-03-31": "$35,666", "2005-12-31": "$32,765", "2005-09-30": "$32,763", "2005-06-30": "$32,989", "2005-03-31": "$32,183"}}, "cash-on-hand": {"Huntington Bancshares Annual Cash on Hand (Millions of US $)": {"2019": "$1,371", "2018": "$2,830", "2017": "$1,653", "2016": "$1,576", "2015": "$936", "2014": "$1,327", "2013": "$1,094", "2012": "$1,425", "2011": "$1,253", "2010": "$1,168", "2009": "$1,924", "2008": "$1,226", "2007": "$3,382", "2006": "$1,631", "2005": "$1,072"}, "Huntington Bancshares Quarterly Cash on Hand (Millions of US $)": {"2020-09-30": "$6,438", "2020-06-30": "$6,420", "2020-03-31": "$1,940", "2019-12-31": "$1,371", "2019-09-30": "$1,876", "2019-06-30": "$1,923", "2019-03-31": "$1,649", "2018-12-31": "$2,830", "2018-09-30": "$1,425", "2018-06-30": "$1,508", "2018-03-31": "$1,200", "2017-12-31": "$1,653", "2017-09-30": "$1,332", "2017-06-30": "$1,687", "2017-03-31": "$1,470", "2016-12-31": "$1,576", "2016-09-30": "$1,749", "2016-06-30": "$947", "2016-03-31": "$929", "2015-12-31": "$936", "2015-09-30": "$1,129", "2015-06-30": "$1,511", "2015-03-31": "$1,022", "2014-12-31": "$1,327", "2014-09-30": "$1,019", "2014-06-30": "$1,339", "2014-03-31": "$1,085", "2013-12-31": "$1,094", "2013-09-30": "$1,245", "2013-06-30": "$1,152", "2013-03-31": "$987", "2012-12-31": "$1,425", "2012-09-30": "$955", "2012-06-30": "$1,361", "2012-03-31": "$1,323", "2011-12-31": "$1,253", "2011-09-30": "$2,381", "2011-06-30": "$1,199", "2011-03-31": "$1,503", "2010-12-31": "$1,168", "2010-09-30": "$1,552", "2010-06-30": "$1,522", "2010-03-31": "$1,825", "2009-12-31": "$1,924", "2009-09-30": "$2,401", "2009-06-30": "$2,572", "2009-03-31": "$2,739", "2008-12-31": "$1,226", "2008-09-30": "$2,467", "2008-06-30": "$2,768", "2008-03-31": "$3,781", "2007-12-31": "$3,382", "2007-09-30": "$2,957", "2007-06-30": "$2,567", "2007-03-31": "$1,746", "2006-12-31": "$1,631", "2006-09-30": "$1,400", "2006-06-30": "$1,393", "2006-03-31": "$1,281", "2005-12-31": "$1,072", "2005-09-30": "$1,096", "2005-06-30": "$1,449", "2005-03-31": "$1,189"}}, "long-term-debt": {"Huntington Bancshares Annual Long Term Debt (Millions of US $)": {"2019": "$9,849", "2018": "$8,625", "2017": "$9,206", "2016": "$8,309", "2015": "$7,041", "2014": "$4,336", "2013": "$2,458", "2012": "$2,365", "2011": "$3,098", "2010": "$3,814", "2009": "$3,803", "2008": "$6,871", "2007": "$6,955", "2006": "$4,513", "2005": "$4,597"}, "Huntington Bancshares Quarterly Long Term Debt (Millions of US $)": {"2020-09-30": "$9,174", "2020-06-30": "$9,753", "2020-03-31": "$9,796", "2019-12-31": "$9,849", "2019-09-30": "$9,874", "2019-06-30": "$8,973", "2019-03-31": "$9,400", "2018-12-31": "$8,625", "2018-09-30": "$9,385", "2018-06-30": "$9,726", "2018-03-31": "$8,618", "2017-12-31": "$9,206", "2017-09-30": "$9,201", "2017-06-30": "$8,536", "2017-03-31": "$9,279", "2016-12-31": "$8,309", "2016-09-30": "$8,999", "2016-06-30": "$7,930", "2016-03-31": "$7,935", "2015-12-31": "$7,041", "2015-09-30": "$6,359", "2015-06-30": "$5,855", "2015-03-31": "$5,159", "2014-12-31": "$4,336", "2014-09-30": "$5,225", "2014-06-30": "$6,469", "2014-03-31": "$3,157", "2013-12-31": "$2,458", "2013-09-30": "$2,350", "2013-06-30": "$2,253", "2013-03-31": "$1,528", "2012-12-31": "$2,365", "2012-09-30": "$1,501", "2012-06-30": "$2,564", "2012-03-31": "$2,609", "2011-12-31": "$3,098", "2011-09-30": "$2,973", "2011-06-30": "$3,352", "2011-03-31": "$3,410", "2010-12-31": "$3,814", "2010-09-30": "$3,619", "2010-06-30": "$4,365", "2010-03-31": "$4,153", "2009-12-31": "$3,803", "2009-09-30": "$5,029", "2009-06-30": "$5,108", "2009-03-31": "$5,598", "2008-12-31": "$6,871", "2008-09-30": "$7,845", "2008-06-30": "$7,546", "2008-03-31": "$7,522", "2007-12-31": "$6,955", "2007-09-30": "$6,610", "2007-06-30": "$4,908", "2007-03-31": "$4,652", "2006-12-31": "$4,513", "2006-09-30": "$5,090", "2006-06-30": "$5,244", "2006-03-31": "$4,977", "2005-12-31": "$4,597", "2005-09-30": "$4,985", "2005-06-30": "$4,984", "2005-03-31": "$5,068"}}, "total-liabilities": {"Huntington Bancshares Annual Total Liabilities (Millions of US $)": {"2019": "$97,207", "2018": "$97,679", "2017": "$93,371", "2016": "$89,406", "2015": "$64,424", "2014": "$59,970", "2013": "$53,377", "2012": "$50,363", "2011": "$49,033", "2010": "$48,839", "2009": "$46,219", "2008": "$47,124", "2007": "$48,748", "2006": "$32,315", "2005": "$30,207"}, "Huntington Bancshares Quarterly Total Liabilities (Millions of US $)": {"2020-09-30": "$107,199", "2020-06-30": "$106,111", "2020-03-31": "$102,128", "2019-12-31": "$97,207", "2019-09-30": "$96,826", "2019-06-30": "$96,579", "2019-03-31": "$96,771", "2018-12-31": "$97,679", "2018-09-30": "$94,718", "2018-06-30": "$93,886", "2018-03-31": "$92,938", "2017-12-31": "$93,371", "2017-09-30": "$91,289", "2017-06-30": "$90,753", "2017-03-31": "$89,608", "2016-12-31": "$89,406", "2016-09-30": "$90,379", "2016-06-30": "$66,447", "2016-03-31": "$65,487", "2015-12-31": "$64,424", "2015-09-30": "$63,628", "2015-06-30": "$62,349", "2015-03-31": "$61,541", "2014-12-31": "$59,970", "2014-09-30": "$58,046", "2014-06-30": "$57,556", "2014-03-31": "$54,970", "2013-12-31": "$53,377", "2013-09-30": "$50,687", "2013-06-30": "$50,330", "2013-03-31": "$50,188", "2012-12-31": "$50,363", "2012-09-30": "$50,635", "2012-06-30": "$50,974", "2012-03-31": "$50,327", "2011-12-31": "$49,033", "2011-09-30": "$49,578", "2011-06-30": "$47,797", "2011-03-31": "$47,910", "2010-12-31": "$48,839", "2010-09-30": "$47,679", "2010-06-30": "$46,332", "2010-03-31": "$46,497", "2009-12-31": "$46,219", "2009-09-30": "$46,838", "2009-06-30": "$46,177", "2009-03-31": "$46,887", "2008-12-31": "$47,124", "2008-09-30": "$48,285", "2008-06-30": "$48,951", "2008-03-31": "$50,143", "2007-12-31": "$48,748", "2007-09-30": "$49,054", "2007-06-30": "$33,357", "2007-03-31": "$31,928", "2006-12-31": "$32,315", "2006-09-30": "$32,532", "2006-06-30": "$33,327", "2006-03-31": "$32,586", "2005-12-31": "$30,207", "2005-09-30": "$30,140", "2005-06-30": "$30,358", "2005-03-31": "$29,593"}}, "total-share-holder-equity": {"Huntington Bancshares Annual Share Holder Equity (Millions of US $)": {"2019": "$11,795", "2018": "$11,102", "2017": "$10,814", "2016": "$10,308", "2015": "$6,595", "2014": "$6,328", "2013": "$6,090", "2012": "$5,790", "2011": "$5,418", "2010": "$4,981", "2009": "$5,336", "2008": "$7,229", "2007": "$5,949", "2006": "$3,014", "2005": "$2,558"}, "Huntington Bancshares Quarterly Share Holder Equity (Millions of US $)": {"2020-09-30": "$12,917", "2020-06-30": "$12,314", "2020-03-31": "$11,769", "2019-12-31": "$11,795", "2019-09-30": "$11,909", "2019-06-30": "$11,668", "2019-03-31": "$11,432", "2018-12-31": "$11,102", "2018-09-30": "$10,934", "2018-06-30": "$11,472", "2018-03-31": "$11,308", "2017-12-31": "$10,814", "2017-09-30": "$10,699", "2017-06-30": "$10,654", "2017-03-31": "$10,437", "2016-12-31": "$10,308", "2016-09-30": "$10,387", "2016-06-30": "$7,507", "2016-03-31": "$7,158", "2015-12-31": "$6,595", "2015-09-30": "$6,583", "2015-06-30": "$6,496", "2015-03-31": "$6,462", "2014-12-31": "$6,328", "2014-09-30": "$6,284", "2014-06-30": "$6,241", "2014-03-31": "$6,176", "2013-12-31": "$6,090", "2013-09-30": "$5,962", "2013-06-30": "$5,784", "2013-03-31": "$5,867", "2012-12-31": "$5,790", "2012-09-30": "$5,808", "2012-06-30": "$5,649", "2012-03-31": "$5,550", "2011-12-31": "$5,418", "2011-09-30": "$5,400", "2011-06-30": "$5,253", "2011-03-31": "$5,039", "2010-12-31": "$4,981", "2010-09-30": "$5,567", "2010-06-30": "$5,438", "2010-03-31": "$5,370", "2009-12-31": "$5,336", "2009-09-30": "$5,675", "2009-06-30": "$5,221", "2009-03-31": "$4,815", "2008-12-31": "$7,229", "2008-09-30": "$6,376", "2008-06-30": "$6,383", "2008-03-31": "$5,909", "2007-12-31": "$5,949", "2007-09-30": "$6,250", "2007-06-30": "$3,064", "2007-03-31": "$3,051", "2006-12-31": "$3,014", "2006-09-30": "$3,130", "2006-06-30": "$2,939", "2006-03-31": "$3,080", "2005-12-31": "$2,558", "2005-09-30": "$2,623", "2005-06-30": "$2,631", "2005-03-31": "$2,590"}}, "profit-margins": {"current": "15.6%"}, "gross margin": {"2020-12-31": "91.92%", "2020-09-30": "88.73%", "2020-06-30": "85.71%", "2020-03-31": "83.49%", "2019-12-31": "82.53%", "2019-09-30": "82.68%", "2019-06-30": "83.25%", "2019-03-31": "84.09%", "2018-12-31": "85.58%", "2018-09-30": "87.07%", "2018-06-30": "88.50%", "2018-03-31": "89.97%", "2017-12-31": "90.91%", "2017-09-30": "91.71%", "2017-06-30": "92.36%", "2017-03-31": "92.73%", "2016-12-31": "93.05%", "2016-09-30": "93.33%", "2016-06-30": "93.71%", "2016-03-31": "94.29%", "2015-12-31": "94.77%", "2015-09-30": "95.06%", "2015-06-30": "95.29%", "2015-03-31": "95.35%", "2014-12-31": "95.33%", "2014-09-30": "95.13%", "2014-06-30": "94.94%", "2014-03-31": "94.78%", "2013-12-31": "94.57%", "2013-09-30": "94.49%", "2013-06-30": "94.00%", "2013-03-31": "93.38%", "2012-12-31": "92.79%", "2012-09-30": "91.74%", "2012-06-30": "90.71%", "2012-03-31": "89.69%", "2011-12-31": "88.38%", "2011-09-30": "87.29%", "2011-06-30": "86.21%", "2011-03-31": "84.96%", "2010-12-31": "83.47%", "2010-09-30": "81.48%", "2010-06-30": "79.46%", "2010-03-31": "77.23%", "2009-12-31": "74.94%", "2009-09-30": "70.96%", "2009-06-30": "68.03%", "2009-03-31": "66.21%", "2008-12-31": "63.83%", "2008-09-30": "62.43%", "2008-06-30": "60.71%", "2008-03-31": "58.73%", "2007-12-31": "57.84%", "2007-09-30": "58.46%", "2007-06-30": "57.87%", "2007-03-31": "58.73%", "2006-12-31": "60.05%", "2006-09-30": "61.99%", "2006-06-30": "65.34%", "2006-03-31": "67.71%", "2005-12-31": "70.10%"}, "operating margin": {"2020-12-31": "18.56%", "2020-09-30": "18.17%", "2020-06-30": "19.26%", "2020-03-31": "23.13%", "2019-12-31": "29.34%", "2019-09-30": "29.66%", "2019-06-30": "30.17%", "2019-03-31": "30.64%", "2018-12-31": "30.89%", "2018-09-30": "32.19%", "2018-06-30": "31.63%", "2018-03-31": "31.27%", "2017-12-31": "29.41%", "2017-09-30": "27.84%", "2017-06-30": "24.34%", "2017-03-31": "23.35%", "2016-12-31": "24.33%", "2016-09-30": "24.38%", "2016-06-30": "27.40%", "2016-03-31": "28.57%", "2015-12-31": "28.97%", "2015-09-30": "29.26%", "2015-06-30": "29.98%", "2015-03-31": "29.38%", "2014-12-31": "28.87%", "2014-09-30": "28.70%", "2014-06-30": "30.21%", "2014-03-31": "29.97%", "2013-12-31": "30.20%", "2013-09-30": "29.74%", "2013-06-30": "27.84%", "2013-03-31": "27.46%", "2012-12-31": "26.98%", "2012-09-30": "25.59%", "2012-06-30": "25.08%", "2012-03-31": "24.78%", "2011-12-31": "23.51%", "2011-09-30": "22.97%", "2011-06-30": "20.93%", "2011-03-31": "16.31%", "2010-12-31": "11.07%", "2010-09-30": "-12.63%", "2010-06-30": "-24.73%", "2010-03-31": "-30.75%", "2009-12-31": "-113.38%", "2009-09-30": "-117.28%", "2009-06-30": "-104.84%", "2009-03-31": "-93.57%", "2008-12-31": "-7.82%", "2008-09-30": "0.11%", "2008-06-30": "2.50%", "2008-03-31": "2.04%", "2007-12-31": "1.52%", "2007-09-30": "17.18%", "2007-06-30": "16.51%", "2007-03-31": "18.53%", "2006-12-31": "19.54%", "2006-09-30": "20.86%", "2006-06-30": "23.54%", "2006-03-31": "23.96%", "2005-12-31": "23.92%"}, "ebitda margin": {"2020-09-30": "0.00%", "2020-06-30": "0.00%", "2020-03-31": "0.00%", "2019-12-31": "0.00%", "2019-09-30": "0.00%", "2019-06-30": "0.00%", "2019-03-31": "0.00%", "2018-12-31": "0.00%", "2018-09-30": "0.00%", "2018-06-30": "0.00%", "2018-03-31": "0.00%", "2017-12-31": "0.00%", "2017-09-30": "0.00%", "2017-06-30": "0.00%", "2017-03-31": "0.00%", "2016-12-31": "0.00%", "2016-09-30": "0.00%", "2016-06-30": "0.00%", "2016-03-31": "0.00%", "2015-12-31": "0.00%", "2015-09-30": "0.00%", "2015-06-30": "0.00%", "2015-03-31": "0.00%", "2014-12-31": "0.00%", "2014-09-30": "0.00%", "2014-06-30": "0.00%", "2014-03-31": "0.00%", "2013-12-31": "0.00%", "2013-09-30": "0.00%", "2013-06-30": "0.00%", "2013-03-31": "0.00%", "2012-12-31": "0.00%", "2012-09-30": "0.00%", "2012-06-30": "0.00%", "2012-03-31": "0.00%", "2011-12-31": "0.00%", "2011-09-30": "0.00%", "2011-06-30": "0.00%", "2011-03-31": "0.00%", "2010-12-31": "0.00%", "2010-09-30": "0.00%", "2010-06-30": "0.00%", "2010-03-31": "0.00%", "2009-12-31": "0.00%", "2009-09-30": "0.00%", "2009-06-30": "0.00%", "2009-03-31": "0.00%", "2008-12-31": "0.00%", "2008-09-30": "0.00%", "2008-06-30": "0.00%", "2008-03-31": "0.00%", "2007-12-31": "0.00%", "2007-09-30": "0.00%", "2007-06-30": "0.00%", "2007-03-31": "0.00%", "2006-12-31": "0.00%", "2006-09-30": "0.00%", "2006-06-30": "0.00%", "2006-03-31": "0.00%", "2005-12-31": "0.00%"}, "pre tax profit margin": {"2020-12-31": "18.56%", "2020-09-30": "18.17%", "2020-06-30": "19.26%", "2020-03-31": "23.13%", "2019-12-31": "29.34%", "2019-09-30": "29.66%", "2019-06-30": "30.17%", "2019-03-31": "30.64%", "2018-12-31": "30.89%", "2018-09-30": "32.19%", "2018-06-30": "31.63%", "2018-03-31": "31.27%", "2017-12-31": "29.41%", "2017-09-30": "27.84%", "2017-06-30": "24.34%", "2017-03-31": "23.35%", "2016-12-31": "24.33%", "2016-09-30": "24.38%", "2016-06-30": "27.40%", "2016-03-31": "28.57%", "2015-12-31": "28.97%", "2015-09-30": "29.26%", "2015-06-30": "29.98%", "2015-03-31": "29.38%", "2014-12-31": "28.87%", "2014-09-30": "28.70%", "2014-06-30": "30.21%", "2014-03-31": "29.97%", "2013-12-31": "30.20%", "2013-09-30": "30.21%", "2013-06-30": "28.31%", "2013-03-31": "27.93%", "2012-12-31": "27.44%", "2012-09-30": "26.03%", "2012-06-30": "25.51%", "2012-03-31": "25.22%", "2011-12-31": "23.95%", "2011-09-30": "22.97%", "2011-06-30": "20.93%", "2011-03-31": "16.31%", "2010-12-31": "11.07%", "2010-09-30": "-12.63%", "2010-06-30": "-24.73%", "2010-03-31": "-30.75%", "2009-12-31": "-113.38%", "2009-09-30": "-117.97%", "2009-06-30": "-105.52%", "2009-03-31": "-94.23%", "2008-12-31": "-8.44%", "2008-09-30": "-0.66%", "2008-06-30": "1.77%", "2008-03-31": "1.26%", "2007-12-31": "0.67%", "2007-09-30": "17.18%", "2007-06-30": "16.51%", "2007-03-31": "18.53%", "2006-12-31": "19.54%", "2006-09-30": "20.86%", "2006-06-30": "23.54%", "2006-03-31": "23.96%", "2005-12-31": "23.92%"}, "net profit margin": {"2020-12-31": "13.69%", "2020-09-30": "13.76%", "2020-06-30": "14.91%", "2020-03-31": "18.35%", "2019-12-31": "23.64%", "2019-09-30": "23.93%", "2019-06-30": "24.44%", "2019-03-31": "24.82%", "2018-12-31": "25.10%", "2018-09-30": "27.74%", "2018-06-30": "26.46%", "2018-03-31": "25.54%", "2017-12-31": "23.42%", "2017-09-30": "19.74%", "2017-06-30": "17.33%", "2017-03-31": "16.35%", "2016-12-31": "17.11%", "2016-09-30": "17.28%", "2016-06-30": "19.51%", "2016-03-31": "20.68%", "2015-12-31": "20.95%", "2015-09-30": "21.01%", "2015-06-30": "21.38%", "2015-03-31": "20.82%", "2014-12-31": "20.34%", "2014-09-30": "20.28%", "2014-06-30": "21.32%", "2014-03-31": "21.06%", "2013-12-31": "21.19%", "2013-09-30": "20.72%", "2013-06-30": "20.16%", "2013-03-31": "20.05%", "2012-12-31": "19.76%", "2012-09-30": "19.18%", "2012-06-30": "18.34%", "2012-03-31": "18.07%", "2011-12-31": "17.34%", "2011-09-30": "14.26%", "2011-06-30": "11.91%", "2011-03-31": "7.90%", "2010-12-31": "4.36%", "2010-09-30": "-9.37%", "2010-06-30": "-17.66%", "2010-03-31": "-23.80%", "2009-12-31": "-100.77%", "2009-09-30": "-104.15%", "2009-06-30": "-94.72%", "2009-03-31": "-83.55%", "2008-12-31": "-4.56%", "2008-09-30": "1.09%", "2008-06-30": "2.93%", "2008-03-31": "2.87%", "2007-12-31": "2.22%", "2007-09-30": "12.92%", "2007-06-30": "15.62%", "2007-03-31": "16.86%", "2006-12-31": "17.52%", "2006-09-30": "18.69%", "2006-06-30": "17.17%", "2006-03-31": "17.84%", "2005-12-31": "18.16%"}, "pe ratio": {"current": "20.10", "2021-02-05": "32.72", "2020-12-31": "29.37", "2020-09-30": "12.76", "2020-06-30": "11.27", "2020-03-31": "8.04", "2019-12-31": "11.19", "2019-09-30": "10.40", "2019-06-30": "10.05", "2019-03-31": "9.35", "2018-12-31": "8.99", "2018-09-30": "10.55", "2018-06-30": "11.22", "2018-03-31": "12.11", "2017-12-31": "12.88", "2017-09-30": "15.13", "2017-06-30": "17.09", "2017-03-31": "17.86", "2016-12-31": "16.76", "2016-09-30": "11.90", "2016-06-30": "9.75", "2016-03-31": "9.83", "2015-12-31": "11.45", "2015-09-30": "11.18", "2015-06-30": "11.86", "2015-03-31": "12.14", "2014-12-31": "11.82", "2014-09-30": "11.02", "2014-06-30": "10.46", "2014-03-31": "11.17", "2013-12-31": "10.76", "2013-09-30": "9.03", "2013-06-30": "8.68", "2013-03-31": "8.07", "2012-12-31": "6.96", "2012-09-30": "8.02", "2012-06-30": "7.75", "2012-03-31": "7.88", "2011-12-31": "7.00", "2011-09-30": "7.15", "2011-06-30": "10.98", "2011-03-31": "15.61", "2010-12-31": "27.16", "2010-09-30": "0.00", "2010-06-30": "0.00", "2010-03-31": "0.00", "2009-12-31": "0.00", "2009-09-30": "0.00", "2009-06-30": "0.00", "2009-03-31": "0.00", "2008-12-31": "0.00", "2008-09-30": "25.10", "2008-06-30": "12.43", "2008-03-31": "17.85", "2007-12-31": "21.41", "2007-09-30": "7.64", "2007-06-30": "8.52", "2007-03-31": "7.58", "2006-12-31": "7.93"}, "price sales": {"2021-02-05": "2.77", "2020-12-31": "2.49", "2020-09-30": "1.76", "2020-06-30": "1.68", "2020-03-31": "1.48", "2019-12-31": "2.66", "2019-09-30": "2.52", "2019-06-30": "2.48", "2019-03-31": "2.35", "2018-12-31": "2.28", "2018-09-30": "2.96", "2018-06-30": "2.99", "2018-03-31": "3.11", "2017-12-31": "3.03", "2017-09-30": "2.78", "2017-06-30": "2.70", "2017-03-31": "2.67", "2016-12-31": "2.64", "2016-09-30": "2.08", "2016-06-30": "1.90", "2016-03-31": "2.04", "2015-12-31": "2.41", "2015-09-30": "2.36", "2015-06-30": "2.55", "2015-03-31": "2.55", "2014-12-31": "2.44", "2014-09-30": "2.26", "2014-06-30": "2.24", "2014-03-31": "2.36", "2013-12-31": "2.28", "2013-09-30": "1.91", "2013-06-30": "1.80", "2013-03-31": "1.67", "2012-12-31": "1.43", "2012-09-30": "1.57", "2012-06-30": "1.45", "2012-03-31": "1.45", "2011-12-31": "1.24", "2011-09-30": "0.99", "2011-06-30": "1.26", "2011-03-31": "1.20", "2010-12-31": "1.17", "2010-09-30": "0.88", "2010-06-30": "0.82", "2010-03-31": "0.70", "2009-12-31": "0.40", "2009-09-30": "0.48", "2009-06-30": "0.37", "2009-03-31": "0.14", "2008-12-31": "0.59", "2008-09-30": "0.53", "2008-06-30": "0.36", "2008-03-31": "0.64", "2007-12-31": "0.85", "2007-09-30": "0.99", "2007-06-30": "1.33", "2007-03-31": "1.28", "2006-12-31": "1.40"}, "price book": {"current": "1.33", "2021-02-05": "1.11", "2020-09-30": "0.71", "2020-06-30": "0.73", "2020-03-31": "0.68", "2019-12-31": "1.23", "2019-09-30": "1.15", "2019-06-30": "1.14", "2019-03-31": "1.06", "2018-12-31": "1.02", "2018-09-30": "1.31", "2018-06-30": "1.27", "2018-03-31": "1.31", "2017-12-31": "1.28", "2017-09-30": "1.24", "2017-06-30": "1.21", "2017-03-31": "1.21", "2016-12-31": "1.20", "2016-09-30": "0.88", "2016-06-30": "0.81", "2016-03-31": "0.90", "2015-12-31": "1.12", "2015-09-30": "1.07", "2015-06-30": "1.16", "2015-03-31": "1.14", "2014-12-31": "1.11", "2014-09-30": "1.03", "2014-06-30": "1.01", "2014-03-31": "1.08", "2013-12-31": "1.06", "2013-09-30": "0.92", "2013-06-30": "0.90", "2013-03-31": "0.83", "2012-12-31": "0.73", "2012-09-30": "0.79", "2012-06-30": "0.75", "2012-03-31": "0.77", "2011-12-31": "0.67", "2011-09-30": "0.58", "2011-06-30": "0.81", "2011-03-31": "0.86", "2010-12-31": "0.89", "2010-09-30": "0.55", "2010-06-30": "0.55", "2010-03-31": "0.54", "2009-12-31": "0.37", "2009-09-30": "0.44", "2009-06-30": "0.34", "2009-03-31": "0.10", "2008-12-31": "0.28", "2008-09-30": "0.33", "2008-06-30": "0.24", "2008-03-31": "0.46", "2007-12-31": "0.62", "2007-09-30": "0.67", "2007-06-30": "1.16", "2007-03-31": "1.10", "2006-12-31": "1.20", "2006-09-30": "1.16", "2006-06-30": "1.20", "2006-03-31": "1.20"}, "price fcf": {"2021-02-05": "", "2020-09-30": "$1.75", "2020-06-30": "$1.28", "2020-03-31": "$1.42", "2019-12-31": "$1.39", "2019-09-30": "$1.26", "2019-06-30": "$1.71", "2019-03-31": "$1.66", "2018-12-31": "$1.46", "2018-09-30": "$1.66", "2018-06-30": "$1.65", "2018-03-31": "$1.49", "2017-12-31": "$1.55", "2017-09-30": "$1.41", "2017-06-30": "$1.26", "2017-03-31": "$1.28", "2016-12-31": "$1.19", "2016-09-30": "$1.40", "2016-06-30": "$1.43", "2016-03-31": "$1.41", "2015-12-31": "$1.15", "2015-09-30": "$0.68", "2015-06-30": "$0.62", "2015-03-31": "$0.79", "2014-12-31": "$1.00", "2014-09-30": "$0.94", "2014-06-30": "$1.08", "2014-03-31": "$1.03", "2013-12-31": "$1.08", "2013-09-30": "$1.19", "2013-06-30": "$0.85", "2013-03-31": "$0.95", "2012-12-31": "$1.01", "2012-09-30": "$0.88", "2012-06-30": "$0.97", "2012-03-31": "$1.12", "2011-12-31": "$1.67", "2011-09-30": "$1.40", "2011-06-30": "$1.30", "2011-03-31": "$1.48", "2010-12-31": "$1.06", "2010-09-30": "$1.68", "2010-06-30": "$1.32", "2010-03-31": "$1.17", "2009-12-31": "$3.60", "2009-09-30": "$3.75", "2009-06-30": "$5.86", "2009-03-31": "$6.11", "2008-12-31": "$3.22", "2008-09-30": "$5.12", "2008-06-30": "$1.43", "2008-03-31": "$-2.22", "2007-12-31": "$-1.49", "2007-09-30": "$-3.42", "2007-06-30": "$-1.05", "2007-03-31": "$1.34", "2006-12-31": "$0.74"}, "net worth": {"value": "$14.31B"}, "current ratio": {"2020-12-31": "0.89", "2020-09-30": "0.91", "2020-06-30": "0.92", "2020-03-31": "0.89", "2019-12-31": "0.91", "2019-09-30": "0.91", "2019-06-30": "0.91", "2019-03-31": "0.90", "2018-12-31": "0.90", "2018-09-30": "0.90", "2018-06-30": "0.90", "2018-03-31": "0.88", "2017-12-31": "0.85", "2017-09-30": "0.88", "2017-06-30": "0.87", "2017-03-31": "0.88", "2016-12-31": "0.87", "2016-09-30": "0.90", "2016-06-30": "0.95", "2016-03-31": "0.94", "2015-12-31": "0.92", "2015-09-30": "0.92", "2015-06-30": "0.92", "2015-03-31": "0.92", "2014-12-31": "0.91", "2014-09-30": "0.93", "2014-06-30": "0.96", "2014-03-31": "0.90", "2013-12-31": "0.89", "2013-09-30": "0.93", "2013-06-30": "0.92", "2013-03-31": "0.91", "2012-12-31": "0.92", "2012-09-30": "0.90", "2012-06-30": "0.92", "2012-03-31": "0.91", "2011-12-31": "0.94", "2011-09-30": "0.92", "2011-06-30": "0.94", "2011-03-31": "0.92", "2010-12-31": "0.92", "2010-09-30": "0.93", "2010-06-30": "0.96", "2010-03-31": "0.95", "2009-12-31": "0.95", "2009-09-30": "0.99", "2009-06-30": "1.04", "2009-03-31": "1.07", "2008-12-31": "1.11", "2008-09-30": "1.11", "2008-06-30": "1.09", "2008-03-31": "1.09", "2007-12-31": "1.07", "2007-09-30": "1.08", "2007-06-30": "1.07", "2007-03-31": "1.07", "2006-12-31": "1.04", "2006-09-30": "1.05", "2006-06-30": "1.04", "2006-03-31": "1.06", "2005-12-31": "1.07", "2005-09-30": "1.09", "2005-06-30": "1.11", "2005-03-31": "1.10"}, "quick ratio": {"2020-12-31": "0.00", "2020-09-30": "0.00", "2020-06-30": "0.00", "2020-03-31": "0.00", "2019-12-31": "0.00", "2019-09-30": "0.00", "2019-06-30": "0.00", "2019-03-31": "0.00", "2018-12-31": "0.00", "2018-09-30": "0.00", "2018-06-30": "0.00", "2018-03-31": "0.00", "2017-12-31": "0.00", "2017-09-30": "0.00", "2017-06-30": "0.00", "2017-03-31": "0.00", "2016-12-31": "0.00", "2016-09-30": "0.00", "2016-06-30": "0.00", "2016-03-31": "0.00", "2015-12-31": "0.00", "2015-09-30": "0.00", "2015-06-30": "0.00", "2015-03-31": "0.00", "2014-12-31": "0.00", "2014-09-30": "0.00", "2014-06-30": "0.00", "2014-03-31": "0.00", "2013-12-31": "0.00", "2013-09-30": "0.00", "2013-06-30": "0.00", "2013-03-31": "0.00", "2012-12-31": "0.00", "2012-09-30": "0.00", "2012-06-30": "0.00", "2012-03-31": "0.00", "2011-12-31": "0.00", "2011-09-30": "0.00", "2011-06-30": "0.00", "2011-03-31": "0.00", "2010-12-31": "0.00", "2010-09-30": "0.00", "2010-06-30": "0.00", "2010-03-31": "0.00", "2009-12-31": "0.00", "2009-09-30": "0.00", "2009-06-30": "0.00", "2009-03-31": "0.00", "2008-12-31": "0.00", "2008-09-30": "0.00", "2008-06-30": "0.00", "2008-03-31": "0.00", "2007-12-31": "0.00", "2007-09-30": "0.00", "2007-06-30": "0.00", "2007-03-31": "0.00", "2006-12-31": "0.00", "2006-09-30": "0.00", "2006-06-30": "0.00", "2006-03-31": "0.00", "2005-12-31": "0.00", "2005-09-30": "0.00", "2005-06-30": "0.00", "2005-03-31": "0.00"}, "debt equity ratio": {"current": "0.77", "2020-12-31": "8.47", "2020-09-30": "8.30", "2020-06-30": "8.62", "2020-03-31": "8.68", "2019-12-31": "8.24", "2019-09-30": "8.13", "2019-06-30": "8.28", "2019-03-31": "8.47", "2018-12-31": "8.80", "2018-09-30": "8.66", "2018-06-30": "8.18", "2018-03-31": "8.22", "2017-12-31": "8.63", "2017-09-30": "8.53", "2017-06-30": "8.52", "2017-03-31": "8.59", "2016-12-31": "8.67", "2016-09-30": "8.70", "2016-06-30": "8.85", "2016-03-31": "9.15", "2015-12-31": "9.77", "2015-09-30": "9.67", "2015-06-30": "9.60", "2015-03-31": "9.52", "2014-12-31": "9.48", "2014-09-30": "9.24", "2014-06-30": "9.22", "2014-03-31": "8.90", "2013-12-31": "8.76", "2013-09-30": "8.50", "2013-06-30": "8.70", "2013-03-31": "8.55", "2012-12-31": "8.70", "2012-09-30": "8.72", "2012-06-30": "9.02", "2012-03-31": "9.07", "2011-12-31": "9.05", "2011-09-30": "9.18", "2011-06-30": "9.10", "2011-03-31": "9.51", "2010-12-31": "9.81", "2010-09-30": "8.56", "2010-06-30": "8.52", "2010-03-31": "8.66", "2009-12-31": "8.66", "2009-09-30": "8.25", "2009-06-30": "8.85", "2009-03-31": "9.74", "2008-12-31": "6.52", "2008-09-30": "7.57", "2008-06-30": "7.67", "2008-03-31": "8.49", "2007-12-31": "8.19", "2007-09-30": "7.85", "2007-06-30": "10.89", "2007-03-31": "10.46", "2006-12-31": "10.72", "2006-09-30": "10.40", "2006-06-30": "11.34", "2006-03-31": "10.58", "2005-12-31": "11.81", "2005-09-30": "11.49", "2005-06-30": "11.54", "2005-03-31": "11.43"}, "return on equity": {"2020-12-31": "5.74%", "2020-09-30": "6.02%", "2020-06-30": "6.81%", "2020-03-31": "8.72%", "2019-12-31": "11.43%", "2019-09-30": "11.75%", "2019-06-30": "12.05%", "2019-03-31": "12.00%", "2018-12-31": "11.81%", "2018-09-30": "12.76%", "2018-06-30": "11.88%", "2018-03-31": "11.36%", "2017-12-31": "10.42%", "2017-09-30": "8.73%", "2017-06-30": "7.38%", "2017-03-31": "6.97%", "2016-12-31": "7.32%", "2016-09-30": "7.53%", "2016-06-30": "9.09%", "2016-03-31": "9.93%", "2015-12-31": "10.12%", "2015-09-30": "10.00%", "2015-06-30": "10.15%", "2015-03-31": "9.76%", "2014-12-31": "9.60%", "2014-09-30": "9.60%", "2014-06-30": "10.12%", "2014-03-31": "10.08%", "2013-12-31": "10.28%", "2013-09-30": "10.41%", "2013-06-30": "10.29%", "2013-03-31": "10.38%", "2012-12-31": "10.53%", "2012-09-30": "10.15%", "2012-06-30": "9.90%", "2012-03-31": "9.95%", "2011-12-31": "9.70%", "2011-09-30": "8.36%", "2011-06-30": "7.04%", "2011-03-31": "4.72%", "2010-12-31": "2.60%", "2010-09-30": "-5.51%", "2010-06-30": "-10.36%", "2010-03-31": "-14.20%", "2009-12-31": "-62.13%", "2009-09-30": "-57.72%", "2009-06-30": "-51.64%", "2009-03-31": "-44.82%", "2008-12-31": "-2.47%", "2008-09-30": "0.67%", "2008-06-30": "1.89%", "2008-03-31": "2.02%", "2007-12-31": "1.66%", "2007-09-30": "10.48%", "2007-06-30": "13.77%", "2007-03-31": "14.93%", "2006-12-31": "15.16%", "2006-09-30": "16.20%", "2006-06-30": "15.21%", "2006-03-31": "15.42%", "2005-12-31": "15.88%"}, "return on assets": {"2020-12-31": "0.60%", "2020-09-30": "0.64%", "2020-06-30": "0.72%", "2020-03-31": "0.93%", "2019-12-31": "1.23%", "2019-09-30": "1.25%", "2019-06-30": "1.26%", "2019-03-31": "1.26%", "2018-12-31": "1.25%", "2018-09-30": "1.35%", "2018-06-30": "1.27%", "2018-03-31": "1.20%", "2017-12-31": "1.09%", "2017-09-30": "0.91%", "2017-06-30": "0.77%", "2017-03-31": "0.72%", "2016-12-31": "0.75%", "2016-09-30": "0.75%", "2016-06-30": "0.88%", "2016-03-31": "0.94%", "2015-12-31": "0.95%", "2015-09-30": "0.95%", "2015-06-30": "0.97%", "2015-03-31": "0.94%", "2014-12-31": "0.94%", "2014-09-30": "0.96%", "2014-06-30": "1.03%", "2014-03-31": "1.04%", "2013-12-31": "1.07%", "2013-09-30": "1.08%", "2013-06-30": "1.06%", "2013-03-31": "1.07%", "2012-12-31": "1.07%", "2012-09-30": "1.02%", "2012-06-30": "0.98%", "2012-03-31": "0.99%", "2011-12-31": "0.95%", "2011-09-30": "0.80%", "2011-06-30": "0.69%", "2011-03-31": "0.47%", "2010-12-31": "0.26%", "2010-09-30": "-0.57%", "2010-06-30": "-1.09%", "2010-03-31": "-1.48%", "2009-12-31": "-6.31%", "2009-09-30": "-6.31%", "2009-06-30": "-5.76%", "2009-03-31": "-5.15%", "2008-12-31": "-0.29%", "2008-09-30": "0.07%", "2008-06-30": "0.21%", "2008-03-31": "0.21%", "2007-12-31": "0.17%", "2007-09-30": "0.99%", "2007-06-30": "1.19%", "2007-03-31": "1.27%", "2006-12-31": "1.29%", "2006-09-30": "1.35%", "2006-06-30": "1.24%", "2006-03-31": "1.25%", "2005-12-31": "1.26%"}, "return on investments": {"2020-12-31": "4.47%", "2020-09-30": "4.44%", "2020-06-30": "4.82%", "2020-03-31": "6.05%", "2019-12-31": "7.82%", "2019-09-30": "8.09%", "2019-06-30": "8.24%", "2019-03-31": "8.11%", "2018-12-31": "8.02%", "2018-09-30": "8.09%", "2018-06-30": "7.76%", "2018-03-31": "7.65%", "2017-12-31": "7.07%", "2017-09-30": "6.70%", "2017-06-30": "5.63%", "2017-03-31": "5.25%", "2016-12-31": "5.37%", "2016-09-30": "5.29%", "2016-06-30": "6.23%", "2016-03-31": "6.81%", "2015-12-31": "7.23%", "2015-09-30": "7.57%", "2015-06-30": "7.89%", "2015-03-31": "7.50%", "2014-12-31": "7.72%", "2014-09-30": "8.00%", "2014-06-30": "9.02%", "2014-03-31": "10.06%", "2013-12-31": "10.75%", "2013-09-30": "10.96%", "2013-06-30": "10.69%", "2013-03-31": "10.58%", "2012-12-31": "10.29%", "2012-09-30": "9.43%", "2012-06-30": "8.96%", "2012-03-31": "8.77%", "2011-12-31": "8.18%", "2011-09-30": "8.14%", "2011-06-30": "7.36%", "2011-03-31": "5.65%", "2010-12-31": "3.78%", "2010-09-30": "-4.28%", "2010-06-30": "-8.08%", "2010-03-31": "-9.99%", "2009-12-31": "-36.25%", "2009-09-30": "-32.73%", "2009-06-30": "-27.54%", "2009-03-31": "-23.64%", "2008-12-31": "-1.97%", "2008-09-30": "0.03%", "2008-06-30": "0.75%", "2008-03-31": "0.64%", "2007-12-31": "0.50%", "2007-09-30": "5.95%", "2007-06-30": "5.68%", "2007-03-31": "6.30%", "2006-12-31": "6.43%", "2006-09-30": "6.69%", "2006-06-30": "7.53%", "2006-03-31": "7.41%", "2005-12-31": "7.24%"}, "return on tangible equity": {"2020-09-30": "7.51%", "2020-06-30": "8.54%", "2020-03-31": "11.01%", "2019-12-31": "14.49%", "2019-09-30": "14.97%", "2019-06-30": "15.50%", "2019-03-31": "15.49%", "2018-12-31": "15.29%", "2018-09-30": "16.57%", "2018-06-30": "15.48%", "2018-03-31": "14.90%", "2017-12-31": "13.77%", "2017-09-30": "11.60%", "2017-06-30": "9.84%", "2017-03-31": "9.00%", "2016-12-31": "9.13%", "2016-09-30": "9.05%", "2016-06-30": "10.37%", "2016-03-31": "11.32%", "2015-12-31": "11.50%", "2015-09-30": "11.23%", "2015-06-30": "11.35%", "2015-03-31": "10.86%", "2014-12-31": "10.62%", "2014-09-30": "10.60%", "2014-06-30": "11.15%", "2014-03-31": "11.12%", "2013-12-31": "11.33%", "2013-09-30": "11.52%", "2013-06-30": "11.41%", "2013-03-31": "11.55%", "2012-12-31": "11.76%", "2012-09-30": "11.38%", "2012-06-30": "11.15%", "2012-03-31": "11.26%", "2011-12-31": "11.04%", "2011-09-30": "9.57%", "2011-06-30": "8.08%", "2011-03-31": "5.42%", "2010-12-31": "2.99%", "2010-09-30": "-6.34%", "2010-06-30": "-11.95%", "2010-03-31": "-16.47%", "2009-12-31": "-72.62%", "2009-09-30": "-76.89%", "2009-06-30": "-80.14%", "2009-03-31": "-81.06%", "2008-12-31": "-5.27%", "2008-09-30": "1.52%", "2008-06-30": "4.35%", "2008-03-31": "4.21%", "2007-12-31": "3.00%", "2007-09-30": "16.03%", "2007-06-30": "17.32%", "2007-03-31": "18.86%", "2006-12-31": "19.16%", "2006-09-30": "19.79%", "2006-06-30": "17.96%", "2006-03-31": "17.50%", "2005-12-31": "17.33%"}, "dividend yield history": {"last payout": "$0.60", "last yield": "4.26%"}}