{"ticker": "HWM", "price": {"title": "Howmet Aerospace Historical Annual Stock Price Data", "value": 28.75, "historical": {"2020": {"Average Stock Price": "17.3847", "Year Open": "13.2000", "Year High": "28.5400", "Year Low": "10.5900", "Year Close": "28.5400", "Annual % Change": "0.00%"}}}, "market cap": {"value": "$12.04B"}, "income statement": {"Revenue": {"2020-12-31": "5259.00000", "2019-12-31": "14192.00000", "2018-12-31": "14014.00000", "2017-12-31": "12960.00000", "2016-12-31": "12394.00000", "2015-12-31": "12413.00000", "2014-12-31": "12542.00000", "2013-12-31": "23032.00000", "2012-12-31": "23700.00000", "2011-12-31": "24951.00000", "2010-12-31": "21013.00000", "2009-12-31": "18439.00000", "2008-12-31": "26901.00000", "2007-12-31": "29280.00000", "2006-12-31": "28950.00000", "2005-12-31": "25568.00000"}, "Cost Of Goods Sold": {"2020-12-31": "3878.00000", "2019-12-31": "11227.00000", "2018-12-31": "11397.00000", "2017-12-31": "10221.00000", "2016-12-31": "9696.00000", "2015-12-31": "10104.00000", "2014-12-31": "10349.00000", "2013-12-31": "19286.00000", "2012-12-31": "20401.00000", "2011-12-31": "20480.00000", "2010-12-31": "17174.00000", "2009-12-31": "16902.00000", "2008-12-31": "22175.00000", "2007-12-31": "22803.00000", "2006-12-31": "21955.00000", "2005-12-31": "20704.00000"}, "Gross Profit": {"2020-12-31": "1381.00000", "2019-12-31": "2965.00000", "2018-12-31": "2617.00000", "2017-12-31": "2739.00000", "2016-12-31": "2698.00000", "2015-12-31": "2309.00000", "2014-12-31": "2193.00000", "2013-12-31": "3746.00000", "2012-12-31": "3299.00000", "2011-12-31": "4471.00000", "2010-12-31": "3839.00000", "2009-12-31": "1537.00000", "2008-12-31": "4726.00000", "2007-12-31": "6477.00000", "2006-12-31": "6995.00000", "2005-12-31": "4864.00000"}, "Research And Development Expenses": {"2020-12-31": "17.00000", "2019-12-31": "70.00000", "2018-12-31": "103.00000", "2017-12-31": "109.00000", "2016-12-31": "130.00000", "2015-12-31": "169.00000", "2014-12-31": "123.00000", "2013-12-31": "192.00000", "2012-12-31": "197.00000", "2011-12-31": "184.00000", "2010-12-31": "174.00000", "2009-12-31": "169.00000", "2008-12-31": "246.00000", "2007-12-31": "238.00000", "2006-12-31": "201.00000", "2005-12-31": "192.00000"}, "SG&A Expenses": {"2020-12-31": "277.00000", "2019-12-31": "704.00000", "2018-12-31": "604.00000", "2017-12-31": "715.00000", "2016-12-31": "924.00000", "2015-12-31": "765.00000", "2014-12-31": "770.00000", "2013-12-31": "1008.00000", "2012-12-31": "997.00000", "2011-12-31": "1027.00000", "2010-12-31": "961.00000", "2009-12-31": "1009.00000", "2008-12-31": "1167.00000", "2007-12-31": "1444.00000", "2006-12-31": "1372.00000", "2005-12-31": "1295.00000"}, "Other Operating Income Or Expenses": {"2020-12-31": "", "2019-12-31": "", "2018-12-31": "", "2017-12-31": "", "2016-12-31": "", "2015-12-31": "", "2014-12-31": "", "2013-12-31": "", "2012-12-31": "", "2011-12-31": "", "2010-12-31": "", "2009-12-31": "", "2008-12-31": "", "2007-12-31": "", "2006-12-31": "", "2005-12-31": ""}, "Operating Expenses": {"2020-12-31": "4633.00000", "2019-12-31": "13157.00000", "2018-12-31": "12689.00000", "2017-12-31": "12480.00000", "2016-12-31": "11440.00000", "2015-12-31": "11785.00000", "2014-12-31": "11992.00000", "2013-12-31": "22689.00000", "2012-12-31": "23227.00000", "2011-12-31": "23451.00000", "2010-12-31": "19966.00000", "2009-12-31": "19628.00000", "2008-12-31": "25761.00000", "2007-12-31": "25997.00000", "2006-12-31": "25287.00000", "2005-12-31": "23739.00000"}, "Operating Income": {"2020-12-31": "626.00000", "2019-12-31": "1035.00000", "2018-12-31": "1325.00000", "2017-12-31": "480.00000", "2016-12-31": "954.00000", "2015-12-31": "628.00000", "2014-12-31": "550.00000", "2013-12-31": "343.00000", "2012-12-31": "473.00000", "2011-12-31": "1500.00000", "2010-12-31": "1047.00000", "2009-12-31": "-1189.00000", "2008-12-31": "1140.00000", "2007-12-31": "3283.00000", "2006-12-31": "3663.00000", "2005-12-31": "1829.00000"}, "Total Non-Operating Income/Expense": {"2020-12-31": "-455.00000", "2019-12-31": "-460.00000", "2018-12-31": "-457.00000", "2017-12-31": "-10.00000", "2016-12-31": "-540.00000", "2015-12-31": "-445.00000", "2014-12-31": "-437.00000", "2013-12-31": "-2159.00000", "2012-12-31": "-149.00000", "2011-12-31": "-437.00000", "2010-12-31": "-499.00000", "2009-12-31": "-309.00000", "2008-12-31": "-348.00000", "2007-12-31": "1519.00000", "2006-12-31": "-148.00000", "2005-12-31": "141.00000"}, "Pre-Tax Income": {"2020-12-31": "171.00000", "2019-12-31": "575.00000", "2018-12-31": "868.00000", "2017-12-31": "470.00000", "2016-12-31": "414.00000", "2015-12-31": "183.00000", "2014-12-31": "113.00000", "2013-12-31": "-1816.00000", "2012-12-31": "324.00000", "2011-12-31": "1063.00000", "2010-12-31": "548.00000", "2009-12-31": "-1498.00000", "2008-12-31": "792.00000", "2007-12-31": "4802.00000", "2006-12-31": "3515.00000", "2005-12-31": "1970.00000"}, "Income Taxes": {"2020-12-31": "-40.00000", "2019-12-31": "105.00000", "2018-12-31": "226.00000", "2017-12-31": "544.00000", "2016-12-31": "1476.00000", "2015-12-31": "339.00000", "2014-12-31": "174.00000", "2013-12-31": "428.00000", "2012-12-31": "162.00000", "2011-12-31": "255.00000", "2010-12-31": "148.00000", "2009-12-31": "-574.00000", "2008-12-31": "342.00000", "2007-12-31": "1623.00000", "2006-12-31": "853.00000", "2005-12-31": "454.00000"}, "Income After Taxes": {"2020-12-31": "211.00000", "2019-12-31": "470.00000", "2018-12-31": "642.00000", "2017-12-31": "-74.00000", "2016-12-31": "-1062.00000", "2015-12-31": "-156.00000", "2014-12-31": "-61.00000", "2013-12-31": "-2244.00000", "2012-12-31": "162.00000", "2011-12-31": "808.00000", "2010-12-31": "400.00000", "2009-12-31": "-924.00000", "2008-12-31": "450.00000", "2007-12-31": "3179.00000", "2006-12-31": "2662.00000", "2005-12-31": "1516.00000"}, "Other Income": {"2020-12-31": "", "2019-12-31": "", "2018-12-31": "", "2017-12-31": "", "2016-12-31": "", "2015-12-31": "", "2014-12-31": "", "2013-12-31": "", "2012-12-31": "", "2011-12-31": "", "2010-12-31": "", "2009-12-31": "", "2008-12-31": "", "2007-12-31": "", "2006-12-31": "", "2005-12-31": ""}, "Income From Continuous Operations": {"2020-12-31": "211.00000", "2019-12-31": "470.00000", "2018-12-31": "642.00000", "2017-12-31": "-74.00000", "2016-12-31": "-1062.00000", "2015-12-31": "-156.00000", "2014-12-31": "-61.00000", "2013-12-31": "-2244.00000", "2012-12-31": "162.00000", "2011-12-31": "808.00000", "2010-12-31": "400.00000", "2009-12-31": "-924.00000", "2008-12-31": "450.00000", "2007-12-31": "3179.00000", "2006-12-31": "2226.00000", "2005-12-31": "1257.00000"}, "Income From Discontinued Operations": {"2020-12-31": "50.00000", "2019-12-31": "", "2018-12-31": "", "2017-12-31": "", "2016-12-31": "184.00000", "2015-12-31": "-41.00000", "2014-12-31": "238.00000", "2013-12-31": "", "2012-12-31": "", "2011-12-31": "-3.00000", "2010-12-31": "-8.00000", "2009-12-31": "-166.00000", "2008-12-31": "-303.00000", "2007-12-31": "-250.00000", "2006-12-31": "22.00000", "2005-12-31": "-22.00000"}, "Net Income": {"2020-12-31": "259.00000", "2019-12-31": "477.00000", "2018-12-31": "651.00000", "2017-12-31": "-127.00000", "2016-12-31": "-1010.00000", "2015-12-31": "-391.00000", "2014-12-31": "247.00000", "2013-12-31": "-2287.00000", "2012-12-31": "189.00000", "2011-12-31": "611.00000", "2010-12-31": "259.00000", "2009-12-31": "-1151.00000", "2008-12-31": "-74.00000", "2007-12-31": "2564.00000", "2006-12-31": "2248.00000", "2005-12-31": "1233.00000"}, "EBITDA": {"2020-12-31": "964.00000", "2019-12-31": "1571.00000", "2018-12-31": "1901.00000", "2017-12-31": "1750.00000", "2016-12-31": "2086.00000", "2015-12-31": "1933.00000", "2014-12-31": "1922.00000", "2013-12-31": "3496.00000", "2012-12-31": "1935.00000", "2011-12-31": "2981.00000", "2010-12-31": "2498.00000", "2009-12-31": "122.00000", "2008-12-31": "2374.00000", "2007-12-31": "4528.00000", "2006-12-31": "4915.00000", "2005-12-31": "3087.00000"}, "EBIT": {"2020-12-31": "626.00000", "2019-12-31": "1035.00000", "2018-12-31": "1325.00000", "2017-12-31": "480.00000", "2016-12-31": "954.00000", "2015-12-31": "628.00000", "2014-12-31": "550.00000", "2013-12-31": "343.00000", "2012-12-31": "473.00000", "2011-12-31": "1500.00000", "2010-12-31": "1047.00000", "2009-12-31": "-1189.00000", "2008-12-31": "1140.00000", "2007-12-31": "3283.00000", "2006-12-31": "3663.00000", "2005-12-31": "1829.00000"}, "Basic Shares Outstanding": {"2020-12-31": "435.13400", "2019-12-31": "446.00000", "2018-12-31": "483.00000", "2017-12-31": "451.00000", "2016-12-31": "438.00000", "2015-12-31": "420.00000", "2014-12-31": "387.00000", "2013-12-31": "356.63100", "2012-12-31": "355.63110", "2011-12-31": "353.63130", "2010-12-31": "339.29940", "2009-12-31": "311.63550", "2008-12-31": "269.97300", "2007-12-31": "286.97130", "2006-12-31": "289.63770", "2005-12-31": "290.63760"}, "Shares Outstanding": {"2020-12-31": "439.29600", "2019-12-31": "463.00000", "2018-12-31": "503.00000", "2017-12-31": "451.00000", "2016-12-31": "438.00000", "2015-12-31": "420.00000", "2014-12-31": "393.00000", "2013-12-31": "356.63100", "2012-12-31": "358.63080", "2011-12-31": "386.96130", "2010-12-31": "341.63250", "2009-12-31": "311.63550", "2008-12-31": "270.97290", "2007-12-31": "288.63780", "2006-12-31": "291.63750", "2005-12-31": "292.30410"}, "Basic EPS": {"2020-12-31": "0.59000", "2019-12-31": "1.05000", "2018-12-31": "1.33000", "2017-12-31": "-0.28000", "2016-12-31": "-2.31000", "2015-12-31": "-0.93000", "2014-12-31": "0.64000", "2013-12-31": "-6.42060", "2012-12-31": "0.54010", "2011-12-31": "1.71020", "2010-12-31": "0.75010", "2009-12-31": "-3.69040", "2008-12-31": "-0.30000", "2007-12-31": "8.85090", "2006-12-31": "7.77080", "2005-12-31": "4.23040"}, "EPS - Earnings Per Share": {"2020-12-31": "0.59000", "2019-12-31": "1.03000", "2018-12-31": "1.30000", "2017-12-31": "-0.28000", "2016-12-31": "-2.31000", "2015-12-31": "-0.93000", "2014-12-31": "0.63000", "2013-12-31": "-6.42060", "2012-12-31": "0.54010", "2011-12-31": "1.65020", "2010-12-31": "0.72010", "2009-12-31": "-3.69040", "2008-12-31": "-0.30000", "2007-12-31": "8.82090", "2006-12-31": "7.71080", "2005-12-31": "4.20040"}}, "income statement, quarterly": {"Revenue": {"2020-12-31": "1238.00000", "2020-09-30": "1134.00000", "2020-06-30": "1253.00000", "2020-03-31": "3209.00000", "2019-12-31": "7039.00000", "2019-09-30": "1794.00000", "2019-06-30": "1818.00000", "2019-03-31": "3541.00000", "2018-12-31": "3472.00000", "2018-09-30": "3524.00000", "2018-06-30": "3573.00000", "2018-03-31": "3445.00000", "2017-12-31": "3271.00000", "2017-09-30": "3236.00000", "2017-06-30": "3261.00000", "2017-03-31": "3192.00000", "2016-12-31": "2967.00000", "2016-09-30": "3138.00000", "2016-06-30": "3234.00000", "2016-03-31": "3055.00000", "2015-12-31": "5245.00000", "2015-09-30": "5573.00000", "2015-06-30": "5897.00000", "2015-03-31": "5819.00000", "2014-12-31": "6377.00000", "2014-09-30": "6239.00000", "2014-06-30": "5836.00000", "2014-03-31": "5454.00000", "2013-12-31": "5585.00000", "2013-09-30": "5765.00000", "2013-06-30": "5849.00000", "2013-03-31": "5833.00000", "2012-12-31": "5898.00000", "2012-09-30": "5833.00000", "2012-06-30": "5963.00000", "2012-03-31": "6006.00000", "2011-12-31": "5989.00000", "2011-09-30": "6419.00000", "2011-06-30": "6585.00000", "2011-03-31": "5958.00000", "2010-12-31": "5652.00000", "2010-09-30": "5287.00000", "2010-06-30": "5187.00000", "2010-03-31": "4887.00000", "2009-12-31": "5433.00000", "2009-09-30": "4615.00000", "2009-06-30": "4244.00000", "2009-03-31": "4147.00000", "2008-12-31": "5688.00000", "2008-09-30": "6970.00000", "2008-06-30": "7245.00000", "2008-03-31": "6998.00000", "2007-12-31": "5919.00000", "2007-09-30": "7387.00000", "2007-06-30": "8066.00000", "2007-03-31": "7908.00000", "2006-12-31": "6411.00000", "2006-09-30": "7631.00000", "2006-06-30": "7797.00000", "2006-03-31": "7111.00000", "2005-12-31": "6253.00000", "2005-09-30": "6401.00000", "2005-06-30": "6693.00000", "2005-03-31": "6221.00000"}, "Cost Of Goods Sold": {"2020-12-31": "872.00000", "2020-09-30": "900.00000", "2020-06-30": "923.00000", "2020-03-31": "2476.00000", "2019-12-31": "5757.00000", "2019-09-30": "1317.00000", "2019-06-30": "1335.00000", "2019-03-31": "2818.00000", "2018-12-31": "2845.00000", "2018-09-30": "2881.00000", "2018-06-30": "2903.00000", "2018-03-31": "2768.00000", "2017-12-31": "2623.00000", "2017-09-30": "2591.00000", "2017-06-30": "2549.00000", "2017-03-31": "2458.00000", "2016-12-31": "2375.00000", "2016-09-30": "2503.00000", "2016-06-30": "2533.00000", "2016-03-31": "2400.00000", "2015-12-31": "4404.00000", "2015-09-30": "4559.00000", "2015-06-30": "4663.00000", "2015-03-31": "4443.00000", "2014-12-31": "4973.00000", "2014-09-30": "4904.00000", "2014-06-30": "4765.00000", "2014-03-31": "4495.00000", "2013-12-31": "4708.00000", "2013-09-30": "4798.00000", "2013-06-30": "4933.00000", "2013-03-31": "4847.00000", "2012-12-31": "4883.00000", "2012-09-30": "5266.00000", "2012-06-30": "5154.00000", "2012-03-31": "5098.00000", "2011-12-31": "5228.00000", "2011-09-30": "5290.00000", "2011-06-30": "5247.00000", "2011-03-31": "4715.00000", "2010-12-31": "4538.00000", "2010-09-30": "4413.00000", "2010-06-30": "4210.00000", "2010-03-31": "4013.00000", "2009-12-31": "4905.00000", "2009-09-30": "3888.00000", "2009-06-30": "3966.00000", "2009-03-31": "4143.00000", "2008-12-31": "5277.00000", "2008-09-30": "5648.00000", "2008-06-30": "5723.00000", "2008-03-31": "5527.00000", "2007-12-31": "4708.00000", "2007-09-30": "5910.00000", "2007-06-30": "6178.00000", "2007-03-31": "6007.00000", "2006-12-31": "4769.00000", "2006-09-30": "6015.00000", "2006-06-30": "5827.00000", "2006-03-31": "5344.00000", "2005-12-31": "5100.00000", "2005-09-30": "5263.00000", "2005-06-30": "5408.00000", "2005-03-31": "4933.00000"}, "Gross Profit": {"2020-12-31": "366.00000", "2020-09-30": "234.00000", "2020-06-30": "330.00000", "2020-03-31": "733.00000", "2019-12-31": "1282.00000", "2019-09-30": "477.00000", "2019-06-30": "483.00000", "2019-03-31": "723.00000", "2018-12-31": "627.00000", "2018-09-30": "643.00000", "2018-06-30": "670.00000", "2018-03-31": "677.00000", "2017-12-31": "648.00000", "2017-09-30": "645.00000", "2017-06-30": "712.00000", "2017-03-31": "734.00000", "2016-12-31": "592.00000", "2016-09-30": "635.00000", "2016-06-30": "701.00000", "2016-03-31": "655.00000", "2015-12-31": "841.00000", "2015-09-30": "1014.00000", "2015-06-30": "1234.00000", "2015-03-31": "1376.00000", "2014-12-31": "1404.00000", "2014-09-30": "1335.00000", "2014-06-30": "1071.00000", "2014-03-31": "959.00000", "2013-12-31": "877.00000", "2013-09-30": "967.00000", "2013-06-30": "916.00000", "2013-03-31": "986.00000", "2012-12-31": "1015.00000", "2012-09-30": "567.00000", "2012-06-30": "809.00000", "2012-03-31": "908.00000", "2011-12-31": "761.00000", "2011-09-30": "1129.00000", "2011-06-30": "1338.00000", "2011-03-31": "1243.00000", "2010-12-31": "1114.00000", "2010-09-30": "874.00000", "2010-06-30": "977.00000", "2010-03-31": "874.00000", "2009-12-31": "528.00000", "2009-09-30": "727.00000", "2009-06-30": "278.00000", "2009-03-31": "4.00000", "2008-12-31": "411.00000", "2008-09-30": "1322.00000", "2008-06-30": "1522.00000", "2008-03-31": "1471.00000", "2007-12-31": "1211.00000", "2007-09-30": "1477.00000", "2007-06-30": "1888.00000", "2007-03-31": "1901.00000", "2006-12-31": "1642.00000", "2006-09-30": "1616.00000", "2006-06-30": "1970.00000", "2006-03-31": "1767.00000", "2005-12-31": "1153.00000", "2005-09-30": "1138.00000", "2005-06-30": "1285.00000", "2005-03-31": "1288.00000"}, "Research And Development Expenses": {"2020-12-31": "4.00000", "2020-09-30": "5.00000", "2020-06-30": "4.00000", "2020-03-31": "15.00000", "2019-12-31": "35.00000", "2019-09-30": "6.00000", "2019-06-30": "7.00000", "2019-03-31": "22.00000", "2018-12-31": "26.00000", "2018-09-30": "25.00000", "2018-06-30": "29.00000", "2018-03-31": "23.00000", "2017-12-31": "28.00000", "2017-09-30": "24.00000", "2017-06-30": "29.00000", "2017-03-31": "28.00000", "2016-12-31": "39.00000", "2016-09-30": "30.00000", "2016-06-30": "32.00000", "2016-03-31": "31.00000", "2015-12-31": "60.00000", "2015-09-30": "55.00000", "2015-06-30": "68.00000", "2015-03-31": "55.00000", "2014-12-31": "60.00000", "2014-09-30": "57.00000", "2014-06-30": "50.00000", "2014-03-31": "51.00000", "2013-12-31": "57.00000", "2013-09-30": "44.00000", "2013-06-30": "46.00000", "2013-03-31": "45.00000", "2012-12-31": "56.00000", "2012-09-30": "51.00000", "2012-06-30": "47.00000", "2012-03-31": "43.00000", "2011-12-31": "48.00000", "2011-09-30": "47.00000", "2011-06-30": "46.00000", "2011-03-31": "43.00000", "2010-12-31": "50.00000", "2010-09-30": "40.00000", "2010-06-30": "45.00000", "2010-03-31": "39.00000", "2009-12-31": "51.00000", "2009-09-30": "39.00000", "2009-06-30": "38.00000", "2009-03-31": "41.00000", "2008-12-31": "61.00000", "2008-09-30": "61.00000", "2008-06-30": "61.00000", "2008-03-31": "63.00000", "2007-12-31": "67.00000", "2007-09-30": "64.00000", "2007-06-30": "55.00000", "2007-03-31": "52.00000", "2006-12-31": "51.00000", "2006-09-30": "53.00000", "2006-06-30": "50.00000", "2006-03-31": "47.00000", "2005-12-31": "48.00000", "2005-09-30": "51.00000", "2005-06-30": "47.00000", "2005-03-31": "46.00000"}, "SG&A Expenses": {"2020-12-31": "58.00000", "2020-09-30": "66.00000", "2020-06-30": "74.00000", "2020-03-31": "169.00000", "2019-12-31": "335.00000", "2019-09-30": "89.00000", "2019-06-30": "102.00000", "2019-03-31": "178.00000", "2018-12-31": "140.00000", "2018-09-30": "134.00000", "2018-06-30": "158.00000", "2018-03-31": "172.00000", "2017-12-31": "146.00000", "2017-09-30": "152.00000", "2017-06-30": "200.00000", "2017-03-31": "217.00000", "2016-12-31": "269.00000", "2016-09-30": "229.00000", "2016-06-30": "239.00000", "2016-03-31": "205.00000", "2015-12-31": "262.00000", "2015-09-30": "261.00000", "2015-06-30": "224.00000", "2015-03-31": "232.00000", "2014-12-31": "271.00000", "2014-09-30": "243.00000", "2014-06-30": "245.00000", "2014-03-31": "236.00000", "2013-12-31": "255.00000", "2013-09-30": "248.00000", "2013-06-30": "254.00000", "2013-03-31": "251.00000", "2012-12-31": "277.00000", "2012-09-30": "234.00000", "2012-06-30": "245.00000", "2012-03-31": "241.00000", "2011-12-31": "268.00000", "2011-09-30": "261.00000", "2011-06-30": "253.00000", "2011-03-31": "245.00000", "2010-12-31": "282.00000", "2010-09-30": "232.00000", "2010-06-30": "208.00000", "2010-03-31": "239.00000", "2009-12-31": "291.00000", "2009-09-30": "234.00000", "2009-06-30": "240.00000", "2009-03-31": "244.00000", "2008-12-31": "273.00000", "2008-09-30": "275.00000", "2008-06-30": "298.00000", "2008-03-31": "321.00000", "2007-12-31": "355.00000", "2007-09-30": "365.00000", "2007-06-30": "367.00000", "2007-03-31": "357.00000", "2006-12-31": "337.00000", "2006-09-30": "326.00000", "2006-06-30": "354.00000", "2006-03-31": "355.00000", "2005-12-31": "318.00000", "2005-09-30": "304.00000", "2005-06-30": "348.00000", "2005-03-31": "325.00000"}, "Other Operating Income Or Expenses": {"2020-12-31": "", "2020-09-30": "", "2020-06-30": "", "2020-03-31": "", "2019-12-31": "", "2019-09-30": "", "2019-06-30": "", "2019-03-31": "", "2018-12-31": "", "2018-09-30": "", "2018-06-30": "", "2018-03-31": "", "2017-12-31": "", "2017-09-30": "", "2017-06-30": "", "2017-03-31": "", "2016-12-31": "", "2016-09-30": "", "2016-06-30": "", "2016-03-31": "", "2015-12-31": "", "2015-09-30": "", "2015-06-30": "", "2015-03-31": "", "2014-12-31": "", "2014-09-30": "", "2014-06-30": "", "2014-03-31": "", "2013-12-31": "", "2013-09-30": "", "2013-06-30": "", "2013-03-31": "", "2012-12-31": "", "2012-09-30": "", "2012-06-30": "", "2012-03-31": "", "2011-12-31": "", "2011-09-30": "", "2011-06-30": "", "2011-03-31": "", "2010-12-31": "", "2010-09-30": "", "2010-06-30": "", "2010-03-31": "", "2009-12-31": "", "2009-09-30": "", "2009-06-30": "", "2009-03-31": "", "2008-12-31": "", "2008-09-30": "", "2008-06-30": "", "2008-03-31": "", "2007-12-31": "", "2007-09-30": "", "2007-06-30": "", "2007-03-31": "", "2006-12-31": "", "2006-09-30": "", "2006-06-30": "", "2006-03-31": "", "2005-12-31": "", "2005-09-30": "", "2005-06-30": "", "2005-03-31": ""}, "Operating Expenses": {"2020-12-31": "1017.00000", "2020-09-30": "1061.00000", "2020-06-30": "1179.00000", "2020-03-31": "2810.00000", "2019-12-31": "6458.00000", "2019-09-30": "1538.00000", "2019-06-30": "1994.00000", "2019-03-31": "3167.00000", "2018-12-31": "3149.00000", "2018-09-30": "3179.00000", "2018-06-30": "3249.00000", "2018-03-31": "3112.00000", "2017-12-31": "3704.00000", "2017-09-30": "2926.00000", "2017-06-30": "2941.00000", "2017-03-31": "2909.00000", "2016-12-31": "2938.00000", "2016-09-30": "2901.00000", "2016-06-30": "2951.00000", "2016-03-31": "2785.00000", "2015-12-31": "5582.00000", "2015-09-30": "5259.00000", "2015-06-30": "5491.00000", "2015-03-31": "5228.00000", "2014-12-31": "6027.00000", "2014-09-30": "5760.00000", "2014-06-30": "5519.00000", "2014-03-31": "5583.00000", "2013-12-31": "5750.00000", "2013-09-30": "5589.00000", "2013-06-30": "5839.00000", "2013-03-31": "5511.00000", "2012-12-31": "5723.00000", "2012-09-30": "5919.00000", "2012-06-30": "5824.00000", "2012-03-31": "5761.00000", "2011-12-31": "6143.00000", "2011-09-30": "5983.00000", "2011-06-30": "5955.00000", "2011-03-31": "5370.00000", "2010-12-31": "5229.00000", "2010-09-30": "5045.00000", "2010-06-30": "4856.00000", "2010-03-31": "4836.00000", "2009-12-31": "5685.00000", "2009-09-30": "4520.00000", "2009-06-30": "4643.00000", "2009-03-31": "4780.00000", "2008-12-31": "6766.00000", "2008-09-30": "6333.00000", "2008-06-30": "6399.00000", "2008-03-31": "6263.00000", "2007-12-31": "5270.00000", "2007-09-30": "7121.00000", "2007-06-30": "6860.00000", "2007-03-31": "6746.00000", "2006-12-31": "5972.00000", "2006-09-30": "6716.00000", "2006-06-30": "6546.00000", "2006-03-31": "6053.00000", "2005-12-31": "5801.00000", "2005-09-30": "5944.00000", "2005-06-30": "6333.00000", "2005-03-31": "5661.00000"}, "Operating Income": {"2020-12-31": "221.00000", "2020-09-30": "73.00000", "2020-06-30": "74.00000", "2020-03-31": "399.00000", "2019-12-31": "581.00000", "2019-09-30": "256.00000", "2019-06-30": "-176.00000", "2019-03-31": "374.00000", "2018-12-31": "323.00000", "2018-09-30": "345.00000", "2018-06-30": "324.00000", "2018-03-31": "333.00000", "2017-12-31": "-433.00000", "2017-09-30": "310.00000", "2017-06-30": "320.00000", "2017-03-31": "283.00000", "2016-12-31": "29.00000", "2016-09-30": "237.00000", "2016-06-30": "283.00000", "2016-03-31": "270.00000", "2015-12-31": "-337.00000", "2015-09-30": "314.00000", "2015-06-30": "406.00000", "2015-03-31": "591.00000", "2014-12-31": "350.00000", "2014-09-30": "479.00000", "2014-06-30": "317.00000", "2014-03-31": "-129.00000", "2013-12-31": "-165.00000", "2013-09-30": "176.00000", "2013-06-30": "10.00000", "2013-03-31": "322.00000", "2012-12-31": "175.00000", "2012-09-30": "-86.00000", "2012-06-30": "139.00000", "2012-03-31": "245.00000", "2011-12-31": "-154.00000", "2011-09-30": "436.00000", "2011-06-30": "630.00000", "2011-03-31": "588.00000", "2010-12-31": "423.00000", "2010-09-30": "242.00000", "2010-06-30": "331.00000", "2010-03-31": "51.00000", "2009-12-31": "-252.00000", "2009-09-30": "95.00000", "2009-06-30": "-399.00000", "2009-03-31": "-633.00000", "2008-12-31": "-1078.00000", "2008-09-30": "637.00000", "2008-06-30": "846.00000", "2008-03-31": "735.00000", "2007-12-31": "649.00000", "2007-09-30": "266.00000", "2007-06-30": "1206.00000", "2007-03-31": "1162.00000", "2006-12-31": "439.00000", "2006-09-30": "915.00000", "2006-06-30": "1251.00000", "2006-03-31": "1058.00000", "2005-12-31": "452.00000", "2005-09-30": "457.00000", "2005-06-30": "360.00000", "2005-03-31": "560.00000"}, "Total Non-Operating Income/Expense": {"2020-12-31": "-150.00000", "2020-09-30": "-85.00000", "2020-06-30": "-160.00000", "2020-03-31": "-108.00000", "2019-12-31": "-158.00000", "2019-09-30": "-93.00000", "2019-06-30": "-92.00000", "2019-03-31": "-117.00000", "2018-12-31": "-97.00000", "2018-09-30": "-96.00000", "2018-06-30": "-130.00000", "2018-03-31": "-134.00000", "2017-12-31": "-22.00000", "2017-09-30": "-138.00000", "2017-06-30": "-51.00000", "2017-03-31": "201.00000", "2016-12-31": "-74.00000", "2016-09-30": "-115.00000", "2016-06-30": "-107.00000", "2016-03-31": "-109.00000", "2015-12-31": "-183.00000", "2015-09-30": "-108.00000", "2015-06-30": "-124.00000", "2015-03-31": "-110.00000", "2014-12-31": "-116.00000", "2014-09-30": "-149.00000", "2014-06-30": "-110.00000", "2014-03-31": "-145.00000", "2013-12-31": "-1833.00000", "2013-09-30": "-101.00000", "2013-06-30": "-137.00000", "2013-03-31": "-88.00000", "2012-12-31": "225.00000", "2012-09-30": "-122.00000", "2012-06-30": "-145.00000", "2012-03-31": "-107.00000", "2011-12-31": "-85.00000", "2011-09-30": "-156.00000", "2011-06-30": "-113.00000", "2011-03-31": "-83.00000", "2010-12-31": "-75.00000", "2010-09-30": "-182.00000", "2010-06-30": "-103.00000", "2010-03-31": "-139.00000", "2009-12-31": "-142.00000", "2009-09-30": "3.00000", "2009-06-30": "-26.00000", "2009-03-31": "-144.00000", "2008-12-31": "-89.00000", "2008-09-30": "-111.00000", "2008-06-30": "9.00000", "2008-03-31": "-157.00000", "2007-12-31": "137.00000", "2007-09-30": "1447.00000", "2007-06-30": "-26.00000", "2007-03-31": "-39.00000", "2006-12-31": "-1.00000", "2006-09-30": "-53.00000", "2006-06-30": "-37.00000", "2006-03-31": "-57.00000", "2005-12-31": "-73.00000", "2005-09-30": "-4.00000", "2005-06-30": "260.00000", "2005-03-31": "-42.00000"}, "Pre-Tax Income": {"2020-12-31": "71.00000", "2020-09-30": "-12.00000", "2020-06-30": "-86.00000", "2020-03-31": "291.00000", "2019-12-31": "423.00000", "2019-09-30": "163.00000", "2019-06-30": "-268.00000", "2019-03-31": "257.00000", "2018-12-31": "226.00000", "2018-09-30": "249.00000", "2018-06-30": "194.00000", "2018-03-31": "199.00000", "2017-12-31": "-455.00000", "2017-09-30": "172.00000", "2017-06-30": "269.00000", "2017-03-31": "484.00000", "2016-12-31": "-45.00000", "2016-09-30": "122.00000", "2016-06-30": "176.00000", "2016-03-31": "161.00000", "2015-12-31": "-520.00000", "2015-09-30": "206.00000", "2015-06-30": "282.00000", "2015-03-31": "481.00000", "2014-12-31": "234.00000", "2014-09-30": "330.00000", "2014-06-30": "207.00000", "2014-03-31": "-274.00000", "2013-12-31": "-1998.00000", "2013-09-30": "75.00000", "2013-06-30": "-127.00000", "2013-03-31": "234.00000", "2012-12-31": "400.00000", "2012-09-30": "-208.00000", "2012-06-30": "-6.00000", "2012-03-31": "138.00000", "2011-12-31": "-239.00000", "2011-09-30": "280.00000", "2011-06-30": "517.00000", "2011-03-31": "505.00000", "2010-12-31": "348.00000", "2010-09-30": "60.00000", "2010-06-30": "228.00000", "2010-03-31": "-88.00000", "2009-12-31": "-394.00000", "2009-09-30": "98.00000", "2009-06-30": "-425.00000", "2009-03-31": "-777.00000", "2008-12-31": "-1167.00000", "2008-09-30": "526.00000", "2008-06-30": "855.00000", "2008-03-31": "578.00000", "2007-12-31": "786.00000", "2007-09-30": "1713.00000", "2007-06-30": "1180.00000", "2007-03-31": "1123.00000", "2006-12-31": "438.00000", "2006-09-30": "862.00000", "2006-06-30": "1214.00000", "2006-03-31": "1001.00000", "2005-12-31": "379.00000", "2005-09-30": "453.00000", "2005-06-30": "620.00000", "2005-03-31": "518.00000"}, "Income Taxes": {"2020-12-31": "-35.00000", "2020-09-30": "-48.00000", "2020-06-30": "-2.00000", "2020-03-31": "76.00000", "2019-12-31": "62.00000", "2019-09-30": "105.00000", "2019-06-30": "-132.00000", "2019-03-31": "70.00000", "2018-12-31": "8.00000", "2018-09-30": "88.00000", "2018-06-30": "74.00000", "2018-03-31": "56.00000", "2017-12-31": "272.00000", "2017-09-30": "53.00000", "2017-06-30": "57.00000", "2017-03-31": "162.00000", "2016-12-31": "1236.00000", "2016-09-30": "56.00000", "2016-06-30": "123.00000", "2016-03-31": "51.00000", "2015-12-31": "44.00000", "2015-09-30": "100.00000", "2015-06-30": "75.00000", "2015-03-31": "226.00000", "2014-12-31": "120.00000", "2014-09-30": "199.00000", "2014-06-30": "78.00000", "2014-03-31": "-77.00000", "2013-12-31": "312.00000", "2013-09-30": "31.00000", "2013-06-30": "21.00000", "2013-03-31": "64.00000", "2012-12-31": "143.00000", "2012-09-30": "-33.00000", "2012-06-30": "13.00000", "2012-03-31": "39.00000", "2011-12-31": "-74.00000", "2011-09-30": "55.00000", "2011-06-30": "136.00000", "2011-03-31": "138.00000", "2010-12-31": "56.00000", "2010-09-30": "-49.00000", "2010-06-30": "57.00000", "2010-03-31": "84.00000", "2009-12-31": "-137.00000", "2009-09-30": "-22.00000", "2009-06-30": "-108.00000", "2009-03-31": "-307.00000", "2008-12-31": "-238.00000", "2008-09-30": "136.00000", "2008-06-30": "232.00000", "2008-03-31": "212.00000", "2007-12-31": "-145.00000", "2007-09-30": "1079.00000", "2007-06-30": "354.00000", "2007-03-31": "335.00000", "2006-12-31": "17.00000", "2006-09-30": "213.00000", "2006-06-30": "341.00000", "2006-03-31": "282.00000", "2005-12-31": "91.00000", "2005-09-30": "109.00000", "2005-06-30": "64.00000", "2005-03-31": "190.00000"}, "Income After Taxes": {"2020-12-31": "106.00000", "2020-09-30": "36.00000", "2020-06-30": "-84.00000", "2020-03-31": "215.00000", "2019-12-31": "361.00000", "2019-09-30": "58.00000", "2019-06-30": "-136.00000", "2019-03-31": "187.00000", "2018-12-31": "218.00000", "2018-09-30": "161.00000", "2018-06-30": "120.00000", "2018-03-31": "143.00000", "2017-12-31": "-727.00000", "2017-09-30": "119.00000", "2017-06-30": "212.00000", "2017-03-31": "322.00000", "2016-12-31": "-1281.00000", "2016-09-30": "66.00000", "2016-06-30": "53.00000", "2016-03-31": "110.00000", "2015-12-31": "-564.00000", "2015-09-30": "106.00000", "2015-06-30": "207.00000", "2015-03-31": "255.00000", "2014-12-31": "114.00000", "2014-09-30": "131.00000", "2014-06-30": "129.00000", "2014-03-31": "-197.00000", "2013-12-31": "-2310.00000", "2013-09-30": "44.00000", "2013-06-30": "-148.00000", "2013-03-31": "170.00000", "2012-12-31": "257.00000", "2012-09-30": "-175.00000", "2012-06-30": "-19.00000", "2012-03-31": "99.00000", "2011-12-31": "-165.00000", "2011-09-30": "225.00000", "2011-06-30": "381.00000", "2011-03-31": "367.00000", "2010-12-31": "292.00000", "2010-09-30": "109.00000", "2010-06-30": "171.00000", "2010-03-31": "-172.00000", "2009-12-31": "-257.00000", "2009-09-30": "120.00000", "2009-06-30": "-317.00000", "2009-03-31": "-470.00000", "2008-12-31": "-929.00000", "2008-09-30": "390.00000", "2008-06-30": "623.00000", "2008-03-31": "366.00000", "2007-12-31": "931.00000", "2007-09-30": "634.00000", "2007-06-30": "826.00000", "2007-03-31": "788.00000", "2006-12-31": "421.00000", "2006-09-30": "649.00000", "2006-06-30": "873.00000", "2006-03-31": "719.00000", "2005-12-31": "288.00000", "2005-09-30": "344.00000", "2005-06-30": "556.00000", "2005-03-31": "328.00000"}, "Other Income": {"2020-12-31": "", "2020-09-30": "", "2020-06-30": "", "2020-03-31": "", "2019-12-31": "", "2019-09-30": "", "2019-06-30": "", "2019-03-31": "", "2018-12-31": "", "2018-09-30": "", "2018-06-30": "", "2018-03-31": "", "2017-12-31": "", "2017-09-30": "", "2017-06-30": "", "2017-03-31": "", "2016-12-31": "", "2016-09-30": "", "2016-06-30": "", "2016-03-31": "", "2015-12-31": "", "2015-09-30": "", "2015-06-30": "", "2015-03-31": "", "2014-12-31": "", "2014-09-30": "", "2014-06-30": "", "2014-03-31": "", "2013-12-31": "", "2013-09-30": "", "2013-06-30": "", "2013-03-31": "", "2012-12-31": "", "2012-09-30": "", "2012-06-30": "", "2012-03-31": "", "2011-12-31": "", "2011-09-30": "", "2011-06-30": "", "2011-03-31": "", "2010-12-31": "", "2010-09-30": "", "2010-06-30": "", "2010-03-31": "", "2009-12-31": "", "2009-09-30": "", "2009-06-30": "", "2009-03-31": "", "2008-12-31": "", "2008-09-30": "", "2008-06-30": "", "2008-03-31": "", "2007-12-31": "", "2007-09-30": "", "2007-06-30": "", "2007-03-31": "", "2006-12-31": "", "2006-09-30": "", "2006-06-30": "", "2006-03-31": "", "2005-12-31": "", "2005-09-30": "", "2005-06-30": "", "2005-03-31": ""}, "Income From Continuous Operations": {"2020-12-31": "106.00000", "2020-09-30": "36.00000", "2020-06-30": "-84.00000", "2020-03-31": "215.00000", "2019-12-31": "361.00000", "2019-09-30": "58.00000", "2019-06-30": "-136.00000", "2019-03-31": "187.00000", "2018-12-31": "218.00000", "2018-09-30": "161.00000", "2018-06-30": "120.00000", "2018-03-31": "143.00000", "2017-12-31": "-727.00000", "2017-09-30": "119.00000", "2017-06-30": "212.00000", "2017-03-31": "322.00000", "2016-12-31": "-1281.00000", "2016-09-30": "66.00000", "2016-06-30": "53.00000", "2016-03-31": "110.00000", "2015-12-31": "-564.00000", "2015-09-30": "106.00000", "2015-06-30": "207.00000", "2015-03-31": "255.00000", "2014-12-31": "114.00000", "2014-09-30": "131.00000", "2014-06-30": "129.00000", "2014-03-31": "-197.00000", "2013-12-31": "-2310.00000", "2013-09-30": "44.00000", "2013-06-30": "-148.00000", "2013-03-31": "170.00000", "2012-12-31": "257.00000", "2012-09-30": "-175.00000", "2012-06-30": "-19.00000", "2012-03-31": "99.00000", "2011-12-31": "-165.00000", "2011-09-30": "225.00000", "2011-06-30": "381.00000", "2011-03-31": "367.00000", "2010-12-31": "292.00000", "2010-09-30": "109.00000", "2010-06-30": "171.00000", "2010-03-31": "-172.00000", "2009-12-31": "-257.00000", "2009-09-30": "120.00000", "2009-06-30": "-317.00000", "2009-03-31": "-470.00000", "2008-12-31": "-929.00000", "2008-09-30": "390.00000", "2008-06-30": "623.00000", "2008-03-31": "366.00000", "2007-12-31": "1232.00000", "2007-09-30": "558.00000", "2007-06-30": "716.00000", "2007-03-31": "673.00000", "2006-12-31": "323.00000", "2006-09-30": "540.00000", "2006-06-30": "749.00000", "2006-03-31": "614.00000", "2005-12-31": "208.00000", "2005-09-30": "285.00000", "2005-06-30": "496.00000", "2005-03-31": "268.00000"}, "Income From Discontinued Operations": {"2020-12-31": "", "2020-09-30": "", "2020-06-30": "-12.00000", "2020-03-31": "", "2019-12-31": "", "2019-09-30": "37.00000", "2019-06-30": "15.00000", "2019-03-31": "", "2018-12-31": "", "2018-09-30": "", "2018-06-30": "", "2018-03-31": "", "2017-12-31": "", "2017-09-30": "", "2017-06-30": "", "2017-03-31": "", "2016-12-31": "38.00000", "2016-09-30": "120.00000", "2016-06-30": "125.00000", "2016-03-31": "-99.00000", "2015-12-31": "", "2015-09-30": "", "2015-06-30": "", "2015-03-31": "", "2014-12-31": "", "2014-09-30": "", "2014-06-30": "", "2014-03-31": "", "2013-12-31": "", "2013-09-30": "", "2013-06-30": "", "2013-03-31": "", "2012-12-31": "", "2012-09-30": "", "2012-06-30": "", "2012-03-31": "", "2011-12-31": "2.00000", "2011-09-30": "0.00000", "2011-06-30": "-4.00000", "2011-03-31": "-1.00000", "2010-12-31": "", "2010-09-30": "0.00000", "2010-06-30": "-1.00000", "2010-03-31": "-7.00000", "2009-12-31": "-11.00000", "2009-09-30": "4.00000", "2009-06-30": "-142.00000", "2009-03-31": "-17.00000", "2008-12-31": "-262.00000", "2008-09-30": "-38.00000", "2008-06-30": "-7.00000", "2008-03-31": "4.00000", "2007-12-31": "-235.00000", "2007-09-30": "-3.00000", "2007-06-30": "-1.00000", "2007-03-31": "-11.00000", "2006-12-31": "36.00000", "2006-09-30": "-3.00000", "2006-06-30": "-5.00000", "2006-03-31": "-6.00000", "2005-12-31": "18.00000", "2005-09-30": "4.00000", "2005-06-30": "-36.00000", "2005-03-31": "-8.00000"}, "Net Income": {"2020-12-31": "106.00000", "2020-09-30": "35.00000", "2020-06-30": "-96.00000", "2020-03-31": "214.00000", "2019-12-31": "318.00000", "2019-09-30": "94.00000", "2019-06-30": "-121.00000", "2019-03-31": "186.00000", "2018-12-31": "229.00000", "2018-09-30": "160.00000", "2018-06-30": "120.00000", "2018-03-31": "142.00000", "2017-12-31": "-727.00000", "2017-09-30": "101.00000", "2017-06-30": "194.00000", "2017-03-31": "305.00000", "2016-12-31": "-1248.00000", "2016-09-30": "148.00000", "2016-06-30": "118.00000", "2016-03-31": "-2.00000", "2015-12-31": "-500.00000", "2015-09-30": "26.00000", "2015-06-30": "123.00000", "2015-03-31": "178.00000", "2014-12-31": "159.00000", "2014-09-30": "149.00000", "2014-06-30": "138.00000", "2014-03-31": "-179.00000", "2013-12-31": "-2339.00000", "2013-09-30": "23.00000", "2013-06-30": "-119.00000", "2013-03-31": "148.00000", "2012-12-31": "242.00000", "2012-09-30": "-144.00000", "2012-06-30": "-2.00000", "2012-03-31": "93.00000", "2011-12-31": "-190.00000", "2011-09-30": "171.00000", "2011-06-30": "322.00000", "2011-03-31": "308.00000", "2010-12-31": "263.00000", "2010-09-30": "61.00000", "2010-06-30": "136.00000", "2010-03-31": "-201.00000", "2009-12-31": "-277.00000", "2009-09-30": "77.00000", "2009-06-30": "-454.00000", "2009-03-31": "-497.00000", "2008-12-31": "-1191.00000", "2008-09-30": "268.00000", "2008-06-30": "546.00000", "2008-03-31": "303.00000", "2007-12-31": "632.00000", "2007-09-30": "555.00000", "2007-06-30": "715.00000", "2007-03-31": "662.00000", "2006-12-31": "359.00000", "2006-09-30": "537.00000", "2006-06-30": "744.00000", "2006-03-31": "608.00000", "2005-12-31": "224.00000", "2005-09-30": "289.00000", "2005-06-30": "460.00000", "2005-03-31": "260.00000"}, "EBITDA": {"2020-12-31": "", "2020-09-30": "141.00000", "2020-06-30": "148.00000", "2020-03-31": "528.00000", "2019-12-31": "710.00000", "2019-09-30": "387.00000", "2019-06-30": "-37.00000", "2019-03-31": "511.00000", "2018-12-31": "472.00000", "2018-09-30": "486.00000", "2018-06-30": "468.00000", "2018-03-31": "475.00000", "2017-12-31": "427.00000", "2017-09-30": "450.00000", "2017-06-30": "457.00000", "2017-03-31": "416.00000", "2016-12-31": "223.00000", "2016-09-30": "553.00000", "2016-06-30": "596.00000", "2016-03-31": "579.00000", "2015-12-31": "9.00000", "2015-09-30": "632.00000", "2015-06-30": "726.00000", "2015-03-31": "912.00000", "2014-12-31": "686.00000", "2014-09-30": "825.00000", "2014-06-30": "667.00000", "2014-03-31": "211.00000", "2013-12-31": "1916.00000", "2013-09-30": "524.00000", "2013-06-30": "373.00000", "2013-03-31": "683.00000", "2012-12-31": "538.00000", "2012-09-30": "280.00000", "2012-06-30": "503.00000", "2012-03-31": "614.00000", "2011-12-31": "214.00000", "2011-09-30": "813.00000", "2011-06-30": "1005.00000", "2011-03-31": "949.00000", "2010-12-31": "794.00000", "2010-09-30": "600.00000", "2010-06-30": "695.00000", "2010-03-31": "409.00000", "2009-12-31": "117.00000", "2009-09-30": "437.00000", "2009-06-30": "-82.00000", "2009-03-31": "-350.00000", "2008-12-31": "-787.00000", "2008-09-30": "949.00000", "2008-06-30": "1163.00000", "2008-03-31": "1049.00000", "2007-12-31": "802.00000", "2007-09-30": "737.00000", "2007-06-30": "1523.00000", "2007-03-31": "1466.00000", "2006-12-31": "736.00000", "2006-09-30": "1239.00000", "2006-06-30": "1575.00000", "2006-03-31": "1365.00000", "2005-12-31": "766.00000", "2005-09-30": "774.00000", "2005-06-30": "672.00000", "2005-03-31": "875.00000"}, "EBIT": {"2020-12-31": "221.00000", "2020-09-30": "73.00000", "2020-06-30": "74.00000", "2020-03-31": "399.00000", "2019-12-31": "581.00000", "2019-09-30": "256.00000", "2019-06-30": "-176.00000", "2019-03-31": "374.00000", "2018-12-31": "323.00000", "2018-09-30": "345.00000", "2018-06-30": "324.00000", "2018-03-31": "333.00000", "2017-12-31": "-433.00000", "2017-09-30": "310.00000", "2017-06-30": "320.00000", "2017-03-31": "283.00000", "2016-12-31": "29.00000", "2016-09-30": "237.00000", "2016-06-30": "283.00000", "2016-03-31": "270.00000", "2015-12-31": "-337.00000", "2015-09-30": "314.00000", "2015-06-30": "406.00000", "2015-03-31": "591.00000", "2014-12-31": "350.00000", "2014-09-30": "479.00000", "2014-06-30": "317.00000", "2014-03-31": "-129.00000", "2013-12-31": "-165.00000", "2013-09-30": "176.00000", "2013-06-30": "10.00000", "2013-03-31": "322.00000", "2012-12-31": "175.00000", "2012-09-30": "-86.00000", "2012-06-30": "139.00000", "2012-03-31": "245.00000", "2011-12-31": "-154.00000", "2011-09-30": "436.00000", "2011-06-30": "630.00000", "2011-03-31": "588.00000", "2010-12-31": "423.00000", "2010-09-30": "242.00000", "2010-06-30": "331.00000", "2010-03-31": "51.00000", "2009-12-31": "-252.00000", "2009-09-30": "95.00000", "2009-06-30": "-399.00000", "2009-03-31": "-633.00000", "2008-12-31": "-1078.00000", "2008-09-30": "637.00000", "2008-06-30": "846.00000", "2008-03-31": "735.00000", "2007-12-31": "649.00000", "2007-09-30": "266.00000", "2007-06-30": "1206.00000", "2007-03-31": "1162.00000", "2006-12-31": "439.00000", "2006-09-30": "915.00000", "2006-06-30": "1251.00000", "2006-03-31": "1058.00000", "2005-12-31": "452.00000", "2005-09-30": "457.00000", "2005-06-30": "360.00000", "2005-03-31": "560.00000"}, "Basic Shares Outstanding": {"2020-12-31": "433.28100", "2020-09-30": "436.00000", "2020-06-30": "436.00000", "2020-03-31": "435.00000", "2019-12-31": "446.00000", "2019-09-30": "436.00000", "2019-06-30": "445.00000", "2019-03-31": "471.00000", "2018-12-31": "483.00000", "2018-09-30": "483.00000", "2018-06-30": "483.00000", "2018-03-31": "482.00000", "2017-12-31": "451.00000", "2017-09-30": "442.00000", "2017-06-30": "441.00000", "2017-03-31": "440.00000", "2016-12-31": "438.48700", "2016-09-30": "438.00000", "2016-06-30": "438.00000", "2016-03-31": "438.00000", "2015-12-31": "436.66000", "2015-09-30": "427.00000", "2015-06-30": "407.29260", "2015-03-31": "406.95930", "2014-12-31": "398.70450", "2014-09-30": "392.29410", "2014-06-30": "390.96090", "2014-03-31": "366.96330", "2013-12-31": "356.63100", "2013-09-30": "356.63100", "2013-06-30": "356.29770", "2013-03-31": "356.29770", "2012-12-31": "355.63110", "2012-09-30": "355.63110", "2012-06-30": "355.63110", "2012-03-31": "355.29780", "2011-12-31": "353.63130", "2011-09-30": "354.63120", "2011-06-30": "354.63120", "2011-03-31": "350.63160", "2010-12-31": "339.29940", "2010-09-30": "340.29930", "2010-06-30": "340.29930", "2010-03-31": "335.63310", "2009-12-31": "311.63550", "2009-09-30": "324.63420", "2009-06-30": "324.63420", "2009-03-31": "272.30610", "2008-12-31": "269.97300", "2008-09-30": "269.30640", "2008-06-30": "271.97280", "2008-03-31": "272.63940", "2007-12-31": "286.97130", "2007-09-30": "289.30440", "2007-06-30": "290.97090", "2007-03-31": "289.63770", "2006-12-31": "289.63770", "2006-09-30": "289.30440", "2006-06-30": "289.97100", "2006-03-31": "290.30430", "2005-12-31": "290.63760", "2005-09-30": "290.97090", "2005-06-30": "290.63760", "2005-03-31": "290.30430"}, "Shares Outstanding": {"2020-12-31": "437.97900", "2020-09-30": "439.00000", "2020-06-30": "436.00000", "2020-03-31": "440.00000", "2019-12-31": "463.00000", "2019-09-30": "457.00000", "2019-06-30": "445.00000", "2019-03-31": "489.00000", "2018-12-31": "503.00000", "2018-09-30": "502.00000", "2018-06-30": "502.00000", "2018-03-31": "503.00000", "2017-12-31": "451.00000", "2017-09-30": "462.00000", "2017-06-30": "462.00000", "2017-03-31": "499.00000", "2016-12-31": "438.48700", "2016-09-30": "453.00000", "2016-06-30": "452.00000", "2016-03-31": "438.00000", "2015-12-31": "436.66000", "2015-09-30": "431.00000", "2015-06-30": "412.29210", "2015-03-31": "412.62540", "2014-12-31": "405.74270", "2014-09-30": "401.62650", "2014-06-30": "396.29370", "2014-03-31": "366.96330", "2013-12-31": "356.63100", "2013-09-30": "359.63070", "2013-06-30": "356.29770", "2013-03-31": "389.62770", "2012-12-31": "358.63080", "2012-09-30": "355.63110", "2012-06-30": "355.63110", "2012-03-31": "387.96120", "2011-12-31": "386.96130", "2011-09-30": "387.96120", "2011-06-30": "388.29450", "2011-03-31": "384.29490", "2010-12-31": "341.63250", "2010-09-30": "342.29910", "2010-06-30": "372.29610", "2010-03-31": "335.63310", "2009-12-31": "311.63550", "2009-09-30": "325.96740", "2009-06-30": "324.63420", "2009-03-31": "272.30610", "2008-12-31": "270.97290", "2008-09-30": "269.97300", "2008-06-30": "274.97250", "2008-03-31": "274.97250", "2007-12-31": "288.63780", "2007-09-30": "292.63740", "2007-06-30": "294.30390", "2007-03-31": "291.97080", "2006-12-31": "291.63750", "2006-09-30": "290.97090", "2006-06-30": "292.30410", "2006-03-31": "291.97080", "2005-12-31": "292.30410", "2005-09-30": "292.30410", "2005-06-30": "292.63740", "2005-03-31": "292.97070"}, "Basic EPS": {"2020-12-31": "0.24000", "2020-09-30": "0.08000", "2020-06-30": "-0.22000", "2020-03-31": "0.49000", "2019-12-31": "0.71000", "2019-09-30": "0.22000", "2019-06-30": "-0.28000", "2019-03-31": "0.40000", "2018-12-31": "0.45000", "2018-09-30": "0.33000", "2018-06-30": "0.25000", "2018-03-31": "0.30000", "2017-12-31": "-1.64000", "2017-09-30": "0.23000", "2017-06-30": "0.44000", "2017-03-31": "0.69000", "2016-12-31": "-2.88000", "2016-09-30": "0.34000", "2016-06-30": "0.27000", "2016-03-31": "0.00000", "2015-12-31": "-1.17010", "2015-09-30": "0.06000", "2015-06-30": "0.30000", "2015-03-31": "0.45000", "2014-12-31": "0.36000", "2014-09-30": "0.39000", "2014-06-30": "0.36000", "2014-03-31": "-0.48000", "2013-12-31": "-6.57070", "2013-09-30": "0.06000", "2013-06-30": "-0.33000", "2013-03-31": "0.42000", "2012-12-31": "0.66010", "2012-09-30": "-0.39000", "2012-06-30": "0.00000", "2012-03-31": "0.27000", "2011-12-31": "-0.54010", "2011-09-30": "0.48000", "2011-06-30": "0.90010", "2011-03-31": "0.87010", "2010-12-31": "0.78010", "2010-09-30": "0.18000", "2010-06-30": "0.39000", "2010-03-31": "-0.60010", "2009-12-31": "-0.69010", "2009-09-30": "0.24000", "2009-06-30": "-1.41010", "2009-03-31": "-1.83020", "2008-12-31": "-4.41040", "2008-09-30": "0.99010", "2008-06-30": "2.01020", "2008-03-31": "1.11010", "2007-12-31": "2.19020", "2007-09-30": "1.92020", "2007-06-30": "2.46020", "2007-03-31": "2.28020", "2006-12-31": "1.26010", "2006-09-30": "1.86020", "2006-06-30": "2.55030", "2006-03-31": "2.10020", "2005-12-31": "0.75010", "2005-09-30": "0.99010", "2005-06-30": "1.59020", "2005-03-31": "0.90010"}, "EPS - Earnings Per Share": {"2020-12-31": "0.24000", "2020-09-30": "0.08000", "2020-06-30": "-0.22000", "2020-03-31": "0.49000", "2019-12-31": "0.70000", "2019-09-30": "0.22000", "2019-06-30": "-0.28000", "2019-03-31": "0.39000", "2018-12-31": "0.45000", "2018-09-30": "0.32000", "2018-06-30": "0.24000", "2018-03-31": "0.29000", "2017-12-31": "-1.58000", "2017-09-30": "0.22000", "2017-06-30": "0.43000", "2017-03-31": "0.65000", "2016-12-31": "-2.88000", "2016-09-30": "0.33000", "2016-06-30": "0.27000", "2016-03-31": "0.00000", "2015-12-31": "-1.17010", "2015-09-30": "0.06000", "2015-06-30": "0.30000", "2015-03-31": "0.42000", "2014-12-31": "0.33000", "2014-09-30": "0.36000", "2014-06-30": "0.36000", "2014-03-31": "-0.48000", "2013-12-31": "-6.54070", "2013-09-30": "0.06000", "2013-06-30": "-0.33000", "2013-03-31": "0.39000", "2012-12-31": "0.66010", "2012-09-30": "-0.39000", "2012-06-30": "0.00000", "2012-03-31": "0.27000", "2011-12-31": "-0.45000", "2011-09-30": "0.45000", "2011-06-30": "0.84010", "2011-03-31": "0.81010", "2010-12-31": "0.75010", "2010-09-30": "0.18000", "2010-06-30": "0.39000", "2010-03-31": "-0.60010", "2009-12-31": "-0.69010", "2009-09-30": "0.24000", "2009-06-30": "-1.41010", "2009-03-31": "-1.83020", "2008-12-31": "-4.38040", "2008-09-30": "0.99010", "2008-06-30": "1.98020", "2008-03-31": "1.11010", "2007-12-31": "2.25020", "2007-09-30": "1.89020", "2007-06-30": "2.43020", "2007-03-31": "2.25020", "2006-12-31": "1.26010", "2006-09-30": "1.83020", "2006-06-30": "2.55030", "2006-03-31": "2.07020", "2005-12-31": "0.75010", "2005-09-30": "0.99010", "2005-06-30": "1.56020", "2005-03-31": "0.90010"}}, "balance sheet": {"Cash On Hand": {"2020-12-31": "1610.00000", "2019-12-31": "1648.00000", "2018-12-31": "2277.00000", "2017-12-31": "2150.00000", "2016-12-31": "1863.00000", "2015-12-31": "1362.00000", "2014-12-31": "1877.00000", "2013-12-31": "1437.00000", "2012-12-31": "1861.00000", "2011-12-31": "1939.00000", "2010-12-31": "1543.00000", "2009-12-31": "1481.00000", "2008-12-31": "1348.00000", "2007-12-31": "556.00000", "2006-12-31": "506.00000", "2005-12-31": "1282.00000"}, "Receivables": {"2020-12-31": "357.00000", "2019-12-31": "1451.00000", "2018-12-31": "1498.00000", "2017-12-31": "1374.00000", "2016-12-31": "1451.00000", "2015-12-31": "1354.00000", "2014-12-31": "2128.00000", "2013-12-31": "1818.00000", "2012-12-31": "1739.00000", "2011-12-31": "1942.00000", "2010-12-31": "1917.00000", "2009-12-31": "2182.00000", "2008-12-31": "2591.00000", "2007-12-31": "2808.00000", "2006-12-31": "3089.00000", "2005-12-31": "3036.00000"}, "Inventory": {"2020-12-31": "1488.00000", "2019-12-31": "2429.00000", "2018-12-31": "2492.00000", "2017-12-31": "2480.00000", "2016-12-31": "2253.00000", "2015-12-31": "2284.00000", "2014-12-31": "3082.00000", "2013-12-31": "2705.00000", "2012-12-31": "2825.00000", "2011-12-31": "2899.00000", "2010-12-31": "2584.00000", "2009-12-31": "2328.00000", "2008-12-31": "3238.00000", "2007-12-31": "3084.00000", "2006-12-31": "3380.00000", "2005-12-31": "3191.00000"}, "Pre-Paid Expenses": {"2020-12-31": "217.00000", "2019-12-31": "314.00000", "2018-12-31": "314.00000", "2017-12-31": "374.00000", "2016-12-31": "325.00000", "2015-12-31": "397.00000", "2014-12-31": "761.00000", "2013-12-31": "1009.00000", "2012-12-31": "1275.00000", "2011-12-31": "933.00000", "2010-12-31": "875.00000", "2009-12-31": "1031.00000", "2008-12-31": "973.00000", "2007-12-31": "1126.00000", "2006-12-31": "1378.00000", "2005-12-31": "704.00000"}, "Other Current Assets": {"2020-12-31": "", "2019-12-31": "", "2018-12-31": "", "2017-12-31": "", "2016-12-31": "", "2015-12-31": "", "2014-12-31": "", "2013-12-31": "", "2012-12-31": "", "2011-12-31": "", "2010-12-31": "", "2009-12-31": "", "2008-12-31": "", "2007-12-31": "", "2006-12-31": "", "2005-12-31": ""}, "Total Current Assets": {"2020-12-31": "3672.00000", "2019-12-31": "5842.00000", "2018-12-31": "6581.00000", "2017-12-31": "6378.00000", "2016-12-31": "5892.00000", "2015-12-31": "7953.00000", "2014-12-31": "7848.00000", "2013-12-31": "6969.00000", "2012-12-31": "7700.00000", "2011-12-31": "7713.00000", "2010-12-31": "6919.00000", "2009-12-31": "7022.00000", "2008-12-31": "8150.00000", "2007-12-31": "7574.00000", "2006-12-31": "8353.00000", "2005-12-31": "8213.00000"}, "Property, Plant, And Equipment": {"2020-12-31": "2592.00000", "2019-12-31": "5463.00000", "2018-12-31": "5704.00000", "2017-12-31": "5594.00000", "2016-12-31": "5499.00000", "2015-12-31": "5425.00000", "2014-12-31": "16426.00000", "2013-12-31": "17639.00000", "2012-12-31": "18947.00000", "2011-12-31": "19282.00000", "2010-12-31": "20183.00000", "2009-12-31": "19828.00000", "2008-12-31": "17455.00000", "2007-12-31": "16541.00000", "2006-12-31": "14007.00000", "2005-12-31": "12571.00000"}, "Long-Term Investments": {"2020-12-31": "", "2019-12-31": "", "2018-12-31": "", "2017-12-31": "", "2016-12-31": "1020.00000", "2015-12-31": "", "2014-12-31": "1944.00000", "2013-12-31": "1907.00000", "2012-12-31": "1860.00000", "2011-12-31": "1626.00000", "2010-12-31": "1340.00000", "2009-12-31": "1061.00000", "2008-12-31": "1915.00000", "2007-12-31": "2038.00000", "2006-12-31": "1718.00000", "2005-12-31": "1370.00000"}, "Goodwill And Intangible Assets": {"2020-12-31": "4673.00000", "2019-12-31": "5151.00000", "2018-12-31": "5419.00000", "2017-12-31": "5522.00000", "2016-12-31": "6136.00000", "2015-12-31": "5249.00000", "2014-12-31": "5247.00000", "2013-12-31": "3415.00000", "2012-12-31": "5170.00000", "2011-12-31": "5157.00000", "2010-12-31": "5122.00000", "2009-12-31": "5051.00000", "2008-12-31": "4981.00000", "2007-12-31": "4799.00000", "2006-12-31": "4885.00000", "2005-12-31": "6108.00000"}, "Other Long-Term Assets": {"2020-12-31": "234.00000", "2019-12-31": "514.00000", "2018-12-31": "416.00000", "2017-12-31": "481.00000", "2016-12-31": "257.00000", "2015-12-31": "1944.00000", "2014-12-31": "2759.00000", "2013-12-31": "2628.00000", "2012-12-31": "2712.00000", "2011-12-31": "2796.00000", "2010-12-31": "2545.00000", "2009-12-31": "2552.00000", "2008-12-31": "2633.00000", "2007-12-31": "6264.00000", "2006-12-31": "8220.00000", "2005-12-31": "5434.00000"}, "Total Long-Term Assets": {"2020-12-31": "7774.00000", "2019-12-31": "11736.00000", "2018-12-31": "12112.00000", "2017-12-31": "12340.00000", "2016-12-31": "14146.00000", "2015-12-31": "28524.00000", "2014-12-31": "29515.00000", "2013-12-31": "28773.00000", "2012-12-31": "32479.00000", "2011-12-31": "32407.00000", "2010-12-31": "32374.00000", "2009-12-31": "31450.00000", "2008-12-31": "29672.00000", "2007-12-31": "31229.00000", "2006-12-31": "28830.00000", "2005-12-31": "25483.00000"}, "Total Assets": {"2020-12-31": "11446.00000", "2019-12-31": "17578.00000", "2018-12-31": "18693.00000", "2017-12-31": "18718.00000", "2016-12-31": "20038.00000", "2015-12-31": "36477.00000", "2014-12-31": "37363.00000", "2013-12-31": "35742.00000", "2012-12-31": "40179.00000", "2011-12-31": "40120.00000", "2010-12-31": "39293.00000", "2009-12-31": "38472.00000", "2008-12-31": "37822.00000", "2007-12-31": "38803.00000", "2006-12-31": "37183.00000", "2005-12-31": "33696.00000"}, "Total Current Liabilities": {"2020-12-31": "1660.00000", "2019-12-31": "4126.00000", "2018-12-31": "3520.00000", "2017-12-31": "2824.00000", "2016-12-31": "2749.00000", "2015-12-31": "5211.00000", "2014-12-31": "5458.00000", "2013-12-31": "6105.00000", "2012-12-31": "5942.00000", "2011-12-31": "6013.00000", "2010-12-31": "5251.00000", "2009-12-31": "5414.00000", "2008-12-31": "7279.00000", "2007-12-31": "7037.00000", "2006-12-31": "6879.00000", "2005-12-31": "7062.00000"}, "Long Term Debt": {"2020-12-31": "4699.00000", "2019-12-31": "4906.00000", "2018-12-31": "5896.00000", "2017-12-31": "6806.00000", "2016-12-31": "8044.00000", "2015-12-31": "8786.00000", "2014-12-31": "8769.00000", "2013-12-31": "7607.00000", "2012-12-31": "8311.00000", "2011-12-31": "8640.00000", "2010-12-31": "8842.00000", "2009-12-31": "8974.00000", "2008-12-31": "8509.00000", "2007-12-31": "6371.00000", "2006-12-31": "5909.00000", "2005-12-31": "5276.00000"}, "Other Non-Current Liabilities": {"2020-12-31": "324.00000", "2019-12-31": "751.00000", "2018-12-31": "739.00000", "2017-12-31": "759.00000", "2016-12-31": "870.00000", "2015-12-31": "828.00000", "2014-12-31": "2896.00000", "2013-12-31": "2971.00000", "2012-12-31": "3078.00000", "2011-12-31": "2428.00000", "2010-12-31": "2576.00000", "2009-12-31": "2705.00000", "2008-12-31": "2031.00000", "2007-12-31": "2523.00000", "2006-12-31": "2706.00000", "2005-12-31": "2152.00000"}, "Total Long Term Liabilities": {"2020-12-31": "6206.00000", "2019-12-31": "8831.00000", "2018-12-31": "9588.00000", "2017-12-31": "10970.00000", "2016-12-31": "12148.00000", "2015-12-31": "17135.00000", "2014-12-31": "17111.00000", "2013-12-31": "16115.00000", "2012-12-31": "17714.00000", "2011-12-31": "16912.00000", "2010-12-31": "16956.00000", "2009-12-31": "17538.00000", "2008-12-31": "16211.00000", "2007-12-31": "15750.00000", "2006-12-31": "15673.00000", "2005-12-31": "13261.00000"}, "Total Liabilities": {"2020-12-31": "7866.00000", "2019-12-31": "12957.00000", "2018-12-31": "13108.00000", "2017-12-31": "13794.00000", "2016-12-31": "14897.00000", "2015-12-31": "22346.00000", "2014-12-31": "22569.00000", "2013-12-31": "22220.00000", "2012-12-31": "23656.00000", "2011-12-31": "22925.00000", "2010-12-31": "22207.00000", "2009-12-31": "22952.00000", "2008-12-31": "23490.00000", "2007-12-31": "22787.00000", "2006-12-31": "22552.00000", "2005-12-31": "20323.00000"}, "Common Stock Net": {"2020-12-31": "433.00000", "2019-12-31": "433.00000", "2018-12-31": "483.00000", "2017-12-31": "481.00000", "2016-12-31": "438.00000", "2015-12-31": "1391.00000", "2014-12-31": "1304.00000", "2013-12-31": "1178.00000", "2012-12-31": "1178.00000", "2011-12-31": "1178.00000", "2010-12-31": "1141.00000", "2009-12-31": "1097.00000", "2008-12-31": "925.00000", "2007-12-31": "925.00000", "2006-12-31": "925.00000", "2005-12-31": "925.00000"}, "Retained Earnings (Accumulated Deficit)": {"2020-12-31": "364.00000", "2019-12-31": "129.00000", "2018-12-31": "-358.00000", "2017-12-31": "-1248.00000", "2016-12-31": "-1027.00000", "2015-12-31": "8834.00000", "2014-12-31": "9379.00000", "2013-12-31": "9272.00000", "2012-12-31": "11689.00000", "2011-12-31": "11629.00000", "2010-12-31": "11149.00000", "2009-12-31": "11020.00000", "2008-12-31": "12400.00000", "2007-12-31": "13039.00000", "2006-12-31": "11066.00000", "2005-12-31": "9345.00000"}, "Comprehensive Income": {"2020-12-31": "-1943.00000", "2019-12-31": "-3329.00000", "2018-12-31": "-2926.00000", "2017-12-31": "-2644.00000", "2016-12-31": "-2568.00000", "2015-12-31": "-5431.00000", "2014-12-31": "-4677.00000", "2013-12-31": "-3659.00000", "2012-12-31": "-3402.00000", "2011-12-31": "-2627.00000", "2010-12-31": "-1675.00000", "2009-12-31": "-2092.00000", "2008-12-31": "-3169.00000", "2007-12-31": "-337.00000", "2006-12-31": "-1233.00000", "2005-12-31": "-773.00000"}, "Other Share Holders Equity": {"2020-12-31": "", "2019-12-31": "", "2018-12-31": "", "2017-12-31": "", "2016-12-31": "", "2015-12-31": "", "2014-12-31": "", "2013-12-31": "", "2012-12-31": "", "2011-12-31": "", "2010-12-31": "", "2009-12-31": "", "2008-12-31": "", "2007-12-31": "", "2006-12-31": "", "2005-12-31": ""}, "Share Holder Equity": {"2020-12-31": "3580.00000", "2019-12-31": "4621.00000", "2018-12-31": "5585.00000", "2017-12-31": "4924.00000", "2016-12-31": "5141.00000", "2015-12-31": "14131.00000", "2014-12-31": "14794.00000", "2013-12-31": "13522.00000", "2012-12-31": "16523.00000", "2011-12-31": "17195.00000", "2010-12-31": "17086.00000", "2009-12-31": "15520.00000", "2008-12-31": "14332.00000", "2007-12-31": "16016.00000", "2006-12-31": "14631.00000", "2005-12-31": "13373.00000"}, "Total Liabilities And Share Holders Equity": {"2020-12-31": "11446.00000", "2019-12-31": "17578.00000", "2018-12-31": "18693.00000", "2017-12-31": "18718.00000", "2016-12-31": "20038.00000", "2015-12-31": "36477.00000", "2014-12-31": "37363.00000", "2013-12-31": "35742.00000", "2012-12-31": "40179.00000", "2011-12-31": "40120.00000", "2010-12-31": "39293.00000", "2009-12-31": "38472.00000", "2008-12-31": "37822.00000", "2007-12-31": "38803.00000", "2006-12-31": "37183.00000", "2005-12-31": "33696.00000"}}, "balance sheet, quarterly": {"Cash On Hand": {"2020-12-31": "1610.00000", "2020-09-30": "1365.00000", "2020-06-30": "1281.00000", "2020-03-31": "2591.00000", "2019-12-31": "1577.00000", "2019-09-30": "1321.00000", "2019-06-30": "1357.00000", "2019-03-31": "1319.00000", "2018-12-31": "2277.00000", "2018-09-30": "1535.00000", "2018-06-30": "1455.00000", "2018-03-31": "1205.00000", "2017-12-31": "2150.00000", "2017-09-30": "1815.00000", "2017-06-30": "1785.00000", "2017-03-31": "2553.00000", "2016-12-31": "1863.00000", "2016-09-30": "3200.00000", "2016-06-30": "1929.00000", "2016-03-31": "1384.00000", "2015-12-31": "1362.00000", "2015-09-30": "1739.00000", "2015-06-30": "1311.00000", "2015-03-31": "1191.00000", "2014-12-31": "1877.00000", "2014-09-30": "3272.00000", "2014-06-30": "1183.00000", "2014-03-31": "665.00000", "2013-12-31": "1437.00000", "2013-09-30": "1017.00000", "2013-06-30": "1202.00000", "2013-03-31": "1555.00000", "2012-12-31": "1861.00000", "2012-09-30": "1432.00000", "2012-06-30": "1712.00000", "2012-03-31": "1749.00000", "2011-12-31": "1939.00000", "2011-09-30": "1332.00000", "2011-06-30": "1260.00000", "2011-03-31": "887.00000", "2010-12-31": "1543.00000", "2010-09-30": "843.00000", "2010-06-30": "1344.00000", "2010-03-31": "1292.00000", "2009-12-31": "1481.00000", "2009-09-30": "1097.00000", "2009-06-30": "1050.00000", "2009-03-31": "1625.00000", "2008-12-31": "1348.00000", "2008-09-30": "831.00000", "2008-06-30": "815.00000", "2008-03-31": "378.00000", "2007-12-31": "556.00000", "2007-09-30": "1454.00000", "2007-06-30": "1406.00000", "2007-03-31": "671.00000", "2006-12-31": "506.00000", "2006-09-30": "803.00000", "2006-06-30": "798.00000", "2006-03-31": "924.00000", "2005-12-31": "1282.00000", "2005-09-30": "532.00000", "2005-06-30": "457.00000", "2005-03-31": "497.00000"}, "Receivables": {"2020-12-31": "357.00000", "2020-09-30": "430.00000", "2020-06-30": "527.00000", "2020-03-31": "1534.00000", "2019-12-31": "932.00000", "2019-09-30": "1773.00000", "2019-06-30": "1795.00000", "2019-03-31": "1816.00000", "2018-12-31": "1498.00000", "2018-09-30": "1658.00000", "2018-06-30": "1637.00000", "2018-03-31": "1663.00000", "2017-12-31": "1374.00000", "2017-09-30": "1523.00000", "2017-06-30": "1527.00000", "2017-03-31": "1510.00000", "2016-12-31": "1451.00000", "2016-09-30": "2133.00000", "2016-06-30": "2089.00000", "2016-03-31": "2027.00000", "2015-12-31": "1354.00000", "2015-09-30": "2194.00000", "2015-06-30": "2246.00000", "2015-03-31": "2178.00000", "2014-12-31": "2128.00000", "2014-09-30": "2405.00000", "2014-06-30": "2052.00000", "2014-03-31": "2041.00000", "2013-12-31": "1818.00000", "2013-09-30": "2038.00000", "2013-06-30": "2031.00000", "2013-03-31": "2018.00000", "2012-12-31": "1739.00000", "2012-09-30": "2067.00000", "2012-06-30": "2056.00000", "2012-03-31": "2113.00000", "2011-12-31": "1942.00000", "2011-09-30": "2301.00000", "2011-06-30": "2448.00000", "2011-03-31": "2374.00000", "2010-12-31": "1917.00000", "2010-09-30": "2294.00000", "2010-06-30": "2211.00000", "2010-03-31": "1955.00000", "2009-12-31": "2182.00000", "2009-09-30": "2374.00000", "2009-06-30": "2857.00000", "2009-03-31": "2680.00000", "2008-12-31": "2591.00000", "2008-09-30": "3288.00000", "2008-06-30": "3521.00000", "2008-03-31": "3589.00000", "2007-12-31": "2808.00000", "2007-09-30": "3340.00000", "2007-06-30": "3672.00000", "2007-03-31": "3651.00000", "2006-12-31": "3089.00000", "2006-09-30": "3860.00000", "2006-06-30": "3995.00000", "2006-03-31": "3791.00000", "2005-12-31": "3036.00000", "2005-09-30": "3381.00000", "2005-06-30": "3536.00000", "2005-03-31": "3422.00000"}, "Inventory": {"2020-12-31": "1488.00000", "2020-09-30": "1592.00000", "2020-06-30": "1673.00000", "2020-03-31": "2512.00000", "2019-12-31": "1607.00000", "2019-09-30": "2555.00000", "2019-06-30": "2606.00000", "2019-03-31": "2612.00000", "2018-12-31": "2492.00000", "2018-09-30": "2622.00000", "2018-06-30": "2659.00000", "2018-03-31": "2648.00000", "2017-12-31": "2480.00000", "2017-09-30": "2453.00000", "2017-06-30": "2416.00000", "2017-03-31": "2328.00000", "2016-12-31": "2253.00000", "2016-09-30": "3455.00000", "2016-06-30": "3438.00000", "2016-03-31": "3549.00000", "2015-12-31": "2284.00000", "2015-09-30": "3559.00000", "2015-06-30": "3160.00000", "2015-03-31": "3173.00000", "2014-12-31": "3082.00000", "2014-09-30": "3138.00000", "2014-06-30": "3227.00000", "2014-03-31": "3067.00000", "2013-12-31": "2705.00000", "2013-09-30": "2893.00000", "2013-06-30": "2905.00000", "2013-03-31": "2982.00000", "2012-12-31": "2825.00000", "2012-09-30": "2973.00000", "2012-06-30": "3051.00000", "2012-03-31": "3097.00000", "2011-12-31": "2899.00000", "2011-09-30": "3172.00000", "2011-06-30": "3201.00000", "2011-03-31": "2995.00000", "2010-12-31": "2584.00000", "2010-09-30": "2435.00000", "2010-06-30": "2391.00000", "2010-03-31": "2394.00000", "2009-12-31": "2328.00000", "2009-09-30": "2516.00000", "2009-06-30": "2493.00000", "2009-03-31": "2756.00000", "2008-12-31": "3238.00000", "2008-09-30": "3844.00000", "2008-06-30": "3813.00000", "2008-03-31": "3679.00000", "2007-12-31": "3084.00000", "2007-09-30": "3311.00000", "2007-06-30": "3633.00000", "2007-03-31": "3780.00000", "2006-12-31": "3380.00000", "2006-09-30": "4064.00000", "2006-06-30": "4087.00000", "2006-03-31": "3778.00000", "2005-12-31": "3191.00000", "2005-09-30": "3512.00000", "2005-06-30": "3467.00000", "2005-03-31": "3370.00000"}, "Pre-Paid Expenses": {"2020-12-31": "217.00000", "2020-09-30": "213.00000", "2020-06-30": "221.00000", "2020-03-31": "311.00000", "2019-12-31": "285.00000", "2019-09-30": "259.00000", "2019-06-30": "260.00000", "2019-03-31": "306.00000", "2018-12-31": "314.00000", "2018-09-30": "317.00000", "2018-06-30": "324.00000", "2018-03-31": "379.00000", "2017-12-31": "374.00000", "2017-09-30": "357.00000", "2017-06-30": "305.00000", "2017-03-31": "319.00000", "2016-12-31": "325.00000", "2016-09-30": "580.00000", "2016-06-30": "637.00000", "2016-03-31": "705.00000", "2015-12-31": "397.00000", "2015-09-30": "1100.00000", "2015-06-30": "1112.00000", "2015-03-31": "1180.00000", "2014-12-31": "761.00000", "2014-09-30": "874.00000", "2014-06-30": "925.00000", "2014-03-31": "992.00000", "2013-12-31": "1009.00000", "2013-09-30": "1101.00000", "2013-06-30": "1099.00000", "2013-03-31": "1213.00000", "2012-12-31": "1275.00000", "2012-09-30": "1303.00000", "2012-06-30": "948.00000", "2012-03-31": "924.00000", "2011-12-31": "933.00000", "2011-09-30": "865.00000", "2011-06-30": "959.00000", "2011-03-31": "953.00000", "2010-12-31": "875.00000", "2010-09-30": "947.00000", "2010-06-30": "876.00000", "2010-03-31": "978.00000", "2009-12-31": "1031.00000", "2009-09-30": "1045.00000", "2009-06-30": "1059.00000", "2009-03-31": "987.00000", "2008-12-31": "973.00000", "2008-09-30": "1309.00000", "2008-06-30": "1393.00000", "2008-03-31": "1248.00000", "2007-12-31": "1126.00000", "2007-09-30": "1289.00000", "2007-06-30": "1230.00000", "2007-03-31": "1136.00000", "2006-12-31": "1378.00000", "2006-09-30": "1043.00000", "2006-06-30": "989.00000", "2006-03-31": "889.00000", "2005-12-31": "704.00000", "2005-09-30": "1075.00000", "2005-06-30": "765.00000", "2005-03-31": "944.00000"}, "Other Current Assets": {"2020-12-31": "", "2020-09-30": "", "2020-06-30": "", "2020-03-31": "", "2019-12-31": "", "2019-09-30": "", "2019-06-30": "", "2019-03-31": "", "2018-12-31": "", "2018-09-30": "", "2018-06-30": "", "2018-03-31": "", "2017-12-31": "", "2017-09-30": "", "2017-06-30": "", "2017-03-31": "", "2016-12-31": "", "2016-09-30": "", "2016-06-30": "", "2016-03-31": "", "2015-12-31": "", "2015-09-30": "", "2015-06-30": "", "2015-03-31": "", "2014-12-31": "", "2014-09-30": "", "2014-06-30": "", "2014-03-31": "", "2013-12-31": "", "2013-09-30": "", "2013-06-30": "", "2013-03-31": "", "2012-12-31": "", "2012-09-30": "", "2012-06-30": "", "2012-03-31": "", "2011-12-31": "", "2011-09-30": "", "2011-06-30": "", "2011-03-31": "", "2010-12-31": "", "2010-09-30": "", "2010-06-30": "", "2010-03-31": "", "2009-12-31": "", "2009-09-30": "", "2009-06-30": "", "2009-03-31": "", "2008-12-31": "", "2008-09-30": "", "2008-06-30": "", "2008-03-31": "", "2007-12-31": "", "2007-09-30": "", "2007-06-30": "", "2007-03-31": "", "2006-12-31": "", "2006-09-30": "", "2006-06-30": "", "2006-03-31": "", "2005-12-31": "", "2005-09-30": "", "2005-06-30": "", "2005-03-31": ""}, "Total Current Assets": {"2020-12-31": "3672.00000", "2020-09-30": "3600.00000", "2020-06-30": "3702.00000", "2020-03-31": "6948.00000", "2019-12-31": "5843.00000", "2019-09-30": "5908.00000", "2019-06-30": "6018.00000", "2019-03-31": "6053.00000", "2018-12-31": "6581.00000", "2018-09-30": "6132.00000", "2018-06-30": "6075.00000", "2018-03-31": "5895.00000", "2017-12-31": "6378.00000", "2017-09-30": "6148.00000", "2017-06-30": "6033.00000", "2017-03-31": "6710.00000", "2016-12-31": "5892.00000", "2016-09-30": "9368.00000", "2016-06-30": "8093.00000", "2016-03-31": "7665.00000", "2015-12-31": "7953.00000", "2015-09-30": "8592.00000", "2015-06-30": "7829.00000", "2015-03-31": "7722.00000", "2014-12-31": "7848.00000", "2014-09-30": "9689.00000", "2014-06-30": "7387.00000", "2014-03-31": "6765.00000", "2013-12-31": "6969.00000", "2013-09-30": "7049.00000", "2013-06-30": "7237.00000", "2013-03-31": "7768.00000", "2012-12-31": "7700.00000", "2012-09-30": "7775.00000", "2012-06-30": "7767.00000", "2012-03-31": "7883.00000", "2011-12-31": "7713.00000", "2011-09-30": "7670.00000", "2011-06-30": "7868.00000", "2011-03-31": "7209.00000", "2010-12-31": "6919.00000", "2010-09-30": "6519.00000", "2010-06-30": "6822.00000", "2010-03-31": "6619.00000", "2009-12-31": "7022.00000", "2009-09-30": "7032.00000", "2009-06-30": "7459.00000", "2009-03-31": "8048.00000", "2008-12-31": "8150.00000", "2008-09-30": "9272.00000", "2008-06-30": "9542.00000", "2008-03-31": "8894.00000", "2007-12-31": "7574.00000", "2007-09-30": "9394.00000", "2007-06-30": "9941.00000", "2007-03-31": "9238.00000", "2006-12-31": "8353.00000", "2006-09-30": "9770.00000", "2006-06-30": "9869.00000", "2006-03-31": "9382.00000", "2005-12-31": "8213.00000", "2005-09-30": "8697.00000", "2005-06-30": "8498.00000", "2005-03-31": "8424.00000"}, "Property, Plant, And Equipment": {"2020-12-31": "2592.00000", "2020-09-30": "2552.00000", "2020-06-30": "2558.00000", "2020-03-31": "5358.00000", "2019-12-31": "2629.00000", "2019-09-30": "5377.00000", "2019-06-30": "5517.00000", "2019-03-31": "5727.00000", "2018-12-31": "5704.00000", "2018-09-30": "5645.00000", "2018-06-30": "5582.00000", "2018-03-31": "5628.00000", "2017-12-31": "5594.00000", "2017-09-30": "5526.00000", "2017-06-30": "5507.00000", "2017-03-31": "5473.00000", "2016-12-31": "5499.00000", "2016-09-30": "15122.00000", "2016-06-30": "15017.00000", "2016-03-31": "15016.00000", "2015-12-31": "5425.00000", "2015-09-30": "14752.00000", "2015-06-30": "15274.00000", "2015-03-31": "15288.00000", "2014-12-31": "16426.00000", "2014-09-30": "16716.00000", "2014-06-30": "17611.00000", "2014-03-31": "17613.00000", "2013-12-31": "17639.00000", "2013-09-30": "17861.00000", "2013-06-30": "18111.00000", "2013-03-31": "18956.00000", "2012-12-31": "18947.00000", "2012-09-30": "18858.00000", "2012-06-30": "18736.00000", "2012-03-31": "19616.00000", "2011-12-31": "19282.00000", "2011-09-30": "19471.00000", "2011-06-30": "20723.00000", "2011-03-31": "20367.00000", "2010-12-31": "20183.00000", "2010-09-30": "19914.00000", "2010-06-30": "19138.00000", "2010-03-31": "19667.00000", "2009-12-31": "19828.00000", "2009-09-30": "19592.00000", "2009-06-30": "19033.00000", "2009-03-31": "18147.00000", "2008-12-31": "17455.00000", "2008-09-30": "17976.00000", "2008-06-30": "18377.00000", "2008-03-31": "17657.00000", "2007-12-31": "16541.00000", "2007-09-30": "16133.00000", "2007-06-30": "16182.00000", "2007-03-31": "15372.00000", "2006-12-31": "14007.00000", "2006-09-30": "14481.00000", "2006-06-30": "14035.00000", "2006-03-31": "13491.00000", "2005-12-31": "12571.00000", "2005-09-30": "13010.00000", "2005-06-30": "12782.00000", "2005-03-31": "12735.00000"}, "Long-Term Investments": {"2020-12-31": "", "2020-09-30": "", "2020-06-30": "", "2020-03-31": "", "2019-12-31": "", "2019-09-30": "", "2019-06-30": "", "2019-03-31": "", "2018-12-31": "", "2018-09-30": "", "2018-06-30": "", "2018-03-31": "", "2017-12-31": "", "2017-09-30": "", "2017-06-30": "", "2017-03-31": "446.00000", "2016-12-31": "1020.00000", "2016-09-30": "1465.00000", "2016-06-30": "1466.00000", "2016-03-31": "1684.00000", "2015-12-31": "", "2015-09-30": "1647.00000", "2015-06-30": "1928.00000", "2015-03-31": "1931.00000", "2014-12-31": "1944.00000", "2014-09-30": "1946.00000", "2014-06-30": "1979.00000", "2014-03-31": "1949.00000", "2013-12-31": "1907.00000", "2013-09-30": "1908.00000", "2013-06-30": "1848.00000", "2013-03-31": "1862.00000", "2012-12-31": "1860.00000", "2012-09-30": "1831.00000", "2012-06-30": "1775.00000", "2012-03-31": "1750.00000", "2011-12-31": "1626.00000", "2011-09-30": "1521.00000", "2011-06-30": "1596.00000", "2011-03-31": "1469.00000", "2010-12-31": "1340.00000", "2010-09-30": "1189.00000", "2010-06-30": "1079.00000", "2010-03-31": "1058.00000", "2009-12-31": "1061.00000", "2009-09-30": "940.00000", "2009-06-30": "850.00000", "2009-03-31": "801.00000", "2008-12-31": "1915.00000", "2008-09-30": "2689.00000", "2008-06-30": "3353.00000", "2008-03-31": "3133.00000", "2007-12-31": "2038.00000", "2007-09-30": "1981.00000", "2007-06-30": "3327.00000", "2007-03-31": "1903.00000", "2006-12-31": "1718.00000", "2006-09-30": "1379.00000", "2006-06-30": "1411.00000", "2006-03-31": "1644.00000", "2005-12-31": "1370.00000", "2005-09-30": "1263.00000", "2005-06-30": "1183.00000", "2005-03-31": "1897.00000"}, "Goodwill And Intangible Assets": {"2020-12-31": "4673.00000", "2020-09-30": "4656.00000", "2020-06-30": "4640.00000", "2020-03-31": "5104.00000", "2019-12-31": "4666.00000", "2019-09-30": "5128.00000", "2019-06-30": "5186.00000", "2019-03-31": "5421.00000", "2018-12-31": "5419.00000", "2018-09-30": "5471.00000", "2018-06-30": "5481.00000", "2018-03-31": "5563.00000", "2017-12-31": "5522.00000", "2017-09-30": "5246.00000", "2017-06-30": "5215.00000", "2017-03-31": "5170.00000", "2016-12-31": "6136.00000", "2016-09-30": "5384.00000", "2016-06-30": "5396.00000", "2016-03-31": "5402.00000", "2015-12-31": "5249.00000", "2015-09-30": "5443.00000", "2015-06-30": "5232.00000", "2015-03-31": "5050.00000", "2014-12-31": "5247.00000", "2014-09-30": "3389.00000", "2014-06-30": "3435.00000", "2014-03-31": "3423.00000", "2013-12-31": "3415.00000", "2013-09-30": "5144.00000", "2013-06-30": "5113.00000", "2013-03-31": "5123.00000", "2012-12-31": "5170.00000", "2012-09-30": "5175.00000", "2012-06-30": "5141.00000", "2012-03-31": "5271.00000", "2011-12-31": "5157.00000", "2011-09-30": "5271.00000", "2011-06-30": "5329.00000", "2011-03-31": "5363.00000", "2010-12-31": "5122.00000", "2010-09-30": "5128.00000", "2010-06-30": "5032.00000", "2010-03-31": "5065.00000", "2009-12-31": "5051.00000", "2009-09-30": "5048.00000", "2009-06-30": "5032.00000", "2009-03-31": "4934.00000", "2008-12-31": "4981.00000", "2008-09-30": "5084.00000", "2008-06-30": "5184.00000", "2008-03-31": "5095.00000", "2007-12-31": "4799.00000", "2007-09-30": "4793.00000", "2007-06-30": "6181.00000", "2007-03-31": "6169.00000", "2006-12-31": "4885.00000", "2006-09-30": "6286.00000", "2006-06-30": "6296.00000", "2006-03-31": "6262.00000", "2005-12-31": "6108.00000", "2005-09-30": "6299.00000", "2005-06-30": "6494.00000", "2005-03-31": "6574.00000"}, "Other Long-Term Assets": {"2020-12-31": "234.00000", "2020-09-30": "269.00000", "2020-06-30": "269.00000", "2020-03-31": "502.00000", "2019-12-31": "316.00000", "2019-09-30": "605.00000", "2019-06-30": "624.00000", "2019-03-31": "680.00000", "2018-12-31": "416.00000", "2018-09-30": "474.00000", "2018-06-30": "455.00000", "2018-03-31": "458.00000", "2017-12-31": "481.00000", "2017-09-30": "1293.00000", "2017-06-30": "1271.00000", "2017-03-31": "1274.00000", "2016-12-31": "257.00000", "2016-09-30": "3035.00000", "2016-06-30": "3415.00000", "2016-03-31": "3635.00000", "2015-12-31": "1944.00000", "2015-09-30": "3888.00000", "2015-06-30": "3806.00000", "2015-03-31": "3218.00000", "2014-12-31": "2759.00000", "2014-09-30": "2401.00000", "2014-06-30": "2654.00000", "2014-03-31": "2646.00000", "2013-12-31": "2628.00000", "2013-09-30": "2646.00000", "2013-06-30": "2553.00000", "2013-03-31": "2680.00000", "2012-12-31": "2712.00000", "2012-09-30": "3058.00000", "2012-06-30": "2636.00000", "2012-03-31": "2568.00000", "2011-12-31": "2796.00000", "2011-09-30": "2605.00000", "2011-06-30": "2731.00000", "2011-03-31": "2664.00000", "2010-12-31": "2545.00000", "2010-09-30": "2550.00000", "2010-06-30": "2393.00000", "2010-03-31": "2508.00000", "2009-12-31": "2552.00000", "2009-09-30": "2845.00000", "2009-06-30": "2702.00000", "2009-03-31": "2615.00000", "2008-12-31": "2633.00000", "2008-09-30": "4017.00000", "2008-06-30": "4270.00000", "2008-03-31": "4620.00000", "2007-12-31": "6264.00000", "2007-09-30": "6897.00000", "2007-06-30": "4487.00000", "2007-03-31": "5339.00000", "2006-12-31": "8220.00000", "2006-09-30": "4388.00000", "2006-06-30": "4160.00000", "2006-03-31": "4150.00000", "2005-12-31": "5434.00000", "2005-09-30": "4342.00000", "2005-06-30": "4243.00000", "2005-03-31": "4084.00000"}, "Total Long-Term Assets": {"2020-12-31": "7774.00000", "2020-09-30": "7739.00000", "2020-06-30": "7661.00000", "2020-03-31": "11517.00000", "2019-12-31": "11719.00000", "2019-09-30": "11576.00000", "2019-06-30": "11895.00000", "2019-03-31": "12308.00000", "2018-12-31": "12112.00000", "2018-09-30": "12195.00000", "2018-06-30": "12144.00000", "2018-03-31": "12324.00000", "2017-12-31": "12340.00000", "2017-09-30": "13089.00000", "2017-06-30": "13073.00000", "2017-03-31": "13447.00000", "2016-12-31": "14146.00000", "2016-09-30": "28080.00000", "2016-06-30": "28046.00000", "2016-03-31": "28475.00000", "2015-12-31": "28524.00000", "2015-09-30": "27995.00000", "2015-06-30": "28758.00000", "2015-03-31": "27972.00000", "2014-12-31": "29515.00000", "2014-09-30": "27433.00000", "2014-06-30": "28922.00000", "2014-03-31": "28840.00000", "2013-12-31": "28773.00000", "2013-09-30": "31180.00000", "2013-06-30": "31314.00000", "2013-03-31": "32338.00000", "2012-12-31": "32479.00000", "2012-09-30": "32416.00000", "2012-06-30": "31731.00000", "2012-03-31": "32820.00000", "2011-12-31": "32407.00000", "2011-09-30": "31928.00000", "2011-06-30": "33598.00000", "2011-03-31": "33127.00000", "2010-12-31": "32374.00000", "2010-09-30": "31851.00000", "2010-06-30": "30490.00000", "2010-03-31": "31216.00000", "2009-12-31": "31450.00000", "2009-09-30": "31067.00000", "2009-06-30": "30189.00000", "2009-03-31": "28864.00000", "2008-12-31": "29672.00000", "2008-09-30": "29766.00000", "2008-06-30": "31184.00000", "2008-03-31": "30505.00000", "2007-12-31": "31229.00000", "2007-09-30": "29804.00000", "2007-06-30": "30177.00000", "2007-03-31": "28783.00000", "2006-12-31": "28830.00000", "2006-09-30": "26534.00000", "2006-06-30": "25902.00000", "2006-03-31": "25547.00000", "2005-12-31": "25483.00000", "2005-09-30": "24914.00000", "2005-06-30": "24702.00000", "2005-03-31": "25290.00000"}, "Total Assets": {"2020-12-31": "11446.00000", "2020-09-30": "11339.00000", "2020-06-30": "11363.00000", "2020-03-31": "18465.00000", "2019-12-31": "17562.00000", "2019-09-30": "17484.00000", "2019-06-30": "17913.00000", "2019-03-31": "18361.00000", "2018-12-31": "18693.00000", "2018-09-30": "18327.00000", "2018-06-30": "18219.00000", "2018-03-31": "18219.00000", "2017-12-31": "18718.00000", "2017-09-30": "19237.00000", "2017-06-30": "19106.00000", "2017-03-31": "20157.00000", "2016-12-31": "20038.00000", "2016-09-30": "37448.00000", "2016-06-30": "36139.00000", "2016-03-31": "36140.00000", "2015-12-31": "36477.00000", "2015-09-30": "36587.00000", "2015-06-30": "36587.00000", "2015-03-31": "35694.00000", "2014-12-31": "37363.00000", "2014-09-30": "37122.00000", "2014-06-30": "36309.00000", "2014-03-31": "35605.00000", "2013-12-31": "35742.00000", "2013-09-30": "38229.00000", "2013-06-30": "38551.00000", "2013-03-31": "40106.00000", "2012-12-31": "40179.00000", "2012-09-30": "40191.00000", "2012-06-30": "39498.00000", "2012-03-31": "40703.00000", "2011-12-31": "40120.00000", "2011-09-30": "39598.00000", "2011-06-30": "41466.00000", "2011-03-31": "40336.00000", "2010-12-31": "39293.00000", "2010-09-30": "38370.00000", "2010-06-30": "37312.00000", "2010-03-31": "37835.00000", "2009-12-31": "38472.00000", "2009-09-30": "38099.00000", "2009-06-30": "37648.00000", "2009-03-31": "36912.00000", "2008-12-31": "37822.00000", "2008-09-30": "39038.00000", "2008-06-30": "40726.00000", "2008-03-31": "39399.00000", "2007-12-31": "38803.00000", "2007-09-30": "39198.00000", "2007-06-30": "40118.00000", "2007-03-31": "38021.00000", "2006-12-31": "37183.00000", "2006-09-30": "36304.00000", "2006-06-30": "35771.00000", "2006-03-31": "34929.00000", "2005-12-31": "33696.00000", "2005-09-30": "33611.00000", "2005-06-30": "33200.00000", "2005-03-31": "33714.00000"}, "Total Current Liabilities": {"2020-12-31": "1660.00000", "2020-09-30": "1577.00000", "2020-06-30": "1658.00000", "2020-03-31": "4107.00000", "2019-12-31": "4125.00000", "2019-09-30": "4460.00000", "2019-06-30": "3621.00000", "2019-03-31": "3659.00000", "2018-12-31": "3520.00000", "2018-09-30": "3014.00000", "2018-06-30": "2977.00000", "2018-03-31": "2802.00000", "2017-12-31": "2824.00000", "2017-09-30": "2677.00000", "2017-06-30": "2658.00000", "2017-03-31": "2587.00000", "2016-12-31": "2749.00000", "2016-09-30": "5500.00000", "2016-06-30": "5488.00000", "2016-03-31": "5555.00000", "2015-12-31": "5211.00000", "2015-09-30": "5147.00000", "2015-06-30": "5206.00000", "2015-03-31": "5064.00000", "2014-12-31": "5458.00000", "2014-09-30": "5354.00000", "2014-06-30": "5842.00000", "2014-03-31": "5267.00000", "2013-12-31": "6105.00000", "2013-09-30": "6040.00000", "2013-06-30": "6147.00000", "2013-03-31": "6500.00000", "2012-12-31": "5942.00000", "2012-09-30": "6531.00000", "2012-06-30": "6151.00000", "2012-03-31": "6292.00000", "2011-12-31": "6013.00000", "2011-09-30": "5623.00000", "2011-06-30": "5800.00000", "2011-03-31": "5717.00000", "2010-12-31": "5251.00000", "2010-09-30": "4682.00000", "2010-06-30": "5702.00000", "2010-03-31": "5144.00000", "2009-12-31": "5414.00000", "2009-09-30": "5017.00000", "2009-06-30": "5055.00000", "2009-03-31": "5287.00000", "2008-12-31": "7279.00000", "2008-09-30": "7043.00000", "2008-06-30": "7642.00000", "2008-03-31": "7782.00000", "2007-12-31": "7037.00000", "2007-09-30": "7547.00000", "2007-06-30": "7347.00000", "2007-03-31": "6904.00000", "2006-12-31": "6879.00000", "2006-09-30": "9414.00000", "2006-06-30": "8208.00000", "2006-03-31": "7930.00000", "2005-12-31": "7062.00000", "2005-09-30": "7217.00000", "2005-06-30": "6819.00000", "2005-03-31": "7450.00000"}, "Long Term Debt": {"2020-12-31": "4699.00000", "2020-09-30": "4697.00000", "2020-06-30": "4695.00000", "2020-03-31": "5777.00000", "2019-12-31": "4906.00000", "2019-09-30": "4905.00000", "2019-06-30": "5901.00000", "2019-03-31": "5899.00000", "2018-12-31": "5896.00000", "2018-09-30": "6315.00000", "2018-06-30": "6312.00000", "2018-03-31": "6309.00000", "2017-12-31": "6806.00000", "2017-09-30": "6802.00000", "2017-06-30": "6796.00000", "2017-03-31": "8046.00000", "2016-12-31": "8044.00000", "2016-09-30": "9501.00000", "2016-06-30": "8278.00000", "2016-03-31": "8257.00000", "2015-12-31": "8786.00000", "2015-09-30": "9091.00000", "2015-06-30": "8713.00000", "2015-03-31": "8711.00000", "2014-12-31": "8769.00000", "2014-09-30": "8797.00000", "2014-06-30": "7612.00000", "2014-03-31": "7609.00000", "2013-12-31": "7607.00000", "2013-09-30": "7630.00000", "2013-06-30": "7700.00000", "2013-03-31": "7745.00000", "2012-12-31": "8311.00000", "2012-09-30": "8350.00000", "2012-06-30": "8547.00000", "2012-03-31": "8618.00000", "2011-12-31": "8640.00000", "2011-09-30": "8658.00000", "2011-06-30": "8773.00000", "2011-03-31": "8501.00000", "2010-12-31": "8842.00000", "2010-09-30": "8990.00000", "2010-06-30": "8281.00000", "2010-03-31": "8925.00000", "2009-12-31": "8974.00000", "2009-09-30": "9067.00000", "2009-06-30": "9387.00000", "2009-03-31": "9107.00000", "2008-12-31": "8509.00000", "2008-09-30": "8370.00000", "2008-06-30": "6782.00000", "2008-03-31": "6438.00000", "2007-12-31": "6371.00000", "2007-09-30": "6332.00000", "2007-06-30": "6263.00000", "2007-03-31": "6311.00000", "2006-12-31": "5909.00000", "2006-09-30": "4446.00000", "2006-06-30": "5158.00000", "2006-03-31": "5226.00000", "2005-12-31": "5276.00000", "2005-09-30": "5386.00000", "2005-06-30": "5514.00000", "2005-03-31": "5267.00000"}, "Other Non-Current Liabilities": {"2020-12-31": "324.00000", "2020-09-30": "371.00000", "2020-06-30": "365.00000", "2020-03-31": "695.00000", "2019-12-31": "438.00000", "2019-09-30": "779.00000", "2019-06-30": "805.00000", "2019-03-31": "817.00000", "2018-12-31": "739.00000", "2018-09-30": "730.00000", "2018-06-30": "713.00000", "2018-03-31": "744.00000", "2017-12-31": "759.00000", "2017-09-30": "876.00000", "2017-06-30": "875.00000", "2017-03-31": "869.00000", "2016-12-31": "870.00000", "2016-09-30": "2625.00000", "2016-06-30": "2652.00000", "2016-03-31": "2639.00000", "2015-12-31": "828.00000", "2015-09-30": "2580.00000", "2015-06-30": "2743.00000", "2015-03-31": "2785.00000", "2014-12-31": "2896.00000", "2014-09-30": "2877.00000", "2014-06-30": "2885.00000", "2014-03-31": "2940.00000", "2013-12-31": "2971.00000", "2013-09-30": "2761.00000", "2013-06-30": "2747.00000", "2013-03-31": "2883.00000", "2012-12-31": "3078.00000", "2012-09-30": "3186.00000", "2012-06-30": "2451.00000", "2012-03-31": "2548.00000", "2011-12-31": "2428.00000", "2011-09-30": "2398.00000", "2011-06-30": "2698.00000", "2011-03-31": "2799.00000", "2010-12-31": "2576.00000", "2010-09-30": "2557.00000", "2010-06-30": "2238.00000", "2010-03-31": "2680.00000", "2009-12-31": "2705.00000", "2009-09-30": "1879.00000", "2009-06-30": "1723.00000", "2009-03-31": "1660.00000", "2008-12-31": "2031.00000", "2008-09-30": "1853.00000", "2008-06-30": "2140.00000", "2008-03-31": "2130.00000", "2007-12-31": "2523.00000", "2007-09-30": "2396.00000", "2007-06-30": "2089.00000", "2007-03-31": "2202.00000", "2006-12-31": "2706.00000", "2006-09-30": "2058.00000", "2006-06-30": "2103.00000", "2006-03-31": "1923.00000", "2005-12-31": "2152.00000", "2005-09-30": "1790.00000", "2005-06-30": "1707.00000", "2005-03-31": "1852.00000"}, "Total Long Term Liabilities": {"2020-12-31": "6206.00000", "2020-09-30": "6261.00000", "2020-06-30": "6256.00000", "2020-03-31": "9561.00000", "2019-12-31": "8832.00000", "2019-09-30": "8314.00000", "2019-06-30": "9426.00000", "2019-03-31": "9524.00000", "2018-12-31": "9588.00000", "2018-09-30": "9938.00000", "2018-06-30": "10024.00000", "2018-03-31": "10135.00000", "2017-12-31": "10970.00000", "2017-09-30": "10599.00000", "2017-06-30": "10695.00000", "2017-03-31": "12075.00000", "2016-12-31": "12148.00000", "2016-09-30": "18003.00000", "2016-06-30": "16122.00000", "2016-03-31": "16224.00000", "2015-12-31": "17135.00000", "2015-09-30": "16749.00000", "2015-06-30": "16743.00000", "2015-03-31": "16787.00000", "2014-12-31": "17111.00000", "2014-09-30": "16633.00000", "2014-06-30": "15761.00000", "2014-03-31": "15964.00000", "2013-12-31": "16115.00000", "2013-09-30": "16325.00000", "2013-06-30": "16546.00000", "2013-03-31": "16832.00000", "2012-12-31": "17714.00000", "2012-09-30": "16806.00000", "2012-06-30": "16433.00000", "2012-03-31": "16785.00000", "2011-12-31": "16912.00000", "2011-09-30": "15692.00000", "2011-06-30": "16297.00000", "2011-03-31": "16215.00000", "2010-12-31": "16956.00000", "2010-09-30": "16910.00000", "2010-06-30": "15885.00000", "2010-03-31": "16841.00000", "2009-12-31": "17538.00000", "2009-09-30": "16864.00000", "2009-06-30": "17012.00000", "2009-03-31": "16688.00000", "2008-12-31": "16211.00000", "2008-09-30": "16930.00000", "2008-06-30": "16382.00000", "2008-03-31": "15804.00000", "2007-12-31": "15750.00000", "2007-09-30": "15737.00000", "2007-06-30": "15939.00000", "2007-03-31": "15695.00000", "2006-12-31": "15673.00000", "2006-09-30": "12185.00000", "2006-06-30": "13143.00000", "2006-03-31": "13070.00000", "2005-12-31": "13261.00000", "2005-09-30": "12749.00000", "2005-06-30": "13025.00000", "2005-03-31": "12861.00000"}, "Total Liabilities": {"2020-12-31": "7866.00000", "2020-09-30": "7838.00000", "2020-06-30": "7914.00000", "2020-03-31": "13668.00000", "2019-12-31": "12957.00000", "2019-09-30": "12774.00000", "2019-06-30": "13047.00000", "2019-03-31": "13183.00000", "2018-12-31": "13108.00000", "2018-09-30": "12952.00000", "2018-06-30": "13001.00000", "2018-03-31": "12937.00000", "2017-12-31": "13794.00000", "2017-09-30": "13276.00000", "2017-06-30": "13353.00000", "2017-03-31": "14662.00000", "2016-12-31": "14897.00000", "2016-09-30": "23503.00000", "2016-06-30": "21610.00000", "2016-03-31": "21779.00000", "2015-12-31": "22346.00000", "2015-09-30": "21896.00000", "2015-06-30": "21949.00000", "2015-03-31": "21851.00000", "2014-12-31": "22569.00000", "2014-09-30": "21987.00000", "2014-06-30": "21603.00000", "2014-03-31": "21231.00000", "2013-12-31": "22220.00000", "2013-09-30": "22365.00000", "2013-06-30": "22693.00000", "2013-03-31": "23332.00000", "2012-12-31": "23656.00000", "2012-09-30": "23337.00000", "2012-06-30": "22584.00000", "2012-03-31": "23077.00000", "2011-12-31": "22925.00000", "2011-09-30": "21315.00000", "2011-06-30": "22097.00000", "2011-03-31": "21932.00000", "2010-12-31": "22207.00000", "2010-09-30": "21592.00000", "2010-06-30": "21587.00000", "2010-03-31": "21985.00000", "2009-12-31": "22952.00000", "2009-09-30": "21881.00000", "2009-06-30": "22067.00000", "2009-03-31": "21975.00000", "2008-12-31": "23490.00000", "2008-09-30": "23973.00000", "2008-06-30": "24024.00000", "2008-03-31": "23586.00000", "2007-12-31": "22787.00000", "2007-09-30": "23284.00000", "2007-06-30": "23286.00000", "2007-03-31": "22599.00000", "2006-12-31": "22552.00000", "2006-09-30": "21599.00000", "2006-06-30": "21351.00000", "2006-03-31": "21000.00000", "2005-12-31": "20323.00000", "2005-09-30": "19966.00000", "2005-06-30": "19844.00000", "2005-03-31": "20311.00000"}, "Common Stock Net": {"2020-12-31": "433.00000", "2020-09-30": "434.00000", "2020-06-30": "436.00000", "2020-03-31": "436.00000", "2019-12-31": "433.00000", "2019-09-30": "434.00000", "2019-06-30": "440.00000", "2019-03-31": "453.00000", "2018-12-31": "483.00000", "2018-09-30": "483.00000", "2018-06-30": "483.00000", "2018-03-31": "483.00000", "2017-12-31": "481.00000", "2017-09-30": "442.00000", "2017-06-30": "441.00000", "2017-03-31": "441.00000", "2016-12-31": "438.00000", "2016-09-30": "438.00000", "2016-06-30": "1391.00000", "2016-03-31": "1391.00000", "2015-12-31": "1391.00000", "2015-09-30": "1391.00000", "2015-06-30": "1304.00000", "2015-03-31": "1304.00000", "2014-12-31": "1304.00000", "2014-09-30": "1267.00000", "2014-06-30": "1267.00000", "2014-03-31": "1267.00000", "2013-12-31": "1178.00000", "2013-09-30": "1178.00000", "2013-06-30": "1178.00000", "2013-03-31": "1178.00000", "2012-12-31": "1178.00000", "2012-09-30": "1178.00000", "2012-06-30": "1178.00000", "2012-03-31": "1178.00000", "2011-12-31": "1178.00000", "2011-09-30": "1178.00000", "2011-06-30": "1178.00000", "2011-03-31": "1178.00000", "2010-12-31": "1141.00000", "2010-09-30": "1141.00000", "2010-06-30": "1141.00000", "2010-03-31": "1141.00000", "2009-12-31": "1097.00000", "2009-09-30": "1097.00000", "2009-06-30": "1097.00000", "2009-03-31": "1097.00000", "2008-12-31": "925.00000", "2008-09-30": "925.00000", "2008-06-30": "925.00000", "2008-03-31": "925.00000", "2007-12-31": "925.00000", "2007-09-30": "925.00000", "2007-06-30": "925.00000", "2007-03-31": "925.00000", "2006-12-31": "925.00000", "2006-09-30": "925.00000", "2006-06-30": "925.00000", "2006-03-31": "925.00000", "2005-12-31": "925.00000", "2005-09-30": "925.00000", "2005-06-30": "925.00000", "2005-03-31": "925.00000"}, "Retained Earnings (Accumulated Deficit)": {"2020-12-31": "364.00000", "2020-09-30": "258.00000", "2020-06-30": "223.00000", "2020-03-31": "335.00000", "2019-12-31": "113.00000", "2019-09-30": "-179.00000", "2019-06-30": "-256.00000", "2019-03-31": "-134.00000", "2018-12-31": "-358.00000", "2018-09-30": "-943.00000", "2018-06-30": "-1073.00000", "2018-03-31": "-1164.00000", "2017-12-31": "-1248.00000", "2017-09-30": "-519.00000", "2017-06-30": "-567.00000", "2017-03-31": "-768.00000", "2016-12-31": "-1027.00000", "2016-09-30": "8940.00000", "2016-06-30": "8871.00000", "2016-03-31": "8753.00000", "2015-12-31": "8834.00000", "2015-09-30": "9553.00000", "2015-06-30": "9605.00000", "2015-03-31": "9520.00000", "2014-12-31": "9379.00000", "2014-09-30": "9276.00000", "2014-06-30": "9163.00000", "2014-03-31": "9061.00000", "2013-12-31": "9272.00000", "2013-09-30": "11611.00000", "2013-06-30": "11653.00000", "2013-03-31": "11805.00000", "2012-12-31": "11689.00000", "2012-09-30": "11447.00000", "2012-06-30": "11655.00000", "2012-03-31": "11690.00000", "2011-12-31": "11629.00000", "2011-09-30": "11820.00000", "2011-06-30": "11714.00000", "2011-03-31": "11424.00000", "2010-12-31": "11149.00000", "2010-09-30": "10922.00000", "2010-06-30": "10892.00000", "2010-03-31": "10787.00000", "2009-12-31": "11020.00000", "2009-09-30": "11297.00000", "2009-06-30": "11281.00000", "2009-03-31": "11734.00000", "2008-12-31": "12400.00000", "2008-09-30": "13600.00000", "2008-06-30": "13607.00000", "2008-03-31": "13063.00000", "2007-12-31": "13039.00000", "2007-09-30": "12405.00000", "2007-06-30": "12146.00000", "2007-03-31": "11579.00000", "2006-12-31": "11066.00000", "2006-09-30": "10706.00000", "2006-06-30": "10431.00000", "2006-03-31": "9818.00000", "2005-12-31": "9345.00000", "2005-09-30": "9124.00000", "2005-06-30": "9093.00000", "2005-03-31": "8765.00000"}, "Comprehensive Income": {"2020-12-31": "-1943.00000", "2020-09-30": "-1929.00000", "2020-06-30": "-1968.00000", "2020-03-31": "-3369.00000", "2019-12-31": "-3329.00000", "2019-09-30": "-2928.00000", "2019-06-30": "-2869.00000", "2019-03-31": "-2852.00000", "2018-12-31": "-2926.00000", "2018-09-30": "-2544.00000", "2018-06-30": "-2556.00000", "2018-03-31": "-2386.00000", "2017-12-31": "-2644.00000", "2017-09-30": "-2327.00000", "2017-06-30": "-2454.00000", "2017-03-31": "-2498.00000", "2016-12-31": "-2568.00000", "2016-09-30": "-5858.00000", "2016-06-30": "-5215.00000", "2016-03-31": "-5175.00000", "2015-12-31": "-5431.00000", "2015-09-30": "-5532.00000", "2015-06-30": "-4966.00000", "2015-03-31": "-5591.00000", "2014-12-31": "-4677.00000", "2014-09-30": "-3836.00000", "2014-06-30": "-3168.00000", "2014-03-31": "-3301.00000", "2013-12-31": "-3659.00000", "2013-09-30": "-3714.00000", "2013-06-30": "-3783.00000", "2013-03-31": "-3309.00000", "2012-12-31": "-3402.00000", "2012-09-30": "-2777.00000", "2012-06-30": "-2878.00000", "2012-03-31": "-2406.00000", "2011-12-31": "-2627.00000", "2011-09-30": "-1725.00000", "2011-06-30": "-858.00000", "2011-03-31": "-1418.00000", "2010-12-31": "-1675.00000", "2010-09-30": "-1688.00000", "2010-06-30": "-2393.00000", "2010-03-31": "-2223.00000", "2009-12-31": "-2092.00000", "2009-09-30": "-1559.00000", "2009-06-30": "-1945.00000", "2009-03-31": "-2756.00000", "2008-12-31": "-3169.00000", "2008-09-30": "-1031.00000", "2008-06-30": "140.00000", "2008-03-31": "-189.00000", "2007-12-31": "-337.00000", "2007-09-30": "-721.00000", "2007-06-30": "-367.00000", "2007-03-31": "-974.00000", "2006-12-31": "-1233.00000", "2006-09-30": "-770.00000", "2006-06-30": "-846.00000", "2006-03-31": "-746.00000", "2005-12-31": "-773.00000", "2005-09-30": "-338.00000", "2005-06-30": "-587.00000", "2005-03-31": "-217.00000"}, "Other Share Holders Equity": {"2020-12-31": "", "2020-09-30": "", "2020-06-30": "", "2020-03-31": "", "2019-12-31": "", "2019-09-30": "", "2019-06-30": "", "2019-03-31": "", "2018-12-31": "", "2018-09-30": "", "2018-06-30": "", "2018-03-31": "", "2017-12-31": "", "2017-09-30": "", "2017-06-30": "", "2017-03-31": "", "2016-12-31": "", "2016-09-30": "", "2016-06-30": "", "2016-03-31": "", "2015-12-31": "", "2015-09-30": "", "2015-06-30": "", "2015-03-31": "", "2014-12-31": "", "2014-09-30": "", "2014-06-30": "", "2014-03-31": "", "2013-12-31": "", "2013-09-30": "", "2013-06-30": "", "2013-03-31": "", "2012-12-31": "", "2012-09-30": "", "2012-06-30": "", "2012-03-31": "", "2011-12-31": "", "2011-09-30": "", "2011-06-30": "", "2011-03-31": "", "2010-12-31": "", "2010-09-30": "", "2010-06-30": "", "2010-03-31": "", "2009-12-31": "", "2009-09-30": "", "2009-06-30": "", "2009-03-31": "", "2008-12-31": "", "2008-09-30": "", "2008-06-30": "", "2008-03-31": "", "2007-12-31": "", "2007-09-30": "", "2007-06-30": "", "2007-03-31": "", "2006-12-31": "", "2006-09-30": "", "2006-06-30": "", "2006-03-31": "", "2005-12-31": "", "2005-09-30": "", "2005-06-30": "", "2005-03-31": ""}, "Share Holder Equity": {"2020-12-31": "3580.00000", "2020-09-30": "3501.00000", "2020-06-30": "3449.00000", "2020-03-31": "4797.00000", "2019-12-31": "4605.00000", "2019-09-30": "4710.00000", "2019-06-30": "4866.00000", "2019-03-31": "5178.00000", "2018-12-31": "5585.00000", "2018-09-30": "5375.00000", "2018-06-30": "5218.00000", "2018-03-31": "5282.00000", "2017-12-31": "4924.00000", "2017-09-30": "5961.00000", "2017-06-30": "5753.00000", "2017-03-31": "5495.00000", "2016-12-31": "5141.00000", "2016-09-30": "13945.00000", "2016-06-30": "14529.00000", "2016-03-31": "14361.00000", "2015-12-31": "14131.00000", "2015-09-30": "14691.00000", "2015-06-30": "14638.00000", "2015-03-31": "13843.00000", "2014-12-31": "14794.00000", "2014-09-30": "15135.00000", "2014-06-30": "14706.00000", "2014-03-31": "14374.00000", "2013-12-31": "13522.00000", "2013-09-30": "15864.00000", "2013-06-30": "15858.00000", "2013-03-31": "16774.00000", "2012-12-31": "16523.00000", "2012-09-30": "16854.00000", "2012-06-30": "16914.00000", "2012-03-31": "17626.00000", "2011-12-31": "17195.00000", "2011-09-30": "18283.00000", "2011-06-30": "19369.00000", "2011-03-31": "18404.00000", "2010-12-31": "17086.00000", "2010-09-30": "16778.00000", "2010-06-30": "15725.00000", "2010-03-31": "15850.00000", "2009-12-31": "15520.00000", "2009-09-30": "16218.00000", "2009-06-30": "15581.00000", "2009-03-31": "14937.00000", "2008-12-31": "14332.00000", "2008-09-30": "15065.00000", "2008-06-30": "16702.00000", "2008-03-31": "15813.00000", "2007-12-31": "16016.00000", "2007-09-30": "15914.00000", "2007-06-30": "16832.00000", "2007-03-31": "15422.00000", "2006-12-31": "14631.00000", "2006-09-30": "14705.00000", "2006-06-30": "14420.00000", "2006-03-31": "13929.00000", "2005-12-31": "13373.00000", "2005-09-30": "13645.00000", "2005-06-30": "13356.00000", "2005-03-31": "13403.00000"}, "Total Liabilities And Share Holders Equity": {"2020-12-31": "11446.00000", "2020-09-30": "11339.00000", "2020-06-30": "11363.00000", "2020-03-31": "18465.00000", "2019-12-31": "17562.00000", "2019-09-30": "17484.00000", "2019-06-30": "17913.00000", "2019-03-31": "18361.00000", "2018-12-31": "18693.00000", "2018-09-30": "18327.00000", "2018-06-30": "18219.00000", "2018-03-31": "18219.00000", "2017-12-31": "18718.00000", "2017-09-30": "19237.00000", "2017-06-30": "19106.00000", "2017-03-31": "20157.00000", "2016-12-31": "20038.00000", "2016-09-30": "37448.00000", "2016-06-30": "36139.00000", "2016-03-31": "36140.00000", "2015-12-31": "36477.00000", "2015-09-30": "36587.00000", "2015-06-30": "36587.00000", "2015-03-31": "35694.00000", "2014-12-31": "37363.00000", "2014-09-30": "37122.00000", "2014-06-30": "36309.00000", "2014-03-31": "35605.00000", "2013-12-31": "35742.00000", "2013-09-30": "38229.00000", "2013-06-30": "38551.00000", "2013-03-31": "40106.00000", "2012-12-31": "40179.00000", "2012-09-30": "40191.00000", "2012-06-30": "39498.00000", "2012-03-31": "40703.00000", "2011-12-31": "40120.00000", "2011-09-30": "39598.00000", "2011-06-30": "41466.00000", "2011-03-31": "40336.00000", "2010-12-31": "39293.00000", "2010-09-30": "38370.00000", "2010-06-30": "37312.00000", "2010-03-31": "37835.00000", "2009-12-31": "38472.00000", "2009-09-30": "38099.00000", "2009-06-30": "37648.00000", "2009-03-31": "36912.00000", "2008-12-31": "37822.00000", "2008-09-30": "39038.00000", "2008-06-30": "40726.00000", "2008-03-31": "39399.00000", "2007-12-31": "38803.00000", "2007-09-30": "39198.00000", "2007-06-30": "40118.00000", "2007-03-31": "38021.00000", "2006-12-31": "37183.00000", "2006-09-30": "36304.00000", "2006-06-30": "35771.00000", "2006-03-31": "34929.00000", "2005-12-31": "33696.00000", "2005-09-30": "33611.00000", "2005-06-30": "33200.00000", "2005-03-31": "33714.00000"}}, "cash flow statement": {"Net Income/Loss": {"2020-12-31": "261.00000", "2019-12-31": "470.00000", "2018-12-31": "642.00000", "2017-12-31": "-74.00000", "2016-12-31": "-878.00000", "2015-12-31": "-197.00000", "2014-12-31": "177.00000", "2013-12-31": "-2244.00000", "2012-12-31": "162.00000", "2011-12-31": "805.00000", "2010-12-31": "392.00000", "2009-12-31": "-1090.00000", "2008-12-31": "147.00000", "2007-12-31": "2929.00000", "2006-12-31": "2248.00000", "2005-12-31": "1233.00000"}, "Total Depreciation And Amortization - Cash Flow": {"2020-12-31": "338.00000", "2019-12-31": "536.00000", "2018-12-31": "576.00000", "2017-12-31": "1270.00000", "2016-12-31": "1132.00000", "2015-12-31": "1305.00000", "2014-12-31": "1372.00000", "2013-12-31": "3153.00000", "2012-12-31": "1462.00000", "2011-12-31": "1481.00000", "2010-12-31": "1451.00000", "2009-12-31": "1311.00000", "2008-12-31": "1234.00000", "2007-12-31": "1245.00000", "2006-12-31": "1252.00000", "2005-12-31": "1258.00000"}, "Other Non-Cash Items": {"2020-12-31": "329.00000", "2019-12-31": "796.00000", "2018-12-31": "305.00000", "2017-12-31": "482.00000", "2016-12-31": "1721.00000", "2015-12-31": "1849.00000", "2014-12-31": "1757.00000", "2013-12-31": "1618.00000", "2012-12-31": "-120.00000", "2011-12-31": "156.00000", "2010-12-31": "138.00000", "2009-12-31": "32.00000", "2008-12-31": "889.00000", "2007-12-31": "-1106.00000", "2006-12-31": "467.00000", "2005-12-31": "276.00000"}, "Total Non-Cash Items": {"2020-12-31": "667.00000", "2019-12-31": "1332.00000", "2018-12-31": "881.00000", "2017-12-31": "1752.00000", "2016-12-31": "2853.00000", "2015-12-31": "3154.00000", "2014-12-31": "3129.00000", "2013-12-31": "4771.00000", "2012-12-31": "1342.00000", "2011-12-31": "1637.00000", "2010-12-31": "1589.00000", "2009-12-31": "1343.00000", "2008-12-31": "2123.00000", "2007-12-31": "139.00000", "2006-12-31": "1719.00000", "2005-12-31": "1534.00000"}, "Change In Accounts Receivable": {"2020-12-31": "-238.00000", "2019-12-31": "-977.00000", "2018-12-31": "-1142.00000", "2017-12-31": "-915.00000", "2016-12-31": "-1016.00000", "2015-12-31": "212.00000", "2014-12-31": "-312.00000", "2013-12-31": "-141.00000", "2012-12-31": "104.00000", "2011-12-31": "-115.00000", "2010-12-31": "-102.00000", "2009-12-31": "685.00000", "2008-12-31": "233.00000", "2007-12-31": "375.00000", "2006-12-31": "-85.00000", "2005-12-31": "-465.00000"}, "Change In Inventories": {"2020-12-31": "74.00000", "2019-12-31": "-3.00000", "2018-12-31": "-74.00000", "2017-12-31": "-192.00000", "2016-12-31": "-29.00000", "2015-12-31": "-64.00000", "2014-12-31": "-355.00000", "2013-12-31": "25.00000", "2012-12-31": "96.00000", "2011-12-31": "-339.00000", "2010-12-31": "-217.00000", "2009-12-31": "1268.00000", "2008-12-31": "-353.00000", "2007-12-31": "169.00000", "2006-12-31": "-509.00000", "2005-12-31": "-403.00000"}, "Change In Accounts Payable": {"2020-12-31": "-381.00000", "2019-12-31": "-56.00000", "2018-12-31": "339.00000", "2017-12-31": "62.00000", "2016-12-31": "232.00000", "2015-12-31": "-90.00000", "2014-12-31": "256.00000", "2013-12-31": "326.00000", "2012-12-31": "", "2011-12-31": "", "2010-12-31": "", "2009-12-31": "", "2008-12-31": "", "2007-12-31": "", "2006-12-31": "", "2005-12-31": ""}, "Change In Assets/Liabilities": {"2020-12-31": "-255.00000", "2019-12-31": "-316.00000", "2018-12-31": "-343.00000", "2017-12-31": "-533.00000", "2016-12-31": "-766.00000", "2015-12-31": "-1021.00000", "2014-12-31": "-777.00000", "2013-12-31": "-698.00000", "2012-12-31": "-44.00000", "2011-12-31": "-288.00000", "2010-12-31": "7.00000", "2009-12-31": "34.00000", "2008-12-31": "-677.00000", "2007-12-31": "-414.00000", "2006-12-31": "-609.00000", "2005-12-31": "-755.00000"}, "Total Change In Assets/Liabilities": {"2020-12-31": "-919.00000", "2019-12-31": "-1396.00000", "2018-12-31": "-1306.00000", "2017-12-31": "-1717.00000", "2016-12-31": "-1880.00000", "2015-12-31": "-1375.00000", "2014-12-31": "-1632.00000", "2013-12-31": "-949.00000", "2012-12-31": "-7.00000", "2011-12-31": "-249.00000", "2010-12-31": "280.00000", "2009-12-31": "1112.00000", "2008-12-31": "-1036.00000", "2007-12-31": "43.00000", "2006-12-31": "-1400.00000", "2005-12-31": "-1091.00000"}, "Cash Flow From Operating Activities": {"2020-12-31": "9.00000", "2019-12-31": "406.00000", "2018-12-31": "217.00000", "2017-12-31": "-39.00000", "2016-12-31": "95.00000", "2015-12-31": "1582.00000", "2014-12-31": "1674.00000", "2013-12-31": "1578.00000", "2012-12-31": "1497.00000", "2011-12-31": "2193.00000", "2010-12-31": "2261.00000", "2009-12-31": "1365.00000", "2008-12-31": "1234.00000", "2007-12-31": "3111.00000", "2006-12-31": "2567.00000", "2005-12-31": "1676.00000"}, "Net Change In Property, Plant, And Equipment": {"2020-12-31": "-153.00000", "2019-12-31": "-483.00000", "2018-12-31": "-459.00000", "2017-12-31": "-605.00000", "2016-12-31": "-433.00000", "2015-12-31": "-1068.00000", "2014-12-31": "-966.00000", "2013-12-31": "-1180.00000", "2012-12-31": "-1261.00000", "2011-12-31": "-1287.00000", "2010-12-31": "-1015.00000", "2009-12-31": "-1622.00000", "2008-12-31": "-3438.00000", "2007-12-31": "-3636.00000", "2006-12-31": "-3205.00000", "2005-12-31": "-2138.00000"}, "Net Change In Intangible Assets": {"2020-12-31": "", "2019-12-31": "", "2018-12-31": "", "2017-12-31": "", "2016-12-31": "", "2015-12-31": "", "2014-12-31": "", "2013-12-31": "", "2012-12-31": "", "2011-12-31": "", "2010-12-31": "", "2009-12-31": "", "2008-12-31": "", "2007-12-31": "", "2006-12-31": "", "2005-12-31": ""}, "Net Acquisitions/Divestitures": {"2020-12-31": "", "2019-12-31": "", "2018-12-31": "", "2017-12-31": "", "2016-12-31": "10.00000", "2015-12-31": "97.00000", "2014-12-31": "-2385.00000", "2013-12-31": "", "2012-12-31": "", "2011-12-31": "-240.00000", "2010-12-31": "-72.00000", "2009-12-31": "112.00000", "2008-12-31": "-417.00000", "2007-12-31": "-18.00000", "2006-12-31": "7.00000", "2005-12-31": "-461.00000"}, "Net Change In Short-term Investments": {"2020-12-31": "", "2019-12-31": "", "2018-12-31": "", "2017-12-31": "", "2016-12-31": "", "2015-12-31": "", "2014-12-31": "", "2013-12-31": "", "2012-12-31": "", "2011-12-31": "", "2010-12-31": "", "2009-12-31": "", "2008-12-31": "", "2007-12-31": "", "2006-12-31": "", "2005-12-31": "-8.00000"}, "Net Change In Long-Term Investments": {"2020-12-31": "", "2019-12-31": "73.00000", "2018-12-31": "9.00000", "2017-12-31": "890.00000", "2016-12-31": "280.00000", "2015-12-31": "-94.00000", "2014-12-31": "-138.00000", "2013-12-31": "-293.00000", "2012-12-31": "-269.00000", "2011-12-31": "-320.00000", "2010-12-31": "-211.00000", "2009-12-31": "850.00000", "2008-12-31": "-1231.00000", "2007-12-31": "1880.00000", "2006-12-31": "-23.00000", "2005-12-31": "1051.00000"}, "Net Change In Investments - Total": {"2020-12-31": "", "2019-12-31": "73.00000", "2018-12-31": "9.00000", "2017-12-31": "890.00000", "2016-12-31": "280.00000", "2015-12-31": "-94.00000", "2014-12-31": "-138.00000", "2013-12-31": "-293.00000", "2012-12-31": "-269.00000", "2011-12-31": "-320.00000", "2010-12-31": "-211.00000", "2009-12-31": "850.00000", "2008-12-31": "-1231.00000", "2007-12-31": "1880.00000", "2006-12-31": "-23.00000", "2005-12-31": "1043.00000"}, "Investing Activities - Other": {"2020-12-31": "424.00000", "2019-12-31": "993.00000", "2018-12-31": "1015.00000", "2017-12-31": "1035.00000", "2016-12-31": "734.00000", "2015-12-31": "5.00000", "2014-12-31": "29.00000", "2013-12-31": "183.00000", "2012-12-31": "771.00000", "2011-12-31": "-5.00000", "2010-12-31": "26.00000", "2009-12-31": "-61.00000", "2008-12-31": "2676.00000", "2007-12-31": "149.00000", "2006-12-31": "380.00000", "2005-12-31": "521.00000"}, "Cash Flow From Investing Activities": {"2020-12-31": "271.00000", "2019-12-31": "583.00000", "2018-12-31": "565.00000", "2017-12-31": "1320.00000", "2016-12-31": "591.00000", "2015-12-31": "-1060.00000", "2014-12-31": "-3460.00000", "2013-12-31": "-1290.00000", "2012-12-31": "-759.00000", "2011-12-31": "-1852.00000", "2010-12-31": "-1272.00000", "2009-12-31": "-721.00000", "2008-12-31": "-2410.00000", "2007-12-31": "-1625.00000", "2006-12-31": "-2841.00000", "2005-12-31": "-1035.00000"}, "Net Long-Term Debt": {"2020-12-31": "357.00000", "2019-12-31": "-406.00000", "2018-12-31": "-503.00000", "2017-12-31": "-818.00000", "2016-12-31": "-772.00000", "2015-12-31": "-129.00000", "2014-12-31": "1155.00000", "2013-12-31": "-465.00000", "2012-12-31": "-517.00000", "2011-12-31": "62.00000", "2010-12-31": "-631.00000", "2009-12-31": "893.00000", "2008-12-31": "2049.00000", "2007-12-31": "1177.00000", "2006-12-31": "-7.00000", "2005-12-31": "24.00000"}, "Net Current Debt": {"2020-12-31": "-15.00000", "2019-12-31": "2.00000", "2018-12-31": "-7.00000", "2017-12-31": "-2.00000", "2016-12-31": "-3.00000", "2015-12-31": "-16.00000", "2014-12-31": "-2.00000", "2013-12-31": "5.00000", "2012-12-31": "-234.00000", "2011-12-31": "193.00000", "2010-12-31": "-44.00000", "2009-12-31": "-1827.00000", "2008-12-31": "583.00000", "2007-12-31": "-523.00000", "2006-12-31": "686.00000", "2005-12-31": "287.00000"}, "Debt Issuance/Retirement Net - Total": {"2020-12-31": "342.00000", "2019-12-31": "-404.00000", "2018-12-31": "-510.00000", "2017-12-31": "-820.00000", "2016-12-31": "-775.00000", "2015-12-31": "-145.00000", "2014-12-31": "1153.00000", "2013-12-31": "-460.00000", "2012-12-31": "-751.00000", "2011-12-31": "255.00000", "2010-12-31": "-675.00000", "2009-12-31": "-934.00000", "2008-12-31": "2632.00000", "2007-12-31": "654.00000", "2006-12-31": "679.00000", "2005-12-31": "311.00000"}, "Net Common Equity Issued/Repurchased": {"2020-12-31": "-40.00000", "2019-12-31": "-1094.00000", "2018-12-31": "16.00000", "2017-12-31": "50.00000", "2016-12-31": "4.00000", "2015-12-31": "25.00000", "2014-12-31": "150.00000", "2013-12-31": "13.00000", "2012-12-31": "12.00000", "2011-12-31": "37.00000", "2010-12-31": "13.00000", "2009-12-31": "876.00000", "2008-12-31": "-905.00000", "2007-12-31": "-1661.00000", "2006-12-31": "-134.00000", "2005-12-31": "-36.00000"}, "Net Total Equity Issued/Repurchased": {"2020-12-31": "-40.00000", "2019-12-31": "-1094.00000", "2018-12-31": "16.00000", "2017-12-31": "50.00000", "2016-12-31": "4.00000", "2015-12-31": "25.00000", "2014-12-31": "1361.00000", "2013-12-31": "13.00000", "2012-12-31": "12.00000", "2011-12-31": "37.00000", "2010-12-31": "13.00000", "2009-12-31": "876.00000", "2008-12-31": "-905.00000", "2007-12-31": "-1661.00000", "2006-12-31": "-134.00000", "2005-12-31": "-36.00000"}, "Total Common And Preferred Stock Dividends Paid": {"2020-12-31": "-11.00000", "2019-12-31": "-57.00000", "2018-12-31": "-119.00000", "2017-12-31": "-176.00000", "2016-12-31": "-454.00000", "2015-12-31": "-329.00000", "2014-12-31": "-281.00000", "2013-12-31": "-241.00000", "2012-12-31": "-226.00000", "2011-12-31": "-388.00000", "2010-12-31": "-381.00000", "2009-12-31": "-368.00000", "2008-12-31": "-851.00000", "2007-12-31": "-958.00000", "2006-12-31": "-924.00000", "2005-12-31": "-599.00000"}, "Financial Activities - Other": {"2020-12-31": "-660.00000", "2019-12-31": "-13.00000", "2018-12-31": "-36.00000", "2017-12-31": "-69.00000", "2016-12-31": "468.00000", "2015-12-31": "8.00000", "2014-12-31": "17.00000", "2013-12-31": "9.00000", "2012-12-31": "167.00000", "2011-12-31": "158.00000", "2010-12-31": "91.00000", "2009-12-31": "463.00000", "2008-12-31": "602.00000", "2007-12-31": "427.00000", "2006-12-31": "359.00000", "2005-12-31": ""}, "Cash Flow From Financial Activities": {"2020-12-31": "-369.00000", "2019-12-31": "-1568.00000", "2018-12-31": "-649.00000", "2017-12-31": "-1015.00000", "2016-12-31": "-757.00000", "2015-12-31": "-441.00000", "2014-12-31": "2250.00000", "2013-12-31": "-679.00000", "2012-12-31": "-798.00000", "2011-12-31": "62.00000", "2010-12-31": "-952.00000", "2009-12-31": "37.00000", "2008-12-31": "1478.00000", "2007-12-31": "-1538.00000", "2006-12-31": "-20.00000", "2005-12-31": "-324.00000"}, "Net Cash Flow": {"2020-12-31": "-92.00000", "2019-12-31": "-579.00000", "2018-12-31": "129.00000", "2017-12-31": "275.00000", "2016-12-31": "-79.00000", "2015-12-31": "42.00000", "2014-12-31": "440.00000", "2013-12-31": "-424.00000", "2012-12-31": "-78.00000", "2011-12-31": "396.00000", "2010-12-31": "62.00000", "2009-12-31": "719.00000", "2008-12-31": "279.00000", "2007-12-31": "-23.00000", "2006-12-31": "-256.00000", "2005-12-31": "305.00000"}, "Stock-Based Compensation": {"2020-12-31": "45.00000", "2019-12-31": "60.00000", "2018-12-31": "50.00000", "2017-12-31": "67.00000", "2016-12-31": "86.00000", "2015-12-31": "92.00000", "2014-12-31": "87.00000", "2013-12-31": "71.00000", "2012-12-31": "67.00000", "2011-12-31": "83.00000", "2010-12-31": "84.00000", "2009-12-31": "87.00000", "2008-12-31": "94.00000", "2007-12-31": "97.00000", "2006-12-31": "72.00000", "2005-12-31": "25.00000"}, "Common Stock Dividends Paid": {"2020-12-31": "-11.00000", "2019-12-31": "-57.00000", "2018-12-31": "-119.00000", "2017-12-31": "-176.00000", "2016-12-31": "-454.00000", "2015-12-31": "-329.00000", "2014-12-31": "-281.00000", "2013-12-31": "-241.00000", "2012-12-31": "-226.00000", "2011-12-31": "-388.00000", "2010-12-31": "-381.00000", "2009-12-31": "-368.00000", "2008-12-31": "-851.00000", "2007-12-31": "-958.00000", "2006-12-31": "-924.00000", "2005-12-31": "-599.00000"}}, "cash flow statement, quarterly": {"Net Income/Loss": {"2020-12-31": 106, "2020-09-30": 36, "2020-06-30": -96, "2020-03-31": "215.00000", "2019-12-31": 309, "2019-09-30": 95, "2019-06-30": -121, "2019-03-31": "187.00000", "2018-12-31": 218, "2018-09-30": 161, "2018-06-30": 120, "2018-03-31": "143.00000", "2017-12-31": -727, "2017-09-30": 119, "2017-06-30": 212, "2017-03-31": "322.00000", "2016-12-31": -1253, "2016-09-30": 186, "2016-06-30": 178, "2016-03-31": "11.00000", "2015-12-31": -765, "2015-09-30": 106, "2015-06-30": 207, "2015-03-31": "255.00000", "2014-12-31": 114, "2014-09-30": 131, "2014-06-30": 129, "2014-03-31": "-197.00000", "2013-12-31": -2310, "2013-09-30": 44, "2013-06-30": -148, "2013-03-31": "170.00000", "2012-12-31": 257, "2012-09-30": -175, "2012-06-30": -19, "2012-03-31": "99.00000", "2011-12-31": -163, "2011-09-30": 225, "2011-06-30": 377, "2011-03-31": "366.00000", "2010-12-31": 292, "2010-09-30": 109, "2010-06-30": 170, "2010-03-31": "-179.00000", "2009-12-31": -268, "2009-09-30": 124, "2009-06-30": -459, "2009-03-31": "-487.00000", "2008-12-31": -1191, "2008-09-30": 352, "2008-06-30": 616, "2008-03-31": "370.00000", "2007-12-31": 997, "2007-09-30": 555, "2007-06-30": 715, "2007-03-31": "662.00000", "2006-12-31": 359, "2006-09-30": 537, "2006-06-30": 744, "2006-03-31": "608.00000", "2005-12-31": 224, "2005-09-30": 289, "2005-06-30": 460, "2005-03-31": "260.00000"}, "Total Depreciation And Amortization - Cash Flow": {"2020-12-31": 67, "2020-09-30": 68, "2020-06-30": 74, "2020-03-31": "129.00000", "2019-12-31": 129, "2019-09-30": 131, "2019-06-30": 139, "2019-03-31": "137.00000", "2018-12-31": 149, "2018-09-30": 141, "2018-06-30": 144, "2018-03-31": "142.00000", "2017-12-31": 860, "2017-09-30": 140, "2017-06-30": 137, "2017-03-31": "133.00000", "2016-12-31": 194, "2016-09-30": 316, "2016-06-30": 313, "2016-03-31": "309.00000", "2015-12-31": 346, "2015-09-30": 318, "2015-06-30": 320, "2015-03-31": "321.00000", "2014-12-31": 336, "2014-09-30": 346, "2014-06-30": 350, "2014-03-31": "340.00000", "2013-12-31": 2081, "2013-09-30": 348, "2013-06-30": 363, "2013-03-31": "361.00000", "2012-12-31": 363, "2012-09-30": 366, "2012-06-30": 364, "2012-03-31": "369.00000", "2011-12-31": 368, "2011-09-30": 377, "2011-06-30": 375, "2011-03-31": "361.00000", "2010-12-31": 371, "2010-09-30": 358, "2010-06-30": 364, "2010-03-31": "358.00000", "2009-12-31": 369, "2009-09-30": 342, "2009-06-30": 317, "2009-03-31": "283.00000", "2008-12-31": 291, "2008-09-30": 312, "2008-06-30": 317, "2008-03-31": "314.00000", "2007-12-31": 153, "2007-09-30": 471, "2007-06-30": 317, "2007-03-31": "304.00000", "2006-12-31": 297, "2006-09-30": 324, "2006-06-30": 324, "2006-03-31": "307.00000", "2005-12-31": 314, "2005-09-30": 317, "2005-06-30": 312, "2005-03-31": "315.00000"}, "Other Non-Cash Items": {"2020-12-31": 10, "2020-09-30": 59, "2020-06-30": 154, "2020-03-31": "106.00000", "2019-12-31": 50, "2019-09-30": 210, "2019-06-30": 464, "2019-03-31": "72.00000", "2018-12-31": -21, "2018-09-30": 102, "2018-06-30": 91, "2018-03-31": "133.00000", "2017-12-31": 520, "2017-09-30": 80, "2017-06-30": 38, "2017-03-31": "-156.00000", "2016-12-31": 1388, "2016-09-30": 61, "2016-06-30": 135, "2016-03-31": "137.00000", "2015-12-31": 970, "2015-09-30": 283, "2015-06-30": 306, "2015-03-31": "290.00000", "2014-12-31": 479, "2014-09-30": 493, "2014-06-30": 157, "2014-03-31": "628.00000", "2013-12-31": 1236, "2013-09-30": 99, "2013-06-30": 258, "2013-03-31": "25.00000", "2012-12-31": -100, "2012-09-30": -53, "2012-06-30": 92, "2012-03-31": "-59.00000", "2011-12-31": 114, "2011-09-30": 27, "2011-06-30": 107, "2011-03-31": "-92.00000", "2010-12-31": -315, "2010-09-30": -44, "2010-06-30": 155, "2010-03-31": "342.00000", "2009-12-31": -333, "2009-09-30": -79, "2009-06-30": 326, "2009-03-31": "118.00000", "2008-12-31": 846, "2008-09-30": 179, "2008-06-30": -229, "2008-03-31": "93.00000", "2007-12-31": -487, "2007-09-30": -745, "2007-06-30": -16, "2007-03-31": "142.00000", "2006-12-31": 404, "2006-09-30": -36, "2006-06-30": 53, "2006-03-31": "46.00000", "2005-12-31": 313, "2005-09-30": -47, "2005-06-30": -113, "2005-03-31": "123.00000"}, "Total Non-Cash Items": {"2020-12-31": 77, "2020-09-30": 127, "2020-06-30": 228, "2020-03-31": "235.00000", "2019-12-31": 179, "2019-09-30": 341, "2019-06-30": 603, "2019-03-31": "209.00000", "2018-12-31": 128, "2018-09-30": 243, "2018-06-30": 235, "2018-03-31": "275.00000", "2017-12-31": 1380, "2017-09-30": 220, "2017-06-30": 175, "2017-03-31": "-23.00000", "2016-12-31": 1582, "2016-09-30": 377, "2016-06-30": 448, "2016-03-31": "446.00000", "2015-12-31": 1316, "2015-09-30": 601, "2015-06-30": 626, "2015-03-31": "611.00000", "2014-12-31": 815, "2014-09-30": 839, "2014-06-30": 507, "2014-03-31": "968.00000", "2013-12-31": 3317, "2013-09-30": 447, "2013-06-30": 621, "2013-03-31": "386.00000", "2012-12-31": 263, "2012-09-30": 313, "2012-06-30": 456, "2012-03-31": "310.00000", "2011-12-31": 482, "2011-09-30": 404, "2011-06-30": 482, "2011-03-31": "269.00000", "2010-12-31": 56, "2010-09-30": 314, "2010-06-30": 519, "2010-03-31": "700.00000", "2009-12-31": 36, "2009-09-30": 263, "2009-06-30": 643, "2009-03-31": "401.00000", "2008-12-31": 1137, "2008-09-30": 491, "2008-06-30": 88, "2008-03-31": "407.00000", "2007-12-31": -334, "2007-09-30": -274, "2007-06-30": 301, "2007-03-31": "446.00000", "2006-12-31": 701, "2006-09-30": 288, "2006-06-30": 377, "2006-03-31": "353.00000", "2005-12-31": 627, "2005-09-30": 270, "2005-06-30": 199, "2005-03-31": "438.00000"}, "Change In Accounts Receivable": {"2020-12-31": -121, "2020-09-30": -47, "2020-06-30": 140, "2020-03-31": "-210.00000", "2019-12-31": -20, "2019-09-30": -214, "2019-06-30": -254, "2019-03-31": "-489.00000", "2018-12-31": -122, "2018-09-30": -311, "2018-06-30": -306, "2018-03-31": "-403.00000", "2017-12-31": -123, "2017-09-30": -225, "2017-06-30": -173, "2017-03-31": "-394.00000", "2016-12-31": -790, "2016-09-30": -8, "2016-06-30": -79, "2016-03-31": "-139.00000", "2015-12-31": 309, "2015-09-30": 103, "2015-06-30": -54, "2015-03-31": "-146.00000", "2014-12-31": 353, "2014-09-30": -440, "2014-06-30": 30, "2014-03-31": "-255.00000", "2013-12-31": 206, "2013-09-30": 28, "2013-06-30": -54, "2013-03-31": "-321.00000", "2012-12-31": 278, "2012-09-30": 41, "2012-06-30": -76, "2012-03-31": "-139.00000", "2011-12-31": 304, "2011-09-30": 19, "2011-06-30": -32, "2011-03-31": "-406.00000", "2010-12-31": 365, "2010-09-30": 103, "2010-06-30": -394, "2010-03-31": "-176.00000", "2009-12-31": 222, "2009-09-30": 35, "2009-06-30": 126, "2009-03-31": "302.00000", "2008-12-31": 397, "2008-09-30": 45, "2008-06-30": 113, "2008-03-31": "-322.00000", "2007-12-31": 151, "2007-09-30": 275, "2007-06-30": 86, "2007-03-31": "-137.00000", "2006-12-31": 202, "2006-09-30": 64, "2006-06-30": -56, "2006-03-31": "-295.00000", "2005-12-31": 66, "2005-09-30": 125, "2005-06-30": -157, "2005-03-31": "-499.00000"}, "Change In Inventories": {"2020-12-31": 116, "2020-09-30": 94, "2020-06-30": 0, "2020-03-31": "-136.00000", "2019-12-31": 89, "2019-09-30": 25, "2019-06-30": 1, "2019-03-31": "-118.00000", "2018-12-31": 110, "2018-09-30": 36, "2018-06-30": -79, "2018-03-31": "-141.00000", "2017-12-31": -24, "2017-09-30": -18, "2017-06-30": -65, "2017-03-31": "-85.00000", "2016-12-31": -36, "2016-09-30": 10, "2016-06-30": 55, "2016-03-31": "-58.00000", "2015-12-31": 112, "2015-09-30": 45, "2015-06-30": 45, "2015-03-31": "-266.00000", "2014-12-31": 130, "2014-09-30": -28, "2014-06-30": -155, "2014-03-31": "-302.00000", "2013-12-31": 166, "2013-09-30": 34, "2013-06-30": 7, "2013-03-31": "-182.00000", "2012-12-31": 161, "2012-09-30": 123, "2012-06-30": -35, "2012-03-31": "-153.00000", "2011-12-31": 269, "2011-09-30": -86, "2011-06-30": -166, "2011-03-31": "-356.00000", "2010-12-31": -123, "2010-09-30": 95, "2010-06-30": -84, "2010-03-31": "-105.00000", "2009-12-31": 215, "2009-09-30": 111, "2009-06-30": 419, "2009-03-31": "523.00000", "2008-12-31": 268, "2008-09-30": -272, "2008-06-30": -111, "2008-03-31": "-238.00000", "2007-12-31": -15, "2007-09-30": -34, "2007-06-30": 125, "2007-03-31": "93.00000", "2006-12-31": 9, "2006-09-30": 34, "2006-06-30": -226, "2006-03-31": "-326.00000", "2005-12-31": 88, "2005-09-30": -19, "2005-06-30": -101, "2005-03-31": "-371.00000"}, "Change In Accounts Payable": {"2020-12-31": 58, "2020-09-30": -36, "2020-06-30": -188, "2020-03-31": "-215.00000", "2019-12-31": -54, "2019-09-30": 27, "2019-06-30": -94, "2019-03-31": "65.00000", "2018-12-31": 82, "2018-09-30": 39, "2018-06-30": 204, "2018-03-31": "14.00000", "2017-12-31": 156, "2017-09-30": -25, "2017-06-30": 53, "2017-03-31": "-122.00000", "2016-12-31": 428, "2016-09-30": 47, "2016-06-30": 29, "2016-03-31": "-272.00000", "2015-12-31": 150, "2015-09-30": -110, "2015-06-30": 53, "2015-03-31": "-183.00000", "2014-12-31": 256, "2014-09-30": 0, "2014-06-30": 130, "2014-03-31": "-130.00000", "2013-12-31": 326, "2013-09-30": 0, "2013-06-30": 0, "2013-03-31": "", "2012-12-31": 0, "2012-09-30": 0, "2012-06-30": 0, "2012-03-31": "", "2011-12-31": 0, "2011-09-30": 0, "2011-06-30": 0, "2011-03-31": "", "2010-12-31": 0, "2010-09-30": 0, "2010-06-30": 0, "2010-03-31": "", "2009-12-31": 0, "2009-09-30": 0, "2009-06-30": 0, "2009-03-31": "", "2008-12-31": 0, "2008-09-30": 0, "2008-06-30": 0, "2008-03-31": "", "2007-12-31": 0, "2007-09-30": 0, "2007-06-30": 0, "2007-03-31": "", "2006-12-31": 0, "2006-09-30": 0, "2006-06-30": 0, "2006-03-31": "", "2005-12-31": 0, "2005-09-30": 0, "2005-06-30": 0, "2005-03-31": ""}, "Change In Assets/Liabilities": {"2020-12-31": -102, "2020-09-30": 3, "2020-06-30": -59, "2020-03-31": "-97.00000", "2019-12-31": -68, "2019-09-30": -112, "2019-06-30": -46, "2019-03-31": "-90.00000", "2018-12-31": 63, "2018-09-30": -131, "2018-06-30": -61, "2018-03-31": "-214.00000", "2017-12-31": -183, "2017-09-30": -118, "2017-06-30": -140, "2017-03-31": "-92.00000", "2016-12-31": -97, "2016-09-30": -196, "2016-06-30": -334, "2016-03-31": "-139.00000", "2015-12-31": -134, "2015-09-30": -280, "2015-06-30": -422, "2015-03-31": "-185.00000", "2014-12-31": -190, "2014-09-30": -204, "2014-06-30": -249, "2014-03-31": "-134.00000", "2013-12-31": -503, "2013-09-30": -174, "2013-06-30": -29, "2013-03-31": "8.00000", "2012-12-31": -31, "2012-09-30": 46, "2012-06-30": 132, "2012-03-31": "-191.00000", "2011-12-31": -152, "2011-09-30": -36, "2011-06-30": -14, "2011-03-31": "-86.00000", "2010-12-31": -13, "2010-09-30": -83, "2010-06-30": 84, "2010-03-31": "19.00000", "2009-12-31": 113, "2009-09-30": -117, "2009-06-30": -68, "2009-03-31": "106.00000", "2008-12-31": -35, "2008-09-30": -393, "2008-06-30": -168, "2008-03-31": "-81.00000", "2007-12-31": 127, "2007-09-30": -329, "2007-06-30": -114, "2007-03-31": "-98.00000", "2006-12-31": 69, "2006-09-30": -314, "2006-06-30": -82, "2006-03-31": "-282.00000", "2005-12-31": -289, "2005-09-30": -281, "2005-06-30": 33, "2005-03-31": "-218.00000"}, "Total Change In Assets/Liabilities": {"2020-12-31": -32, "2020-09-30": -45, "2020-06-30": -101, "2020-03-31": "-741.00000", "2019-12-31": -99, "2019-09-30": -267, "2019-06-30": -376, "2019-03-31": "-654.00000", "2018-12-31": 80, "2018-09-30": -353, "2018-06-30": -179, "2018-03-31": "-854.00000", "2017-12-31": -319, "2017-09-30": -396, "2017-06-30": -308, "2017-03-31": "-694.00000", "2016-12-31": -442, "2016-09-30": -257, "2016-06-30": -294, "2016-03-31": "-887.00000", "2015-12-31": 314, "2015-09-30": -287, "2015-06-30": -361, "2015-03-31": "-1041.00000", "2014-12-31": 529, "2014-09-30": -721, "2014-06-30": -118, "2014-03-31": "-1322.00000", "2013-12-31": -87, "2013-09-30": -277, "2013-06-30": 41, "2013-03-31": "-626.00000", "2012-12-31": 413, "2012-09-30": 125, "2012-06-30": 100, "2012-03-31": "-645.00000", "2011-12-31": 823, "2011-09-30": -140, "2011-06-30": -61, "2011-03-31": "-871.00000", "2010-12-31": 1022, "2010-09-30": -31, "2010-06-30": -389, "2010-03-31": "-322.00000", "2009-12-31": 1356, "2009-09-30": -203, "2009-06-30": 144, "2009-03-31": "-185.00000", "2008-12-31": 662, "2008-09-30": -936, "2008-06-30": 303, "2008-03-31": "-1065.00000", "2007-12-31": -20, "2007-09-30": 311, "2007-06-30": 336, "2007-03-31": "-584.00000", "2006-12-31": 273, "2006-09-30": -77, "2006-06-30": -422, "2006-03-31": "-1174.00000", "2005-12-31": 188, "2005-09-30": -67, "2005-06-30": -275, "2005-03-31": "-937.00000"}, "Cash Flow From Operating Activities": {"2020-12-31": 151, "2020-09-30": 118, "2020-06-30": 31, "2020-03-31": "-291.00000", "2019-12-31": 389, "2019-09-30": 169, "2019-06-30": 106, "2019-03-31": "-258.00000", "2018-12-31": 426, "2018-09-30": 51, "2018-06-30": 176, "2018-03-31": "-436.00000", "2017-12-31": 334, "2017-09-30": -57, "2017-06-30": 79, "2017-03-31": "-395.00000", "2016-12-31": -113, "2016-09-30": 306, "2016-06-30": 332, "2016-03-31": "-430.00000", "2015-12-31": 865, "2015-09-30": 420, "2015-06-30": 472, "2015-03-31": "-175.00000", "2014-12-31": 1458, "2014-09-30": 249, "2014-06-30": 518, "2014-03-31": "-551.00000", "2013-12-31": 920, "2013-09-30": 214, "2013-06-30": 514, "2013-03-31": "-70.00000", "2012-12-31": 933, "2012-09-30": 263, "2012-06-30": 537, "2012-03-31": "-236.00000", "2011-12-31": 1142, "2011-09-30": 489, "2011-06-30": 798, "2011-03-31": "-236.00000", "2010-12-31": 1370, "2010-09-30": 392, "2010-06-30": 300, "2010-03-31": "199.00000", "2009-12-31": 1124, "2009-09-30": 184, "2009-06-30": 328, "2009-03-31": "-271.00000", "2008-12-31": 608, "2008-09-30": -93, "2008-06-30": 1007, "2008-03-31": "-288.00000", "2007-12-31": 643, "2007-09-30": 592, "2007-06-30": 1349, "2007-03-31": "527.00000", "2006-12-31": 1333, "2006-09-30": 748, "2006-06-30": 699, "2006-03-31": "-213.00000", "2005-12-31": 1039, "2005-09-30": 492, "2005-06-30": 384, "2005-03-31": "-239.00000"}, "Net Change In Property, Plant, And Equipment": {"2020-12-31": -47, "2020-09-30": -5, "2020-06-30": -146, "2020-03-31": "45.00000", "2019-12-31": 22, "2019-09-30": -201, "2019-06-30": -140, "2019-03-31": "-164.00000", "2018-12-31": 31, "2018-09-30": -207, "2018-06-30": -166, "2018-03-31": "-117.00000", "2017-12-31": -236, "2017-09-30": -131, "2017-06-30": -125, "2017-03-31": "-113.00000", "2016-12-31": -302, "2016-09-30": -152, "2016-06-30": 50, "2016-03-31": "-29.00000", "2015-12-31": -398, "2015-09-30": -215, "2015-06-30": -200, "2015-03-31": "-255.00000", "2014-12-31": -222, "2014-09-30": -278, "2014-06-30": -257, "2014-03-31": "-209.00000", "2013-12-31": -409, "2013-09-30": -250, "2013-06-30": -286, "2013-03-31": "-235.00000", "2012-12-31": -398, "2012-09-30": -302, "2012-06-30": -291, "2012-03-31": "-270.00000", "2011-12-31": -486, "2011-09-30": -325, "2011-06-30": -272, "2011-03-31": "-204.00000", "2010-12-31": -365, "2010-09-30": -216, "2010-06-30": -213, "2010-03-31": "-221.00000", "2009-12-31": -363, "2009-09-30": -370, "2009-06-30": -418, "2009-03-31": "-471.00000", "2008-12-31": -1017, "2008-09-30": -877, "2008-06-30": -796, "2008-03-31": "-748.00000", "2007-12-31": -1021, "2007-09-30": -941, "2007-06-30": -891, "2007-03-31": "-783.00000", "2006-12-31": -1147, "2006-09-30": -737, "2006-06-30": -729, "2006-03-31": "-592.00000", "2005-12-31": -762, "2005-09-30": -542, "2005-06-30": -487, "2005-03-31": "-347.00000"}, "Net Change In Intangible Assets": {"2020-12-31": 0, "2020-09-30": 0, "2020-06-30": 0, "2020-03-31": "", "2019-12-31": 0, "2019-09-30": 0, "2019-06-30": 0, "2019-03-31": "", "2018-12-31": 0, "2018-09-30": 0, "2018-06-30": 0, "2018-03-31": "", "2017-12-31": 0, "2017-09-30": 0, "2017-06-30": 0, "2017-03-31": "", "2016-12-31": 0, "2016-09-30": 0, "2016-06-30": 0, "2016-03-31": "", "2015-12-31": 0, "2015-09-30": 0, "2015-06-30": 0, "2015-03-31": "", "2014-12-31": 0, "2014-09-30": 0, "2014-06-30": 0, "2014-03-31": "", "2013-12-31": 0, "2013-09-30": 0, "2013-06-30": 0, "2013-03-31": "", "2012-12-31": 0, "2012-09-30": 0, "2012-06-30": 0, "2012-03-31": "", "2011-12-31": 0, "2011-09-30": 0, "2011-06-30": 0, "2011-03-31": "", "2010-12-31": 0, "2010-09-30": 0, "2010-06-30": 0, "2010-03-31": "", "2009-12-31": 0, "2009-09-30": 0, "2009-06-30": 0, "2009-03-31": "", "2008-12-31": 0, "2008-09-30": 0, "2008-06-30": 0, "2008-03-31": "", "2007-12-31": 0, "2007-09-30": 0, "2007-06-30": 0, "2007-03-31": "", "2006-12-31": 0, "2006-09-30": 0, "2006-06-30": 0, "2006-03-31": "", "2005-12-31": 0, "2005-09-30": 0, "2005-06-30": 0, "2005-03-31": ""}, "Net Acquisitions/Divestitures": {"2020-12-31": 0, "2020-09-30": 0, "2020-06-30": 0, "2020-03-31": "", "2019-12-31": 0, "2019-09-30": 0, "2019-06-30": 0, "2019-03-31": "", "2018-12-31": 0, "2018-09-30": 0, "2018-06-30": 0, "2018-03-31": "", "2017-12-31": 0, "2017-09-30": 0, "2017-06-30": 0, "2017-03-31": "", "2016-12-31": 10, "2016-09-30": 0, "2016-06-30": 0, "2016-03-31": "", "2015-12-31": 0, "2015-09-30": 301, "2015-06-30": 0, "2015-03-31": "-204.00000", "2014-12-31": -2385, "2014-09-30": 0, "2014-06-30": 0, "2014-03-31": "", "2013-12-31": 0, "2013-09-30": 0, "2013-06-30": 0, "2013-03-31": "", "2012-12-31": 0, "2012-09-30": 0, "2012-06-30": 0, "2012-03-31": "", "2011-12-31": 0, "2011-09-30": 0, "2011-06-30": -1, "2011-03-31": "-239.00000", "2010-12-31": 0, "2010-09-30": -77, "2010-06-30": 0, "2010-03-31": "5.00000", "2009-12-31": 0, "2009-09-30": 97, "2009-06-30": -3, "2009-03-31": "18.00000", "2008-12-31": 0, "2008-09-30": -47, "2008-06-30": -79, "2008-03-31": "-291.00000", "2007-12-31": -3, "2007-09-30": 0, "2007-06-30": -2, "2007-03-31": "-13.00000", "2006-12-31": 7, "2006-09-30": 0, "2006-06-30": 0, "2006-03-31": "", "2005-12-31": -28, "2005-09-30": 0, "2005-06-30": 0, "2005-03-31": "-433.00000"}, "Net Change In Short-term Investments": {"2020-12-31": 0, "2020-09-30": 0, "2020-06-30": 0, "2020-03-31": "", "2019-12-31": 0, "2019-09-30": 0, "2019-06-30": 0, "2019-03-31": "", "2018-12-31": 0, "2018-09-30": 0, "2018-06-30": 0, "2018-03-31": "", "2017-12-31": 0, "2017-09-30": 0, "2017-06-30": 0, "2017-03-31": "", "2016-12-31": 0, "2016-09-30": 0, "2016-06-30": 0, "2016-03-31": "", "2015-12-31": 0, "2015-09-30": 0, "2015-06-30": 0, "2015-03-31": "", "2014-12-31": 0, "2014-09-30": 0, "2014-06-30": 0, "2014-03-31": "", "2013-12-31": 0, "2013-09-30": 0, "2013-06-30": 0, "2013-03-31": "", "2012-12-31": 0, "2012-09-30": 0, "2012-06-30": 0, "2012-03-31": "", "2011-12-31": 0, "2011-09-30": 0, "2011-06-30": 0, "2011-03-31": "", "2010-12-31": 0, "2010-09-30": 0, "2010-06-30": 0, "2010-03-31": "", "2009-12-31": -8, "2009-09-30": 58, "2009-06-30": -50, "2009-03-31": "", "2008-12-31": 2, "2008-09-30": 0, "2008-06-30": -2, "2008-03-31": "", "2007-12-31": 23, "2007-09-30": -26, "2007-06-30": -3, "2007-03-31": "6.00000", "2006-12-31": 3, "2006-09-30": 18, "2006-06-30": 38, "2006-03-31": "-59.00000", "2005-12-31": 9, "2005-09-30": 211, "2005-06-30": -221, "2005-03-31": "-7.00000"}, "Net Change In Long-Term Investments": {"2020-12-31": 0, "2020-09-30": 0, "2020-06-30": 0, "2020-03-31": "", "2019-12-31": 26, "2019-09-30": 0, "2019-06-30": 0, "2019-03-31": "47.00000", "2018-12-31": 0, "2018-09-30": 0, "2018-06-30": 0, "2018-03-31": "9.00000", "2017-12-31": 0, "2017-09-30": 2, "2017-06-30": 0, "2017-03-31": "888.00000", "2016-12-31": 23, "2016-09-30": -10, "2016-06-30": 255, "2016-03-31": "12.00000", "2015-12-31": -48, "2015-09-30": -18, "2015-06-30": -16, "2015-03-31": "-12.00000", "2014-12-31": -50, "2014-09-30": -16, "2014-06-30": -40, "2014-03-31": "-32.00000", "2013-12-31": -51, "2013-09-30": -83, "2013-06-30": -38, "2013-03-31": "-121.00000", "2012-12-31": -39, "2012-09-30": -54, "2012-06-30": -83, "2012-03-31": "-93.00000", "2011-12-31": -109, "2011-09-30": -17, "2011-06-30": -81, "2011-03-31": "-113.00000", "2010-12-31": -125, "2010-09-30": -65, "2010-06-30": -29, "2010-03-31": "8.00000", "2009-12-31": -150, "2009-09-30": 490, "2009-06-30": 33, "2009-03-31": "477.00000", "2008-12-31": -27, "2008-09-30": 28, "2008-06-30": -19, "2008-03-31": "-1213.00000", "2007-12-31": 22, "2007-09-30": 1887, "2007-06-30": -3, "2007-03-31": "-26.00000", "2006-12-31": 22, "2006-09-30": -8, "2006-06-30": -4, "2006-03-31": "-33.00000", "2005-12-31": -12, "2005-09-30": -4, "2005-06-30": 866, "2005-03-31": "201.00000"}, "Net Change In Investments - Total": {"2020-12-31": 0, "2020-09-30": 0, "2020-06-30": 0, "2020-03-31": "", "2019-12-31": 26, "2019-09-30": 0, "2019-06-30": 0, "2019-03-31": "47.00000", "2018-12-31": 0, "2018-09-30": 0, "2018-06-30": 0, "2018-03-31": "9.00000", "2017-12-31": 0, "2017-09-30": 2, "2017-06-30": 0, "2017-03-31": "888.00000", "2016-12-31": 23, "2016-09-30": -10, "2016-06-30": 255, "2016-03-31": "12.00000", "2015-12-31": -48, "2015-09-30": -18, "2015-06-30": -16, "2015-03-31": "-12.00000", "2014-12-31": -50, "2014-09-30": -16, "2014-06-30": -40, "2014-03-31": "-32.00000", "2013-12-31": -51, "2013-09-30": -83, "2013-06-30": -38, "2013-03-31": "-121.00000", "2012-12-31": -39, "2012-09-30": -54, "2012-06-30": -83, "2012-03-31": "-93.00000", "2011-12-31": -109, "2011-09-30": -17, "2011-06-30": -81, "2011-03-31": "-113.00000", "2010-12-31": -125, "2010-09-30": -65, "2010-06-30": -29, "2010-03-31": "8.00000", "2009-12-31": -158, "2009-09-30": 548, "2009-06-30": -17, "2009-03-31": "477.00000", "2008-12-31": -25, "2008-09-30": 28, "2008-06-30": -21, "2008-03-31": "-1213.00000", "2007-12-31": 45, "2007-09-30": 1861, "2007-06-30": -6, "2007-03-31": "-20.00000", "2006-12-31": 25, "2006-09-30": 10, "2006-06-30": 34, "2006-03-31": "-92.00000", "2005-12-31": -3, "2005-09-30": 207, "2005-06-30": 645, "2005-03-31": "194.00000"}, "Investing Activities - Other": {"2020-12-31": 166, "2020-09-30": 30, "2020-06-30": 179, "2020-03-31": "49.00000", "2019-12-31": 364, "2019-09-30": 201, "2019-06-30": 269, "2019-03-31": "159.00000", "2018-12-31": 323, "2018-09-30": 272, "2018-06-30": 283, "2018-03-31": "137.00000", "2017-12-31": 277, "2017-09-30": 229, "2017-06-30": 194, "2017-03-31": "335.00000", "2016-12-31": 781, "2016-09-30": -69, "2016-06-30": 6, "2016-03-31": "16.00000", "2015-12-31": -11, "2015-09-30": 14, "2015-06-30": -4, "2015-03-31": "6.00000", "2014-12-31": 4, "2014-09-30": 13, "2014-06-30": 11, "2014-03-31": "1.00000", "2013-12-31": 35, "2013-09-30": 29, "2013-06-30": 48, "2013-03-31": "71.00000", "2012-12-31": 644, "2012-09-30": 94, "2012-06-30": 20, "2012-03-31": "13.00000", "2011-12-31": 12, "2011-09-30": -25, "2011-06-30": 4, "2011-03-31": "4.00000", "2010-12-31": 16, "2010-09-30": 14, "2010-06-30": -4, "2010-03-31": "", "2009-12-31": 21, "2009-09-30": 1, "2009-06-30": -195, "2009-03-31": "112.00000", "2008-12-31": 19, "2008-09-30": 39, "2008-06-30": 141, "2008-03-31": "2477.00000", "2007-12-31": 60, "2007-09-30": 88, "2007-06-30": 13, "2007-03-31": "-12.00000", "2006-12-31": 346, "2006-09-30": 7, "2006-06-30": 10, "2006-03-31": "17.00000", "2005-12-31": 439, "2005-09-30": 91, "2005-06-30": -11, "2005-03-31": "2.00000"}, "Cash Flow From Investing Activities": {"2020-12-31": 119, "2020-09-30": 25, "2020-06-30": 33, "2020-03-31": "94.00000", "2019-12-31": 412, "2019-09-30": 0, "2019-06-30": 129, "2019-03-31": "42.00000", "2018-12-31": 354, "2018-09-30": 65, "2018-06-30": 117, "2018-03-31": "29.00000", "2017-12-31": 41, "2017-09-30": 100, "2017-06-30": 69, "2017-03-31": "1110.00000", "2016-12-31": 512, "2016-09-30": -231, "2016-06-30": 311, "2016-03-31": "-1.00000", "2015-12-31": -457, "2015-09-30": 82, "2015-06-30": -220, "2015-03-31": "-465.00000", "2014-12-31": -2653, "2014-09-30": -281, "2014-06-30": -286, "2014-03-31": "-240.00000", "2013-12-31": -425, "2013-09-30": -304, "2013-06-30": -276, "2013-03-31": "-285.00000", "2012-12-31": 207, "2012-09-30": -262, "2012-06-30": -354, "2012-03-31": "-350.00000", "2011-12-31": -583, "2011-09-30": -367, "2011-06-30": -350, "2011-03-31": "-552.00000", "2010-12-31": -474, "2010-09-30": -344, "2010-06-30": -246, "2010-03-31": "-208.00000", "2009-12-31": -500, "2009-09-30": 276, "2009-06-30": -633, "2009-03-31": "136.00000", "2008-12-31": -1023, "2008-09-30": -857, "2008-06-30": -755, "2008-03-31": "225.00000", "2007-12-31": -919, "2007-09-30": 1008, "2007-06-30": -886, "2007-03-31": "-828.00000", "2006-12-31": -769, "2006-09-30": -720, "2006-06-30": -685, "2006-03-31": "-667.00000", "2005-12-31": -354, "2005-09-30": -244, "2005-06-30": 147, "2005-03-31": "-584.00000"}, "Net Long-Term Debt": {"2020-12-31": -2, "2020-09-30": 0, "2020-06-30": -841, "2020-03-31": "1200.00000", "2019-12-31": -403, "2019-09-30": -3, "2019-06-30": 1, "2019-03-31": "-1.00000", "2018-12-31": -1, "2018-09-30": -1, "2018-06-30": 0, "2018-03-31": "-501.00000", "2017-12-31": 2, "2017-09-30": 1, "2017-06-30": -821, "2017-03-31": "", "2016-12-31": -761, "2016-09-30": -5, "2016-06-30": -4, "2016-03-31": "-2.00000", "2015-12-31": -112, "2015-09-30": -7, "2015-06-30": -8, "2015-03-31": "-2.00000", "2014-12-31": -9, "2014-09-30": 1182, "2014-06-30": -8, "2014-03-31": "-10.00000", "2013-12-31": -12, "2013-09-30": -8, "2013-06-30": -431, "2013-03-31": "-14.00000", "2012-12-31": -610, "2012-09-30": 17, "2012-06-30": -240, "2012-03-31": "316.00000", "2011-12-31": -70, "2011-09-30": -27, "2011-06-30": 187, "2011-03-31": "-28.00000", "2010-12-31": -126, "2010-09-30": -465, "2010-06-30": -7, "2010-03-31": "-33.00000", "2009-12-31": -119, "2009-09-30": 130, "2009-06-30": 194, "2009-03-31": "688.00000", "2008-12-31": 136, "2008-09-30": 1671, "2008-06-30": 398, "2008-03-31": "-156.00000", "2007-12-31": -24, "2007-09-30": -447, "2007-06-30": -23, "2007-03-31": "1671.00000", "2006-12-31": 5, "2006-09-30": 7, "2006-06-30": -20, "2006-03-31": "1.00000", "2005-12-31": 1, "2005-09-30": -130, "2005-06-30": 169, "2005-03-31": "-16.00000"}, "Net Current Debt": {"2020-12-31": -7, "2020-09-30": -6, "2020-06-30": -4, "2020-03-31": "2.00000", "2019-12-31": 2, "2019-09-30": 0, "2019-06-30": -1, "2019-03-31": "1.00000", "2018-12-31": -10, "2018-09-30": -2, "2018-06-30": 0, "2018-03-31": "5.00000", "2017-12-31": -17, "2017-09-30": 6, "2017-06-30": 1, "2017-03-31": "8.00000", "2016-12-31": 3, "2016-09-30": -1, "2016-06-30": -7, "2016-03-31": "2.00000", "2015-12-31": -10, "2015-09-30": -2, "2015-06-30": -30, "2015-03-31": "26.00000", "2014-12-31": -101, "2014-09-30": -201, "2014-06-30": 304, "2014-03-31": "-4.00000", "2013-12-31": -2, "2013-09-30": 3, "2013-06-30": -100, "2013-03-31": "104.00000", "2012-12-31": -82, "2012-09-30": -290, "2012-06-30": 97, "2012-03-31": "41.00000", "2011-12-31": 122, "2011-09-30": 99, "2011-06-30": -157, "2011-03-31": "129.00000", "2010-12-31": 13, "2010-09-30": -90, "2010-06-30": 42, "2010-03-31": "-9.00000", "2009-12-31": -167, "2009-09-30": -414, "2009-06-30": -253, "2009-03-31": "-993.00000", "2008-12-31": 308, "2008-09-30": -98, "2008-06-30": -199, "2008-03-31": "572.00000", "2007-12-31": 491, "2007-09-30": -47, "2007-06-30": 195, "2007-03-31": "-1162.00000", "2006-12-31": -681, "2006-09-30": 327, "2006-06-30": 211, "2006-03-31": "829.00000", "2005-12-31": -249, "2005-09-30": 70, "2005-06-30": -599, "2005-03-31": "1065.00000"}, "Debt Issuance/Retirement Net - Total": {"2020-12-31": -9, "2020-09-30": -6, "2020-06-30": -845, "2020-03-31": "1202.00000", "2019-12-31": -401, "2019-09-30": -3, "2019-06-30": 0, "2019-03-31": "", "2018-12-31": -11, "2018-09-30": -3, "2018-06-30": 0, "2018-03-31": "-496.00000", "2017-12-31": -15, "2017-09-30": 7, "2017-06-30": -820, "2017-03-31": "8.00000", "2016-12-31": -758, "2016-09-30": -6, "2016-06-30": -11, "2016-03-31": "", "2015-12-31": -122, "2015-09-30": -9, "2015-06-30": -38, "2015-03-31": "24.00000", "2014-12-31": -110, "2014-09-30": 981, "2014-06-30": 296, "2014-03-31": "-14.00000", "2013-12-31": -14, "2013-09-30": -5, "2013-06-30": -531, "2013-03-31": "90.00000", "2012-12-31": -692, "2012-09-30": -273, "2012-06-30": -143, "2012-03-31": "357.00000", "2011-12-31": 52, "2011-09-30": 72, "2011-06-30": 30, "2011-03-31": "101.00000", "2010-12-31": -113, "2010-09-30": -555, "2010-06-30": 35, "2010-03-31": "-42.00000", "2009-12-31": -286, "2009-09-30": -284, "2009-06-30": -59, "2009-03-31": "-305.00000", "2008-12-31": 444, "2008-09-30": 1573, "2008-06-30": 199, "2008-03-31": "416.00000", "2007-12-31": 467, "2007-09-30": -494, "2007-06-30": 172, "2007-03-31": "509.00000", "2006-12-31": -676, "2006-09-30": 334, "2006-06-30": 191, "2006-03-31": "830.00000", "2005-12-31": -248, "2005-09-30": -60, "2005-06-30": -430, "2005-03-31": "1049.00000"}, "Net Common Equity Issued/Repurchased": {"2020-12-31": -19, "2020-09-30": -51, "2020-06-30": 0, "2020-03-31": "30.00000", "2019-12-31": -13, "2019-09-30": -192, "2019-06-30": -190, "2019-03-31": "-699.00000", "2018-12-31": 1, "2018-09-30": 2, "2018-06-30": 1, "2018-03-31": "12.00000", "2017-12-31": 2, "2017-09-30": 22, "2017-06-30": 4, "2017-03-31": "22.00000", "2016-12-31": 1, "2016-09-30": 1, "2016-06-30": 2, "2016-03-31": "", "2015-12-31": -1, "2015-09-30": 0, "2015-06-30": 2, "2015-03-31": "24.00000", "2014-12-31": 22, "2014-09-30": 31, "2014-06-30": 26, "2014-03-31": "71.00000", "2013-12-31": 12, "2013-09-30": 0, "2013-06-30": 1, "2013-03-31": "", "2012-12-31": 0, "2012-09-30": 2, "2012-06-30": 2, "2012-03-31": "8.00000", "2011-12-31": 1, "2011-09-30": 2, "2011-06-30": 6, "2011-03-31": "28.00000", "2010-12-31": 5, "2010-09-30": 1, "2010-06-30": 2, "2010-03-31": "5.00000", "2009-12-31": 0, "2009-09-30": 0, "2009-06-30": 0, "2009-03-31": "876.00000", "2008-12-31": 0, "2008-09-30": -476, "2008-06-30": -21, "2008-03-31": "-408.00000", "2007-12-31": -932, "2007-09-30": -904, "2007-06-30": 181, "2007-03-31": "-6.00000", "2006-12-31": 15, "2006-09-30": -75, "2006-06-30": -60, "2006-03-31": "-14.00000", "2005-12-31": -63, "2005-09-30": 10, "2005-06-30": -6, "2005-03-31": "23.00000"}, "Net Total Equity Issued/Repurchased": {"2020-12-31": -19, "2020-09-30": -51, "2020-06-30": 0, "2020-03-31": "30.00000", "2019-12-31": -13, "2019-09-30": -192, "2019-06-30": -190, "2019-03-31": "-699.00000", "2018-12-31": 1, "2018-09-30": 2, "2018-06-30": 1, "2018-03-31": "12.00000", "2017-12-31": 2, "2017-09-30": 22, "2017-06-30": 4, "2017-03-31": "22.00000", "2016-12-31": 1, "2016-09-30": 1, "2016-06-30": 2, "2016-03-31": "", "2015-12-31": -1, "2015-09-30": 0, "2015-06-30": 2, "2015-03-31": "24.00000", "2014-12-31": 20, "2014-09-30": 1244, "2014-06-30": 26, "2014-03-31": "71.00000", "2013-12-31": 12, "2013-09-30": 0, "2013-06-30": 1, "2013-03-31": "", "2012-12-31": 0, "2012-09-30": 2, "2012-06-30": 2, "2012-03-31": "8.00000", "2011-12-31": 1, "2011-09-30": 2, "2011-06-30": 6, "2011-03-31": "28.00000", "2010-12-31": 5, "2010-09-30": 1, "2010-06-30": 2, "2010-03-31": "5.00000", "2009-12-31": 0, "2009-09-30": 0, "2009-06-30": 0, "2009-03-31": "876.00000", "2008-12-31": 0, "2008-09-30": -476, "2008-06-30": -21, "2008-03-31": "-408.00000", "2007-12-31": -932, "2007-09-30": -904, "2007-06-30": 181, "2007-03-31": "-6.00000", "2006-12-31": 15, "2006-09-30": -75, "2006-06-30": -60, "2006-03-31": "-14.00000", "2005-12-31": -63, "2005-09-30": 10, "2005-06-30": -6, "2005-03-31": "23.00000"}, "Total Common And Preferred Stock Dividends Paid": {"2020-12-31": -1, "2020-09-30": 0, "2020-06-30": -1, "2020-03-31": "-9.00000", "2019-12-31": -9, "2019-09-30": -9, "2019-06-30": -10, "2019-03-31": "-29.00000", "2018-12-31": -30, "2018-09-30": -29, "2018-06-30": -30, "2018-03-31": "-30.00000", "2017-12-31": -30, "2017-09-30": -44, "2017-06-30": -43, "2017-03-31": "-59.00000", "2016-12-31": -107, "2016-09-30": -149, "2016-06-30": -91, "2016-03-31": "-107.00000", "2015-12-31": -108, "2015-09-30": -41, "2015-06-30": -97, "2015-03-31": "-83.00000", "2014-12-31": -101, "2014-09-30": -56, "2014-06-30": -56, "2014-03-31": "-68.00000", "2013-12-31": -62, "2013-09-30": -86, "2013-06-30": -35, "2013-03-31": "-58.00000", "2012-12-31": -57, "2012-09-30": -33, "2012-06-30": -77, "2012-03-31": "-59.00000", "2011-12-31": -37, "2011-09-30": -99, "2011-06-30": -122, "2011-03-31": "-130.00000", "2010-12-31": -133, "2010-09-30": -72, "2010-06-30": -72, "2010-03-31": "-104.00000", "2009-12-31": -77, "2009-09-30": -44, "2009-06-30": -33, "2009-03-31": "-214.00000", "2008-12-31": -238, "2008-09-30": -216, "2008-06-30": -218, "2008-03-31": "-179.00000", "2007-12-31": -201, "2007-09-30": -256, "2007-06-30": -195, "2007-03-31": "-306.00000", "2006-12-31": -251, "2006-09-30": -211, "2006-06-30": -216, "2006-03-31": "-246.00000", "2005-12-31": -132, "2005-09-30": -132, "2005-06-30": -132, "2005-03-31": "-203.00000"}, "Financial Activities - Other": {"2020-12-31": -1, "2020-09-30": -5, "2020-06-30": -576, "2020-03-31": "-78.00000", "2019-12-31": -1, "2019-09-30": 2, "2019-06-30": -1, "2019-03-31": "-13.00000", "2018-12-31": 0, "2018-09-30": -2, "2018-06-30": -6, "2018-03-31": "-28.00000", "2017-12-31": -2, "2017-09-30": 0, "2017-06-30": -53, "2017-03-31": "-14.00000", "2016-12-31": 457, "2016-09-30": 11, "2016-06-30": 0, "2016-03-31": "", "2015-12-31": 1, "2015-09-30": -2, "2015-06-30": 0, "2015-03-31": "9.00000", "2014-12-31": 10, "2014-09-30": -29, "2014-06-30": 15, "2014-03-31": "21.00000", "2013-12-31": -1, "2013-09-30": -2, "2013-06-30": -3, "2013-03-31": "15.00000", "2012-12-31": 37, "2012-09-30": 22, "2012-06-30": 20, "2012-03-31": "88.00000", "2011-12-31": 33, "2011-09-30": -2, "2011-06-30": 1, "2011-03-31": "126.00000", "2010-12-31": 40, "2010-09-30": 52, "2010-06-30": 38, "2010-03-31": "-39.00000", "2009-12-31": 153, "2009-09-30": 74, "2009-06-30": 90, "2009-03-31": "146.00000", "2008-12-31": 171, "2008-09-30": 123, "2008-06-30": 192, "2008-03-31": "116.00000", "2007-12-31": 107, "2007-09-30": 193, "2007-06-30": 114, "2007-03-31": "13.00000", "2006-12-31": 279, "2006-09-30": 25, "2006-06-30": 55, "2006-03-31": "", "2005-12-31": 0, "2005-09-30": 0, "2005-06-30": 0, "2005-03-31": ""}, "Cash Flow From Financial Activities": {"2020-12-31": -30, "2020-09-30": -62, "2020-06-30": -1422, "2020-03-31": "1145.00000", "2019-12-31": -424, "2019-09-30": -202, "2019-06-30": -201, "2019-03-31": "-741.00000", "2018-12-31": -40, "2018-09-30": -32, "2018-06-30": -35, "2018-03-31": "-542.00000", "2017-12-31": -45, "2017-09-30": -15, "2017-06-30": -912, "2017-03-31": "-43.00000", "2016-12-31": -407, "2016-09-30": -143, "2016-06-30": -100, "2016-03-31": "-107.00000", "2015-12-31": -230, "2015-09-30": -52, "2015-06-30": -133, "2015-03-31": "-26.00000", "2014-12-31": -181, "2014-09-30": 2140, "2014-06-30": 281, "2014-03-31": "10.00000", "2013-12-31": -65, "2013-09-30": -93, "2013-06-30": -568, "2013-03-31": "47.00000", "2012-12-31": -712, "2012-09-30": -282, "2012-06-30": -198, "2012-03-31": "394.00000", "2011-12-31": 49, "2011-09-30": -27, "2011-06-30": -85, "2011-03-31": "125.00000", "2010-12-31": -201, "2010-09-30": -574, "2010-06-30": 3, "2010-03-31": "-180.00000", "2009-12-31": -210, "2009-09-30": -254, "2009-06-30": -2, "2009-03-31": "503.00000", "2008-12-31": 377, "2008-09-30": 1004, "2008-06-30": 152, "2008-03-31": "-55.00000", "2007-12-31": -559, "2007-09-30": -1461, "2007-06-30": 272, "2007-03-31": "210.00000", "2006-12-31": -633, "2006-09-30": 73, "2006-06-30": -30, "2006-03-31": "570.00000", "2005-12-31": -443, "2005-09-30": -182, "2005-06-30": -568, "2005-03-31": "869.00000"}, "Net Cash Flow": {"2020-12-31": 243, "2020-09-30": 83, "2020-06-30": -1358, "2020-03-31": "940.00000", "2019-12-31": 379, "2019-09-30": -36, "2019-06-30": 34, "2019-03-31": "-956.00000", "2018-12-31": 740, "2018-09-30": 82, "2018-06-30": 252, "2018-03-31": "-945.00000", "2017-12-31": 333, "2017-09-30": 30, "2017-06-30": -764, "2017-03-31": "676.00000", "2016-12-31": -23, "2016-09-30": -66, "2016-06-30": 545, "2016-03-31": "-535.00000", "2015-12-31": 180, "2015-09-30": 428, "2015-06-30": 120, "2015-03-31": "-686.00000", "2014-12-31": -1395, "2014-09-30": 2089, "2014-06-30": 518, "2014-03-31": "-772.00000", "2013-12-31": 420, "2013-09-30": -185, "2013-06-30": -353, "2013-03-31": "-306.00000", "2012-12-31": 429, "2012-09-30": -280, "2012-06-30": -37, "2012-03-31": "-190.00000", "2011-12-31": 607, "2011-09-30": 72, "2011-06-30": 373, "2011-03-31": "-656.00000", "2010-12-31": 700, "2010-09-30": -501, "2010-06-30": 52, "2010-03-31": "-189.00000", "2009-12-31": 415, "2009-09-30": 215, "2009-06-30": -280, "2009-03-31": "369.00000", "2008-12-31": -69, "2008-09-30": 16, "2008-06-30": 437, "2008-03-31": "-105.00000", "2007-12-31": -831, "2007-09-30": 146, "2007-06-30": 748, "2007-03-31": "-86.00000", "2006-12-31": -56, "2006-09-30": 109, "2006-06-30": -6, "2006-03-31": "-303.00000", "2005-12-31": 230, "2005-09-30": 75, "2005-06-30": -40, "2005-03-31": "40.00000"}, "Stock-Based Compensation": {"2020-12-31": 10, "2020-09-30": 12, "2020-06-30": 10, "2020-03-31": "13.00000", "2019-12-31": 16, "2019-09-30": 17, "2019-06-30": 17, "2019-03-31": "10.00000", "2018-12-31": 7, "2018-09-30": 14, "2018-06-30": 14, "2018-03-31": "15.00000", "2017-12-31": 8, "2017-09-30": 11, "2017-06-30": 20, "2017-03-31": "28.00000", "2016-12-31": 13, "2016-09-30": 18, "2016-06-30": 29, "2016-03-31": "26.00000", "2015-12-31": 14, "2015-09-30": 23, "2015-06-30": 29, "2015-03-31": "26.00000", "2014-12-31": 16, "2014-09-30": 22, "2014-06-30": 24, "2014-03-31": "25.00000", "2013-12-31": 12, "2013-09-30": 13, "2013-06-30": 23, "2013-03-31": "23.00000", "2012-12-31": 13, "2012-09-30": 15, "2012-06-30": 20, "2012-03-31": "19.00000", "2011-12-31": 13, "2011-09-30": 25, "2011-06-30": 22, "2011-03-31": "23.00000", "2010-12-31": 14, "2010-09-30": 20, "2010-06-30": 25, "2010-03-31": "25.00000", "2009-12-31": 18, "2009-09-30": 16, "2009-06-30": 27, "2009-03-31": "26.00000", "2008-12-31": 9, "2008-09-30": 15, "2008-06-30": 33, "2008-03-31": "37.00000", "2007-12-31": 14, "2007-09-30": 32, "2007-06-30": 27, "2007-03-31": "24.00000", "2006-12-31": 15, "2006-09-30": 7, "2006-06-30": 22, "2006-03-31": "28.00000", "2005-12-31": 7, "2005-09-30": 6, "2005-06-30": 7, "2005-03-31": "5.00000"}, "Common Stock Dividends Paid": {"2020-12-31": -1, "2020-09-30": 0, "2020-06-30": -1, "2020-03-31": "-9.00000", "2019-12-31": -9, "2019-09-30": -9, "2019-06-30": -10, "2019-03-31": "-29.00000", "2018-12-31": -30, "2018-09-30": -29, "2018-06-30": -30, "2018-03-31": "-30.00000", "2017-12-31": -30, "2017-09-30": -44, "2017-06-30": -43, "2017-03-31": "-59.00000", "2016-12-31": -107, "2016-09-30": -149, "2016-06-30": -91, "2016-03-31": "-107.00000", "2015-12-31": -108, "2015-09-30": -41, "2015-06-30": -97, "2015-03-31": "-83.00000", "2014-12-31": -101, "2014-09-30": -56, "2014-06-30": -56, "2014-03-31": "-68.00000", "2013-12-31": -62, "2013-09-30": -86, "2013-06-30": -35, "2013-03-31": "-58.00000", "2012-12-31": -57, "2012-09-30": -33, "2012-06-30": -77, "2012-03-31": "-59.00000", "2011-12-31": -37, "2011-09-30": -99, "2011-06-30": -122, "2011-03-31": "-130.00000", "2010-12-31": -133, "2010-09-30": -72, "2010-06-30": -72, "2010-03-31": "-104.00000", "2009-12-31": -77, "2009-09-30": -44, "2009-06-30": -33, "2009-03-31": "-214.00000", "2008-12-31": -238, "2008-09-30": -216, "2008-06-30": -218, "2008-03-31": "-179.00000", "2007-12-31": -201, "2007-09-30": -256, "2007-06-30": -195, "2007-03-31": "-306.00000", "2006-12-31": -251, "2006-09-30": -211, "2006-06-30": -216, "2006-03-31": "-246.00000", "2005-12-31": -132, "2005-09-30": -132, "2005-06-30": -132, "2005-03-31": "-203.00000"}}, "financial ratios": {"Current Ratio": {"2019-12-31": "1.41590", "2018-12-31": "1.86960", "2017-12-31": "2.25850", "2016-12-31": "2.14330", "2015-12-31": "1.52620", "2014-12-31": "1.43790", "2013-12-31": "1.14150", "2012-12-31": "1.29590", "2011-12-31": "1.28270", "2010-12-31": "1.31770", "2009-12-31": "1.29700", "2008-12-31": "1.11970", "2007-12-31": "1.07630", "2006-12-31": "1.21430", "2005-12-31": "1.16300"}, "Long-term Debt / Capital": {"2019-12-31": "0.51500", "2018-12-31": "0.51350", "2017-12-31": "0.58020", "2016-12-31": "0.61010", "2015-12-31": "0.38340", "2014-12-31": "0.37220", "2013-12-31": "0.36000", "2012-12-31": "0.33470", "2011-12-31": "0.33440", "2010-12-31": "0.34100", "2009-12-31": "0.36640", "2008-12-31": "0.37250", "2007-12-31": "0.28460", "2006-12-31": "0.28770", "2005-12-31": "0.28290"}, "Debt/Equity Ratio": {"2019-12-31": "1.28540", "2018-12-31": "1.13340", "2017-12-31": "1.38990", "2016-12-31": "1.57250", "2015-12-31": "0.62470", "2014-12-31": "0.59840", "2013-12-31": "0.61520", "2012-12-31": "0.53430", "2011-12-31": "0.54500", "2010-12-31": "0.53640", "2009-12-31": "0.63270", "2008-12-31": "0.73810", "2007-12-31": "0.49900", "2006-12-31": "0.49350", "2005-12-31": "0.48920"}, "Gross Margin": {"2019-12-31": "20.89210", "2018-12-31": "18.67420", "2017-12-31": "21.13430", "2016-12-31": "21.76860", "2015-12-31": "18.60150", "2014-12-31": "17.48530", "2013-12-31": "16.26430", "2012-12-31": "13.91980", "2011-12-31": "17.91910", "2010-12-31": "18.26960", "2009-12-31": "8.33560", "2008-12-31": "17.56810", "2007-12-31": "22.12090", "2006-12-31": "24.16240", "2005-12-31": "19.02380"}, "Operating Margin": {"2019-12-31": "7.29280", "2018-12-31": "9.45480", "2017-12-31": "3.70370", "2016-12-31": "7.69730", "2015-12-31": "5.05920", "2014-12-31": "4.38530", "2013-12-31": "1.48920", "2012-12-31": "1.99580", "2011-12-31": "6.01180", "2010-12-31": "4.98260", "2009-12-31": "-6.44830", "2008-12-31": "4.23780", "2007-12-31": "11.21240", "2006-12-31": "12.65290", "2005-12-31": "7.15350"}, "EBIT Margin": {"2019-12-31": "7.29280", "2018-12-31": "9.45480", "2017-12-31": "3.70370", "2016-12-31": "7.69730", "2015-12-31": "5.05920", "2014-12-31": "4.38530", "2013-12-31": "1.48920", "2012-12-31": "1.99580", "2011-12-31": "6.01180", "2010-12-31": "4.98260", "2009-12-31": "-6.44830", "2008-12-31": "4.23780", "2007-12-31": "11.21240", "2006-12-31": "12.65290", "2005-12-31": "7.15350"}, "EBITDA Margin": {"2019-12-31": "11.06960", "2018-12-31": "13.56500", "2017-12-31": "13.50310", "2016-12-31": "16.83070", "2015-12-31": "15.57240", "2014-12-31": "15.32450", "2013-12-31": "15.17890", "2012-12-31": "8.16460", "2011-12-31": "11.94740", "2010-12-31": "11.88790", "2009-12-31": "0.66160", "2008-12-31": "8.82500", "2007-12-31": "15.46450", "2006-12-31": "16.97760", "2005-12-31": "12.07370"}, "Pre-Tax Profit Margin": {"2019-12-31": "4.05160", "2018-12-31": "6.19380", "2017-12-31": "3.62650", "2016-12-31": "3.34030", "2015-12-31": "1.47430", "2014-12-31": "0.90100", "2013-12-31": "-7.88470", "2012-12-31": "1.36710", "2011-12-31": "4.26040", "2010-12-31": "2.60790", "2009-12-31": "-8.12410", "2008-12-31": "2.94410", "2007-12-31": "16.40030", "2006-12-31": "12.14160", "2005-12-31": "7.70490"}, "Net Profit Margin": {"2019-12-31": "3.36100", "2018-12-31": "4.64540", "2017-12-31": "-0.97990", "2016-12-31": "-8.14910", "2015-12-31": "-3.14990", "2014-12-31": "1.96940", "2013-12-31": "-9.92970", "2012-12-31": "0.79750", "2011-12-31": "2.44880", "2010-12-31": "1.23260", "2009-12-31": "-6.24220", "2008-12-31": "-0.27510", "2007-12-31": "8.75680", "2006-12-31": "7.76510", "2005-12-31": "4.82240"}, "Asset Turnover": {"2019-12-31": "0.80740", "2018-12-31": "0.74970", "2017-12-31": "0.69240", "2016-12-31": "0.61850", "2015-12-31": "0.34030", "2014-12-31": "0.33570", "2013-12-31": "0.64440", "2012-12-31": "0.58990", "2011-12-31": "0.62190", "2010-12-31": "0.53480", "2009-12-31": "0.47930", "2008-12-31": "0.71130", "2007-12-31": "0.75460", "2006-12-31": "0.77860", "2005-12-31": "0.75880"}, "Inventory Turnover Ratio": {"2019-12-31": "4.62210", "2018-12-31": "4.57340", "2017-12-31": "4.12140", "2016-12-31": "4.30360", "2015-12-31": "4.42380", "2014-12-31": "3.35790", "2013-12-31": "7.12980", "2012-12-31": "7.22160", "2011-12-31": "7.06450", "2010-12-31": "6.64630", "2009-12-31": "7.26030", "2008-12-31": "6.84840", "2007-12-31": "7.39400", "2006-12-31": "6.49560", "2005-12-31": "6.48820"}, "Receiveable Turnover": {"2019-12-31": "9.78080", "2018-12-31": "9.35510", "2017-12-31": "9.43230", "2016-12-31": "8.54170", "2015-12-31": "9.16770", "2014-12-31": "5.89380", "2013-12-31": "12.66890", "2012-12-31": "13.62850", "2011-12-31": "12.84810", "2010-12-31": "10.96140", "2009-12-31": "8.45050", "2008-12-31": "10.38250", "2007-12-31": "10.42740", "2006-12-31": "9.37200", "2005-12-31": "8.42160"}, "Days Sales In Receivables": {"2019-12-31": "37.31790", "2018-12-31": "39.01600", "2017-12-31": "38.69680", "2016-12-31": "42.73160", "2015-12-31": "39.81390", "2014-12-31": "61.92950", "2013-12-31": "28.81080", "2012-12-31": "26.78210", "2011-12-31": "28.40890", "2010-12-31": "33.29870", "2009-12-31": "43.19270", "2008-12-31": "35.15540", "2007-12-31": "35.00410", "2006-12-31": "38.94590", "2005-12-31": "43.34090"}, "ROE - Return On Equity": {"2019-12-31": "10.29350", "2018-12-31": "11.60940", "2017-12-31": "-1.51980", "2016-12-31": "-20.89320", "2015-12-31": "-1.10850", "2014-12-31": "-0.41400", "2013-12-31": "-16.66300", "2012-12-31": "0.98370", "2011-12-31": "4.71410", "2010-12-31": "2.34870", "2009-12-31": "-5.97480", "2008-12-31": "3.15190", "2007-12-31": "19.91730", "2006-12-31": "15.27170", "2005-12-31": "9.43840"}, "Return On Tangible Equity": {"2019-12-31": "-88.67920", "2018-12-31": "386.74700", "2017-12-31": "12.37460", "2016-12-31": "106.73370", "2015-12-31": "-1.75640", "2014-12-31": "-0.63890", "2013-12-31": "-22.20240", "2012-12-31": "1.42690", "2011-12-31": "6.71210", "2010-12-31": "3.34340", "2009-12-31": "-8.82610", "2008-12-31": "4.81230", "2007-12-31": "28.34090", "2006-12-31": "22.84010", "2005-12-31": "17.30210"}, "ROA - Return On Assets": {"2019-12-31": "2.67380", "2018-12-31": "3.43440", "2017-12-31": "-0.39530", "2016-12-31": "-5.29990", "2015-12-31": "-0.42770", "2014-12-31": "-0.16330", "2013-12-31": "-6.27830", "2012-12-31": "0.40320", "2011-12-31": "2.01400", "2010-12-31": "1.01800", "2009-12-31": "-2.40170", "2008-12-31": "1.18980", "2007-12-31": "8.19270", "2006-12-31": "5.98660", "2005-12-31": "3.73040"}, "ROI - Return On Investment": {"2019-12-31": "4.93330", "2018-12-31": "5.59180", "2017-12-31": "-0.63090", "2016-12-31": "-8.05460", "2015-12-31": "-0.68070", "2014-12-31": "-0.25890", "2013-12-31": "-10.62050", "2012-12-31": "0.65230", "2011-12-31": "3.12750", "2010-12-31": "1.54270", "2009-12-31": "-3.77240", "2008-12-31": "1.97010", "2007-12-31": "14.20020", "2006-12-31": "10.83740", "2005-12-31": "6.74030"}, "Book Value Per Share": {"2019-12-31": "10.67560", "2018-12-31": "11.55670", "2017-12-31": "10.22810", "2016-12-31": "11.72350", "2015-12-31": "10.78570", "2014-12-31": "36.48210", "2013-12-31": "37.88020", "2012-12-31": "46.45180", "2011-12-31": "48.46820", "2010-12-31": "50.15830", "2009-12-31": "47.78910", "2008-12-31": "53.72910", "2007-12-31": "58.07670", "2006-12-31": "50.58820", "2005-12-31": "46.10420"}, "Operating Cash Flow Per Share": {"2019-12-31": 0.4455, "2018-12-31": 0.5179, "2017-12-31": -0.3034, "2016-12-31": -3.5498, "2015-12-31": -0.4928, "2014-12-31": -0.1652, "2013-12-31": 0.2505, "2012-12-31": -1.493, "2011-12-31": -0.951, "2010-12-31": 2.2381, "2009-12-31": -0.1739, "2008-12-31": -6.2242, "2007-12-31": 1.9762, "2006-12-31": 3.0682, "2005-12-31": 5.7338}, "Free Cash Flow Per Share": {"2019-12-31": 0.3148, "2018-12-31": 0.9468, "2017-12-31": -0.6562, "2016-12-31": -1.9955, "2015-12-31": -0.5777, "2014-12-31": 0.6855, "2013-12-31": 0.4579, "2012-12-31": -1.6832, "2011-12-31": -1.3059, "2010-12-31": 4.4719, "2009-12-31": 7.309, "2008-12-31": -6.3148, "2007-12-31": 0.3687, "2006-12-31": -0.6071, "2005-12-31": -1.5805}}, "financial ratios, quarterly": {"Current Ratio": {"2020-09-30": "2.28280", "2020-06-30": "2.23280", "2020-03-31": "1.69170", "2019-12-31": "1.41650", "2019-09-30": "1.32470", "2019-06-30": "1.66200", "2019-03-31": "1.65430", "2018-12-31": "1.86960", "2018-09-30": "2.03450", "2018-06-30": "2.04060", "2018-03-31": "2.10390", "2017-12-31": "2.25850", "2017-09-30": "2.29660", "2017-06-30": "2.26980", "2017-03-31": "2.59370", "2016-12-31": "2.14330", "2016-09-30": "1.70330", "2016-06-30": "1.47470", "2016-03-31": "1.37980", "2015-12-31": "1.52620", "2015-09-30": "1.66930", "2015-06-30": "1.50380", "2015-03-31": "1.52490", "2014-12-31": "1.43790", "2014-09-30": "1.80970", "2014-06-30": "1.26450", "2014-03-31": "1.28440", "2013-12-31": "1.14150", "2013-09-30": "1.16710", "2013-06-30": "1.17730", "2013-03-31": "1.19510", "2012-12-31": "1.29590", "2012-09-30": "1.19050", "2012-06-30": "1.26270", "2012-03-31": "1.25290", "2011-12-31": "1.28270", "2011-09-30": "1.36400", "2011-06-30": "1.35660", "2011-03-31": "1.26100", "2010-12-31": "1.31770", "2010-09-30": "1.39240", "2010-06-30": "1.19640", "2010-03-31": "1.28670", "2009-12-31": "1.29700", "2009-09-30": "1.40160", "2009-06-30": "1.47560", "2009-03-31": "1.52220", "2008-12-31": "1.11970", "2008-09-30": "1.31650", "2008-06-30": "1.24860", "2008-03-31": "1.14290", "2007-12-31": "1.07630", "2007-09-30": "1.24470", "2007-06-30": "1.35310", "2007-03-31": "1.33810", "2006-12-31": "1.21430", "2006-09-30": "1.03780", "2006-06-30": "1.20240", "2006-03-31": "1.18310", "2005-12-31": "1.16300", "2005-09-30": "1.20510", "2005-06-30": "1.24620", "2005-03-31": "1.13070"}, "Long-term Debt / Capital": {"2020-09-30": "0.57290", "2020-06-30": "0.57650", "2020-03-31": "0.54630", "2019-12-31": "0.51580", "2019-09-30": "0.51010", "2019-06-30": "0.54810", "2019-03-31": "0.53250", "2018-12-31": "0.51350", "2018-09-30": "0.54020", "2018-06-30": "0.54740", "2018-03-31": "0.54430", "2017-12-31": "0.58020", "2017-09-30": "0.53290", "2017-06-30": "0.54160", "2017-03-31": "0.59420", "2016-12-31": "0.61010", "2016-09-30": "0.40520", "2016-06-30": "0.36300", "2016-03-31": "0.36510", "2015-12-31": "0.38340", "2015-09-30": "0.38230", "2015-06-30": "0.37310", "2015-03-31": "0.38620", "2014-12-31": "0.37220", "2014-09-30": "0.36760", "2014-06-30": "0.34110", "2014-03-31": "0.34610", "2013-12-31": "0.36000", "2013-09-30": "0.32480", "2013-06-30": "0.32690", "2013-03-31": "0.31590", "2012-12-31": "0.33470", "2012-09-30": "0.33130", "2012-06-30": "0.33570", "2012-03-31": "0.32840", "2011-12-31": "0.33440", "2011-09-30": "0.32140", "2011-06-30": "0.31170", "2011-03-31": "0.31600", "2010-12-31": "0.34100", "2010-09-30": "0.34890", "2010-06-30": "0.34500", "2010-03-31": "0.36020", "2009-12-31": "0.36640", "2009-09-30": "0.35860", "2009-06-30": "0.37600", "2009-03-31": "0.37880", "2008-12-31": "0.37250", "2008-09-30": "0.35720", "2008-06-30": "0.28880", "2008-03-31": "0.28930", "2007-12-31": "0.28460", "2007-09-30": "0.28460", "2007-06-30": "0.27120", "2007-03-31": "0.29040", "2006-12-31": "0.28770", "2006-09-30": "0.23220", "2006-06-30": "0.26350", "2006-03-31": "0.27280", "2005-12-31": "0.28290", "2005-09-30": "0.28300", "2005-06-30": "0.29220", "2005-03-31": "0.28210"}, "Debt/Equity Ratio": {"2020-09-30": "1.45130", "2020-06-30": "1.47460", "2020-03-31": "1.48410", "2019-12-31": "1.28990", "2019-09-30": "1.34590", "2019-06-30": "1.30190", "2019-03-31": "1.22330", "2018-12-31": "1.13340", "2018-09-30": "1.18270", "2018-06-30": "1.21830", "2018-03-31": "1.20300", "2017-12-31": "1.38990", "2017-09-30": "1.15030", "2017-06-30": "1.18960", "2017-03-31": "1.47280", "2016-12-31": "1.57250", "2016-09-30": "0.73900", "2016-06-30": "0.62530", "2016-03-31": "0.63150", "2015-12-31": "0.62470", "2015-09-30": "0.63150", "2015-06-30": "0.60040", "2015-03-31": "0.63690", "2014-12-31": "0.59840", "2014-09-30": "0.59390", "2014-06-30": "0.54770", "2014-03-31": "0.53900", "2013-12-31": "0.61520", "2013-09-30": "0.52600", "2013-06-30": "0.52710", "2013-03-31": "0.53210", "2012-12-31": "0.53430", "2012-09-30": "0.56510", "2012-06-30": "0.56410", "2012-03-31": "0.55280", "2011-12-31": "0.54500", "2011-09-30": "0.50930", "2011-06-30": "0.48260", "2011-03-31": "0.50500", "2010-12-31": "0.53640", "2010-09-30": "0.55480", "2010-06-30": "0.62320", "2010-03-31": "0.61560", "2009-12-31": "0.63270", "2009-09-30": "0.62110", "2009-06-30": "0.65880", "2009-03-31": "0.68320", "2008-12-31": "0.73810", "2008-09-30": "0.67240", "2008-06-30": "0.51710", "2008-03-31": "0.53730", "2007-12-31": "0.49900", "2007-09-30": "0.46880", "2007-06-30": "0.46950", "2007-03-31": "0.50320", "2006-12-31": "0.49350", "2006-09-30": "0.53960", "2006-06-30": "0.51870", "2006-03-31": "0.52600", "2005-12-31": "0.48920", "2005-09-30": "0.50310", "2005-06-30": "0.51840", "2005-03-31": "0.54290"}, "Gross Margin": {"2020-09-30": "20.63490", "2020-06-30": "26.33680", "2020-03-31": "22.84200", "2019-12-31": "18.21280", "2019-09-30": "26.58860", "2019-06-30": "26.56770", "2019-03-31": "20.41800", "2018-12-31": "18.05880", "2018-09-30": "18.24630", "2018-06-30": "18.75180", "2018-03-31": "19.65170", "2017-12-31": "19.81050", "2017-09-30": "19.93200", "2017-06-30": "21.83380", "2017-03-31": "22.99500", "2016-12-31": "19.95280", "2016-09-30": "20.23580", "2016-06-30": "21.67590", "2016-03-31": "21.44030", "2015-12-31": "16.03430", "2015-09-30": "18.19490", "2015-06-30": "20.92590", "2015-03-31": "23.64670", "2014-12-31": "22.01660", "2014-09-30": "21.39770", "2014-06-30": "18.35160", "2014-03-31": "17.58340", "2013-12-31": "15.70280", "2013-09-30": "16.77360", "2013-06-30": "15.66080", "2013-03-31": "16.90380", "2012-12-31": "17.20920", "2012-09-30": "9.72060", "2012-06-30": "13.56700", "2012-03-31": "15.11820", "2011-12-31": "12.70660", "2011-09-30": "17.58840", "2011-06-30": "20.31890", "2011-03-31": "20.86270", "2010-12-31": "19.70980", "2010-09-30": "16.53110", "2010-06-30": "18.83560", "2010-03-31": "17.88420", "2009-12-31": "9.71840", "2009-09-30": "15.75300", "2009-06-30": "6.55040", "2009-03-31": "0.09650", "2008-12-31": "7.22570", "2008-09-30": "18.96700", "2008-06-30": "21.00760", "2008-03-31": "21.02030", "2007-12-31": "20.45950", "2007-09-30": "19.99460", "2007-06-30": "23.40690", "2007-03-31": "24.03900", "2006-12-31": "25.61220", "2006-09-30": "21.17680", "2006-06-30": "25.26610", "2006-03-31": "24.84880", "2005-12-31": "18.43920", "2005-09-30": "17.77850", "2005-06-30": "19.19920", "2005-03-31": "20.70410"}, "Operating Margin": {"2020-09-30": "6.43740", "2020-06-30": "5.90580", "2020-03-31": "12.43380", "2019-12-31": "8.25400", "2019-09-30": "14.26980", "2019-06-30": "-9.68100", "2019-03-31": "10.56200", "2018-12-31": "9.30300", "2018-09-30": "9.79000", "2018-06-30": "9.06800", "2018-03-31": "9.66620", "2017-12-31": "-13.23750", "2017-09-30": "9.57970", "2017-06-30": "9.81290", "2017-03-31": "8.86590", "2016-12-31": "0.97740", "2016-09-30": "7.55260", "2016-06-30": "8.75080", "2016-03-31": "8.83800", "2015-12-31": "-6.42520", "2015-09-30": "5.63430", "2015-06-30": "6.88490", "2015-03-31": "10.15640", "2014-12-31": "5.48850", "2014-09-30": "7.67750", "2014-06-30": "5.43180", "2014-03-31": "-2.36520", "2013-12-31": "-2.95430", "2013-09-30": "3.05290", "2013-06-30": "0.17100", "2013-03-31": "5.52030", "2012-12-31": "2.96710", "2012-09-30": "-1.47440", "2012-06-30": "2.33100", "2012-03-31": "4.07930", "2011-12-31": "-2.57140", "2011-09-30": "6.79230", "2011-06-30": "9.56720", "2011-03-31": "9.86910", "2010-12-31": "7.48410", "2010-09-30": "4.57730", "2010-06-30": "6.38130", "2010-03-31": "1.04360", "2009-12-31": "-4.63830", "2009-09-30": "2.05850", "2009-06-30": "-9.40150", "2009-03-31": "-15.26410", "2008-12-31": "-18.95220", "2008-09-30": "9.13920", "2008-06-30": "11.67700", "2008-03-31": "10.50300", "2007-12-31": "10.96470", "2007-09-30": "3.60090", "2007-06-30": "14.95170", "2007-03-31": "14.69400", "2006-12-31": "6.84760", "2006-09-30": "11.99060", "2006-06-30": "16.04460", "2006-03-31": "14.87840", "2005-12-31": "7.22850", "2005-09-30": "7.13950", "2005-06-30": "5.37880", "2005-03-31": "9.00180"}, "EBIT Margin": {"2020-09-30": "6.43740", "2020-06-30": "5.90580", "2020-03-31": "12.43380", "2019-12-31": "8.25400", "2019-09-30": "14.26980", "2019-06-30": "-9.68100", "2019-03-31": "10.56200", "2018-12-31": "9.30300", "2018-09-30": "9.79000", "2018-06-30": "9.06800", "2018-03-31": "9.66620", "2017-12-31": "-13.23750", "2017-09-30": "9.57970", "2017-06-30": "9.81290", "2017-03-31": "8.86590", "2016-12-31": "0.97740", "2016-09-30": "7.55260", "2016-06-30": "8.75080", "2016-03-31": "8.83800", "2015-12-31": "-6.42520", "2015-09-30": "5.63430", "2015-06-30": "6.88490", "2015-03-31": "10.15640", "2014-12-31": "5.48850", "2014-09-30": "7.67750", "2014-06-30": "5.43180", "2014-03-31": "-2.36520", "2013-12-31": "-2.95430", "2013-09-30": "3.05290", "2013-06-30": "0.17100", "2013-03-31": "5.52030", "2012-12-31": "2.96710", "2012-09-30": "-1.47440", "2012-06-30": "2.33100", "2012-03-31": "4.07930", "2011-12-31": "-2.57140", "2011-09-30": "6.79230", "2011-06-30": "9.56720", "2011-03-31": "9.86910", "2010-12-31": "7.48410", "2010-09-30": "4.57730", "2010-06-30": "6.38130", "2010-03-31": "1.04360", "2009-12-31": "-4.63830", "2009-09-30": "2.05850", "2009-06-30": "-9.40150", "2009-03-31": "-15.26410", "2008-12-31": "-18.95220", "2008-09-30": "9.13920", "2008-06-30": "11.67700", "2008-03-31": "10.50300", "2007-12-31": "10.96470", "2007-09-30": "3.60090", "2007-06-30": "14.95170", "2007-03-31": "14.69400", "2006-12-31": "6.84760", "2006-09-30": "11.99060", "2006-06-30": "16.04460", "2006-03-31": "14.87840", "2005-12-31": "7.22850", "2005-09-30": "7.13950", "2005-06-30": "5.37880", "2005-03-31": "9.00180"}, "EBITDA Margin": {"2020-09-30": "", "2020-06-30": "", "2020-03-31": "", "2019-12-31": "", "2019-09-30": "", "2019-06-30": "", "2019-03-31": "", "2018-12-31": "", "2018-09-30": "", "2018-06-30": "", "2018-03-31": "", "2017-12-31": "", "2017-09-30": "", "2017-06-30": "", "2017-03-31": "", "2016-12-31": "", "2016-09-30": "", "2016-06-30": "", "2016-03-31": "", "2015-12-31": "", "2015-09-30": "", "2015-06-30": "", "2015-03-31": "", "2014-12-31": "", "2014-09-30": "", "2014-06-30": "", "2014-03-31": "", "2013-12-31": "", "2013-09-30": "", "2013-06-30": "", "2013-03-31": "", "2012-12-31": "", "2012-09-30": "", "2012-06-30": "", "2012-03-31": "", "2011-12-31": "", "2011-09-30": "", "2011-06-30": "", "2011-03-31": "", "2010-12-31": "", "2010-09-30": "", "2010-06-30": "", "2010-03-31": "", "2009-12-31": "", "2009-09-30": "", "2009-06-30": "", "2009-03-31": "", "2008-12-31": "", "2008-09-30": "", "2008-06-30": "", "2008-03-31": "", "2007-12-31": "", "2007-09-30": "", "2007-06-30": "", "2007-03-31": "", "2006-12-31": "", "2006-09-30": "", "2006-06-30": "", "2006-03-31": "", "2005-12-31": "", "2005-09-30": "", "2005-06-30": "", "2005-03-31": ""}, "Pre-Tax Profit Margin": {"2020-09-30": "-1.05820", "2020-06-30": "-6.86350", "2020-03-31": "9.06820", "2019-12-31": "6.00940", "2019-09-30": "9.08580", "2019-06-30": "-14.74150", "2019-03-31": "7.25780", "2018-12-31": "6.50920", "2018-09-30": "7.06580", "2018-06-30": "5.42960", "2018-03-31": "5.77650", "2017-12-31": "-13.91010", "2017-09-30": "5.31520", "2017-06-30": "8.24900", "2017-03-31": "15.16290", "2016-12-31": "-1.51670", "2016-09-30": "3.88780", "2016-06-30": "5.44220", "2016-03-31": "5.27000", "2015-12-31": "-9.91420", "2015-09-30": "3.69640", "2015-06-30": "4.78210", "2015-03-31": "8.26600", "2014-12-31": "3.66940", "2014-09-30": "5.28930", "2014-06-30": "3.54700", "2014-03-31": "-5.02380", "2013-12-31": "-35.77440", "2013-09-30": "1.30100", "2013-06-30": "-2.17130", "2013-03-31": "4.01170", "2012-12-31": "6.78200", "2012-09-30": "-3.56590", "2012-06-30": "-0.10060", "2012-03-31": "2.29770", "2011-12-31": "-3.99060", "2011-09-30": "4.36210", "2011-06-30": "7.85120", "2011-03-31": "8.47600", "2010-12-31": "6.15710", "2010-09-30": "1.13490", "2010-06-30": "4.39560", "2010-03-31": "-1.80070", "2009-12-31": "-7.25200", "2009-09-30": "2.12350", "2009-06-30": "-10.01410", "2009-03-31": "-18.73640", "2008-12-31": "-20.51690", "2008-09-30": "7.54660", "2008-06-30": "11.80120", "2008-03-31": "8.25950", "2007-12-31": "13.27930", "2007-09-30": "23.18940", "2007-06-30": "14.62930", "2007-03-31": "14.20080", "2006-12-31": "6.83200", "2006-09-30": "11.29600", "2006-06-30": "15.57010", "2006-03-31": "14.07680", "2005-12-31": "6.06110", "2005-09-30": "7.07700", "2005-06-30": "9.26340", "2005-03-31": "8.32660"}, "Net Profit Margin": {"2020-09-30": "3.08640", "2020-06-30": "-7.66160", "2020-03-31": "6.66870", "2019-12-31": "4.51770", "2019-09-30": "5.23970", "2019-06-30": "-6.65570", "2019-03-31": "5.25280", "2018-12-31": "6.59560", "2018-09-30": "4.54030", "2018-06-30": "3.35850", "2018-03-31": "4.12190", "2017-12-31": "-22.22560", "2017-09-30": "3.12110", "2017-06-30": "5.94910", "2017-03-31": "9.55510", "2016-12-31": "-42.06270", "2016-09-30": "4.71640", "2016-06-30": "3.64870", "2016-03-31": "-0.06550", "2015-12-31": "-9.53290", "2015-09-30": "0.46650", "2015-06-30": "2.08580", "2015-03-31": "3.05890", "2014-12-31": "2.49330", "2014-09-30": "2.38820", "2014-06-30": "2.36460", "2014-03-31": "-3.28200", "2013-12-31": "-41.88000", "2013-09-30": "0.39900", "2013-06-30": "-2.03450", "2013-03-31": "2.53730", "2012-12-31": "4.10310", "2012-09-30": "-2.46870", "2012-06-30": "-0.03350", "2012-03-31": "1.54850", "2011-12-31": "-3.17250", "2011-09-30": "2.66400", "2011-06-30": "4.88990", "2011-03-31": "5.16950", "2010-12-31": "4.65320", "2010-09-30": "1.15380", "2010-06-30": "2.62190", "2010-03-31": "-4.11300", "2009-12-31": "-5.09850", "2009-09-30": "1.66850", "2009-06-30": "-10.69750", "2009-03-31": "-11.98460", "2008-12-31": "-20.93880", "2008-09-30": "3.84510", "2008-06-30": "7.53620", "2008-03-31": "4.32980", "2007-12-31": "10.67750", "2007-09-30": "7.51320", "2007-06-30": "8.86440", "2007-03-31": "8.37130", "2006-12-31": "5.59980", "2006-09-30": "7.03710", "2006-06-30": "9.54210", "2006-03-31": "8.55010", "2005-12-31": "3.58230", "2005-09-30": "4.51490", "2005-06-30": "6.87290", "2005-03-31": "4.17940"}, "Asset Turnover": {"2020-09-30": "0.10000", "2020-06-30": "0.11030", "2020-03-31": "0.17380", "2019-12-31": "0.40080", "2019-09-30": "0.10260", "2019-06-30": "0.10150", "2019-03-31": "0.19290", "2018-12-31": "0.18570", "2018-09-30": "0.19230", "2018-06-30": "0.19610", "2018-03-31": "0.18910", "2017-12-31": "0.17480", "2017-09-30": "0.16820", "2017-06-30": "0.17070", "2017-03-31": "0.15840", "2016-12-31": "0.14810", "2016-09-30": "0.08380", "2016-06-30": "0.08950", "2016-03-31": "0.08450", "2015-12-31": "0.14380", "2015-09-30": "0.15230", "2015-06-30": "0.16120", "2015-03-31": "0.16300", "2014-12-31": "0.17070", "2014-09-30": "0.16810", "2014-06-30": "0.16070", "2014-03-31": "0.15320", "2013-12-31": "0.15630", "2013-09-30": "0.15080", "2013-06-30": "0.15170", "2013-03-31": "0.14540", "2012-12-31": "0.14680", "2012-09-30": "0.14510", "2012-06-30": "0.15100", "2012-03-31": "0.14760", "2011-12-31": "0.14930", "2011-09-30": "0.16210", "2011-06-30": "0.15880", "2011-03-31": "0.14770", "2010-12-31": "0.14380", "2010-09-30": "0.13780", "2010-06-30": "0.13900", "2010-03-31": "0.12920", "2009-12-31": "0.14120", "2009-09-30": "0.12110", "2009-06-30": "0.11270", "2009-03-31": "0.11230", "2008-12-31": "0.15040", "2008-09-30": "0.17850", "2008-06-30": "0.17790", "2008-03-31": "0.17760", "2007-12-31": "0.15250", "2007-09-30": "0.18850", "2007-06-30": "0.20110", "2007-03-31": "0.20800", "2006-12-31": "0.17240", "2006-09-30": "0.21020", "2006-06-30": "0.21800", "2006-03-31": "0.20360", "2005-12-31": "0.18560", "2005-09-30": "0.19040", "2005-06-30": "0.20160", "2005-03-31": "0.18450"}, "Inventory Turnover Ratio": {"2020-09-30": "0.56530", "2020-06-30": "0.55170", "2020-03-31": "0.98570", "2019-12-31": "3.58250", "2019-09-30": "0.51550", "2019-06-30": "0.51230", "2019-03-31": "1.07890", "2018-12-31": "1.14170", "2018-09-30": "1.09880", "2018-06-30": "1.09180", "2018-03-31": "1.04530", "2017-12-31": "1.05770", "2017-09-30": "1.05630", "2017-06-30": "1.05510", "2017-03-31": "1.05580", "2016-12-31": "1.05420", "2016-09-30": "0.72450", "2016-06-30": "0.73680", "2016-03-31": "0.67620", "2015-12-31": "1.92820", "2015-09-30": "1.28100", "2015-06-30": "1.47560", "2015-03-31": "1.40030", "2014-12-31": "1.61360", "2014-09-30": "1.56280", "2014-06-30": "1.47660", "2014-03-31": "1.46560", "2013-12-31": "1.74050", "2013-09-30": "1.65850", "2013-06-30": "1.69810", "2013-03-31": "1.62540", "2012-12-31": "1.72850", "2012-09-30": "1.77130", "2012-06-30": "1.68930", "2012-03-31": "1.64610", "2011-12-31": "1.80340", "2011-09-30": "1.66770", "2011-06-30": "1.63920", "2011-03-31": "1.57430", "2010-12-31": "1.75620", "2010-09-30": "1.81230", "2010-06-30": "1.76080", "2010-03-31": "1.67630", "2009-12-31": "2.10700", "2009-09-30": "1.54530", "2009-06-30": "1.59090", "2009-03-31": "1.50330", "2008-12-31": "1.62970", "2008-09-30": "1.46930", "2008-06-30": "1.50090", "2008-03-31": "1.50230", "2007-12-31": "1.52660", "2007-09-30": "1.78500", "2007-06-30": "1.70050", "2007-03-31": "1.58920", "2006-12-31": "1.41090", "2006-09-30": "1.48010", "2006-06-30": "1.42570", "2006-03-31": "1.41450", "2005-12-31": "1.59820", "2005-09-30": "1.49860", "2005-06-30": "1.55990", "2005-03-31": "1.46380"}, "Receiveable Turnover": {"2020-09-30": "2.63720", "2020-06-30": "2.37760", "2020-03-31": "2.09190", "2019-12-31": "7.55260", "2019-09-30": "1.01180", "2019-06-30": "1.01280", "2019-03-31": "1.94990", "2018-12-31": "2.31780", "2018-09-30": "2.12550", "2018-06-30": "2.18270", "2018-03-31": "2.07160", "2017-12-31": "2.38060", "2017-09-30": "2.12480", "2017-06-30": "2.13560", "2017-03-31": "2.11390", "2016-12-31": "2.04480", "2016-09-30": "1.47120", "2016-06-30": "1.54810", "2016-03-31": "1.50720", "2015-12-31": "3.87370", "2015-09-30": "2.54010", "2015-06-30": "2.62560", "2015-03-31": "2.67170", "2014-12-31": "2.99670", "2014-09-30": "2.59420", "2014-06-30": "2.84410", "2014-03-31": "2.67220", "2013-12-31": "3.07210", "2013-09-30": "2.82880", "2013-06-30": "2.87990", "2013-03-31": "2.89050", "2012-12-31": "3.39160", "2012-09-30": "2.82200", "2012-06-30": "2.90030", "2012-03-31": "2.84240", "2011-12-31": "3.08390", "2011-09-30": "2.78970", "2011-06-30": "2.69000", "2011-03-31": "2.50970", "2010-12-31": "2.94840", "2010-09-30": "2.30470", "2010-06-30": "2.34600", "2010-03-31": "2.49970", "2009-12-31": "2.48990", "2009-09-30": "1.94400", "2009-06-30": "1.48550", "2009-03-31": "1.54740", "2008-12-31": "2.19530", "2008-09-30": "2.11980", "2008-06-30": "2.05770", "2008-03-31": "1.94980", "2007-12-31": "2.10790", "2007-09-30": "2.21170", "2007-06-30": "2.19660", "2007-03-31": "2.16600", "2006-12-31": "2.07540", "2006-09-30": "1.97690", "2006-06-30": "1.95170", "2006-03-31": "1.87580", "2005-12-31": "2.05960", "2005-09-30": "1.89320", "2005-06-30": "1.89280", "2005-03-31": "1.81790"}, "Days Sales In Receivables": {"2020-09-30": "34.12700", "2020-06-30": "37.85320", "2020-03-31": "43.02280", "2019-12-31": "11.91650", "2019-09-30": "88.94650", "2019-06-30": "88.86140", "2019-03-31": "46.15650", "2018-12-31": "38.83070", "2018-09-30": "42.34390", "2018-06-30": "41.23430", "2018-03-31": "43.44560", "2017-12-31": "37.80500", "2017-09-30": "42.35790", "2017-06-30": "42.14350", "2017-03-31": "42.57520", "2016-12-31": "44.01420", "2016-09-30": "61.17590", "2016-06-30": "58.13540", "2016-03-31": "59.71520", "2015-12-31": "23.23360", "2015-09-30": "35.43160", "2015-06-30": "34.27850", "2015-03-31": "33.68620", "2014-12-31": "30.03290", "2014-09-30": "34.69310", "2014-06-30": "31.64500", "2014-03-31": "33.67990", "2013-12-31": "29.29630", "2013-09-30": "31.81610", "2013-06-30": "31.25150", "2013-03-31": "31.13660", "2012-12-31": "26.53610", "2012-09-30": "31.89270", "2012-06-30": "31.03140", "2012-03-31": "31.66330", "2011-12-31": "29.18350", "2011-09-30": "32.26200", "2011-06-30": "33.45790", "2011-03-31": "35.86100", "2010-12-31": "30.52550", "2010-09-30": "39.05050", "2010-06-30": "38.36320", "2010-03-31": "36.00370", "2009-12-31": "36.14580", "2009-09-30": "46.29690", "2009-06-30": "60.58670", "2009-03-31": "58.16250", "2008-12-31": "40.99680", "2008-09-30": "42.45620", "2008-06-30": "43.73910", "2008-03-31": "46.15750", "2007-12-31": "42.69640", "2007-09-30": "40.69310", "2007-06-30": "40.97200", "2007-03-31": "41.55160", "2006-12-31": "43.36450", "2006-09-30": "45.52480", "2006-06-30": "46.11390", "2006-03-31": "47.98060", "2005-12-31": "43.69740", "2005-09-30": "47.53790", "2005-06-30": "47.54820", "2005-03-31": "49.50650"}, "ROE - Return On Equity": {"2020-09-30": "1.04470", "2020-06-30": "-2.47500", "2020-03-31": "4.53400", "2019-12-31": "7.93410", "2019-09-30": "1.24600", "2019-06-30": "-2.82690", "2019-03-31": "3.65020", "2018-12-31": "3.94210", "2018-09-30": "3.02630", "2018-06-30": "2.32420", "2018-03-31": "2.73580", "2017-12-31": "-14.93120", "2017-09-30": "2.01590", "2017-06-30": "3.72260", "2017-03-31": "5.92240", "2016-12-31": "-25.20170", "2016-09-30": "0.47530", "2016-06-30": "0.36620", "2016-03-31": "0.76910", "2015-12-31": "-4.00770", "2015-09-30": "0.72440", "2015-06-30": "1.41980", "2015-03-31": "1.84980", "2014-12-31": "0.77360", "2014-09-30": "0.86890", "2014-06-30": "0.88050", "2014-03-31": "-1.37580", "2013-12-31": "-17.15300", "2013-09-30": "0.27830", "2013-06-30": "-0.93650", "2013-03-31": "1.01680", "2012-12-31": "1.56060", "2012-09-30": "-1.04170", "2012-06-30": "-0.11270", "2012-03-31": "0.56340", "2011-12-31": "-0.96270", "2011-09-30": "1.23440", "2011-06-30": "1.97270", "2011-03-31": "2.00010", "2010-12-31": "1.71450", "2010-09-30": "0.65180", "2010-06-30": "1.09130", "2010-03-31": "-1.08900", "2009-12-31": "-1.66180", "2009-09-30": "0.74240", "2009-06-30": "-2.04170", "2009-03-31": "-3.15820", "2008-12-31": "-6.50700", "2008-09-30": "2.59830", "2008-06-30": "3.74240", "2008-03-31": "2.32260", "2007-12-31": "7.71880", "2007-09-30": "3.51850", "2007-06-30": "4.26770", "2007-03-31": "4.37950", "2006-12-31": "2.21600", "2006-09-30": "3.68600", "2006-06-30": "5.21410", "2006-03-31": "4.42550", "2005-12-31": "1.56180", "2005-09-30": "2.09710", "2005-06-30": "3.72900", "2005-03-31": "2.00780"}, "Return On Tangible Equity": {"2020-09-30": "-3.11690", "2020-06-30": "7.05290", "2020-03-31": "-70.03260", "2019-12-31": "-591.80330", "2019-09-30": "-13.87560", "2019-06-30": "42.50000", "2019-03-31": "-76.95470", "2018-12-31": "131.32530", "2018-09-30": "-167.70830", "2018-06-30": "-45.62740", "2018-03-31": "-50.88970", "2017-12-31": "121.57190", "2017-09-30": "16.64340", "2017-06-30": "39.40520", "2017-03-31": "99.07690", "2016-12-31": "128.74370", "2016-09-30": "0.77090", "2016-06-30": "0.58030", "2016-03-31": "1.22780", "2015-12-31": "-6.34990", "2015-09-30": "1.14620", "2015-06-30": "2.20070", "2015-03-31": "2.90000", "2014-12-31": "1.19410", "2014-09-30": "1.11530", "2014-06-30": "1.14450", "2014-03-31": "-1.79890", "2013-12-31": "-22.85550", "2013-09-30": "0.41040", "2013-06-30": "-1.37740", "2013-03-31": "1.45910", "2012-12-31": "2.26370", "2012-09-30": "-1.49840", "2012-06-30": "-0.16140", "2012-03-31": "0.80130", "2011-12-31": "-1.37070", "2011-09-30": "1.72920", "2011-06-30": "2.71370", "2011-03-31": "2.81420", "2010-12-31": "2.44070", "2010-09-30": "0.93560", "2010-06-30": "1.59920", "2010-03-31": "-1.59480", "2009-12-31": "-2.45490", "2009-09-30": "1.07430", "2009-06-30": "-3.00500", "2009-03-31": "-4.69860", "2008-12-31": "-9.93480", "2008-09-30": "3.90740", "2008-06-30": "5.40890", "2008-03-31": "3.41480", "2007-12-31": "10.98330", "2007-09-30": "5.01750", "2007-06-30": "6.72240", "2007-03-31": "7.27330", "2006-12-31": "3.31420", "2006-09-30": "6.41410", "2006-06-30": "9.21960", "2006-03-31": "8.00830", "2005-12-31": "2.86300", "2005-09-30": "3.87970", "2005-06-30": "7.22820", "2005-03-31": "3.92440"}, "ROA - Return On Assets": {"2020-09-30": "0.31750", "2020-06-30": "-0.73920", "2020-03-31": "1.16440", "2019-12-31": "2.05560", "2019-09-30": "0.33170", "2019-06-30": "-0.75920", "2019-03-31": "1.01850", "2018-12-31": "1.16620", "2018-09-30": "0.87850", "2018-06-30": "0.65870", "2018-03-31": "0.78490", "2017-12-31": "-3.88400", "2017-09-30": "0.61860", "2017-06-30": "1.10960", "2017-03-31": "1.59750", "2016-12-31": "-6.39290", "2016-09-30": "0.17620", "2016-06-30": "0.14670", "2016-03-31": "0.30440", "2015-12-31": "-1.54620", "2015-09-30": "0.28970", "2015-06-30": "0.56580", "2015-03-31": "0.71440", "2014-12-31": "0.30510", "2014-09-30": "0.35290", "2014-06-30": "0.35530", "2014-03-31": "-0.55330", "2013-12-31": "-6.46300", "2013-09-30": "0.11510", "2013-06-30": "-0.38390", "2013-03-31": "0.42390", "2012-12-31": "0.63960", "2012-09-30": "-0.43540", "2012-06-30": "-0.04810", "2012-03-31": "0.24320", "2011-12-31": "-0.41130", "2011-09-30": "0.56820", "2011-06-30": "0.91880", "2011-03-31": "0.90990", "2010-12-31": "0.74310", "2010-09-30": "0.28410", "2010-06-30": "0.45830", "2010-03-31": "-0.45460", "2009-12-31": "-0.66800", "2009-09-30": "0.31500", "2009-06-30": "-0.84200", "2009-03-31": "-1.27330", "2008-12-31": "-2.45620", "2008-09-30": "0.99900", "2008-06-30": "1.52970", "2008-03-31": "0.92900", "2007-12-31": "3.17500", "2007-09-30": "1.42350", "2007-06-30": "1.78470", "2007-03-31": "1.77010", "2006-12-31": "0.86870", "2006-09-30": "1.48740", "2006-06-30": "2.09390", "2006-03-31": "1.75790", "2005-12-31": "0.61730", "2005-09-30": "0.84790", "2005-06-30": "1.49400", "2005-03-31": "0.79490"}, "ROI - Return On Investment": {"2020-09-30": "0.43910", "2020-06-30": "-1.03140", "2020-03-31": "2.03330", "2019-12-31": "3.79560", "2019-09-30": "0.60320", "2019-06-30": "-1.26310", "2019-03-31": "1.68820", "2018-12-31": "1.89880", "2018-09-30": "1.37720", "2018-06-30": "1.04080", "2018-03-31": "1.23370", "2017-12-31": "-6.19780", "2017-09-30": "0.93240", "2017-06-30": "1.68940", "2017-03-31": "2.37800", "2016-12-31": "-9.71560", "2016-09-30": "0.28150", "2016-06-30": "0.23240", "2016-03-31": "0.48630", "2015-12-31": "-2.46110", "2015-09-30": "0.44570", "2015-06-30": "0.88650", "2015-03-31": "1.13060", "2014-12-31": "0.48380", "2014-09-30": "0.54740", "2014-06-30": "0.57800", "2014-03-31": "-0.89610", "2013-12-31": "-10.93280", "2013-09-30": "0.18730", "2013-06-30": "-0.62820", "2013-03-31": "0.69330", "2012-12-31": "1.03490", "2012-09-30": "-0.69430", "2012-06-30": "-0.07460", "2012-03-31": "0.37720", "2011-12-31": "-0.63870", "2011-09-30": "0.83520", "2011-06-30": "1.35380", "2011-03-31": "1.36410", "2010-12-31": "1.12620", "2010-09-30": "0.42300", "2010-06-30": "0.71230", "2010-03-31": "-0.69420", "2009-12-31": "-1.04920", "2009-09-30": "0.47460", "2009-06-30": "-1.26960", "2009-03-31": "-1.95480", "2008-12-31": "-4.06720", "2008-09-30": "1.66420", "2008-06-30": "2.65290", "2008-03-31": "1.64490", "2007-12-31": "5.50320", "2007-09-30": "2.50830", "2007-06-30": "3.10020", "2007-03-31": "3.09670", "2006-12-31": "1.57250", "2006-09-30": "2.81970", "2006-06-30": "3.82570", "2006-03-31": "3.20540", "2005-12-31": "1.11530", "2005-09-30": "1.49760", "2005-06-30": "2.62850", "2005-03-31": "1.43550"}, "Book Value Per Share": {"2020-09-30": "8.07420", "2020-06-30": "7.90800", "2020-03-31": "10.99970", "2019-12-31": "10.63870", "2019-09-30": "10.85250", "2019-06-30": "11.05440", "2019-03-31": "11.54180", "2018-12-31": "11.55670", "2018-09-30": "11.12280", "2018-06-30": "10.80430", "2018-03-31": "10.93960", "2017-12-31": "10.22810", "2017-09-30": "12.38460", "2017-06-30": "13.04440", "2017-03-31": "12.46520", "2016-12-31": "11.72350", "2016-09-30": "31.80320", "2016-06-30": "33.13990", "2016-03-31": "32.76340", "2015-12-31": "10.78570", "2015-09-30": "33.64360", "2015-06-30": "35.92200", "2015-03-31": "33.97720", "2014-12-31": "36.48210", "2014-09-30": "38.52110", "2014-06-30": "37.50880", "2014-03-31": "36.78830", "2013-12-31": "37.88020", "2013-09-30": "44.49950", "2013-06-30": "44.48480", "2013-03-31": "47.06110", "2012-12-31": "46.45180", "2012-09-30": "47.38280", "2012-06-30": "47.56530", "2012-03-31": "49.57640", "2011-12-31": "48.46820", "2011-09-30": "51.54030", "2011-06-30": "54.60790", "2011-03-31": "51.91010", "2010-12-31": "50.15830", "2010-09-30": "49.28230", "2010-06-30": "46.19960", "2010-03-31": "46.57570", "2009-12-31": "47.78910", "2009-09-30": "49.93840", "2009-06-30": "47.97720", "2009-03-31": "45.99880", "2008-12-31": "53.72910", "2008-09-30": "56.47700", "2008-06-30": "61.60720", "2008-03-31": "58.20730", "2007-12-31": "58.07670", "2007-09-30": "56.29530", "2007-06-30": "57.12570", "2007-03-31": "53.21380", "2006-12-31": "50.58820", "2006-09-30": "50.88160", "2006-06-30": "49.90760", "2006-03-31": "48.03030", "2005-12-31": "46.10420", "2005-09-30": "47.04490", "2005-06-30": "45.93230", "2005-03-31": "46.10860"}, "Operating Cash Flow Per Share": {"2020-09-30": 0.2728, "2020-06-30": 0.0651, "2020-03-31": "-0.66140", "2019-12-31": 0.8397, "2019-09-30": 0.3788, "2019-06-30": 0.186, "2019-03-31": "-0.52760", "2018-12-31": 0.8477, "2018-09-30": 0.1016, "2018-06-30": 0.3489, "2018-03-31": "-0.86680", "2017-12-31": 0.7209, "2017-09-30": -0.1234, "2017-06-30": 0.1076, "2017-03-31": "-0.79160", "2016-12-31": -0.2425, "2016-09-30": 0.676, "2016-06-30": 0.7649, "2016-03-31": "-0.98170", "2015-12-31": 1.9594, "2015-09-30": 0.9432, "2015-06-30": 1.1445, "2015-03-31": "-0.42410", "2014-12-31": 3.588, "2014-09-30": 0.6211, "2014-06-30": 1.4182, "2014-03-31": "-1.50150", "2013-12-31": 2.595, "2013-09-30": 0.5836, "2013-06-30": 1.4258, "2013-03-31": "-0.17970", "2012-12-31": 2.5883, "2012-09-30": 0.7395, "2012-06-30": 1.4547, "2012-03-31": "-0.60830", "2011-12-31": 2.9582, "2011-09-30": 1.2616, "2011-06-30": 2.0615, "2011-03-31": "-0.61410", "2010-12-31": 4.0152, "2010-09-30": 1.2627, "2010-06-30": 0.7474, "2010-03-31": "0.59290", "2009-12-31": 3.6408, "2009-09-30": 0.5637, "2009-06-30": 1.1708, "2009-03-31": "-0.99520", "2008-12-31": 2.2352, "2008-09-30": -0.296, "2008-06-30": 3.6622, "2008-03-31": "-1.04740", "2007-12-31": 2.3446, "2007-09-30": 2.0592, "2007-06-30": 4.5694, "2007-03-31": "1.80500", "2006-12-31": 4.561, "2006-09-30": 2.5783, "2006-06-30": 2.3922, "2006-03-31": "-0.72950", "2005-12-31": 3.5546, "2005-09-30": 1.6837, "2005-06-30": 1.3113, "2005-03-31": "-0.81580"}, "Free Cash Flow Per Share": {"2020-09-30": 0.2631, "2020-06-30": -0.2689, "2020-03-31": "-0.55910", "2019-12-31": 0.9015, "2019-09-30": -0.0431, "2019-06-30": -0.1617, "2019-03-31": "-0.86300", "2018-12-31": 0.9113, "2018-09-30": -0.3107, "2018-06-30": 0.0177, "2018-03-31": "-1.09940", "2017-12-31": 0.1782, "2017-09-30": -0.407, "2017-06-30": -0.1811, "2017-03-31": "-1.01800", "2016-12-31": -0.9408, "2016-09-30": 0.3404, "2016-06-30": 0.8775, "2016-03-31": "-1.04790", "2015-12-31": 1.0681, "2015-09-30": 0.4922, "2015-06-30": 0.6589, "2015-03-31": "-1.04210", "2014-12-31": 3.0596, "2014-09-30": -0.0555, "2014-06-30": 0.8119, "2014-03-31": "-2.07110", "2013-12-31": 1.4302, "2013-09-30": -0.0981, "2013-06-30": 0.5667, "2013-03-31": "-0.78280", "2012-12-31": 1.4989, "2012-09-30": -0.1097, "2012-06-30": 0.5732, "2012-03-31": "-1.30430", "2011-12-31": 1.6969, "2011-09-30": 0.4229, "2011-06-30": 1.3665, "2011-03-31": "-1.14500", "2010-12-31": 2.9431, "2010-09-30": 0.5295, "2010-06-30": 0.2401, "2010-03-31": "-0.06550", "2009-12-31": 2.2983, "2009-09-30": -0.5601, "2009-06-30": 0.162, "2009-03-31": "-2.72490", "2008-12-31": -1.4849, "2008-09-30": -3.6485, "2008-06-30": 0.7673, "2008-03-31": "-3.76760", "2007-12-31": -1.3166, "2007-09-30": -1.1887, "2007-06-30": 1.5632, "2007-03-31": "-0.87680", "2006-12-31": 0.6443, "2006-09-30": 0.0247, "2006-06-30": -0.0995, "2006-03-31": "-2.75710", "2005-12-31": 0.9477, "2005-09-30": -0.1737, "2005-06-30": -0.3543, "2005-03-31": "-2.00020"}}, "revenue": {"Howmet Aerospace Annual Revenue (Millions of US $)": {"2020": "$5,259", "2019": "$14,192", "2018": "$14,014", "2017": "$12,960", "2016": "$12,394", "2015": "$12,413", "2014": "$12,542", "2013": "$23,032", "2012": "$23,700", "2011": "$24,951", "2010": "$21,013", "2009": "$18,439", "2008": "$26,901", "2007": "$29,280", "2006": "$28,950", "2005": "$25,568"}, "Howmet Aerospace Quarterly Revenue (Millions of US $)": {"2020-12-31": "$1,238", "2020-09-30": "$1,134", "2020-06-30": "$1,253", "2020-03-31": "$3,209", "2019-12-31": "$7,039", "2019-09-30": "$1,794", "2019-06-30": "$1,818", "2019-03-31": "$3,541", "2018-12-31": "$3,472", "2018-09-30": "$3,524", "2018-06-30": "$3,573", "2018-03-31": "$3,445", "2017-12-31": "$3,271", "2017-09-30": "$3,236", "2017-06-30": "$3,261", "2017-03-31": "$3,192", "2016-12-31": "$2,967", "2016-09-30": "$3,138", "2016-06-30": "$3,234", "2016-03-31": "$3,055", "2015-12-31": "$5,245", "2015-09-30": "$5,573", "2015-06-30": "$5,897", "2015-03-31": "$5,819", "2014-12-31": "$6,377", "2014-09-30": "$6,239", "2014-06-30": "$5,836", "2014-03-31": "$5,454", "2013-12-31": "$5,585", "2013-09-30": "$5,765", "2013-06-30": "$5,849", "2013-03-31": "$5,833", "2012-12-31": "$5,898", "2012-09-30": "$5,833", "2012-06-30": "$5,963", "2012-03-31": "$6,006", "2011-12-31": "$5,989", "2011-09-30": "$6,419", "2011-06-30": "$6,585", "2011-03-31": "$5,958", "2010-12-31": "$5,652", "2010-09-30": "$5,287", "2010-06-30": "$5,187", "2010-03-31": "$4,887", "2009-12-31": "$5,433", "2009-09-30": "$4,615", "2009-06-30": "$4,244", "2009-03-31": "$4,147", "2008-12-31": "$5,688", "2008-09-30": "$6,970", "2008-06-30": "$7,245", "2008-03-31": "$6,998", "2007-12-31": "$5,919", "2007-09-30": "$7,387", "2007-06-30": "$8,066", "2007-03-31": "$7,908", "2006-12-31": "$6,411", "2006-09-30": "$7,631", "2006-06-30": "$7,797", "2006-03-31": "$7,111", "2005-12-31": "$6,253", "2005-09-30": "$6,401", "2005-06-30": "$6,693", "2005-03-31": "$6,221"}}, "gross-profit": {"Howmet Aerospace Annual Gross Profit (Millions of US $)": {"2020": "$1,381", "2019": "$2,965", "2018": "$2,617", "2017": "$2,739", "2016": "$2,698", "2015": "$2,309", "2014": "$2,193", "2013": "$3,746", "2012": "$3,299", "2011": "$4,471", "2010": "$3,839", "2009": "$1,537", "2008": "$4,726", "2007": "$6,477", "2006": "$6,995", "2005": "$4,864"}, "Howmet Aerospace Quarterly Gross Profit (Millions of US $)": {"2020-12-31": "$366", "2020-09-30": "$234", "2020-06-30": "$330", "2020-03-31": "$733", "2019-12-31": "$1,282", "2019-09-30": "$477", "2019-06-30": "$483", "2019-03-31": "$723", "2018-12-31": "$627", "2018-09-30": "$643", "2018-06-30": "$670", "2018-03-31": "$677", "2017-12-31": "$648", "2017-09-30": "$645", "2017-06-30": "$712", "2017-03-31": "$734", "2016-12-31": "$592", "2016-09-30": "$635", "2016-06-30": "$701", "2016-03-31": "$655", "2015-12-31": "$841", "2015-09-30": "$1,014", "2015-06-30": "$1,234", "2015-03-31": "$1,376", "2014-12-31": "$1,404", "2014-09-30": "$1,335", "2014-06-30": "$1,071", "2014-03-31": "$959", "2013-12-31": "$877", "2013-09-30": "$967", "2013-06-30": "$916", "2013-03-31": "$986", "2012-12-31": "$1,015", "2012-09-30": "$567", "2012-06-30": "$809", "2012-03-31": "$908", "2011-12-31": "$761", "2011-09-30": "$1,129", "2011-06-30": "$1,338", "2011-03-31": "$1,243", "2010-12-31": "$1,114", "2010-09-30": "$874", "2010-06-30": "$977", "2010-03-31": "$874", "2009-12-31": "$528", "2009-09-30": "$727", "2009-06-30": "$278", "2009-03-31": "$4", "2008-12-31": "$411", "2008-09-30": "$1,322", "2008-06-30": "$1,522", "2008-03-31": "$1,471", "2007-12-31": "$1,211", "2007-09-30": "$1,477", "2007-06-30": "$1,888", "2007-03-31": "$1,901", "2006-12-31": "$1,642", "2006-09-30": "$1,616", "2006-06-30": "$1,970", "2006-03-31": "$1,767", "2005-12-31": "$1,153", "2005-09-30": "$1,138", "2005-06-30": "$1,285", "2005-03-31": "$1,288"}}, "operating-income": {"Howmet Aerospace Annual Operating Income (Millions of US $)": {"2020": "$626", "2019": "$1,035", "2018": "$1,325", "2017": "$480", "2016": "$954", "2015": "$628", "2014": "$550", "2013": "$343", "2012": "$473", "2011": "$1,500", "2010": "$1,047", "2009": "$-1,189", "2008": "$1,140", "2007": "$3,283", "2006": "$3,663", "2005": "$1,829"}, "Howmet Aerospace Quarterly Operating Income (Millions of US $)": {"2020-12-31": "$221", "2020-09-30": "$73", "2020-06-30": "$74", "2020-03-31": "$399", "2019-12-31": "$581", "2019-09-30": "$256", "2019-06-30": "$-176", "2019-03-31": "$374", "2018-12-31": "$323", "2018-09-30": "$345", "2018-06-30": "$324", "2018-03-31": "$333", "2017-12-31": "$-433", "2017-09-30": "$310", "2017-06-30": "$320", "2017-03-31": "$283", "2016-12-31": "$29", "2016-09-30": "$237", "2016-06-30": "$283", "2016-03-31": "$270", "2015-12-31": "$-337", "2015-09-30": "$314", "2015-06-30": "$406", "2015-03-31": "$591", "2014-12-31": "$350", "2014-09-30": "$479", "2014-06-30": "$317", "2014-03-31": "$-129", "2013-12-31": "$-165", "2013-09-30": "$176", "2013-06-30": "$10", "2013-03-31": "$322", "2012-12-31": "$175", "2012-09-30": "$-86", "2012-06-30": "$139", "2012-03-31": "$245", "2011-12-31": "$-154", "2011-09-30": "$436", "2011-06-30": "$630", "2011-03-31": "$588", "2010-12-31": "$423", "2010-09-30": "$242", "2010-06-30": "$331", "2010-03-31": "$51", "2009-12-31": "$-252", "2009-09-30": "$95", "2009-06-30": "$-399", "2009-03-31": "$-633", "2008-12-31": "$-1,078", "2008-09-30": "$637", "2008-06-30": "$846", "2008-03-31": "$735", "2007-12-31": "$649", "2007-09-30": "$266", "2007-06-30": "$1,206", "2007-03-31": "$1,162", "2006-12-31": "$439", "2006-09-30": "$915", "2006-06-30": "$1,251", "2006-03-31": "$1,058", "2005-12-31": "$452", "2005-09-30": "$457", "2005-06-30": "$360", "2005-03-31": "$560"}}, "ebitda": {"Howmet Aerospace Annual EBITDA (Millions of US $)": {"2019": "$1,571", "2018": "$1,901", "2017": "$1,750", "2016": "$2,086", "2015": "$1,933", "2014": "$1,922", "2013": "$3,496", "2012": "$1,935", "2011": "$2,981", "2010": "$2,498", "2009": "$122", "2008": "$2,374", "2007": "$4,528", "2006": "$4,915", "2005": "$3,087"}, "Howmet Aerospace Quarterly EBITDA (Millions of US $)": {"2020-09-30": "$141", "2020-06-30": "$148", "2020-03-31": "$528", "2019-12-31": "$710", "2019-09-30": "$387", "2019-06-30": "$-37", "2019-03-31": "$511", "2018-12-31": "$472", "2018-09-30": "$486", "2018-06-30": "$468", "2018-03-31": "$475", "2017-12-31": "$427", "2017-09-30": "$450", "2017-06-30": "$457", "2017-03-31": "$416", "2016-12-31": "$223", "2016-09-30": "$553", "2016-06-30": "$596", "2016-03-31": "$579", "2015-12-31": "$9", "2015-09-30": "$632", "2015-06-30": "$726", "2015-03-31": "$912", "2014-12-31": "$686", "2014-09-30": "$825", "2014-06-30": "$667", "2014-03-31": "$211", "2013-12-31": "$1,916", "2013-09-30": "$524", "2013-06-30": "$373", "2013-03-31": "$683", "2012-12-31": "$538", "2012-09-30": "$280", "2012-06-30": "$503", "2012-03-31": "$614", "2011-12-31": "$214", "2011-09-30": "$813", "2011-06-30": "$1,005", "2011-03-31": "$949", "2010-12-31": "$794", "2010-09-30": "$600", "2010-06-30": "$695", "2010-03-31": "$409", "2009-12-31": "$117", "2009-09-30": "$437", "2009-06-30": "$-82", "2009-03-31": "$-350", "2008-12-31": "$-787", "2008-09-30": "$949", "2008-06-30": "$1,163", "2008-03-31": "$1,049", "2007-12-31": "$802", "2007-09-30": "$737", "2007-06-30": "$1,523", "2007-03-31": "$1,466", "2006-12-31": "$736", "2006-09-30": "$1,239", "2006-06-30": "$1,575", "2006-03-31": "$1,365", "2005-12-31": "$766", "2005-09-30": "$774", "2005-06-30": "$672", "2005-03-31": "$875"}}, "net-income": {"Howmet Aerospace Annual Net Income (Millions of US $)": {"2020": "$259", "2019": "$477", "2018": "$651", "2017": "$-127", "2016": "$-1,010", "2015": "$-391", "2014": "$247", "2013": "$-2,287", "2012": "$189", "2011": "$611", "2010": "$259", "2009": "$-1,151", "2008": "$-74", "2007": "$2,564", "2006": "$2,248", "2005": "$1,233"}, "Howmet Aerospace Quarterly Net Income (Millions of US $)": {"2020-12-31": "$106", "2020-09-30": "$35", "2020-06-30": "$-96", "2020-03-31": "$214", "2019-12-31": "$318", "2019-09-30": "$94", "2019-06-30": "$-121", "2019-03-31": "$186", "2018-12-31": "$229", "2018-09-30": "$160", "2018-06-30": "$120", "2018-03-31": "$142", "2017-12-31": "$-727", "2017-09-30": "$101", "2017-06-30": "$194", "2017-03-31": "$305", "2016-12-31": "$-1,248", "2016-09-30": "$148", "2016-06-30": "$118", "2016-03-31": "$-2", "2015-12-31": "$-500", "2015-09-30": "$26", "2015-06-30": "$123", "2015-03-31": "$178", "2014-12-31": "$159", "2014-09-30": "$149", "2014-06-30": "$138", "2014-03-31": "$-179", "2013-12-31": "$-2,339", "2013-09-30": "$23", "2013-06-30": "$-119", "2013-03-31": "$148", "2012-12-31": "$242", "2012-09-30": "$-144", "2012-06-30": "$-2", "2012-03-31": "$93", "2011-12-31": "$-190", "2011-09-30": "$171", "2011-06-30": "$322", "2011-03-31": "$308", "2010-12-31": "$263", "2010-09-30": "$61", "2010-06-30": "$136", "2010-03-31": "$-201", "2009-12-31": "$-277", "2009-09-30": "$77", "2009-06-30": "$-454", "2009-03-31": "$-497", "2008-12-31": "$-1,191", "2008-09-30": "$268", "2008-06-30": "$546", "2008-03-31": "$303", "2007-12-31": "$632", "2007-09-30": "$555", "2007-06-30": "$715", "2007-03-31": "$662", "2006-12-31": "$359", "2006-09-30": "$537", "2006-06-30": "$744", "2006-03-31": "$608", "2005-12-31": "$224", "2005-09-30": "$289", "2005-06-30": "$460", "2005-03-31": "$260"}}, "eps-earnings-per-share-diluted": {"Howmet Aerospace Annual EPS": {"2020": "$0.59", "2019": "$1.03", "2018": "$1.30", "2017": "$-0.28", "2016": "$-2.31", "2015": "$-0.93", "2014": "$0.63", "2013": "$-6.42", "2012": "$0.54", "2011": "$1.65", "2010": "$0.72", "2009": "$-3.69", "2008": "$-0.30", "2007": "$8.82", "2006": "$7.71", "2005": "$4.20"}, "Howmet Aerospace Quarterly EPS": {"2020-12-31": "$0.24", "2020-09-30": "$0.08", "2020-06-30": "$-0.22", "2020-03-31": "$0.49", "2019-12-31": "$0.70", "2019-09-30": "$0.22", "2019-06-30": "$-0.28", "2019-03-31": "$0.39", "2018-12-31": "$0.45", "2018-09-30": "$0.32", "2018-06-30": "$0.24", "2018-03-31": "$0.29", "2017-12-31": "$-1.58", "2017-09-30": "$0.22", "2017-06-30": "$0.43", "2017-03-31": "$0.65", "2016-12-31": "$-2.88", "2016-09-30": "$0.33", "2016-06-30": "$0.27", "2016-03-31": "$0.00", "2015-12-31": "$-1.17", "2015-09-30": "$0.06", "2015-06-30": "$0.30", "2015-03-31": "$0.42", "2014-12-31": "$0.33", "2014-09-30": "$0.36", "2014-06-30": "$0.36", "2014-03-31": "$-0.48", "2013-12-31": "$-6.54", "2013-09-30": "$0.06", "2013-06-30": "$-0.33", "2013-03-31": "$0.39", "2012-12-31": "$0.66", "2012-09-30": "$-0.39", "2012-06-30": "$0.00", "2012-03-31": "$0.27", "2011-12-31": "$-0.45", "2011-09-30": "$0.45", "2011-06-30": "$0.84", "2011-03-31": "$0.81", "2010-12-31": "$0.75", "2010-09-30": "$0.18", "2010-06-30": "$0.39", "2010-03-31": "$-0.60", "2009-12-31": "$-0.69", "2009-09-30": "$0.24", "2009-06-30": "$-1.41", "2009-03-31": "$-1.83", "2008-12-31": "$-4.38", "2008-09-30": "$0.99", "2008-06-30": "$1.98", "2008-03-31": "$1.11", "2007-12-31": "$2.25", "2007-09-30": "$1.89", "2007-06-30": "$2.43", "2007-03-31": "$2.25", "2006-12-31": "$1.26", "2006-09-30": "$1.83", "2006-06-30": "$2.55", "2006-03-31": "$2.07", "2005-12-31": "$0.75", "2005-09-30": "$0.99", "2005-06-30": "$1.56", "2005-03-31": "$0.90"}}, "shares-outstanding": {"Howmet Aerospace Annual Shares Outstanding (Millions of Shares)": {"2020": "439", "2019": "463", "2018": "503", "2017": "451", "2016": "438", "2015": "420", "2014": "393", "2013": "357", "2012": "359", "2011": "387", "2010": "342", "2009": "312", "2008": "271", "2007": "289", "2006": "292", "2005": "292"}, "Howmet Aerospace Quarterly Shares Outstanding (Millions of Shares)": {"2020-12-31": "438", "2020-09-30": "439", "2020-06-30": "436", "2020-03-31": "440", "2019-12-31": "463", "2019-09-30": "457", "2019-06-30": "445", "2019-03-31": "489", "2018-12-31": "503", "2018-09-30": "502", "2018-06-30": "502", "2018-03-31": "503", "2017-12-31": "451", "2017-09-30": "462", "2017-06-30": "462", "2017-03-31": "499", "2016-12-31": "438", "2016-09-30": "453", "2016-06-30": "452", "2016-03-31": "438", "2015-12-31": "437", "2015-09-30": "431", "2015-06-30": "412", "2015-03-31": "413", "2014-12-31": "406", "2014-09-30": "402", "2014-06-30": "396", "2014-03-31": "367", "2013-12-31": "357", "2013-09-30": "360", "2013-06-30": "356", "2013-03-31": "390", "2012-12-31": "359", "2012-09-30": "356", "2012-06-30": "356", "2012-03-31": "388", "2011-12-31": "387", "2011-09-30": "388", "2011-06-30": "388", "2011-03-31": "384", "2010-12-31": "342", "2010-09-30": "342", "2010-06-30": "372", "2010-03-31": "336", "2009-12-31": "312", "2009-09-30": "326", "2009-06-30": "325", "2009-03-31": "272", "2008-12-31": "271", "2008-09-30": "270", "2008-06-30": "275", "2008-03-31": "275", "2007-12-31": "289", "2007-09-30": "293", "2007-06-30": "294", "2007-03-31": "292", "2006-12-31": "292", "2006-09-30": "291", "2006-06-30": "292", "2006-03-31": "292", "2005-12-31": "292", "2005-09-30": "292", "2005-06-30": "293", "2005-03-31": "293"}}, "total-assets": {"Howmet Aerospace Annual Total Assets (Millions of US $)": {"2019": "$17,578", "2018": "$18,693", "2017": "$18,718", "2016": "$20,038", "2015": "$36,477", "2014": "$37,363", "2013": "$35,742", "2012": "$40,179", "2011": "$40,120", "2010": "$39,293", "2009": "$38,472", "2008": "$37,822", "2007": "$38,803", "2006": "$37,183", "2005": "$33,696"}, "Howmet Aerospace Quarterly Total Assets (Millions of US $)": {"2020-09-30": "$11,339", "2020-06-30": "$11,363", "2020-03-31": "$18,465", "2019-12-31": "$17,562", "2019-09-30": "$17,484", "2019-06-30": "$17,913", "2019-03-31": "$18,361", "2018-12-31": "$18,693", "2018-09-30": "$18,327", "2018-06-30": "$18,219", "2018-03-31": "$18,219", "2017-12-31": "$18,718", "2017-09-30": "$19,237", "2017-06-30": "$19,106", "2017-03-31": "$20,157", "2016-12-31": "$20,038", "2016-09-30": "$37,448", "2016-06-30": "$36,139", "2016-03-31": "$36,140", "2015-12-31": "$36,477", "2015-09-30": "$36,587", "2015-06-30": "$36,587", "2015-03-31": "$35,694", "2014-12-31": "$37,363", "2014-09-30": "$37,122", "2014-06-30": "$36,309", "2014-03-31": "$35,605", "2013-12-31": "$35,742", "2013-09-30": "$38,229", "2013-06-30": "$38,551", "2013-03-31": "$40,106", "2012-12-31": "$40,179", "2012-09-30": "$40,191", "2012-06-30": "$39,498", "2012-03-31": "$40,703", "2011-12-31": "$40,120", "2011-09-30": "$39,598", "2011-06-30": "$41,466", "2011-03-31": "$40,336", "2010-12-31": "$39,293", "2010-09-30": "$38,370", "2010-06-30": "$37,312", "2010-03-31": "$37,835", "2009-12-31": "$38,472", "2009-09-30": "$38,099", "2009-06-30": "$37,648", "2009-03-31": "$36,912", "2008-12-31": "$37,822", "2008-09-30": "$39,038", "2008-06-30": "$40,726", "2008-03-31": "$39,399", "2007-12-31": "$38,803", "2007-09-30": "$39,198", "2007-06-30": "$40,118", "2007-03-31": "$38,021", "2006-12-31": "$37,183", "2006-09-30": "$36,304", "2006-06-30": "$35,771", "2006-03-31": "$34,929", "2005-12-31": "$33,696", "2005-09-30": "$33,611", "2005-06-30": "$33,200", "2005-03-31": "$33,714"}}, "cash-on-hand": {"Howmet Aerospace Annual Cash on Hand (Millions of US $)": {"2019": "$1,648", "2018": "$2,277", "2017": "$2,150", "2016": "$1,863", "2015": "$1,362", "2014": "$1,877", "2013": "$1,437", "2012": "$1,861", "2011": "$1,939", "2010": "$1,543", "2009": "$1,481", "2008": "$1,348", "2007": "$556", "2006": "$506", "2005": "$1,282"}, "Howmet Aerospace Quarterly Cash on Hand (Millions of US $)": {"2020-09-30": "$1,365", "2020-06-30": "$1,281", "2020-03-31": "$2,591", "2019-12-31": "$1,577", "2019-09-30": "$1,321", "2019-06-30": "$1,357", "2019-03-31": "$1,319", "2018-12-31": "$2,277", "2018-09-30": "$1,535", "2018-06-30": "$1,455", "2018-03-31": "$1,205", "2017-12-31": "$2,150", "2017-09-30": "$1,815", "2017-06-30": "$1,785", "2017-03-31": "$2,553", "2016-12-31": "$1,863", "2016-09-30": "$3,200", "2016-06-30": "$1,929", "2016-03-31": "$1,384", "2015-12-31": "$1,362", "2015-09-30": "$1,739", "2015-06-30": "$1,311", "2015-03-31": "$1,191", "2014-12-31": "$1,877", "2014-09-30": "$3,272", "2014-06-30": "$1,183", "2014-03-31": "$665", "2013-12-31": "$1,437", "2013-09-30": "$1,017", "2013-06-30": "$1,202", "2013-03-31": "$1,555", "2012-12-31": "$1,861", "2012-09-30": "$1,432", "2012-06-30": "$1,712", "2012-03-31": "$1,749", "2011-12-31": "$1,939", "2011-09-30": "$1,332", "2011-06-30": "$1,260", "2011-03-31": "$887", "2010-12-31": "$1,543", "2010-09-30": "$843", "2010-06-30": "$1,344", "2010-03-31": "$1,292", "2009-12-31": "$1,481", "2009-09-30": "$1,097", "2009-06-30": "$1,050", "2009-03-31": "$1,625", "2008-12-31": "$1,348", "2008-09-30": "$831", "2008-06-30": "$815", "2008-03-31": "$378", "2007-12-31": "$556", "2007-09-30": "$1,454", "2007-06-30": "$1,406", "2007-03-31": "$671", "2006-12-31": "$506", "2006-09-30": "$803", "2006-06-30": "$798", "2006-03-31": "$924", "2005-12-31": "$1,282", "2005-09-30": "$532", "2005-06-30": "$457", "2005-03-31": "$497"}}, "long-term-debt": {"Howmet Aerospace Annual Long Term Debt (Millions of US $)": {"2019": "$4,906", "2018": "$5,896", "2017": "$6,806", "2016": "$8,044", "2015": "$8,786", "2014": "$8,769", "2013": "$7,607", "2012": "$8,311", "2011": "$8,640", "2010": "$8,842", "2009": "$8,974", "2008": "$8,509", "2007": "$6,371", "2006": "$5,909", "2005": "$5,276"}, "Howmet Aerospace Quarterly Long Term Debt (Millions of US $)": {"2020-09-30": "$4,697", "2020-06-30": "$4,695", "2020-03-31": "$5,777", "2019-12-31": "$4,906", "2019-09-30": "$4,905", "2019-06-30": "$5,901", "2019-03-31": "$5,899", "2018-12-31": "$5,896", "2018-09-30": "$6,315", "2018-06-30": "$6,312", "2018-03-31": "$6,309", "2017-12-31": "$6,806", "2017-09-30": "$6,802", "2017-06-30": "$6,796", "2017-03-31": "$8,046", "2016-12-31": "$8,044", "2016-09-30": "$9,501", "2016-06-30": "$8,278", "2016-03-31": "$8,257", "2015-12-31": "$8,786", "2015-09-30": "$9,091", "2015-06-30": "$8,713", "2015-03-31": "$8,711", "2014-12-31": "$8,769", "2014-09-30": "$8,797", "2014-06-30": "$7,612", "2014-03-31": "$7,609", "2013-12-31": "$7,607", "2013-09-30": "$7,630", "2013-06-30": "$7,700", "2013-03-31": "$7,745", "2012-12-31": "$8,311", "2012-09-30": "$8,350", "2012-06-30": "$8,547", "2012-03-31": "$8,618", "2011-12-31": "$8,640", "2011-09-30": "$8,658", "2011-06-30": "$8,773", "2011-03-31": "$8,501", "2010-12-31": "$8,842", "2010-09-30": "$8,990", "2010-06-30": "$8,281", "2010-03-31": "$8,925", "2009-12-31": "$8,974", "2009-09-30": "$9,067", "2009-06-30": "$9,387", "2009-03-31": "$9,107", "2008-12-31": "$8,509", "2008-09-30": "$8,370", "2008-06-30": "$6,782", "2008-03-31": "$6,438", "2007-12-31": "$6,371", "2007-09-30": "$6,332", "2007-06-30": "$6,263", "2007-03-31": "$6,311", "2006-12-31": "$5,909", "2006-09-30": "$4,446", "2006-06-30": "$5,158", "2006-03-31": "$5,226", "2005-12-31": "$5,276", "2005-09-30": "$5,386", "2005-06-30": "$5,514", "2005-03-31": "$5,267"}}, "total-liabilities": {"Howmet Aerospace Annual Total Liabilities (Millions of US $)": {"2019": "$12,957", "2018": "$13,108", "2017": "$13,794", "2016": "$14,897", "2015": "$22,346", "2014": "$22,569", "2013": "$22,220", "2012": "$23,656", "2011": "$22,925", "2010": "$22,207", "2009": "$22,952", "2008": "$23,490", "2007": "$22,787", "2006": "$22,552", "2005": "$20,323"}, "Howmet Aerospace Quarterly Total Liabilities (Millions of US $)": {"2020-09-30": "$7,838", "2020-06-30": "$7,914", "2020-03-31": "$13,668", "2019-12-31": "$12,957", "2019-09-30": "$12,774", "2019-06-30": "$13,047", "2019-03-31": "$13,183", "2018-12-31": "$13,108", "2018-09-30": "$12,952", "2018-06-30": "$13,001", "2018-03-31": "$12,937", "2017-12-31": "$13,794", "2017-09-30": "$13,276", "2017-06-30": "$13,353", "2017-03-31": "$14,662", "2016-12-31": "$14,897", "2016-09-30": "$23,503", "2016-06-30": "$21,610", "2016-03-31": "$21,779", "2015-12-31": "$22,346", "2015-09-30": "$21,896", "2015-06-30": "$21,949", "2015-03-31": "$21,851", "2014-12-31": "$22,569", "2014-09-30": "$21,987", "2014-06-30": "$21,603", "2014-03-31": "$21,231", "2013-12-31": "$22,220", "2013-09-30": "$22,365", "2013-06-30": "$22,693", "2013-03-31": "$23,332", "2012-12-31": "$23,656", "2012-09-30": "$23,337", "2012-06-30": "$22,584", "2012-03-31": "$23,077", "2011-12-31": "$22,925", "2011-09-30": "$21,315", "2011-06-30": "$22,097", "2011-03-31": "$21,932", "2010-12-31": "$22,207", "2010-09-30": "$21,592", "2010-06-30": "$21,587", "2010-03-31": "$21,985", "2009-12-31": "$22,952", "2009-09-30": "$21,881", "2009-06-30": "$22,067", "2009-03-31": "$21,975", "2008-12-31": "$23,490", "2008-09-30": "$23,973", "2008-06-30": "$24,024", "2008-03-31": "$23,586", "2007-12-31": "$22,787", "2007-09-30": "$23,284", "2007-06-30": "$23,286", "2007-03-31": "$22,599", "2006-12-31": "$22,552", "2006-09-30": "$21,599", "2006-06-30": "$21,351", "2006-03-31": "$21,000", "2005-12-31": "$20,323", "2005-09-30": "$19,966", "2005-06-30": "$19,844", "2005-03-31": "$20,311"}}, "total-share-holder-equity": {"Howmet Aerospace Annual Share Holder Equity (Millions of US $)": {"2019": "$4,621", "2018": "$5,585", "2017": "$4,924", "2016": "$5,141", "2015": "$14,131", "2014": "$14,794", "2013": "$13,522", "2012": "$16,523", "2011": "$17,195", "2010": "$17,086", "2009": "$15,520", "2008": "$14,332", "2007": "$16,016", "2006": "$14,631", "2005": "$13,373"}, "Howmet Aerospace Quarterly Share Holder Equity (Millions of US $)": {"2020-09-30": "$3,501", "2020-06-30": "$3,449", "2020-03-31": "$4,797", "2019-12-31": "$4,605", "2019-09-30": "$4,710", "2019-06-30": "$4,866", "2019-03-31": "$5,178", "2018-12-31": "$5,585", "2018-09-30": "$5,375", "2018-06-30": "$5,218", "2018-03-31": "$5,282", "2017-12-31": "$4,924", "2017-09-30": "$5,961", "2017-06-30": "$5,753", "2017-03-31": "$5,495", "2016-12-31": "$5,141", "2016-09-30": "$13,945", "2016-06-30": "$14,529", "2016-03-31": "$14,361", "2015-12-31": "$14,131", "2015-09-30": "$14,691", "2015-06-30": "$14,638", "2015-03-31": "$13,843", "2014-12-31": "$14,794", "2014-09-30": "$15,135", "2014-06-30": "$14,706", "2014-03-31": "$14,374", "2013-12-31": "$13,522", "2013-09-30": "$15,864", "2013-06-30": "$15,858", "2013-03-31": "$16,774", "2012-12-31": "$16,523", "2012-09-30": "$16,854", "2012-06-30": "$16,914", "2012-03-31": "$17,626", "2011-12-31": "$17,195", "2011-09-30": "$18,283", "2011-06-30": "$19,369", "2011-03-31": "$18,404", "2010-12-31": "$17,086", "2010-09-30": "$16,778", "2010-06-30": "$15,725", "2010-03-31": "$15,850", "2009-12-31": "$15,520", "2009-09-30": "$16,218", "2009-06-30": "$15,581", "2009-03-31": "$14,937", "2008-12-31": "$14,332", "2008-09-30": "$15,065", "2008-06-30": "$16,702", "2008-03-31": "$15,813", "2007-12-31": "$16,016", "2007-09-30": "$15,914", "2007-06-30": "$16,832", "2007-03-31": "$15,422", "2006-12-31": "$14,631", "2006-09-30": "$14,705", "2006-06-30": "$14,420", "2006-03-31": "$13,929", "2005-12-31": "$13,373", "2005-09-30": "$13,645", "2005-06-30": "$13,356", "2005-03-31": "$13,403"}}, "profit-margins": {"current": "3.82%"}, "gross margin": {"2020-12-31": "24.33%", "2020-09-30": "20.41%", "2020-06-30": "21.23%", "2020-03-31": "21.46%", "2019-12-31": "20.89%", "2019-09-30": "21.74%", "2019-06-30": "20.04%", "2019-03-31": "18.87%", "2018-12-31": "18.67%", "2018-09-30": "19.10%", "2018-06-30": "19.52%", "2018-03-31": "20.30%", "2017-12-31": "21.13%", "2017-09-30": "21.20%", "2017-06-30": "21.29%", "2017-03-31": "21.24%", "2016-12-31": "20.84%", "2016-09-30": "19.30%", "2016-06-30": "18.77%", "2016-03-31": "18.94%", "2015-12-31": "19.81%", "2015-09-30": "21.25%", "2015-06-30": "21.98%", "2015-03-31": "21.37%", "2014-12-31": "19.95%", "2014-09-30": "18.35%", "2014-06-30": "17.11%", "2014-03-31": "16.42%", "2013-12-31": "16.26%", "2013-09-30": "16.64%", "2013-06-30": "14.88%", "2013-03-31": "14.35%", "2012-12-31": "13.92%", "2012-09-30": "12.80%", "2012-06-30": "14.80%", "2012-03-31": "16.54%", "2011-12-31": "17.92%", "2011-09-30": "19.60%", "2011-06-30": "19.46%", "2011-03-31": "19.05%", "2010-12-31": "18.27%", "2010-09-30": "15.64%", "2010-06-30": "15.44%", "2010-03-31": "12.55%", "2009-12-31": "8.34%", "2009-09-30": "7.60%", "2009-06-30": "9.57%", "2009-03-31": "13.55%", "2008-12-31": "17.57%", "2008-09-30": "20.37%", "2008-06-30": "20.62%", "2008-03-31": "21.31%", "2007-12-31": "22.12%", "2007-09-30": "23.20%", "2007-06-30": "23.48%", "2007-03-31": "23.97%", "2006-12-31": "24.16%", "2006-09-30": "22.60%", "2006-06-30": "21.87%", "2006-03-31": "20.19%", "2005-12-31": "19.02%"}, "operating margin": {"2020-12-31": "11.22%", "2020-09-30": "8.92%", "2020-06-30": "9.85%", "2020-03-31": "7.65%", "2019-12-31": "7.29%", "2019-09-30": "7.31%", "2019-06-30": "7.01%", "2019-03-31": "9.68%", "2018-12-31": "9.45%", "2018-09-30": "4.12%", "2018-06-30": "3.95%", "2018-03-31": "4.01%", "2017-12-31": "3.70%", "2017-09-30": "7.44%", "2017-06-30": "6.92%", "2017-03-31": "6.64%", "2016-12-31": "6.61%", "2016-09-30": "3.09%", "2016-06-30": "3.10%", "2016-03-31": "3.30%", "2015-12-31": "4.32%", "2015-09-30": "7.02%", "2015-06-30": "7.50%", "2015-03-31": "7.16%", "2014-12-31": "4.25%", "2014-09-30": "2.17%", "2014-06-30": "0.88%", "2014-03-31": "-0.48%", "2013-12-31": "1.49%", "2013-09-30": "2.93%", "2013-06-30": "1.80%", "2013-03-31": "2.34%", "2012-12-31": "2.00%", "2012-09-30": "0.61%", "2012-06-30": "2.73%", "2012-03-31": "4.63%", "2011-12-31": "6.01%", "2011-09-30": "8.44%", "2011-06-30": "8.02%", "2011-03-31": "7.17%", "2010-12-31": "4.98%", "2010-09-30": "1.79%", "2010-06-30": "1.12%", "2010-03-31": "-2.63%", "2009-12-31": "-6.45%", "2009-09-30": "-10.78%", "2009-06-30": "-7.00%", "2009-03-31": "-0.95%", "2008-12-31": "4.24%", "2008-09-30": "10.57%", "2008-06-30": "9.06%", "2008-03-31": "10.07%", "2007-12-31": "11.21%", "2007-09-30": "10.32%", "2007-06-30": "12.40%", "2007-03-31": "12.66%", "2006-12-31": "12.65%", "2006-09-30": "12.77%", "2006-06-30": "11.68%", "2006-03-31": "8.80%", "2005-12-31": "7.15%"}, "ebitda margin": {"2020-09-30": "12.09%", "2020-06-30": "13.34%", "2020-03-31": "11.46%", "2019-12-31": "11.07%", "2019-09-30": "12.55%", "2019-06-30": "11.59%", "2019-03-31": "13.73%", "2018-12-31": "13.57%", "2018-09-30": "13.44%", "2018-06-30": "13.46%", "2018-03-31": "13.69%", "2017-12-31": "13.50%", "2017-09-30": "12.22%", "2017-06-30": "13.13%", "2017-03-31": "14.27%", "2016-12-31": "15.74%", "2016-09-30": "11.84%", "2016-06-30": "10.62%", "2016-03-31": "9.84%", "2015-12-31": "10.11%", "2015-09-30": "12.49%", "2015-06-30": "12.94%", "2015-03-31": "12.73%", "2014-12-31": "9.99%", "2014-09-30": "15.66%", "2014-06-30": "14.66%", "2014-03-31": "13.35%", "2013-12-31": "15.18%", "2013-09-30": "9.07%", "2013-06-30": "8.00%", "2013-03-31": "8.52%", "2012-12-31": "8.16%", "2012-09-30": "6.77%", "2012-06-30": "8.80%", "2012-03-31": "10.58%", "2011-12-31": "11.95%", "2011-09-30": "14.47%", "2011-06-30": "14.26%", "2011-03-31": "13.76%", "2010-12-31": "11.89%", "2010-09-30": "8.76%", "2010-06-30": "8.24%", "2010-03-31": "4.59%", "2009-12-31": "0.66%", "2009-09-30": "-4.18%", "2009-06-30": "-1.28%", "2009-03-31": "4.05%", "2008-12-31": "8.82%", "2008-09-30": "14.61%", "2008-06-30": "13.62%", "2008-03-31": "14.49%", "2007-12-31": "15.46%", "2007-09-30": "14.99%", "2007-06-30": "16.54%", "2007-03-31": "16.86%", "2006-12-31": "16.98%", "2006-09-30": "17.17%", "2006-06-30": "16.25%", "2006-03-31": "13.52%", "2005-12-31": "12.07%"}, "pre tax profit margin": {"2020-12-31": "3.86%", "2020-09-30": "4.88%", "2020-06-30": "5.95%", "2020-03-31": "4.39%", "2019-12-31": "4.05%", "2019-09-30": "3.56%", "2019-06-30": "3.76%", "2019-03-31": "6.56%", "2018-12-31": "6.19%", "2018-09-30": "1.35%", "2018-06-30": "0.81%", "2018-03-31": "1.40%", "2017-12-31": "3.63%", "2017-09-30": "6.95%", "2017-06-30": "6.61%", "2017-03-31": "5.88%", "2016-12-31": "3.34%", "2016-09-30": "-0.42%", "2016-06-30": "0.13%", "2016-03-31": "0.65%", "2015-12-31": "1.99%", "2015-09-30": "5.08%", "2015-06-30": "5.45%", "2015-03-31": "5.16%", "2014-12-31": "2.08%", "2014-09-30": "-7.51%", "2014-06-30": "-8.79%", "2014-03-31": "-10.26%", "2013-12-31": "-7.88%", "2013-09-30": "2.49%", "2013-06-30": "1.28%", "2013-03-31": "1.79%", "2012-12-31": "1.37%", "2012-09-30": "-1.32%", "2012-06-30": "0.71%", "2012-03-31": "2.78%", "2011-12-31": "4.26%", "2011-09-30": "6.70%", "2011-06-30": "6.09%", "2011-03-31": "5.17%", "2010-12-31": "2.61%", "2010-09-30": "-0.93%", "2010-06-30": "-0.78%", "2010-03-31": "-4.22%", "2009-12-31": "-8.12%", "2009-09-30": "-12.15%", "2009-06-30": "-8.76%", "2009-03-31": "-2.34%", "2008-12-31": "2.94%", "2008-09-30": "10.12%", "2008-06-30": "14.27%", "2008-03-31": "15.01%", "2007-12-31": "16.40%", "2007-09-30": "14.96%", "2007-06-30": "12.00%", "2007-03-31": "12.23%", "2006-12-31": "12.14%", "2006-09-30": "12.00%", "2006-06-30": "11.06%", "2006-03-31": "9.27%", "2005-12-31": "7.70%"}, "net profit margin": {"2020-12-31": "3.79%", "2020-09-30": "3.73%", "2020-06-30": "3.99%", "2020-03-31": "3.64%", "2019-12-31": "3.36%", "2019-09-30": "3.65%", "2019-06-30": "3.67%", "2019-03-31": "4.93%", "2018-12-31": "4.65%", "2018-09-30": "-2.21%", "2018-06-30": "-2.69%", "2018-03-31": "-2.19%", "2017-12-31": "-0.98%", "2017-09-30": "-5.12%", "2017-06-30": "-4.79%", "2017-03-31": "-5.40%", "2016-12-31": "-7.94%", "2016-09-30": "-1.61%", "2016-06-30": "-2.09%", "2016-03-31": "-1.79%", "2015-12-31": "-0.77%", "2015-09-30": "2.05%", "2015-06-30": "2.50%", "2015-03-31": "2.57%", "2014-12-31": "1.12%", "2014-09-30": "-9.65%", "2014-06-30": "-10.41%", "2014-03-31": "-11.54%", "2013-12-31": "-9.93%", "2013-09-30": "1.26%", "2013-06-30": "0.54%", "2013-03-31": "1.04%", "2012-12-31": "0.80%", "2012-09-30": "-1.02%", "2012-06-30": "0.30%", "2012-03-31": "1.58%", "2011-12-31": "2.45%", "2011-09-30": "4.32%", "2011-06-30": "4.06%", "2011-03-31": "3.48%", "2010-12-31": "1.23%", "2010-09-30": "-1.35%", "2010-06-30": "-1.32%", "2010-03-31": "-4.46%", "2009-12-31": "-6.24%", "2009-09-30": "-11.05%", "2009-06-30": "-8.90%", "2009-03-31": "-3.63%", "2008-12-31": "-0.28%", "2008-09-30": "6.45%", "2008-06-30": "7.39%", "2008-03-31": "7.77%", "2007-12-31": "8.76%", "2007-09-30": "7.70%", "2007-06-30": "7.57%", "2007-03-31": "7.74%", "2006-12-31": "7.77%", "2006-09-30": "7.34%", "2006-06-30": "6.77%", "2006-03-31": "5.98%", "2005-12-31": "4.82%"}, "pe ratio": {"current": "23.52", "2021-02-11": "inf"}, "price sales": {"2021-02-11": "inf"}, "price book": {"current": "3.41", "2021-02-11": "3.56", "2020-09-30": "2.07", "2020-06-30": "2.00"}, "price fcf": {"2021-02-11": ""}, "net worth": {"value": "$12.04B"}, "current ratio": {"2020-12-31": "2.21", "2020-09-30": "2.28", "2020-06-30": "2.23", "2020-03-31": "1.69", "2019-12-31": "1.42", "2019-09-30": "1.33", "2019-06-30": "1.66", "2019-03-31": "1.65", "2018-12-31": "1.87", "2018-09-30": "2.04", "2018-06-30": "2.04", "2018-03-31": "2.10", "2017-12-31": "2.26", "2017-09-30": "2.30", "2017-06-30": "2.27", "2017-03-31": "2.59", "2016-12-31": "2.14", "2016-09-30": "1.70", "2016-06-30": "1.48", "2016-03-31": "1.38", "2015-12-31": "1.53", "2015-09-30": "1.67", "2015-06-30": "1.50", "2015-03-31": "1.53", "2014-12-31": "1.44", "2014-09-30": "1.81", "2014-06-30": "1.26", "2014-03-31": "1.28", "2013-12-31": "1.14", "2013-09-30": "1.17", "2013-06-30": "1.18", "2013-03-31": "1.20", "2012-12-31": "1.30", "2012-09-30": "1.19", "2012-06-30": "1.26", "2012-03-31": "1.25", "2011-12-31": "1.28", "2011-09-30": "1.36", "2011-06-30": "1.36", "2011-03-31": "1.26", "2010-12-31": "1.32", "2010-09-30": "1.39", "2010-06-30": "1.20", "2010-03-31": "1.29", "2009-12-31": "1.30", "2009-09-30": "1.40", "2009-06-30": "1.48", "2009-03-31": "1.52", "2008-12-31": "1.12", "2008-09-30": "1.32", "2008-06-30": "1.25", "2008-03-31": "1.14", "2007-12-31": "1.08", "2007-09-30": "1.25", "2007-06-30": "1.35", "2007-03-31": "1.34", "2006-12-31": "1.21", "2006-09-30": "1.04", "2006-06-30": "1.20", "2006-03-31": "1.18", "2005-12-31": "1.16", "2005-09-30": "1.21", "2005-06-30": "1.25", "2005-03-31": "1.13"}, "quick ratio": {"2020-12-31": "1.32", "2020-09-30": "1.27", "2020-06-30": "1.22", "2020-03-31": "1.08", "2019-12-31": "1.03", "2019-09-30": "0.75", "2019-06-30": "0.94", "2019-03-31": "0.94", "2018-12-31": "1.16", "2018-09-30": "1.17", "2018-06-30": "1.15", "2018-03-31": "1.16", "2017-12-31": "1.38", "2017-09-30": "1.38", "2017-06-30": "1.36", "2017-03-31": "1.69", "2016-12-31": "1.32", "2016-09-30": "1.08", "2016-06-30": "0.85", "2016-03-31": "0.74", "2015-12-31": "1.09", "2015-09-30": "0.98", "2015-06-30": "0.90", "2015-03-31": "0.90", "2014-12-31": "0.87", "2014-09-30": "1.22", "2014-06-30": "0.71", "2014-03-31": "0.70", "2013-12-31": "0.70", "2013-09-30": "0.69", "2013-06-30": "0.71", "2013-03-31": "0.74", "2012-12-31": "0.82", "2012-09-30": "0.74", "2012-06-30": "0.77", "2012-03-31": "0.76", "2011-12-31": "0.80", "2011-09-30": "0.80", "2011-06-30": "0.81", "2011-03-31": "0.74", "2010-12-31": "0.83", "2010-09-30": "0.87", "2010-06-30": "0.78", "2010-03-31": "0.82", "2009-12-31": "0.87", "2009-09-30": "0.90", "2009-06-30": "0.98", "2009-03-31": "1.00", "2008-12-31": "0.68", "2008-09-30": "0.77", "2008-06-30": "0.75", "2008-03-31": "0.67", "2007-12-31": "0.64", "2007-09-30": "0.81", "2007-06-30": "0.86", "2007-03-31": "0.79", "2006-12-31": "0.72", "2006-09-30": "0.61", "2006-06-30": "0.70", "2006-03-31": "0.71", "2005-12-31": "0.71", "2005-09-30": "0.72", "2005-06-30": "0.74", "2005-03-31": "0.68"}, "debt equity ratio": {"current": "1.33", "2020-12-31": "2.20", "2020-09-30": "2.24", "2020-06-30": "2.30", "2020-03-31": "2.85", "2019-12-31": "2.81", "2019-09-30": "2.71", "2019-06-30": "2.68", "2019-03-31": "2.55", "2018-12-31": "2.35", "2018-09-30": "2.41", "2018-06-30": "2.49", "2018-03-31": "2.45", "2017-12-31": "2.80", "2017-09-30": "2.23", "2017-06-30": "2.32", "2017-03-31": "2.67", "2016-12-31": "2.90", "2016-09-30": "1.69", "2016-06-30": "1.49", "2016-03-31": "1.52", "2015-12-31": "1.58", "2015-09-30": "1.49", "2015-06-30": "1.50", "2015-03-31": "1.58", "2014-12-31": "1.53", "2014-09-30": "1.45", "2014-06-30": "1.47", "2014-03-31": "1.48", "2013-12-31": "1.64", "2013-09-30": "1.41", "2013-06-30": "1.43", "2013-03-31": "1.39", "2012-12-31": "1.43", "2012-09-30": "1.39", "2012-06-30": "1.34", "2012-03-31": "1.31", "2011-12-31": "1.33", "2011-09-30": "1.17", "2011-06-30": "1.14", "2011-03-31": "1.19", "2010-12-31": "1.30", "2010-09-30": "1.29", "2010-06-30": "1.37", "2010-03-31": "1.39", "2009-12-31": "1.48", "2009-09-30": "1.35", "2009-06-30": "1.42", "2009-03-31": "1.47", "2008-12-31": "1.64", "2008-09-30": "1.59", "2008-06-30": "1.44", "2008-03-31": "1.49", "2007-12-31": "1.42", "2007-09-30": "1.46", "2007-06-30": "1.38", "2007-03-31": "1.47", "2006-12-31": "1.54", "2006-09-30": "1.47", "2006-06-30": "1.48", "2006-03-31": "1.51", "2005-12-31": "1.52", "2005-09-30": "1.46", "2005-06-30": "1.49", "2005-03-31": "1.52"}, "return on equity": {"2020-12-31": "6.76%", "2020-09-30": "11.52%", "2020-06-30": "12.07%", "2020-03-31": "10.64%", "2019-12-31": "9.86%", "2019-09-30": "7.63%", "2019-06-30": "8.65%", "2019-03-31": "13.02%", "2018-12-31": "12.13%", "2018-09-30": "-5.87%", "2018-06-30": "-6.81%", "2018-03-31": "-5.29%", "2017-12-31": "-2.30%", "2017-09-30": "-11.60%", "2017-06-30": "-7.93%", "2017-03-31": "-6.92%", "2016-12-31": "-8.20%", "2016-09-30": "-1.66%", "2016-06-30": "-2.48%", "2016-03-31": "-2.44%", "2015-12-31": "-1.21%", "2015-09-30": "3.35%", "2015-06-30": "4.17%", "2015-03-31": "4.27%", "2014-12-31": "1.81%", "2014-09-30": "-15.46%", "2014-06-30": "-16.13%", "2014-03-31": "-17.54%", "2013-12-31": "-14.75%", "2013-09-30": "1.81%", "2013-06-30": "0.77%", "2013-03-31": "1.46%", "2012-12-31": "1.11%", "2012-09-30": "-1.42%", "2012-06-30": "0.41%", "2012-03-31": "2.19%", "2011-12-31": "3.34%", "2011-09-30": "5.82%", "2011-06-30": "5.33%", "2011-03-31": "4.52%", "2010-12-31": "1.58%", "2010-09-30": "-1.76%", "2010-06-30": "-1.67%", "2010-03-31": "-5.41%", "2009-12-31": "-7.40%", "2009-09-30": "-13.53%", "2009-06-30": "-12.51%", "2009-03-31": "-5.73%", "2008-12-31": "-0.48%", "2008-09-30": "11.00%", "2008-06-30": "12.64%", "2008-03-31": "13.66%", "2007-12-31": "15.98%", "2007-09-30": "14.59%", "2007-06-30": "14.76%", "2007-03-31": "15.56%", "2006-12-31": "15.59%", "2006-09-30": "14.98%", "2006-06-30": "13.47%", "2006-03-31": "11.65%", "2005-12-31": "9.17%"}, "return on assets": {"2020-12-31": "1.97%", "2020-09-30": "3.21%", "2020-06-30": "3.27%", "2020-03-31": "2.83%", "2019-12-31": "2.68%", "2019-09-30": "2.14%", "2019-06-30": "2.48%", "2019-03-31": "3.78%", "2018-12-31": "3.54%", "2018-09-30": "-1.66%", "2018-06-30": "-1.96%", "2018-03-31": "-1.54%", "2017-12-31": "-0.66%", "2017-09-30": "-3.30%", "2017-06-30": "-2.48%", "2017-03-31": "-2.38%", "2016-12-31": "-3.03%", "2016-09-30": "-0.65%", "2016-06-30": "-0.99%", "2016-03-31": "-0.97%", "2015-12-31": "-0.48%", "2015-09-30": "1.33%", "2015-06-30": "1.66%", "2015-03-31": "1.70%", "2014-12-31": "0.73%", "2014-09-30": "-6.16%", "2014-06-30": "-6.46%", "2014-03-31": "-7.06%", "2013-12-31": "-5.99%", "2013-09-30": "0.75%", "2013-06-30": "0.32%", "2013-03-31": "0.61%", "2012-12-31": "0.47%", "2012-09-30": "-0.61%", "2012-06-30": "0.18%", "2012-03-31": "0.98%", "2011-12-31": "1.51%", "2011-09-30": "2.65%", "2011-06-30": "2.39%", "2011-03-31": "1.98%", "2010-12-31": "0.68%", "2010-09-30": "-0.74%", "2010-06-30": "-0.70%", "2010-03-31": "-2.25%", "2009-12-31": "-3.05%", "2009-09-30": "-5.49%", "2009-06-30": "-4.95%", "2009-03-31": "-2.26%", "2008-12-31": "-0.19%", "2008-09-30": "4.43%", "2008-06-30": "5.15%", "2008-03-31": "5.60%", "2007-12-31": "6.57%", "2007-09-30": "5.93%", "2007-06-30": "6.00%", "2007-03-31": "6.25%", "2006-12-31": "6.24%", "2006-09-30": "6.01%", "2006-06-30": "5.41%", "2006-03-31": "4.67%", "2005-12-31": "3.67%"}, "return on investments": {"2020-12-31": "8.72%", "2020-09-30": "12.38%", "2020-06-30": "13.85%", "2020-03-31": "10.48%", "2019-12-31": "10.10%", "2019-09-30": "7.24%", "2019-06-30": "7.70%", "2019-03-31": "11.94%", "2018-12-31": "11.45%", "2018-09-30": "4.89%", "2018-06-30": "4.49%", "2018-03-31": "4.36%", "2017-12-31": "3.80%", "2017-09-30": "7.24%", "2017-06-30": "5.54%", "2017-03-31": "4.56%", "2016-12-31": "3.99%", "2016-09-30": "1.97%", "2016-06-30": "2.30%", "2016-03-31": "2.82%", "2015-12-31": "4.21%", "2015-09-30": "7.12%", "2015-06-30": "7.82%", "2015-03-31": "7.52%", "2014-12-31": "4.43%", "2014-09-30": "2.25%", "2014-06-30": "0.90%", "2014-03-31": "-0.48%", "2013-12-31": "1.48%", "2013-09-30": "2.83%", "2013-06-30": "1.72%", "2013-03-31": "2.20%", "2012-12-31": "1.86%", "2012-09-30": "0.56%", "2012-06-30": "2.55%", "2012-03-31": "4.32%", "2011-12-31": "5.56%", "2011-09-30": "7.70%", "2011-06-30": "7.06%", "2011-03-31": "6.18%", "2010-12-31": "4.17%", "2010-09-30": "1.50%", "2010-06-30": "0.91%", "2010-03-31": "-2.03%", "2009-12-31": "-4.81%", "2009-09-30": "-8.30%", "2009-06-30": "-6.18%", "2009-03-31": "-0.97%", "2008-12-31": "4.96%", "2008-09-30": "12.53%", "2008-06-30": "11.05%", "2008-03-31": "12.70%", "2007-12-31": "14.68%", "2007-09-30": "14.03%", "2007-06-30": "17.61%", "2007-03-31": "18.60%", "2006-12-31": "18.68%", "2006-09-30": "19.21%", "2006-06-30": "16.85%", "2006-03-31": "12.30%", "2005-12-31": "9.73%"}, "return on tangible equity": {"2020-09-30": "-69.42%", "2020-06-30": "-107.23%", "2020-03-31": "-182.64%", "2019-12-31": "-183.11%", "2019-09-30": "-190.43%", "2019-06-30": "-368.36%", "2019-03-31": "-637.61%", "2018-12-31": "-549.37%", "2018-09-30": "98.55%", "2018-06-30": "340.98%", "2018-03-31": "-310.16%", "2017-12-31": "-51.84%", "2017-09-30": "-444.60%", "2017-06-30": "-28.52%", "2017-03-31": "-15.91%", "2016-12-31": "-15.34%", "2016-09-30": "-2.66%", "2016-06-30": "-3.95%", "2016-03-31": "-3.87%", "2015-12-31": "-1.90%", "2015-09-30": "5.25%", "2015-06-30": "6.17%", "2015-03-31": "6.04%", "2014-12-31": "2.45%", "2014-09-30": "-20.25%", "2014-06-30": "-21.90%", "2014-03-31": "-24.59%", "2013-12-31": "-21.16%", "2013-09-30": "2.64%", "2013-06-30": "1.12%", "2013-03-31": "2.10%", "2012-12-31": "1.60%", "2012-09-30": "-2.03%", "2012-06-30": "0.59%", "2012-03-31": "3.08%", "2011-12-31": "4.69%", "2011-09-30": "8.18%", "2011-06-30": "7.53%", "2011-03-31": "6.49%", "2010-12-31": "2.30%", "2010-09-30": "-2.58%", "2010-06-30": "-2.46%", "2010-03-31": "-7.96%", "2009-12-31": "-10.91%", "2009-09-30": "-20.11%", "2009-06-30": "-18.79%", "2009-03-31": "-8.56%", "2008-12-31": "-0.71%", "2008-09-30": "16.11%", "2008-06-30": "18.27%", "2008-03-31": "20.18%", "2007-12-31": "24.28%", "2007-09-30": "22.48%", "2007-06-30": "23.88%", "2007-03-31": "25.91%", "2006-12-31": "26.48%", "2006-09-30": "26.85%", "2006-06-30": "24.54%", "2006-03-31": "21.70%", "2005-12-31": "17.43%"}, "dividend yield history": {"last payout": "$0.00", "last yield": "0.00%"}}