{"ticker": "H", "price": {"title": "Hyatt Hotels Historical Annual Stock Price Data", "value": 73.94, "historical": {"2020": {"Average Stock Price": "61.8438", "Year Open": "89.1700", "Year High": "92.8600", "Year Low": "36.5600", "Year Close": "74.2500", "Annual % Change": "-17.23%"}, "2019": {"Average Stock Price": "75.0200", "Year Open": "66.9600", "Year High": "90.7000", "Year Low": "64.5700", "Year Close": "89.7100", "Annual % Change": "32.71%"}, "2018": {"Average Stock Price": "76.6684", "Year Open": "73.8100", "Year High": "84.2400", "Year Low": "63.4900", "Year Close": "67.6000", "Annual % Change": "-8.08%"}, "2017": {"Average Stock Price": "59.0090", "Year Open": "55.9000", "Year High": "73.8800", "Year Low": "50.6400", "Year Close": "73.5400", "Annual % Change": "33.08%"}, "2016": {"Average Stock Price": "48.9365", "Year Open": "45.1000", "Year High": "57.6900", "Year Low": "35.7700", "Year Close": "55.2600", "Annual % Change": "17.52%"}, "2015": {"Average Stock Price": "54.8545", "Year Open": "59.5600", "Year High": "61.7600", "Year Low": "45.8600", "Year Close": "47.0200", "Annual % Change": "-21.91%"}, "2014": {"Average Stock Price": "57.1346", "Year Open": "49.8800", "Year High": "63.7400", "Year Low": "45.8800", "Year Close": "60.2100", "Annual % Change": "21.73%"}, "2013": {"Average Stock Price": "43.3077", "Year Open": "39.4200", "Year High": "49.8500", "Year Low": "38.7500", "Year Close": "49.4600", "Annual % Change": "28.23%"}, "2012": {"Average Stock Price": "38.7062", "Year Open": "38.4200", "Year High": "44.1000", "Year Low": "33.7400", "Year Close": "38.5700", "Annual % Change": "2.47%"}, "2011": {"Average Stock Price": "39.7850", "Year Open": "46.3600", "Year High": "49.5700", "Year Low": "29.7900", "Year Close": "37.6400", "Annual % Change": "-17.74%"}, "2010": {"Average Stock Price": "37.9869", "Year Open": "29.9600", "Year High": "46.1900", "Year Low": "28.6300", "Year Close": "45.7600", "Annual % Change": "53.51%"}, "2009": {"Average Stock Price": "29.2659", "Year Open": "28.0000", "Year High": "30.3100", "Year Low": "27.9000", "Year Close": "29.8100", "Annual % Change": "0.00%"}}}, "market cap": {"value": "$7.48B"}, "income statement": {"Revenue": {"2019-12-31": "5020.00000", "2018-12-31": "4454.00000", "2017-12-31": "4462.00000", "2016-12-31": "4265.00000", "2015-12-31": "4328.00000", "2014-12-31": "4415.00000", "2013-12-31": "4184.00000", "2012-12-31": "3949.00000", "2011-12-31": "3698.00000", "2010-12-31": "3527.00000", "2009-12-31": "3330.00000", "2008-12-31": "3835.00000", "2007-12-31": "3738.00000", "2006-12-31": "3471.00000"}, "Cost Of Goods Sold": {"2019-12-31": "4077.00000", "2018-12-31": "3475.00000", "2017-12-31": "3477.00000", "2016-12-31": "3356.00000", "2015-12-31": "3377.00000", "2014-12-31": "3433.00000", "2013-12-31": "3283.00000", "2012-12-31": "3121.00000", "2011-12-31": "2957.00000", "2010-12-31": "2864.00000", "2009-12-31": "2751.00000", "2008-12-31": "2932.00000", "2007-12-31": "2847.00000", "2006-12-31": "2677.00000"}, "Gross Profit": {"2019-12-31": "943.00000", "2018-12-31": "979.00000", "2017-12-31": "985.00000", "2016-12-31": "909.00000", "2015-12-31": "951.00000", "2014-12-31": "982.00000", "2013-12-31": "901.00000", "2012-12-31": "828.00000", "2011-12-31": "741.00000", "2010-12-31": "663.00000", "2009-12-31": "579.00000", "2008-12-31": "903.00000", "2007-12-31": "891.00000", "2006-12-31": "794.00000"}, "Research And Development Expenses": {"2019-12-31": "", "2018-12-31": "", "2017-12-31": "", "2016-12-31": "", "2015-12-31": "", "2014-12-31": "", "2013-12-31": "", "2012-12-31": "", "2011-12-31": "", "2010-12-31": "", "2009-12-31": "", "2008-12-31": "", "2007-12-31": "", "2006-12-31": ""}, "SG&A Expenses": {"2019-12-31": "417.00000", "2018-12-31": "320.00000", "2017-12-31": "377.00000", "2016-12-31": "315.00000", "2015-12-31": "308.00000", "2014-12-31": "349.00000", "2013-12-31": "323.00000", "2012-12-31": "316.00000", "2011-12-31": "283.00000", "2010-12-31": "276.00000", "2009-12-31": "261.00000", "2008-12-31": "290.00000", "2007-12-31": "292.00000", "2006-12-31": "247.00000"}, "Other Operating Income Or Expenses": {"2019-12-31": "", "2018-12-31": "", "2017-12-31": "", "2016-12-31": "", "2015-12-31": "", "2014-12-31": "", "2013-12-31": "", "2012-12-31": "", "2011-12-31": "", "2010-12-31": "", "2009-12-31": "", "2008-12-31": "", "2007-12-31": "", "2006-12-31": ""}, "Operating Expenses": {"2019-12-31": "4823.00000", "2018-12-31": "4122.00000", "2017-12-31": "4202.00000", "2016-12-31": "3997.00000", "2015-12-31": "4005.00000", "2014-12-31": "4136.00000", "2013-12-31": "3951.00000", "2012-12-31": "3790.00000", "2011-12-31": "3545.00000", "2010-12-31": "3419.00000", "2009-12-31": "3281.00000", "2008-12-31": "3470.00000", "2007-12-31": "3353.00000", "2006-12-31": "3119.00000"}, "Operating Income": {"2019-12-31": "197.00000", "2018-12-31": "332.00000", "2017-12-31": "260.00000", "2016-12-31": "268.00000", "2015-12-31": "323.00000", "2014-12-31": "279.00000", "2013-12-31": "233.00000", "2012-12-31": "159.00000", "2011-12-31": "153.00000", "2010-12-31": "108.00000", "2009-12-31": "49.00000", "2008-12-31": "365.00000", "2007-12-31": "385.00000", "2006-12-31": "352.00000"}, "Total Non-Operating Income/Expense": {"2019-12-31": "809.00000", "2018-12-31": "619.00000", "2017-12-31": "462.00000", "2016-12-31": "14.00000", "2015-12-31": "-129.00000", "2014-12-31": "246.00000", "2013-12-31": "88.00000", "2012-12-31": "-64.00000", "2011-12-31": "-70.00000", "2010-12-31": "-20.00000", "2009-12-31": "-100.00000", "2008-12-31": "-160.00000", "2007-12-31": "89.00000", "2006-12-31": "172.00000"}, "Pre-Tax Income": {"2019-12-31": "1006.00000", "2018-12-31": "951.00000", "2017-12-31": "722.00000", "2016-12-31": "282.00000", "2015-12-31": "194.00000", "2014-12-31": "525.00000", "2013-12-31": "321.00000", "2012-12-31": "95.00000", "2011-12-31": "83.00000", "2010-12-31": "88.00000", "2009-12-31": "-51.00000", "2008-12-31": "205.00000", "2007-12-31": "474.00000", "2006-12-31": "524.00000"}, "Income Taxes": {"2019-12-31": "240.00000", "2018-12-31": "182.00000", "2017-12-31": "332.00000", "2016-12-31": "76.00000", "2015-12-31": "70.00000", "2014-12-31": "179.00000", "2013-12-31": "116.00000", "2012-12-31": "8.00000", "2011-12-31": "-28.00000", "2010-12-31": "37.00000", "2009-12-31": "-8.00000", "2008-12-31": "90.00000", "2007-12-31": "208.00000", "2006-12-31": "193.00000"}, "Income After Taxes": {"2019-12-31": "766.00000", "2018-12-31": "769.00000", "2017-12-31": "390.00000", "2016-12-31": "206.00000", "2015-12-31": "124.00000", "2014-12-31": "346.00000", "2013-12-31": "205.00000", "2012-12-31": "87.00000", "2011-12-31": "111.00000", "2010-12-31": "51.00000", "2009-12-31": "-43.00000", "2008-12-31": "115.00000", "2007-12-31": "266.00000", "2006-12-31": "331.00000"}, "Other Income": {"2019-12-31": "", "2018-12-31": "", "2017-12-31": "", "2016-12-31": "", "2015-12-31": "", "2014-12-31": "", "2013-12-31": "", "2012-12-31": "", "2011-12-31": "", "2010-12-31": "", "2009-12-31": "", "2008-12-31": "", "2007-12-31": "", "2006-12-31": ""}, "Income From Continuous Operations": {"2019-12-31": "766.00000", "2018-12-31": "769.00000", "2017-12-31": "390.00000", "2016-12-31": "206.00000", "2015-12-31": "124.00000", "2014-12-31": "346.00000", "2013-12-31": "205.00000", "2012-12-31": "87.00000", "2011-12-31": "111.00000", "2010-12-31": "51.00000", "2009-12-31": "-43.00000", "2008-12-31": "115.00000", "2007-12-31": "266.00000", "2006-12-31": "331.00000"}, "Income From Discontinued Operations": {"2019-12-31": "", "2018-12-31": "", "2017-12-31": "", "2016-12-31": "", "2015-12-31": "", "2014-12-31": "", "2013-12-31": "", "2012-12-31": "", "2011-12-31": "", "2010-12-31": "4.00000", "2009-12-31": "-3.00000", "2008-12-31": "55.00000", "2007-12-31": "5.00000", "2006-12-31": "2.00000"}, "Net Income": {"2019-12-31": "766.00000", "2018-12-31": "769.00000", "2017-12-31": "389.00000", "2016-12-31": "206.00000", "2015-12-31": "124.00000", "2014-12-31": "344.00000", "2013-12-31": "207.00000", "2012-12-31": "88.00000", "2011-12-31": "113.00000", "2010-12-31": "66.00000", "2009-12-31": "-43.00000", "2008-12-31": "168.00000", "2007-12-31": "270.00000", "2006-12-31": "315.00000"}, "EBITDA": {"2019-12-31": "618.00000", "2018-12-31": "707.00000", "2017-12-31": "658.00000", "2016-12-31": "636.00000", "2015-12-31": "669.00000", "2014-12-31": "685.00000", "2013-12-31": "605.00000", "2012-12-31": "534.00000", "2011-12-31": "458.00000", "2010-12-31": "387.00000", "2009-12-31": "318.00000", "2008-12-31": "613.00000", "2007-12-31": "599.00000", "2006-12-31": "547.00000"}, "EBIT": {"2019-12-31": "197.00000", "2018-12-31": "332.00000", "2017-12-31": "260.00000", "2016-12-31": "268.00000", "2015-12-31": "323.00000", "2014-12-31": "279.00000", "2013-12-31": "233.00000", "2012-12-31": "159.00000", "2011-12-31": "153.00000", "2010-12-31": "108.00000", "2009-12-31": "49.00000", "2008-12-31": "365.00000", "2007-12-31": "385.00000", "2006-12-31": "352.00000"}, "Basic Shares Outstanding": {"2019-12-31": "104.59000", "2018-12-31": "113.25900", "2017-12-31": "124.83700", "2016-12-31": "132.93100", "2015-12-31": "142.81500", "2014-12-31": "153.13600", "2013-12-31": "158.54500", "2012-12-31": "165.01700", "2011-12-31": "168.76200", "2010-12-31": "174.11500", "2009-12-31": "151.48600", "2008-12-31": "128.03700", "2007-12-31": "134.58500", "2006-12-31": "275.11700"}, "Shares Outstanding": {"2019-12-31": "106.29200", "2018-12-31": "115.12500", "2017-12-31": "126.34700", "2016-12-31": "133.93900", "2015-12-31": "143.99900", "2014-12-31": "154.35000", "2013-12-31": "159.18900", "2012-12-31": "165.37700", "2011-12-31": "169.24000", "2010-12-31": "174.35400", "2009-12-31": "151.48600", "2008-12-31": "128.06100", "2007-12-31": "134.63400", "2006-12-31": "275.11700"}, "Basic EPS": {"2019-12-31": "7.33000", "2018-12-31": "6.79000", "2017-12-31": "3.12000", "2016-12-31": "1.55000", "2015-12-31": "0.87000", "2014-12-31": "2.25000", "2013-12-31": "1.30000", "2012-12-31": "0.53000", "2011-12-31": "0.67000", "2010-12-31": "0.38000", "2009-12-31": "-0.28000", "2008-12-31": "1.31000", "2007-12-31": "2.01000", "2006-12-31": "1.15000"}, "EPS - Earnings Per Share": {"2019-12-31": "7.21000", "2018-12-31": "6.68000", "2017-12-31": "3.08000", "2016-12-31": "1.53000", "2015-12-31": "0.86000", "2014-12-31": "2.23000", "2013-12-31": "1.30000", "2012-12-31": "0.53000", "2011-12-31": "0.67000", "2010-12-31": "0.38000", "2009-12-31": "-0.28000", "2008-12-31": "1.31000", "2007-12-31": "2.01000", "2006-12-31": "1.15000"}}, "income statement, quarterly": {"Revenue": {"2020-09-30": "399.00000", "2020-06-30": "250.00000", "2020-03-31": "993.00000", "2019-12-31": "1275.00000", "2019-09-30": "1215.00000", "2019-06-30": "1289.00000", "2019-03-31": "1241.00000", "2018-12-31": "1138.00000", "2018-09-30": "1074.00000", "2018-06-30": "1133.00000", "2018-03-31": "1109.00000", "2017-12-31": "1117.00000", "2017-09-30": "1070.00000", "2017-06-30": "1149.00000", "2017-03-31": "1126.00000", "2016-12-31": "923.00000", "2016-09-30": "1088.00000", "2016-06-30": "1165.00000", "2016-03-31": "1089.00000", "2015-12-31": "1109.00000", "2015-09-30": "1053.00000", "2015-06-30": "1112.00000", "2015-03-31": "1054.00000", "2014-12-31": "1079.00000", "2014-09-30": "1104.00000", "2014-06-30": "1158.00000", "2014-03-31": "1074.00000", "2013-12-31": "1091.00000", "2013-09-30": "1026.00000", "2013-06-30": "1092.00000", "2013-03-31": "975.00000", "2012-12-31": "1000.00000", "2012-09-30": "977.00000", "2012-06-30": "1014.00000", "2012-03-31": "958.00000", "2011-12-31": "990.00000", "2011-09-30": "897.00000", "2011-06-30": "936.00000", "2011-03-31": "875.00000", "2010-12-31": "918.00000", "2010-09-30": "879.00000", "2010-06-30": "889.00000", "2010-03-31": "841.00000", "2009-12-31": "889.00000", "2009-09-30": "806.00000", "2009-06-30": "847.00000", "2009-03-31": "789.00000", "2008-12-31": ""}, "Cost Of Goods Sold": {"2020-09-30": "418.00000", "2020-06-30": "334.00000", "2020-03-31": "861.00000", "2019-12-31": "1033.00000", "2019-09-30": "1007.00000", "2019-06-30": "1030.00000", "2019-03-31": "1007.00000", "2018-12-31": "910.00000", "2018-09-30": "849.00000", "2018-06-30": "864.00000", "2018-03-31": "852.00000", "2017-12-31": "886.00000", "2017-09-30": "834.00000", "2017-06-30": "872.00000", "2017-03-31": "885.00000", "2016-12-31": "744.00000", "2016-09-30": "858.00000", "2016-06-30": "902.00000", "2016-03-31": "852.00000", "2015-12-31": "873.00000", "2015-09-30": "833.00000", "2015-06-30": "849.00000", "2015-03-31": "822.00000", "2014-12-31": "850.00000", "2014-09-30": "864.00000", "2014-06-30": "880.00000", "2014-03-31": "839.00000", "2013-12-31": "858.00000", "2013-09-30": "815.00000", "2013-06-30": "824.00000", "2013-03-31": "786.00000", "2012-12-31": "793.00000", "2012-09-30": "774.00000", "2012-06-30": "782.00000", "2012-03-31": "772.00000", "2011-12-31": "791.00000", "2011-09-30": "711.00000", "2011-06-30": "738.00000", "2011-03-31": "717.00000", "2010-12-31": "746.00000", "2010-09-30": "731.00000", "2010-06-30": "706.00000", "2010-03-31": "681.00000", "2009-12-31": "735.00000", "2009-09-30": "677.00000", "2009-06-30": "689.00000", "2009-03-31": "650.00000", "2008-12-31": ""}, "Gross Profit": {"2020-09-30": "-19.00000", "2020-06-30": "-84.00000", "2020-03-31": "132.00000", "2019-12-31": "242.00000", "2019-09-30": "208.00000", "2019-06-30": "259.00000", "2019-03-31": "234.00000", "2018-12-31": "228.00000", "2018-09-30": "225.00000", "2018-06-30": "269.00000", "2018-03-31": "257.00000", "2017-12-31": "231.00000", "2017-09-30": "236.00000", "2017-06-30": "277.00000", "2017-03-31": "241.00000", "2016-12-31": "179.00000", "2016-09-30": "230.00000", "2016-06-30": "263.00000", "2016-03-31": "237.00000", "2015-12-31": "236.00000", "2015-09-30": "220.00000", "2015-06-30": "263.00000", "2015-03-31": "232.00000", "2014-12-31": "229.00000", "2014-09-30": "240.00000", "2014-06-30": "278.00000", "2014-03-31": "235.00000", "2013-12-31": "233.00000", "2013-09-30": "211.00000", "2013-06-30": "268.00000", "2013-03-31": "189.00000", "2012-12-31": "207.00000", "2012-09-30": "203.00000", "2012-06-30": "232.00000", "2012-03-31": "186.00000", "2011-12-31": "199.00000", "2011-09-30": "186.00000", "2011-06-30": "198.00000", "2011-03-31": "158.00000", "2010-12-31": "172.00000", "2010-09-30": "148.00000", "2010-06-30": "183.00000", "2010-03-31": "160.00000", "2009-12-31": "154.00000", "2009-09-30": "129.00000", "2009-06-30": "158.00000", "2009-03-31": "139.00000", "2008-12-31": ""}, "Research And Development Expenses": {"2020-09-30": "", "2020-06-30": "", "2020-03-31": "", "2019-12-31": "", "2019-09-30": "", "2019-06-30": "", "2019-03-31": "", "2018-12-31": "", "2018-09-30": "", "2018-06-30": "", "2018-03-31": "", "2017-12-31": "", "2017-09-30": "", "2017-06-30": "", "2017-03-31": "", "2016-12-31": "", "2016-09-30": "", "2016-06-30": "", "2016-03-31": "", "2015-12-31": "", "2015-09-30": "", "2015-06-30": "", "2015-03-31": "", "2014-12-31": "", "2014-09-30": "", "2014-06-30": "", "2014-03-31": "", "2013-12-31": "", "2013-09-30": "", "2013-06-30": "", "2013-03-31": "", "2012-12-31": "", "2012-09-30": "", "2012-06-30": "", "2012-03-31": "", "2011-12-31": "", "2011-09-30": "", "2011-06-30": "", "2011-03-31": "", "2010-12-31": "", "2010-09-30": "", "2010-06-30": "", "2010-03-31": "", "2009-12-31": "0.00000", "2009-09-30": "", "2009-06-30": "", "2009-03-31": "", "2008-12-31": ""}, "SG&A Expenses": {"2020-09-30": "69.00000", "2020-06-30": "101.00000", "2020-03-31": "47.00000", "2019-12-31": "111.00000", "2019-09-30": "83.00000", "2019-06-30": "95.00000", "2019-03-31": "128.00000", "2018-12-31": "60.00000", "2018-09-30": "82.00000", "2018-06-30": "83.00000", "2018-03-31": "95.00000", "2017-12-31": "99.00000", "2017-09-30": "89.00000", "2017-06-30": "90.00000", "2017-03-31": "99.00000", "2016-12-31": "78.00000", "2016-09-30": "74.00000", "2016-06-30": "75.00000", "2016-03-31": "88.00000", "2015-12-31": "87.00000", "2015-09-30": "54.00000", "2015-06-30": "73.00000", "2015-03-31": "94.00000", "2014-12-31": "105.00000", "2014-09-30": "77.00000", "2014-06-30": "80.00000", "2014-03-31": "87.00000", "2013-12-31": "87.00000", "2013-09-30": "77.00000", "2013-06-30": "75.00000", "2013-03-31": "84.00000", "2012-12-31": "78.00000", "2012-09-30": "75.00000", "2012-06-30": "70.00000", "2012-03-31": "93.00000", "2011-12-31": "84.00000", "2011-09-30": "58.00000", "2011-06-30": "71.00000", "2011-03-31": "70.00000", "2010-12-31": "81.00000", "2010-09-30": "68.00000", "2010-06-30": "58.00000", "2010-03-31": "69.00000", "2009-12-31": "73.00000", "2009-09-30": "66.00000", "2009-06-30": "69.00000", "2009-03-31": "53.00000", "2008-12-31": ""}, "Other Operating Income Or Expenses": {"2020-09-30": "", "2020-06-30": "", "2020-03-31": "", "2019-12-31": "", "2019-09-30": "", "2019-06-30": "", "2019-03-31": "", "2018-12-31": "", "2018-09-30": "", "2018-06-30": "", "2018-03-31": "", "2017-12-31": "", "2017-09-30": "", "2017-06-30": "", "2017-03-31": "", "2016-12-31": "", "2016-09-30": "", "2016-06-30": "", "2016-03-31": "", "2015-12-31": "", "2015-09-30": "", "2015-06-30": "", "2015-03-31": "", "2014-12-31": "", "2014-09-30": "", "2014-06-30": "", "2014-03-31": "", "2013-12-31": "", "2013-09-30": "", "2013-06-30": "", "2013-03-31": "", "2012-12-31": "", "2012-09-30": "", "2012-06-30": "", "2012-03-31": "", "2011-12-31": "", "2011-09-30": "", "2011-06-30": "", "2011-03-31": "", "2010-12-31": "", "2010-09-30": "", "2010-06-30": "", "2010-03-31": "", "2009-12-31": "", "2009-09-30": "", "2009-06-30": "", "2009-03-31": "", "2008-12-31": ""}, "Operating Expenses": {"2020-09-30": "567.00000", "2020-06-30": "508.00000", "2020-03-31": "988.00000", "2019-12-31": "1225.00000", "2019-09-30": "1175.00000", "2019-06-30": "1208.00000", "2019-03-31": "1215.00000", "2018-12-31": "1054.00000", "2018-09-30": "1012.00000", "2018-06-30": "1026.00000", "2018-03-31": "1030.00000", "2017-12-31": "1072.00000", "2017-09-30": "1011.00000", "2017-06-30": "1048.00000", "2017-03-31": "1071.00000", "2016-12-31": "894.00000", "2016-09-30": "1019.00000", "2016-06-30": "1063.00000", "2016-03-31": "1021.00000", "2015-12-31": "1047.00000", "2015-09-30": "965.00000", "2015-06-30": "998.00000", "2015-03-31": "995.00000", "2014-12-31": "1040.00000", "2014-09-30": "1032.00000", "2014-06-30": "1043.00000", "2014-03-31": "1021.00000", "2013-12-31": "1036.00000", "2013-09-30": "973.00000", "2013-06-30": "984.00000", "2013-03-31": "958.00000", "2012-12-31": "961.00000", "2012-09-30": "937.00000", "2012-06-30": "941.00000", "2012-03-31": "951.00000", "2011-12-31": "962.00000", "2011-09-30": "844.00000", "2011-06-30": "881.00000", "2011-03-31": "858.00000", "2010-12-31": "902.00000", "2010-09-30": "867.00000", "2010-06-30": "830.00000", "2010-03-31": "820.00000", "2009-12-31": "879.00000", "2009-09-30": "811.00000", "2009-06-30": "823.00000", "2009-03-31": "768.00000", "2008-12-31": ""}, "Operating Income": {"2020-09-30": "-168.00000", "2020-06-30": "-258.00000", "2020-03-31": "5.00000", "2019-12-31": "50.00000", "2019-09-30": "40.00000", "2019-06-30": "81.00000", "2019-03-31": "26.00000", "2018-12-31": "84.00000", "2018-09-30": "62.00000", "2018-06-30": "107.00000", "2018-03-31": "79.00000", "2017-12-31": "45.00000", "2017-09-30": "59.00000", "2017-06-30": "101.00000", "2017-03-31": "55.00000", "2016-12-31": "29.00000", "2016-09-30": "69.00000", "2016-06-30": "102.00000", "2016-03-31": "68.00000", "2015-12-31": "62.00000", "2015-09-30": "88.00000", "2015-06-30": "114.00000", "2015-03-31": "59.00000", "2014-12-31": "39.00000", "2014-09-30": "72.00000", "2014-06-30": "115.00000", "2014-03-31": "53.00000", "2013-12-31": "55.00000", "2013-09-30": "53.00000", "2013-06-30": "108.00000", "2013-03-31": "17.00000", "2012-12-31": "39.00000", "2012-09-30": "40.00000", "2012-06-30": "73.00000", "2012-03-31": "7.00000", "2011-12-31": "28.00000", "2011-09-30": "53.00000", "2011-06-30": "55.00000", "2011-03-31": "17.00000", "2010-12-31": "16.00000", "2010-09-30": "12.00000", "2010-06-30": "59.00000", "2010-03-31": "21.00000", "2009-12-31": "10.00000", "2009-09-30": "-5.00000", "2009-06-30": "24.00000", "2009-03-31": "21.00000", "2008-12-31": ""}, "Total Non-Operating Income/Expense": {"2020-09-30": "-52.00000", "2020-06-30": "-72.00000", "2020-03-31": "-143.00000", "2019-12-31": "363.00000", "2019-09-30": "365.00000", "2019-06-30": "24.00000", "2019-03-31": "57.00000", "2018-12-31": "-52.00000", "2018-09-30": "194.00000", "2018-06-30": "-5.00000", "2018-03-31": "482.00000", "2017-12-31": "397.00000", "2017-09-30": "-24.00000", "2017-06-30": "55.00000", "2017-03-31": "34.00000", "2016-12-31": "25.00000", "2016-09-30": "21.00000", "2016-06-30": "-14.00000", "2016-03-31": "-18.00000", "2015-12-31": "-27.00000", "2015-09-30": "-43.00000", "2015-06-30": "-34.00000", "2015-03-31": "-25.00000", "2014-12-31": "222.00000", "2014-09-30": "-9.00000", "2014-06-30": "6.00000", "2014-03-31": "27.00000", "2013-12-31": "2.00000", "2013-09-30": "41.00000", "2013-06-30": "59.00000", "2013-03-31": "-14.00000", "2012-12-31": "-35.00000", "2012-09-30": "-20.00000", "2012-06-30": "-16.00000", "2012-03-31": "7.00000", "2011-12-31": "-4.00000", "2011-09-30": "-45.00000", "2011-06-30": "-20.00000", "2011-03-31": "-1.00000", "2010-12-31": "-17.00000", "2010-09-30": "34.00000", "2010-06-30": "-40.00000", "2010-03-31": "3.00000", "2009-12-31": "-20.00000", "2009-09-30": "13.00000", "2009-06-30": "-97.00000", "2009-03-31": "4.00000", "2008-12-31": ""}, "Pre-Tax Income": {"2020-09-30": "-220.00000", "2020-06-30": "-330.00000", "2020-03-31": "-138.00000", "2019-12-31": "413.00000", "2019-09-30": "405.00000", "2019-06-30": "105.00000", "2019-03-31": "83.00000", "2018-12-31": "32.00000", "2018-09-30": "256.00000", "2018-06-30": "102.00000", "2018-03-31": "561.00000", "2017-12-31": "442.00000", "2017-09-30": "35.00000", "2017-06-30": "156.00000", "2017-03-31": "89.00000", "2016-12-31": "54.00000", "2016-09-30": "90.00000", "2016-06-30": "88.00000", "2016-03-31": "50.00000", "2015-12-31": "35.00000", "2015-09-30": "45.00000", "2015-06-30": "80.00000", "2015-03-31": "34.00000", "2014-12-31": "261.00000", "2014-09-30": "63.00000", "2014-06-30": "121.00000", "2014-03-31": "80.00000", "2013-12-31": "57.00000", "2013-09-30": "94.00000", "2013-06-30": "167.00000", "2013-03-31": "3.00000", "2012-12-31": "4.00000", "2012-09-30": "20.00000", "2012-06-30": "57.00000", "2012-03-31": "14.00000", "2011-12-31": "24.00000", "2011-09-30": "8.00000", "2011-06-30": "35.00000", "2011-03-31": "16.00000", "2010-12-31": "-1.00000", "2010-09-30": "46.00000", "2010-06-30": "19.00000", "2010-03-31": "24.00000", "2009-12-31": "-11.00000", "2009-09-30": "8.00000", "2009-06-30": "-73.00000", "2009-03-31": "25.00000", "2008-12-31": ""}, "Income Taxes": {"2020-09-30": "-59.00000", "2020-06-30": "-94.00000", "2020-03-31": "-35.00000", "2019-12-31": "92.00000", "2019-09-30": "109.00000", "2019-06-30": "19.00000", "2019-03-31": "20.00000", "2018-12-31": "-12.00000", "2018-09-30": "19.00000", "2018-06-30": "25.00000", "2018-03-31": "150.00000", "2017-12-31": "229.00000", "2017-09-30": "16.00000", "2017-06-30": "53.00000", "2017-03-31": "34.00000", "2016-12-31": "11.00000", "2016-09-30": "28.00000", "2016-06-30": "21.00000", "2016-03-31": "16.00000", "2015-12-31": "-2.00000", "2015-09-30": "20.00000", "2015-06-30": "40.00000", "2015-03-31": "12.00000", "2014-12-31": "79.00000", "2014-09-30": "30.00000", "2014-06-30": "46.00000", "2014-03-31": "24.00000", "2013-12-31": "27.00000", "2013-09-30": "39.00000", "2013-06-30": "55.00000", "2013-03-31": "-5.00000", "2012-12-31": "-11.00000", "2012-09-30": "-3.00000", "2012-06-30": "18.00000", "2012-03-31": "4.00000", "2011-12-31": "-28.00000", "2011-09-30": "-5.00000", "2011-06-30": "-1.00000", "2011-03-31": "6.00000", "2010-12-31": "3.00000", "2010-09-30": "17.00000", "2010-06-30": "", "2010-03-31": "17.00000", "2009-12-31": "3.00000", "2009-09-30": "2.00000", "2009-06-30": "-25.00000", "2009-03-31": "12.00000", "2008-12-31": ""}, "Income After Taxes": {"2020-09-30": "-161.00000", "2020-06-30": "-236.00000", "2020-03-31": "-103.00000", "2019-12-31": "321.00000", "2019-09-30": "296.00000", "2019-06-30": "86.00000", "2019-03-31": "63.00000", "2018-12-31": "44.00000", "2018-09-30": "237.00000", "2018-06-30": "77.00000", "2018-03-31": "411.00000", "2017-12-31": "213.00000", "2017-09-30": "19.00000", "2017-06-30": "103.00000", "2017-03-31": "55.00000", "2016-12-31": "43.00000", "2016-09-30": "62.00000", "2016-06-30": "67.00000", "2016-03-31": "34.00000", "2015-12-31": "37.00000", "2015-09-30": "25.00000", "2015-06-30": "40.00000", "2015-03-31": "22.00000", "2014-12-31": "182.00000", "2014-09-30": "33.00000", "2014-06-30": "75.00000", "2014-03-31": "56.00000", "2013-12-31": "30.00000", "2013-09-30": "55.00000", "2013-06-30": "112.00000", "2013-03-31": "8.00000", "2012-12-31": "15.00000", "2012-09-30": "23.00000", "2012-06-30": "39.00000", "2012-03-31": "10.00000", "2011-12-31": "52.00000", "2011-09-30": "13.00000", "2011-06-30": "36.00000", "2011-03-31": "10.00000", "2010-12-31": "-4.00000", "2010-09-30": "29.00000", "2010-06-30": "19.00000", "2010-03-31": "7.00000", "2009-12-31": "-14.00000", "2009-09-30": "6.00000", "2009-06-30": "-48.00000", "2009-03-31": "13.00000", "2008-12-31": ""}, "Other Income": {"2020-09-30": "", "2020-06-30": "", "2020-03-31": "", "2019-12-31": "", "2019-09-30": "", "2019-06-30": "", "2019-03-31": "", "2018-12-31": "", "2018-09-30": "", "2018-06-30": "", "2018-03-31": "", "2017-12-31": "", "2017-09-30": "", "2017-06-30": "", "2017-03-31": "", "2016-12-31": "", "2016-09-30": "", "2016-06-30": "", "2016-03-31": "", "2015-12-31": "", "2015-09-30": "", "2015-06-30": "", "2015-03-31": "", "2014-12-31": "", "2014-09-30": "", "2014-06-30": "", "2014-03-31": "", "2013-12-31": "", "2013-09-30": "", "2013-06-30": "", "2013-03-31": "", "2012-12-31": "", "2012-09-30": "", "2012-06-30": "", "2012-03-31": "", "2011-12-31": "", "2011-09-30": "", "2011-06-30": "", "2011-03-31": "", "2010-12-31": "", "2010-09-30": "", "2010-06-30": "", "2010-03-31": "", "2009-12-31": "0.00000", "2009-09-30": "", "2009-06-30": "", "2009-03-31": "", "2008-12-31": ""}, "Income From Continuous Operations": {"2020-09-30": "-161.00000", "2020-06-30": "-236.00000", "2020-03-31": "-103.00000", "2019-12-31": "321.00000", "2019-09-30": "296.00000", "2019-06-30": "86.00000", "2019-03-31": "63.00000", "2018-12-31": "44.00000", "2018-09-30": "237.00000", "2018-06-30": "77.00000", "2018-03-31": "411.00000", "2017-12-31": "213.00000", "2017-09-30": "19.00000", "2017-06-30": "103.00000", "2017-03-31": "55.00000", "2016-12-31": "43.00000", "2016-09-30": "62.00000", "2016-06-30": "67.00000", "2016-03-31": "34.00000", "2015-12-31": "37.00000", "2015-09-30": "25.00000", "2015-06-30": "40.00000", "2015-03-31": "22.00000", "2014-12-31": "182.00000", "2014-09-30": "33.00000", "2014-06-30": "75.00000", "2014-03-31": "56.00000", "2013-12-31": "30.00000", "2013-09-30": "55.00000", "2013-06-30": "112.00000", "2013-03-31": "8.00000", "2012-12-31": "15.00000", "2012-09-30": "23.00000", "2012-06-30": "39.00000", "2012-03-31": "10.00000", "2011-12-31": "52.00000", "2011-09-30": "13.00000", "2011-06-30": "36.00000", "2011-03-31": "10.00000", "2010-12-31": "-4.00000", "2010-09-30": "29.00000", "2010-06-30": "19.00000", "2010-03-31": "7.00000", "2009-12-31": "-12.00000", "2009-09-30": "6.00000", "2009-06-30": "-48.00000", "2009-03-31": "13.00000", "2008-12-31": ""}, "Income From Discontinued Operations": {"2020-09-30": "", "2020-06-30": "", "2020-03-31": "", "2019-12-31": "", "2019-09-30": "", "2019-06-30": "", "2019-03-31": "", "2018-12-31": "", "2018-09-30": "", "2018-06-30": "", "2018-03-31": "", "2017-12-31": "", "2017-09-30": "", "2017-06-30": "", "2017-03-31": "", "2016-12-31": "", "2016-09-30": "", "2016-06-30": "", "2016-03-31": "", "2015-12-31": "", "2015-09-30": "", "2015-06-30": "", "2015-03-31": "", "2014-12-31": "", "2014-09-30": "", "2014-06-30": "", "2014-03-31": "", "2013-12-31": "", "2013-09-30": "", "2013-06-30": "", "2013-03-31": "", "2012-12-31": "", "2012-09-30": "", "2012-06-30": "", "2012-03-31": "", "2011-12-31": "", "2011-09-30": "", "2011-06-30": "", "2011-03-31": "", "2010-12-31": "", "2010-09-30": "1.00000", "2010-06-30": "5.00000", "2010-03-31": "-2.00000", "2009-12-31": "0.00000", "2009-09-30": "", "2009-06-30": "-2.00000", "2009-03-31": "-1.00000", "2008-12-31": ""}, "Net Income": {"2020-09-30": "-161.00000", "2020-06-30": "-236.00000", "2020-03-31": "-103.00000", "2019-12-31": "321.00000", "2019-09-30": "296.00000", "2019-06-30": "86.00000", "2019-03-31": "63.00000", "2018-12-31": "44.00000", "2018-09-30": "237.00000", "2018-06-30": "77.00000", "2018-03-31": "411.00000", "2017-12-31": "213.00000", "2017-09-30": "18.00000", "2017-06-30": "103.00000", "2017-03-31": "55.00000", "2016-12-31": "43.00000", "2016-09-30": "62.00000", "2016-06-30": "67.00000", "2016-03-31": "34.00000", "2015-12-31": "37.00000", "2015-09-30": "25.00000", "2015-06-30": "40.00000", "2015-03-31": "22.00000", "2014-12-31": "182.00000", "2014-09-30": "32.00000", "2014-06-30": "74.00000", "2014-03-31": "56.00000", "2013-12-31": "32.00000", "2013-09-30": "55.00000", "2013-06-30": "112.00000", "2013-03-31": "8.00000", "2012-12-31": "16.00000", "2012-09-30": "23.00000", "2012-06-30": "39.00000", "2012-03-31": "10.00000", "2011-12-31": "52.00000", "2011-09-30": "14.00000", "2011-06-30": "37.00000", "2011-03-31": "10.00000", "2010-12-31": "6.00000", "2010-09-30": "30.00000", "2010-06-30": "25.00000", "2010-03-31": "5.00000", "2009-12-31": "-12.00000", "2009-09-30": "5.00000", "2009-06-30": "-50.00000", "2009-03-31": "14.00000", "2008-12-31": ""}, "EBITDA": {"2020-09-30": "-70.00000", "2020-06-30": "-167.00000", "2020-03-31": "116.00000", "2019-12-31": "147.00000", "2019-09-30": "146.00000", "2019-06-30": "184.00000", "2019-03-31": "141.00000", "2018-12-31": "173.00000", "2018-09-30": "153.00000", "2018-06-30": "196.00000", "2018-03-31": "185.00000", "2017-12-31": "169.00000", "2017-09-30": "151.00000", "2017-06-30": "196.00000", "2017-03-31": "142.00000", "2016-12-31": "143.00000", "2016-09-30": "156.00000", "2016-06-30": "188.00000", "2016-03-31": "149.00000", "2015-12-31": "175.00000", "2015-09-30": "166.00000", "2015-06-30": "190.00000", "2015-03-31": "138.00000", "2014-12-31": "176.00000", "2014-09-30": "163.00000", "2014-06-30": "198.00000", "2014-03-31": "148.00000", "2013-12-31": "173.00000", "2013-09-30": "134.00000", "2013-06-30": "193.00000", "2013-03-31": "105.00000", "2012-12-31": "151.00000", "2012-09-30": "128.00000", "2012-06-30": "162.00000", "2012-03-31": "93.00000", "2011-12-31": "115.00000", "2011-09-30": "128.00000", "2011-06-30": "127.00000", "2011-03-31": "88.00000", "2010-12-31": "91.00000", "2010-09-30": "80.00000", "2010-06-30": "125.00000", "2010-03-31": "91.00000", "2009-12-31": "82.00000", "2009-09-30": "63.00000", "2009-06-30": "89.00000", "2009-03-31": "86.00000", "2008-12-31": ""}, "EBIT": {"2020-09-30": "-168.00000", "2020-06-30": "-258.00000", "2020-03-31": "5.00000", "2019-12-31": "50.00000", "2019-09-30": "40.00000", "2019-06-30": "81.00000", "2019-03-31": "26.00000", "2018-12-31": "84.00000", "2018-09-30": "62.00000", "2018-06-30": "107.00000", "2018-03-31": "79.00000", "2017-12-31": "45.00000", "2017-09-30": "59.00000", "2017-06-30": "101.00000", "2017-03-31": "55.00000", "2016-12-31": "29.00000", "2016-09-30": "69.00000", "2016-06-30": "102.00000", "2016-03-31": "68.00000", "2015-12-31": "62.00000", "2015-09-30": "88.00000", "2015-06-30": "114.00000", "2015-03-31": "59.00000", "2014-12-31": "39.00000", "2014-09-30": "72.00000", "2014-06-30": "115.00000", "2014-03-31": "53.00000", "2013-12-31": "55.00000", "2013-09-30": "53.00000", "2013-06-30": "108.00000", "2013-03-31": "17.00000", "2012-12-31": "39.00000", "2012-09-30": "40.00000", "2012-06-30": "73.00000", "2012-03-31": "7.00000", "2011-12-31": "28.00000", "2011-09-30": "53.00000", "2011-06-30": "55.00000", "2011-03-31": "17.00000", "2010-12-31": "16.00000", "2010-09-30": "12.00000", "2010-06-30": "59.00000", "2010-03-31": "21.00000", "2009-12-31": "10.00000", "2009-09-30": "-5.00000", "2009-06-30": "24.00000", "2009-03-31": "21.00000", "2008-12-31": ""}, "Basic Shares Outstanding": {"2020-09-30": "101.27700", "2020-06-30": "101.27300", "2020-03-31": "101.40200", "2019-12-31": "104.59000", "2019-09-30": "104.34900", "2019-06-30": "105.37300", "2019-03-31": "105.97600", "2018-12-31": "113.25900", "2018-09-30": "111.35700", "2018-06-30": "114.55900", "2018-03-31": "118.65200", "2017-12-31": "124.83700", "2017-09-30": "124.01100", "2017-06-30": "125.50400", "2017-03-31": "129.74700", "2016-12-31": "132.93100", "2016-09-30": "131.91700", "2016-06-30": "133.99100", "2016-03-31": "135.12900", "2015-12-31": "142.81500", "2015-09-30": "141.87600", "2015-06-30": "144.27400", "2015-03-31": "147.28500", "2014-12-31": "153.13600", "2014-09-30": "152.84900", "2014-06-30": "154.22700", "2014-03-31": "155.44900", "2013-12-31": "158.54500", "2013-09-30": "156.34000", "2013-06-30": "159.81700", "2013-03-31": "161.93100", "2012-12-31": "165.01700", "2012-09-30": "165.48700", "2012-06-30": "165.85400", "2012-03-31": "165.52500", "2011-12-31": "168.76200", "2011-09-30": "165.50000", "2011-06-30": "169.90700", "2011-03-31": "174.22810", "2010-12-31": "174.11500", "2010-09-30": "174.15000", "2010-06-30": "174.11800", "2010-03-31": "173.96400", "2009-12-31": "171.42900", "2009-09-30": "168.18400", "2009-06-30": "145.60200", "2009-03-31": "128.08700", "2008-12-31": ""}, "Shares Outstanding": {"2020-09-30": "101.27700", "2020-06-30": "101.27300", "2020-03-31": "101.40200", "2019-12-31": "106.29200", "2019-09-30": "105.91900", "2019-06-30": "106.95300", "2019-03-31": "107.51900", "2018-12-31": "115.12500", "2018-09-30": "113.22400", "2018-06-30": "116.45100", "2018-03-31": "120.77800", "2017-12-31": "126.34700", "2017-09-30": "125.40800", "2017-06-30": "126.80500", "2017-03-31": "130.99700", "2016-12-31": "133.93900", "2016-09-30": "133.06400", "2016-06-30": "134.89600", "2016-03-31": "135.92500", "2015-12-31": "143.99900", "2015-09-30": "143.00700", "2015-06-30": "145.50400", "2015-03-31": "148.63900", "2014-12-31": "154.35000", "2014-09-30": "153.86900", "2014-06-30": "155.22100", "2014-03-31": "156.49100", "2013-12-31": "159.18900", "2013-09-30": "156.89700", "2013-06-30": "160.21300", "2013-03-31": "162.53800", "2012-12-31": "165.37700", "2012-09-30": "165.75400", "2012-06-30": "165.97100", "2012-03-31": "166.01600", "2011-12-31": "169.24000", "2011-09-30": "165.64400", "2011-06-30": "170.13900", "2011-03-31": "174.50310", "2010-12-31": "174.35400", "2010-09-30": "174.23000", "2010-06-30": "174.25800", "2010-03-31": "174.00400", "2009-12-31": "171.42900", "2009-09-30": "168.19400", "2009-06-30": "145.60200", "2009-03-31": "128.18000", "2008-12-31": ""}, "Basic EPS": {"2020-09-30": "-1.59000", "2020-06-30": "-2.33000", "2020-03-31": "-1.02000", "2019-12-31": "3.08000", "2019-09-30": "2.84000", "2019-06-30": "0.81000", "2019-03-31": "0.60000", "2018-12-31": "0.53000", "2018-09-30": "2.12000", "2018-06-30": "0.67000", "2018-03-31": "3.47000", "2017-12-31": "1.73000", "2017-09-30": "0.14000", "2017-06-30": "0.82000", "2017-03-31": "0.43000", "2016-12-31": "0.32000", "2016-09-30": "0.48000", "2016-06-30": "0.50000", "2016-03-31": "0.25000", "2015-12-31": "0.26000", "2015-09-30": "0.18000", "2015-06-30": "0.28000", "2015-03-31": "0.15000", "2014-12-31": "1.20000", "2014-09-30": "0.21000", "2014-06-30": "0.48000", "2014-03-31": "0.36000", "2013-12-31": "0.20000", "2013-09-30": "0.35000", "2013-06-30": "0.70000", "2013-03-31": "0.05000", "2012-12-31": "0.09000", "2012-09-30": "0.14000", "2012-06-30": "0.24000", "2012-03-31": "0.06000", "2011-12-31": "0.31000", "2011-09-30": "0.08000", "2011-06-30": "0.22000", "2011-03-31": "0.06000", "2010-12-31": "0.04000", "2010-09-30": "0.17000", "2010-06-30": "0.14000", "2010-03-31": "0.03000", "2009-12-31": "-0.07000", "2009-09-30": "0.03000", "2009-06-30": "-0.34000", "2009-03-31": "0.11000", "2008-12-31": ""}, "EPS - Earnings Per Share": {"2020-09-30": "-1.59000", "2020-06-30": "-2.33000", "2020-03-31": "-1.02000", "2019-12-31": "3.02000", "2019-09-30": "2.80000", "2019-06-30": "0.80000", "2019-03-31": "0.59000", "2018-12-31": "0.53000", "2018-09-30": "2.09000", "2018-06-30": "0.66000", "2018-03-31": "3.40000", "2017-12-31": "1.71000", "2017-09-30": "0.14000", "2017-06-30": "0.81000", "2017-03-31": "0.42000", "2016-12-31": "0.32000", "2016-09-30": "0.47000", "2016-06-30": "0.49000", "2016-03-31": "0.25000", "2015-12-31": "0.26000", "2015-09-30": "0.18000", "2015-06-30": "0.27000", "2015-03-31": "0.15000", "2014-12-31": "1.18000", "2014-09-30": "0.21000", "2014-06-30": "0.48000", "2014-03-31": "0.36000", "2013-12-31": "0.20000", "2013-09-30": "0.35000", "2013-06-30": "0.70000", "2013-03-31": "0.05000", "2012-12-31": "0.09000", "2012-09-30": "0.14000", "2012-06-30": "0.24000", "2012-03-31": "0.06000", "2011-12-31": "0.31000", "2011-09-30": "0.08000", "2011-06-30": "0.22000", "2011-03-31": "0.06000", "2010-12-31": "0.04000", "2010-09-30": "0.17000", "2010-06-30": "0.14000", "2010-03-31": "0.03000", "2009-12-31": "-0.07000", "2009-09-30": "0.03000", "2009-06-30": "-0.34000", "2009-03-31": "0.11000", "2008-12-31": "0.00000"}}, "balance sheet": {"Cash On Hand": {"2019-12-31": "1111.00000", "2018-12-31": "719.00000", "2017-12-31": "786.00000", "2016-12-31": "614.00000", "2015-12-31": "599.00000", "2014-12-31": "1174.00000", "2013-12-31": "668.00000", "2012-12-31": "999.00000", "2011-12-31": "1149.00000", "2010-12-31": "1740.00000", "2009-12-31": "1442.00000", "2008-12-31": "465.00000", "2007-12-31": "429.00000", "2006-12-31": ""}, "Receivables": {"2019-12-31": "449.00000", "2018-12-31": "463.00000", "2017-12-31": "374.00000", "2016-12-31": "344.00000", "2015-12-31": "361.00000", "2014-12-31": "321.00000", "2013-12-31": "285.00000", "2012-12-31": "543.00000", "2011-12-31": "254.00000", "2010-12-31": "205.00000", "2009-12-31": "311.00000", "2008-12-31": "299.00000", "2007-12-31": "321.00000", "2006-12-31": ""}, "Inventory": {"2019-12-31": "12.00000", "2018-12-31": "14.00000", "2017-12-31": "14.00000", "2016-12-31": "28.00000", "2015-12-31": "12.00000", "2014-12-31": "17.00000", "2013-12-31": "77.00000", "2012-12-31": "80.00000", "2011-12-31": "87.00000", "2010-12-31": "100.00000", "2009-12-31": "133.00000", "2008-12-31": "170.00000", "2007-12-31": "150.00000", "2006-12-31": ""}, "Pre-Paid Expenses": {"2019-12-31": "134.00000", "2018-12-31": "149.00000", "2017-12-31": "153.00000", "2016-12-31": "153.00000", "2015-12-31": "152.00000", "2014-12-31": "108.00000", "2013-12-31": "122.00000", "2012-12-31": "83.00000", "2011-12-31": "78.00000", "2010-12-31": "73.00000", "2009-12-31": "80.00000", "2008-12-31": "72.00000", "2007-12-31": "73.00000", "2006-12-31": ""}, "Other Current Assets": {"2019-12-31": "", "2018-12-31": "", "2017-12-31": "", "2016-12-31": "", "2015-12-31": "", "2014-12-31": "63.00000", "2013-12-31": "", "2012-12-31": "34.00000", "2011-12-31": "", "2010-12-31": "18.00000", "2009-12-31": "", "2008-12-31": "", "2007-12-31": "", "2006-12-31": ""}, "Total Current Assets": {"2019-12-31": "1706.00000", "2018-12-31": "1345.00000", "2017-12-31": "1327.00000", "2016-12-31": "1139.00000", "2015-12-31": "1124.00000", "2014-12-31": "1709.00000", "2013-12-31": "1163.00000", "2012-12-31": "1758.00000", "2011-12-31": "1591.00000", "2010-12-31": "2165.00000", "2009-12-31": "2009.00000", "2008-12-31": "1057.00000", "2007-12-31": "1065.00000", "2006-12-31": ""}, "Property, Plant, And Equipment": {"2019-12-31": "3456.00000", "2018-12-31": "3608.00000", "2017-12-31": "4034.00000", "2016-12-31": "4270.00000", "2015-12-31": "4031.00000", "2014-12-31": "4186.00000", "2013-12-31": "4671.00000", "2012-12-31": "4139.00000", "2011-12-31": "4043.00000", "2010-12-31": "3453.00000", "2009-12-31": "3585.00000", "2008-12-31": "3495.00000", "2007-12-31": "3518.00000", "2006-12-31": ""}, "Long-Term Investments": {"2019-12-31": "232.00000", "2018-12-31": "233.00000", "2017-12-31": "212.00000", "2016-12-31": "186.00000", "2015-12-31": "327.00000", "2014-12-31": "334.00000", "2013-12-31": "329.00000", "2012-12-31": "283.00000", "2011-12-31": "280.00000", "2010-12-31": "245.00000", "2009-12-31": "223.00000", "2008-12-31": "204.00000", "2007-12-31": "324.00000", "2006-12-31": ""}, "Goodwill And Intangible Assets": {"2019-12-31": "763.00000", "2018-12-31": "911.00000", "2017-12-31": "455.00000", "2016-12-31": "724.00000", "2015-12-31": "676.00000", "2014-12-31": "685.00000", "2013-12-31": "738.00000", "2012-12-31": "521.00000", "2011-12-31": "461.00000", "2010-12-31": "382.00000", "2009-12-31": "397.00000", "2008-12-31": "376.00000", "2007-12-31": "562.00000", "2006-12-31": ""}, "Other Long-Term Assets": {"2019-12-31": "1588.00000", "2018-12-31": "1353.00000", "2017-12-31": "1384.00000", "2016-12-31": "1098.00000", "2015-12-31": "1112.00000", "2014-12-31": "993.00000", "2013-12-31": "959.00000", "2012-12-31": "620.00000", "2011-12-31": "575.00000", "2010-12-31": "561.00000", "2009-12-31": "482.00000", "2008-12-31": "451.00000", "2007-12-31": "468.00000", "2006-12-31": ""}, "Total Long-Term Assets": {"2019-12-31": "6711.00000", "2018-12-31": "6298.00000", "2017-12-31": "6245.00000", "2016-12-31": "6610.00000", "2015-12-31": "6467.00000", "2014-12-31": "6434.00000", "2013-12-31": "7014.00000", "2012-12-31": "5872.00000", "2011-12-31": "5916.00000", "2010-12-31": "5078.00000", "2009-12-31": "5146.00000", "2008-12-31": "5062.00000", "2007-12-31": "5183.00000", "2006-12-31": ""}, "Total Assets": {"2019-12-31": "8417.00000", "2018-12-31": "7643.00000", "2017-12-31": "7572.00000", "2016-12-31": "7749.00000", "2015-12-31": "7591.00000", "2014-12-31": "8143.00000", "2013-12-31": "8177.00000", "2012-12-31": "7630.00000", "2011-12-31": "7507.00000", "2010-12-31": "7243.00000", "2009-12-31": "7155.00000", "2008-12-31": "6119.00000", "2007-12-31": "6248.00000", "2006-12-31": "0.00000"}, "Total Current Liabilities": {"2019-12-31": "1086.00000", "2018-12-31": "1061.00000", "2017-12-31": "992.00000", "2016-12-31": "924.00000", "2015-12-31": "1107.00000", "2014-12-31": "730.00000", "2013-12-31": "871.00000", "2012-12-31": "618.00000", "2011-12-31": "568.00000", "2010-12-31": "596.00000", "2009-12-31": "495.00000", "2008-12-31": "653.00000", "2007-12-31": "697.00000", "2006-12-31": ""}, "Long Term Debt": {"2019-12-31": "1612.00000", "2018-12-31": "1623.00000", "2017-12-31": "1440.00000", "2016-12-31": "1445.00000", "2015-12-31": "1042.00000", "2014-12-31": "1381.00000", "2013-12-31": "1289.00000", "2012-12-31": "1229.00000", "2011-12-31": "1221.00000", "2010-12-31": "714.00000", "2009-12-31": "840.00000", "2008-12-31": "1209.00000", "2007-12-31": "1288.00000", "2006-12-31": ""}, "Other Non-Current Liabilities": {"2019-12-31": "1359.00000", "2018-12-31": "1282.00000", "2017-12-31": "1287.00000", "2016-12-31": "1472.00000", "2015-12-31": "1447.00000", "2014-12-31": "1401.00000", "2013-12-31": "1240.00000", "2012-12-31": "962.00000", "2011-12-31": "890.00000", "2010-12-31": "802.00000", "2009-12-31": "780.00000", "2008-12-31": "665.00000", "2007-12-31": "794.00000", "2006-12-31": ""}, "Total Long Term Liabilities": {"2019-12-31": "3364.00000", "2018-12-31": "2905.00000", "2017-12-31": "2737.00000", "2016-12-31": "2917.00000", "2015-12-31": "2489.00000", "2014-12-31": "2782.00000", "2013-12-31": "2529.00000", "2012-12-31": "2191.00000", "2011-12-31": "2111.00000", "2010-12-31": "1516.00000", "2009-12-31": "1620.00000", "2008-12-31": "1874.00000", "2007-12-31": "2082.00000", "2006-12-31": ""}, "Total Liabilities": {"2019-12-31": "4450.00000", "2018-12-31": "3966.00000", "2017-12-31": "3729.00000", "2016-12-31": "3841.00000", "2015-12-31": "3596.00000", "2014-12-31": "3512.00000", "2013-12-31": "3400.00000", "2012-12-31": "2809.00000", "2011-12-31": "2679.00000", "2010-12-31": "2112.00000", "2009-12-31": "2115.00000", "2008-12-31": "2527.00000", "2007-12-31": "2779.00000", "2006-12-31": ""}, "Common Stock Net": {"2019-12-31": "1.00000", "2018-12-31": "1.00000", "2017-12-31": "1.00000", "2016-12-31": "1.00000", "2015-12-31": "1.00000", "2014-12-31": "2.00000", "2013-12-31": "2.00000", "2012-12-31": "2.00000", "2011-12-31": "2.00000", "2010-12-31": "2.00000", "2009-12-31": "2.00000", "2008-12-31": "1.00000", "2007-12-31": "3.00000", "2006-12-31": ""}, "Retained Earnings (Accumulated Deficit)": {"2019-12-31": "4170.00000", "2018-12-31": "3819.00000", "2017-12-31": "3054.00000", "2016-12-31": "2493.00000", "2015-12-31": "2289.00000", "2014-12-31": "2165.00000", "2013-12-31": "1821.00000", "2012-12-31": "1614.00000", "2011-12-31": "1517.00000", "2010-12-31": "1404.00000", "2009-12-31": "1338.00000", "2008-12-31": "1381.00000", "2007-12-31": "1213.00000", "2006-12-31": ""}, "Comprehensive Income": {"2019-12-31": "-209.00000", "2018-12-31": "-200.00000", "2017-12-31": "-185.00000", "2016-12-31": "-277.00000", "2015-12-31": "-230.00000", "2014-12-31": "-160.00000", "2013-12-31": "-68.00000", "2012-12-31": "-67.00000", "2011-12-31": "-80.00000", "2010-12-31": "-38.00000", "2009-12-31": "-53.00000", "2008-12-31": "-60.00000", "2007-12-31": "-4.00000", "2006-12-31": ""}, "Other Share Holders Equity": {"2019-12-31": "", "2018-12-31": "", "2017-12-31": "", "2016-12-31": "", "2015-12-31": "", "2014-12-31": "", "2013-12-31": "", "2012-12-31": "", "2011-12-31": "", "2010-12-31": "", "2009-12-31": "", "2008-12-31": "", "2007-12-31": "", "2006-12-31": ""}, "Share Holder Equity": {"2019-12-31": "3967.00000", "2018-12-31": "3677.00000", "2017-12-31": "3843.00000", "2016-12-31": "3908.00000", "2015-12-31": "3995.00000", "2014-12-31": "4631.00000", "2013-12-31": "4777.00000", "2012-12-31": "4821.00000", "2011-12-31": "4828.00000", "2010-12-31": "5131.00000", "2009-12-31": "5040.00000", "2008-12-31": "3592.00000", "2007-12-31": "3469.00000", "2006-12-31": ""}, "Total Liabilities And Share Holders Equity": {"2019-12-31": "8417.00000", "2018-12-31": "7643.00000", "2017-12-31": "7572.00000", "2016-12-31": "7749.00000", "2015-12-31": "7591.00000", "2014-12-31": "8143.00000", "2013-12-31": "8177.00000", "2012-12-31": "7630.00000", "2011-12-31": "7507.00000", "2010-12-31": "7243.00000", "2009-12-31": "7155.00000", "2008-12-31": "6119.00000", "2007-12-31": "6248.00000", "2006-12-31": ""}}, "balance sheet, quarterly": {"Cash On Hand": {"2020-09-30": "2100.00000", "2020-06-30": "1524.00000", "2020-03-31": "1280.00000", "2019-12-31": "1111.00000", "2019-09-30": "863.00000", "2019-06-30": "609.00000", "2019-03-31": "625.00000", "2018-12-31": "719.00000", "2018-09-30": "1254.00000", "2018-06-30": "1036.00000", "2018-03-31": "1664.00000", "2017-12-31": "786.00000", "2017-09-30": "663.00000", "2017-06-30": "791.00000", "2017-03-31": "490.00000", "2016-12-31": "614.00000", "2016-09-30": "656.00000", "2016-06-30": "768.00000", "2016-03-31": "899.00000", "2015-12-31": "599.00000", "2015-09-30": "731.00000", "2015-06-30": "928.00000", "2015-03-31": "984.00000", "2014-12-31": "1174.00000", "2014-09-30": "388.00000", "2014-06-30": "686.00000", "2014-03-31": "895.00000", "2013-12-31": "668.00000", "2013-09-30": "1246.00000", "2013-06-30": "956.00000", "2013-03-31": "881.00000", "2012-12-31": "999.00000", "2012-09-30": "1037.00000", "2012-06-30": "949.00000", "2012-03-31": "1089.00000", "2011-12-31": "1149.00000", "2011-09-30": "1256.00000", "2011-06-30": "1444.00000", "2011-03-31": "1758.00000", "2010-12-31": "1740.00000", "2010-09-30": "1662.00000", "2010-06-30": "1659.00000", "2010-03-31": "1433.00000", "2009-12-31": "1442.00000", "2009-09-30": "", "2009-06-30": "104.00000", "2009-03-31": "", "2008-12-31": "465.00000"}, "Receivables": {"2020-09-30": "482.00000", "2020-06-30": "350.00000", "2020-03-31": "396.00000", "2019-12-31": "449.00000", "2019-09-30": "455.00000", "2019-06-30": "535.00000", "2019-03-31": "507.00000", "2018-12-31": "463.00000", "2018-09-30": "492.00000", "2018-06-30": "391.00000", "2018-03-31": "383.00000", "2017-12-31": "374.00000", "2017-09-30": "440.00000", "2017-06-30": "404.00000", "2017-03-31": "385.00000", "2016-12-31": "344.00000", "2016-09-30": "367.00000", "2016-06-30": "375.00000", "2016-03-31": "387.00000", "2015-12-31": "361.00000", "2015-09-30": "409.00000", "2015-06-30": "391.00000", "2015-03-31": "397.00000", "2014-12-31": "321.00000", "2014-09-30": "355.00000", "2014-06-30": "340.00000", "2014-03-31": "350.00000", "2013-12-31": "285.00000", "2013-09-30": "309.00000", "2013-06-30": "628.00000", "2013-03-31": "598.00000", "2012-12-31": "543.00000", "2012-09-30": "566.00000", "2012-06-30": "310.00000", "2012-03-31": "301.00000", "2011-12-31": "254.00000", "2011-09-30": "232.00000", "2011-06-30": "260.00000", "2011-03-31": "235.00000", "2010-12-31": "205.00000", "2010-09-30": "313.00000", "2010-06-30": "315.00000", "2010-03-31": "", "2009-12-31": "311.00000", "2009-09-30": "", "2009-06-30": "311.00000", "2009-03-31": "", "2008-12-31": "299.00000"}, "Inventory": {"2020-09-30": "14.00000", "2020-06-30": "11.00000", "2020-03-31": "12.00000", "2019-12-31": "12.00000", "2019-09-30": "12.00000", "2019-06-30": "13.00000", "2019-03-31": "14.00000", "2018-12-31": "14.00000", "2018-09-30": "13.00000", "2018-06-30": "13.00000", "2018-03-31": "13.00000", "2017-12-31": "14.00000", "2017-09-30": "15.00000", "2017-06-30": "15.00000", "2017-03-31": "16.00000", "2016-12-31": "28.00000", "2016-09-30": "16.00000", "2016-06-30": "16.00000", "2016-03-31": "16.00000", "2015-12-31": "12.00000", "2015-09-30": "13.00000", "2015-06-30": "15.00000", "2015-03-31": "16.00000", "2014-12-31": "17.00000", "2014-09-30": "18.00000", "2014-06-30": "17.00000", "2014-03-31": "75.00000", "2013-12-31": "77.00000", "2013-09-30": "71.00000", "2013-06-30": "74.00000", "2013-03-31": "77.00000", "2012-12-31": "80.00000", "2012-09-30": "82.00000", "2012-06-30": "85.00000", "2012-03-31": "86.00000", "2011-12-31": "87.00000", "2011-09-30": "93.00000", "2011-06-30": "96.00000", "2011-03-31": "99.00000", "2010-12-31": "100.00000", "2010-09-30": "128.00000", "2010-06-30": "129.00000", "2010-03-31": "130.00000", "2009-12-31": "133.00000", "2009-09-30": "", "2009-06-30": "", "2009-03-31": "", "2008-12-31": "170.00000"}, "Pre-Paid Expenses": {"2020-09-30": "42.00000", "2020-06-30": "53.00000", "2020-03-31": "65.00000", "2019-12-31": "134.00000", "2019-09-30": "129.00000", "2019-06-30": "147.00000", "2019-03-31": "156.00000", "2018-12-31": "149.00000", "2018-09-30": "140.00000", "2018-06-30": "152.00000", "2018-03-31": "136.00000", "2017-12-31": "153.00000", "2017-09-30": "150.00000", "2017-06-30": "153.00000", "2017-03-31": "157.00000", "2016-12-31": "153.00000", "2016-09-30": "180.00000", "2016-06-30": "188.00000", "2016-03-31": "160.00000", "2015-12-31": "152.00000", "2015-09-30": "109.00000", "2015-06-30": "118.00000", "2015-03-31": "139.00000", "2014-12-31": "108.00000", "2014-09-30": "109.00000", "2014-06-30": "109.00000", "2014-03-31": "122.00000", "2013-12-31": "122.00000", "2013-09-30": "113.00000", "2013-06-30": "85.00000", "2013-03-31": "76.00000", "2012-12-31": "83.00000", "2012-09-30": "63.00000", "2012-06-30": "78.00000", "2012-03-31": "82.00000", "2011-12-31": "78.00000", "2011-09-30": "68.00000", "2011-06-30": "68.00000", "2011-03-31": "64.00000", "2010-12-31": "73.00000", "2010-09-30": "56.00000", "2010-06-30": "", "2010-03-31": "", "2009-12-31": "80.00000", "2009-09-30": "", "2009-06-30": "", "2009-03-31": "", "2008-12-31": ""}, "Other Current Assets": {"2020-09-30": "", "2020-06-30": "", "2020-03-31": "", "2019-12-31": "", "2019-09-30": "17.00000", "2019-06-30": "", "2019-03-31": "", "2018-12-31": "", "2018-09-30": "44.00000", "2018-06-30": "135.00000", "2018-03-31": "", "2017-12-31": "", "2017-09-30": "", "2017-06-30": "", "2017-03-31": "", "2016-12-31": "", "2016-09-30": "", "2016-06-30": "", "2016-03-31": "", "2015-12-31": "", "2015-09-30": "", "2015-06-30": "", "2015-03-31": "5.00000", "2014-12-31": "63.00000", "2014-09-30": "221.00000", "2014-06-30": "175.00000", "2014-03-31": "", "2013-12-31": "", "2013-09-30": "", "2013-06-30": "95.00000", "2013-03-31": "4.00000", "2012-12-31": "34.00000", "2012-09-30": "74.00000", "2012-06-30": "", "2012-03-31": "", "2011-12-31": "", "2011-09-30": "", "2011-06-30": "", "2011-03-31": "", "2010-12-31": "18.00000", "2010-09-30": "18.00000", "2010-06-30": "85.00000", "2010-03-31": "599.00000", "2009-12-31": "", "2009-09-30": "", "2009-06-30": "128.00000", "2009-03-31": "", "2008-12-31": "123.00000"}, "Total Current Assets": {"2020-09-30": "2638.00000", "2020-06-30": "1938.00000", "2020-03-31": "1753.00000", "2019-12-31": "1706.00000", "2019-09-30": "1476.00000", "2019-06-30": "1304.00000", "2019-03-31": "1302.00000", "2018-12-31": "1345.00000", "2018-09-30": "1943.00000", "2018-06-30": "1727.00000", "2018-03-31": "2196.00000", "2017-12-31": "1327.00000", "2017-09-30": "1268.00000", "2017-06-30": "1363.00000", "2017-03-31": "1048.00000", "2016-12-31": "1139.00000", "2016-09-30": "1219.00000", "2016-06-30": "1347.00000", "2016-03-31": "1462.00000", "2015-12-31": "1124.00000", "2015-09-30": "1287.00000", "2015-06-30": "1483.00000", "2015-03-31": "1574.00000", "2014-12-31": "1709.00000", "2014-09-30": "1113.00000", "2014-06-30": "1354.00000", "2014-03-31": "1462.00000", "2013-12-31": "1163.00000", "2013-09-30": "1756.00000", "2013-06-30": "1839.00000", "2013-03-31": "1696.00000", "2012-12-31": "1758.00000", "2012-09-30": "1876.00000", "2012-06-30": "1440.00000", "2012-03-31": "1581.00000", "2011-12-31": "1591.00000", "2011-09-30": "1688.00000", "2011-06-30": "1898.00000", "2011-03-31": "2185.00000", "2010-12-31": "2165.00000", "2010-09-30": "2200.00000", "2010-06-30": "2211.00000", "2010-03-31": "2162.00000", "2009-12-31": "2009.00000", "2009-09-30": "", "2009-06-30": "458.00000", "2009-03-31": "", "2008-12-31": "1057.00000"}, "Property, Plant, And Equipment": {"2020-09-30": "3178.00000", "2020-06-30": "3237.00000", "2020-03-31": "3294.00000", "2019-12-31": "3456.00000", "2019-09-30": "3519.00000", "2019-06-30": "3615.00000", "2019-03-31": "3605.00000", "2018-12-31": "3608.00000", "2018-09-30": "3570.00000", "2018-06-30": "3376.00000", "2018-03-31": "3572.00000", "2017-12-31": "4034.00000", "2017-09-30": "4243.00000", "2017-06-30": "4239.00000", "2017-03-31": "4472.00000", "2016-12-31": "4270.00000", "2016-09-30": "3971.00000", "2016-06-30": "3959.00000", "2016-03-31": "4023.00000", "2015-12-31": "4031.00000", "2015-09-30": "4032.00000", "2015-06-30": "4093.00000", "2015-03-31": "4100.00000", "2014-12-31": "4186.00000", "2014-09-30": "4640.00000", "2014-06-30": "4366.00000", "2014-03-31": "4378.00000", "2013-12-31": "4671.00000", "2013-09-30": "3827.00000", "2013-06-30": "3942.00000", "2013-03-31": "4148.00000", "2012-12-31": "4139.00000", "2012-09-30": "4109.00000", "2012-06-30": "4184.00000", "2012-03-31": "4040.00000", "2011-12-31": "4043.00000", "2011-09-30": "3990.00000", "2011-06-30": "3451.00000", "2011-03-31": "3453.00000", "2010-12-31": "3453.00000", "2010-09-30": "3407.00000", "2010-06-30": "3414.00000", "2010-03-31": "3454.00000", "2009-12-31": "3585.00000", "2009-09-30": "", "2009-06-30": "", "2009-03-31": "", "2008-12-31": "5211.00000"}, "Long-Term Investments": {"2020-09-30": "260.00000", "2020-06-30": "259.00000", "2020-03-31": "259.00000", "2019-12-31": "232.00000", "2019-09-30": "229.00000", "2019-06-30": "222.00000", "2019-03-31": "230.00000", "2018-12-31": "233.00000", "2018-09-30": "225.00000", "2018-06-30": "207.00000", "2018-03-31": "174.00000", "2017-12-31": "212.00000", "2017-09-30": "199.00000", "2017-06-30": "181.00000", "2017-03-31": "169.00000", "2016-12-31": "186.00000", "2016-09-30": "306.00000", "2016-06-30": "308.00000", "2016-03-31": "332.00000", "2015-12-31": "327.00000", "2015-09-30": "323.00000", "2015-06-30": "331.00000", "2015-03-31": "342.00000", "2014-12-31": "334.00000", "2014-09-30": "341.00000", "2014-06-30": "319.00000", "2014-03-31": "322.00000", "2013-12-31": "329.00000", "2013-09-30": "473.00000", "2013-06-30": "348.00000", "2013-03-31": "332.00000", "2012-12-31": "283.00000", "2012-09-30": "298.00000", "2012-06-30": "317.00000", "2012-03-31": "300.00000", "2011-12-31": "280.00000", "2011-09-30": "278.00000", "2011-06-30": "278.00000", "2011-03-31": "248.00000", "2010-12-31": "245.00000", "2010-09-30": "260.00000", "2010-06-30": "208.00000", "2010-03-31": "222.00000", "2009-12-31": "223.00000", "2009-09-30": "", "2009-06-30": "", "2009-03-31": "", "2008-12-31": "204.00000"}, "Goodwill And Intangible Assets": {"2020-09-30": "700.00000", "2020-06-30": "706.00000", "2020-03-31": "753.00000", "2019-12-31": "763.00000", "2019-09-30": "775.00000", "2019-06-30": "793.00000", "2019-03-31": "801.00000", "2018-12-31": "911.00000", "2018-09-30": "428.00000", "2018-06-30": "446.00000", "2018-03-31": "459.00000", "2017-12-31": "455.00000", "2017-09-30": "834.00000", "2017-06-30": "816.00000", "2017-03-31": "805.00000", "2016-12-31": "724.00000", "2016-09-30": "718.00000", "2016-06-30": "669.00000", "2016-03-31": "675.00000", "2015-12-31": "676.00000", "2015-09-30": "671.00000", "2015-06-30": "678.00000", "2015-03-31": "664.00000", "2014-12-31": "685.00000", "2014-09-30": "704.00000", "2014-06-30": "723.00000", "2014-03-31": "742.00000", "2013-12-31": "738.00000", "2013-09-30": "662.00000", "2013-06-30": "645.00000", "2013-03-31": "643.00000", "2012-12-31": "521.00000", "2012-09-30": "512.00000", "2012-06-30": "508.00000", "2012-03-31": "466.00000", "2011-12-31": "461.00000", "2011-09-30": "458.00000", "2011-06-30": "384.00000", "2011-03-31": "387.00000", "2010-12-31": "382.00000", "2010-09-30": "395.00000", "2010-06-30": "392.00000", "2010-03-31": "262.00000", "2009-12-31": "397.00000", "2009-09-30": "0.00000", "2009-06-30": "113.00000", "2009-03-31": "0.00000", "2008-12-31": "376.00000"}, "Other Long-Term Assets": {"2020-09-30": "1689.00000", "2020-06-30": "1711.00000", "2020-03-31": "1526.00000", "2019-12-31": "1588.00000", "2019-09-30": "1476.00000", "2019-06-30": "1455.00000", "2019-03-31": "1400.00000", "2018-12-31": "1353.00000", "2018-09-30": "1395.00000", "2018-06-30": "1393.00000", "2018-03-31": "1419.00000", "2017-12-31": "1384.00000", "2017-09-30": "1000.00000", "2017-06-30": "993.00000", "2017-03-31": "947.00000", "2016-12-31": "1098.00000", "2016-09-30": "1094.00000", "2016-06-30": "1104.00000", "2016-03-31": "1082.00000", "2015-12-31": "1112.00000", "2015-09-30": "1106.00000", "2015-06-30": "1039.00000", "2015-03-31": "1024.00000", "2014-12-31": "993.00000", "2014-09-30": "983.00000", "2014-06-30": "987.00000", "2014-03-31": "972.00000", "2013-12-31": "959.00000", "2013-09-30": "884.00000", "2013-06-30": "638.00000", "2013-03-31": "641.00000", "2012-12-31": "620.00000", "2012-09-30": "593.00000", "2012-06-30": "578.00000", "2012-03-31": "574.00000", "2011-12-31": "575.00000", "2011-09-30": "564.00000", "2011-06-30": "583.00000", "2011-03-31": "576.00000", "2010-12-31": "561.00000", "2010-09-30": "518.00000", "2010-06-30": "494.00000", "2010-03-31": "676.00000", "2009-12-31": "482.00000", "2009-09-30": "", "2009-06-30": "", "2009-03-31": "", "2008-12-31": "861.00000"}, "Total Long-Term Assets": {"2020-09-30": "6587.00000", "2020-06-30": "6642.00000", "2020-03-31": "6545.00000", "2019-12-31": "6711.00000", "2019-09-30": "6653.00000", "2019-06-30": "6778.00000", "2019-03-31": "6733.00000", "2018-12-31": "6298.00000", "2018-09-30": "5781.00000", "2018-06-30": "5589.00000", "2018-03-31": "5791.00000", "2017-12-31": "6245.00000", "2017-09-30": "6593.00000", "2017-06-30": "6538.00000", "2017-03-31": "6715.00000", "2016-12-31": "6610.00000", "2016-09-30": "6428.00000", "2016-06-30": "6359.00000", "2016-03-31": "6437.00000", "2015-12-31": "6467.00000", "2015-09-30": "6385.00000", "2015-06-30": "6359.00000", "2015-03-31": "6335.00000", "2014-12-31": "6434.00000", "2014-09-30": "6956.00000", "2014-06-30": "6659.00000", "2014-03-31": "6714.00000", "2013-12-31": "7014.00000", "2013-09-30": "6113.00000", "2013-06-30": "5868.00000", "2013-03-31": "6026.00000", "2012-12-31": "5872.00000", "2012-09-30": "5860.00000", "2012-06-30": "6241.00000", "2012-03-31": "5981.00000", "2011-12-31": "5916.00000", "2011-09-30": "5699.00000", "2011-06-30": "5099.00000", "2011-03-31": "5093.00000", "2010-12-31": "5078.00000", "2010-09-30": "5032.00000", "2010-06-30": "4959.00000", "2010-03-31": "4992.00000", "2009-12-31": "5146.00000", "2009-09-30": "", "2009-06-30": "187.00000", "2009-03-31": "", "2008-12-31": "6778.00000"}, "Total Assets": {"2020-09-30": "9225.00000", "2020-06-30": "8580.00000", "2020-03-31": "8298.00000", "2019-12-31": "8417.00000", "2019-09-30": "8129.00000", "2019-06-30": "8082.00000", "2019-03-31": "8035.00000", "2018-12-31": "7643.00000", "2018-09-30": "7724.00000", "2018-06-30": "7316.00000", "2018-03-31": "7987.00000", "2017-12-31": "7572.00000", "2017-09-30": "7861.00000", "2017-06-30": "7901.00000", "2017-03-31": "7763.00000", "2016-12-31": "7749.00000", "2016-09-30": "7647.00000", "2016-06-30": "7706.00000", "2016-03-31": "7899.00000", "2015-12-31": "7591.00000", "2015-09-30": "7672.00000", "2015-06-30": "7842.00000", "2015-03-31": "7909.00000", "2014-12-31": "8143.00000", "2014-09-30": "8069.00000", "2014-06-30": "8013.00000", "2014-03-31": "8176.00000", "2013-12-31": "8177.00000", "2013-09-30": "7869.00000", "2013-06-30": "7707.00000", "2013-03-31": "7722.00000", "2012-12-31": "7630.00000", "2012-09-30": "7736.00000", "2012-06-30": "7681.00000", "2012-03-31": "7562.00000", "2011-12-31": "7507.00000", "2011-09-30": "7387.00000", "2011-06-30": "6997.00000", "2011-03-31": "7278.00000", "2010-12-31": "7243.00000", "2010-09-30": "7232.00000", "2010-06-30": "7170.00000", "2010-03-31": "7154.00000", "2009-12-31": "7155.00000", "2009-09-30": "0.00000", "2009-06-30": "645.00000", "2009-03-31": "0.00000", "2008-12-31": "6119.00000"}, "Total Current Liabilities": {"2020-09-30": "970.00000", "2020-06-30": "701.00000", "2020-03-31": "1183.00000", "2019-12-31": "1086.00000", "2019-09-30": "1044.00000", "2019-06-30": "1114.00000", "2019-03-31": "1105.00000", "2018-12-31": "1061.00000", "2018-09-30": "897.00000", "2018-06-30": "916.00000", "2018-03-31": "1051.00000", "2017-12-31": "992.00000", "2017-09-30": "1200.00000", "2017-06-30": "1073.00000", "2017-03-31": "1109.00000", "2016-12-31": "924.00000", "2016-09-30": "832.00000", "2016-06-30": "824.00000", "2016-03-31": "1012.00000", "2015-12-31": "1107.00000", "2015-09-30": "1043.00000", "2015-06-30": "772.00000", "2015-03-31": "699.00000", "2014-12-31": "730.00000", "2014-09-30": "815.00000", "2014-06-30": "679.00000", "2014-03-31": "857.00000", "2013-12-31": "871.00000", "2013-09-30": "679.00000", "2013-06-30": "634.00000", "2013-03-31": "583.00000", "2012-12-31": "618.00000", "2012-09-30": "613.00000", "2012-06-30": "611.00000", "2012-03-31": "548.00000", "2011-12-31": "568.00000", "2011-09-30": "566.00000", "2011-06-30": "627.00000", "2011-03-31": "567.00000", "2010-12-31": "596.00000", "2010-09-30": "621.00000", "2010-06-30": "563.00000", "2010-03-31": "480.00000", "2009-12-31": "495.00000", "2009-09-30": "", "2009-06-30": "299.00000", "2009-03-31": "", "2008-12-31": "653.00000"}, "Long Term Debt": {"2020-09-30": "2981.00000", "2020-06-30": "2491.00000", "2020-03-31": "1602.00000", "2019-12-31": "1612.00000", "2019-09-30": "1612.00000", "2019-06-30": "1621.00000", "2019-03-31": "1621.00000", "2018-12-31": "1623.00000", "2018-09-30": "1622.00000", "2018-06-30": "1429.00000", "2018-03-31": "1439.00000", "2017-12-31": "1440.00000", "2017-09-30": "1444.00000", "2017-06-30": "1446.00000", "2017-03-31": "1445.00000", "2016-12-31": "1445.00000", "2016-09-30": "1447.00000", "2016-06-30": "1455.00000", "2016-03-31": "1441.00000", "2015-12-31": "1042.00000", "2015-09-30": "1059.00000", "2015-06-30": "1319.00000", "2015-03-31": "1370.00000", "2014-12-31": "1381.00000", "2014-09-30": "1292.00000", "2014-06-30": "1298.00000", "2014-03-31": "1293.00000", "2013-12-31": "1289.00000", "2013-09-30": "1283.00000", "2013-06-30": "1265.00000", "2013-03-31": "1228.00000", "2012-12-31": "1229.00000", "2012-09-30": "1219.00000", "2012-06-30": "1220.00000", "2012-03-31": "1220.00000", "2011-12-31": "1221.00000", "2011-09-30": "1221.00000", "2011-06-30": "714.00000", "2011-03-31": "712.00000", "2010-12-31": "714.00000", "2010-09-30": "716.00000", "2010-06-30": "794.00000", "2010-03-31": "838.00000", "2009-12-31": "840.00000", "2009-09-30": "", "2009-06-30": "", "2009-03-31": "", "2008-12-31": "1209.00000"}, "Other Non-Current Liabilities": {"2020-09-30": "1531.00000", "2020-06-30": "1513.00000", "2020-03-31": "1419.00000", "2019-12-31": "1359.00000", "2019-09-30": "1317.00000", "2019-06-30": "1294.00000", "2019-03-31": "1276.00000", "2018-12-31": "1282.00000", "2018-09-30": "1270.00000", "2018-06-30": "1270.00000", "2018-03-31": "1303.00000", "2017-12-31": "1287.00000", "2017-09-30": "1550.00000", "2017-06-30": "1530.00000", "2017-03-31": "1480.00000", "2016-12-31": "1472.00000", "2016-09-30": "1451.00000", "2016-06-30": "1419.00000", "2016-03-31": "1446.00000", "2015-12-31": "1447.00000", "2015-09-30": "1436.00000", "2015-06-30": "1423.00000", "2015-03-31": "1414.00000", "2014-12-31": "1401.00000", "2014-09-30": "1271.00000", "2014-06-30": "1257.00000", "2014-03-31": "1251.00000", "2013-12-31": "1240.00000", "2013-09-30": "1154.00000", "2013-06-30": "1094.00000", "2013-03-31": "1097.00000", "2012-12-31": "962.00000", "2012-09-30": "999.00000", "2012-06-30": "967.00000", "2012-03-31": "930.00000", "2011-12-31": "890.00000", "2011-09-30": "813.00000", "2011-06-30": "822.00000", "2011-03-31": "830.00000", "2010-12-31": "802.00000", "2010-09-30": "768.00000", "2010-06-30": "752.00000", "2010-03-31": "787.00000", "2009-12-31": "780.00000", "2009-09-30": "", "2009-06-30": "", "2009-03-31": "", "2008-12-31": "665.00000"}, "Total Long Term Liabilities": {"2020-09-30": "4902.00000", "2020-06-30": "4386.00000", "2020-03-31": "3407.00000", "2019-12-31": "3364.00000", "2019-09-30": "3324.00000", "2019-06-30": "3321.00000", "2019-03-31": "3302.00000", "2018-12-31": "2905.00000", "2018-09-30": "2892.00000", "2018-06-30": "2699.00000", "2018-03-31": "2742.00000", "2017-12-31": "2737.00000", "2017-09-30": "3004.00000", "2017-06-30": "2985.00000", "2017-03-31": "2934.00000", "2016-12-31": "2917.00000", "2016-09-30": "2898.00000", "2016-06-30": "2874.00000", "2016-03-31": "2887.00000", "2015-12-31": "2489.00000", "2015-09-30": "2495.00000", "2015-06-30": "2742.00000", "2015-03-31": "2784.00000", "2014-12-31": "2782.00000", "2014-09-30": "2563.00000", "2014-06-30": "2555.00000", "2014-03-31": "2544.00000", "2013-12-31": "2529.00000", "2013-09-30": "2437.00000", "2013-06-30": "2359.00000", "2013-03-31": "2325.00000", "2012-12-31": "2191.00000", "2012-09-30": "2218.00000", "2012-06-30": "2187.00000", "2012-03-31": "2150.00000", "2011-12-31": "2111.00000", "2011-09-30": "2034.00000", "2011-06-30": "1536.00000", "2011-03-31": "1542.00000", "2010-12-31": "1516.00000", "2010-09-30": "1484.00000", "2010-06-30": "1546.00000", "2010-03-31": "1625.00000", "2009-12-31": "1620.00000", "2009-09-30": "", "2009-06-30": "", "2009-03-31": "", "2008-12-31": "1874.00000"}, "Total Liabilities": {"2020-09-30": "5872.00000", "2020-06-30": "5087.00000", "2020-03-31": "4590.00000", "2019-12-31": "4450.00000", "2019-09-30": "4368.00000", "2019-06-30": "4435.00000", "2019-03-31": "4407.00000", "2018-12-31": "3966.00000", "2018-09-30": "3789.00000", "2018-06-30": "3615.00000", "2018-03-31": "3793.00000", "2017-12-31": "3729.00000", "2017-09-30": "4204.00000", "2017-06-30": "4058.00000", "2017-03-31": "4043.00000", "2016-12-31": "3841.00000", "2016-09-30": "3730.00000", "2016-06-30": "3698.00000", "2016-03-31": "3899.00000", "2015-12-31": "3596.00000", "2015-09-30": "3538.00000", "2015-06-30": "3514.00000", "2015-03-31": "3483.00000", "2014-12-31": "3512.00000", "2014-09-30": "3378.00000", "2014-06-30": "3234.00000", "2014-03-31": "3401.00000", "2013-12-31": "3400.00000", "2013-09-30": "3116.00000", "2013-06-30": "2993.00000", "2013-03-31": "2908.00000", "2012-12-31": "2809.00000", "2012-09-30": "2831.00000", "2012-06-30": "2798.00000", "2012-03-31": "2698.00000", "2011-12-31": "2679.00000", "2011-09-30": "2600.00000", "2011-06-30": "2163.00000", "2011-03-31": "2109.00000", "2010-12-31": "2112.00000", "2010-09-30": "2105.00000", "2010-06-30": "2109.00000", "2010-03-31": "2105.00000", "2009-12-31": "2115.00000", "2009-09-30": "0.00000", "2009-06-30": "299.00000", "2009-03-31": "0.00000", "2008-12-31": "2527.00000"}, "Common Stock Net": {"2020-09-30": "1.00000", "2020-06-30": "1.00000", "2020-03-31": "1.00000", "2019-12-31": "1.00000", "2019-09-30": "1.00000", "2019-06-30": "1.00000", "2019-03-31": "1.00000", "2018-12-31": "1.00000", "2018-09-30": "1.00000", "2018-06-30": "1.00000", "2018-03-31": "1.00000", "2017-12-31": "1.00000", "2017-09-30": "1.00000", "2017-06-30": "1.00000", "2017-03-31": "1.00000", "2016-12-31": "1.00000", "2016-09-30": "1.00000", "2016-06-30": "1.00000", "2016-03-31": "1.00000", "2015-12-31": "1.00000", "2015-09-30": "1.00000", "2015-06-30": "1.00000", "2015-03-31": "1.00000", "2014-12-31": "2.00000", "2014-09-30": "2.00000", "2014-06-30": "2.00000", "2014-03-31": "2.00000", "2013-12-31": "2.00000", "2013-09-30": "2.00000", "2013-06-30": "2.00000", "2013-03-31": "2.00000", "2012-12-31": "2.00000", "2012-09-30": "2.00000", "2012-06-30": "2.00000", "2012-03-31": "2.00000", "2011-12-31": "2.00000", "2011-09-30": "2.00000", "2011-06-30": "2.00000", "2011-03-31": "2.00000", "2010-12-31": "2.00000", "2010-09-30": "2.00000", "2010-06-30": "2.00000", "2010-03-31": "2.00000", "2009-12-31": "2.00000", "2009-09-30": "0.00000", "2009-06-30": "0.00000", "2009-03-31": "0.00000", "2008-12-31": "2.00000"}, "Retained Earnings (Accumulated Deficit)": {"2020-09-30": "3592.00000", "2020-06-30": "3753.00000", "2020-03-31": "3989.00000", "2019-12-31": "4170.00000", "2019-09-30": "4003.00000", "2019-06-30": "3853.00000", "2019-03-31": "3831.00000", "2018-12-31": "3819.00000", "2018-09-30": "3791.00000", "2018-06-30": "3571.00000", "2018-03-31": "3511.00000", "2017-12-31": "3054.00000", "2017-09-30": "2666.00000", "2017-06-30": "2650.00000", "2017-03-31": "2563.00000", "2016-12-31": "2493.00000", "2016-09-30": "2452.00000", "2016-06-30": "2390.00000", "2016-03-31": "2323.00000", "2015-12-31": "2289.00000", "2015-09-30": "2252.00000", "2015-06-30": "2227.00000", "2015-03-31": "2187.00000", "2014-12-31": "2165.00000", "2014-09-30": "1983.00000", "2014-06-30": "1951.00000", "2014-03-31": "1877.00000", "2013-12-31": "1821.00000", "2013-09-30": "1789.00000", "2013-06-30": "1725.00000", "2013-03-31": "1613.00000", "2012-12-31": "1614.00000", "2012-09-30": "1589.00000", "2012-06-30": "1566.00000", "2012-03-31": "1527.00000", "2011-12-31": "1517.00000", "2011-09-30": "1465.00000", "2011-06-30": "1451.00000", "2011-03-31": "1414.00000", "2010-12-31": "1404.00000", "2010-09-30": "1398.00000", "2010-06-30": "1368.00000", "2010-03-31": "1343.00000", "2009-12-31": "1338.00000", "2009-09-30": "", "2009-06-30": "", "2009-03-31": "", "2008-12-31": "1381.00000"}, "Comprehensive Income": {"2020-09-30": "-250.00000", "2020-06-30": "-267.00000", "2020-03-31": "-285.00000", "2019-12-31": "-209.00000", "2019-09-30": "-248.00000", "2019-06-30": "-212.00000", "2019-03-31": "-210.00000", "2018-12-31": "-200.00000", "2018-09-30": "-202.00000", "2018-06-30": "-276.00000", "2018-03-31": "-230.00000", "2017-12-31": "-185.00000", "2017-09-30": "-172.00000", "2017-06-30": "-172.00000", "2017-03-31": "-202.00000", "2016-12-31": "-277.00000", "2016-09-30": "-227.00000", "2016-06-30": "-207.00000", "2016-03-31": "-210.00000", "2015-12-31": "-230.00000", "2015-09-30": "-226.00000", "2015-06-30": "-201.00000", "2015-03-31": "-213.00000", "2014-12-31": "-160.00000", "2014-09-30": "-109.00000", "2014-06-30": "-61.00000", "2014-03-31": "-70.00000", "2013-12-31": "-68.00000", "2013-09-30": "-77.00000", "2013-06-30": "-74.00000", "2013-03-31": "-50.00000", "2012-12-31": "-67.00000", "2012-09-30": "-55.00000", "2012-06-30": "-84.00000", "2012-03-31": "-60.00000", "2011-12-31": "-80.00000", "2011-09-30": "-64.00000", "2011-06-30": "2.00000", "2011-03-31": "-15.00000", "2010-12-31": "-38.00000", "2010-09-30": "-39.00000", "2010-06-30": "-69.00000", "2010-03-31": "-49.00000", "2009-12-31": "-53.00000", "2009-09-30": "", "2009-06-30": "", "2009-03-31": "", "2008-12-31": ""}, "Other Share Holders Equity": {"2020-09-30": "", "2020-06-30": "", "2020-03-31": "", "2019-12-31": "", "2019-09-30": "", "2019-06-30": "", "2019-03-31": "", "2018-12-31": "", "2018-09-30": "", "2018-06-30": "", "2018-03-31": "", "2017-12-31": "", "2017-09-30": "", "2017-06-30": "", "2017-03-31": "", "2016-12-31": "", "2016-09-30": "", "2016-06-30": "", "2016-03-31": "", "2015-12-31": "", "2015-09-30": "", "2015-06-30": "", "2015-03-31": "", "2014-12-31": "", "2014-09-30": "", "2014-06-30": "", "2014-03-31": "", "2013-12-31": "", "2013-09-30": "", "2013-06-30": "", "2013-03-31": "", "2012-12-31": "", "2012-09-30": "", "2012-06-30": "", "2012-03-31": "", "2011-12-31": "", "2011-09-30": "", "2011-06-30": "", "2011-03-31": "", "2010-12-31": "", "2010-09-30": "", "2010-06-30": "", "2010-03-31": "", "2009-12-31": "", "2009-09-30": "0.00000", "2009-06-30": "0.00000", "2009-03-31": "0.00000", "2008-12-31": "-32.00000"}, "Share Holder Equity": {"2020-09-30": "3353.00000", "2020-06-30": "3493.00000", "2020-03-31": "3708.00000", "2019-12-31": "3967.00000", "2019-09-30": "3761.00000", "2019-06-30": "3647.00000", "2019-03-31": "3628.00000", "2018-12-31": "3677.00000", "2018-09-30": "3935.00000", "2018-06-30": "3701.00000", "2018-03-31": "4194.00000", "2017-12-31": "3843.00000", "2017-09-30": "3657.00000", "2017-06-30": "3843.00000", "2017-03-31": "3720.00000", "2016-12-31": "3908.00000", "2016-09-30": "3917.00000", "2016-06-30": "4008.00000", "2016-03-31": "4000.00000", "2015-12-31": "3995.00000", "2015-09-30": "4134.00000", "2015-06-30": "4328.00000", "2015-03-31": "4426.00000", "2014-12-31": "4631.00000", "2014-09-30": "4691.00000", "2014-06-30": "4779.00000", "2014-03-31": "4775.00000", "2013-12-31": "4777.00000", "2013-09-30": "4753.00000", "2013-06-30": "4714.00000", "2013-03-31": "4814.00000", "2012-12-31": "4821.00000", "2012-09-30": "4905.00000", "2012-06-30": "4883.00000", "2012-03-31": "4864.00000", "2011-12-31": "4828.00000", "2011-09-30": "4787.00000", "2011-06-30": "4834.00000", "2011-03-31": "5169.00000", "2010-12-31": "5131.00000", "2010-09-30": "5127.00000", "2010-06-30": "5061.00000", "2010-03-31": "5049.00000", "2009-12-31": "5040.00000", "2009-09-30": "0.00000", "2009-06-30": "0.00000", "2009-03-31": "0.00000", "2008-12-31": "3592.00000"}, "Total Liabilities And Share Holders Equity": {"2020-09-30": "9225.00000", "2020-06-30": "8580.00000", "2020-03-31": "8298.00000", "2019-12-31": "8417.00000", "2019-09-30": "8129.00000", "2019-06-30": "8082.00000", "2019-03-31": "8035.00000", "2018-12-31": "7643.00000", "2018-09-30": "7724.00000", "2018-06-30": "7316.00000", "2018-03-31": "7987.00000", "2017-12-31": "7572.00000", "2017-09-30": "7861.00000", "2017-06-30": "7901.00000", "2017-03-31": "7763.00000", "2016-12-31": "7749.00000", "2016-09-30": "7647.00000", "2016-06-30": "7706.00000", "2016-03-31": "7899.00000", "2015-12-31": "7591.00000", "2015-09-30": "7672.00000", "2015-06-30": "7842.00000", "2015-03-31": "7909.00000", "2014-12-31": "8143.00000", "2014-09-30": "8069.00000", "2014-06-30": "8013.00000", "2014-03-31": "8176.00000", "2013-12-31": "8177.00000", "2013-09-30": "7869.00000", "2013-06-30": "7707.00000", "2013-03-31": "7722.00000", "2012-12-31": "7630.00000", "2012-09-30": "7736.00000", "2012-06-30": "7681.00000", "2012-03-31": "7562.00000", "2011-12-31": "7507.00000", "2011-09-30": "7387.00000", "2011-06-30": "6997.00000", "2011-03-31": "7278.00000", "2010-12-31": "7243.00000", "2010-09-30": "7232.00000", "2010-06-30": "7170.00000", "2010-03-31": "7154.00000", "2009-12-31": "7155.00000", "2009-09-30": "0.00000", "2009-06-30": "299.00000", "2009-03-31": "0.00000", "2008-12-31": "6119.00000"}}, "cash flow statement": {"Net Income/Loss": {"2019-12-31": "766.00000", "2018-12-31": "769.00000", "2017-12-31": "390.00000", "2016-12-31": "206.00000", "2015-12-31": "124.00000", "2014-12-31": "346.00000", "2013-12-31": "205.00000", "2012-12-31": "87.00000", "2011-12-31": "111.00000", "2010-12-31": "55.00000", "2009-12-31": "-46.00000", "2008-12-31": "170.00000", "2007-12-31": "271.00000", "2006-12-31": "329.00000"}, "Total Depreciation And Amortization - Cash Flow": {"2019-12-31": "421.00000", "2018-12-31": "375.00000", "2017-12-31": "398.00000", "2016-12-31": "368.00000", "2015-12-31": "346.00000", "2014-12-31": "406.00000", "2013-12-31": "372.00000", "2012-12-31": "375.00000", "2011-12-31": "305.00000", "2010-12-31": "279.00000", "2009-12-31": "269.00000", "2008-12-31": "248.00000", "2007-12-31": "214.00000", "2006-12-31": "195.00000"}, "Other Non-Cash Items": {"2019-12-31": "-783.00000", "2018-12-31": "-724.00000", "2017-12-31": "-326.00000", "2016-12-31": "-76.00000", "2015-12-31": "43.00000", "2014-12-31": "-303.00000", "2013-12-31": "-90.00000", "2012-12-31": "104.00000", "2011-12-31": "-58.00000", "2010-12-31": "46.00000", "2009-12-31": "135.00000", "2008-12-31": "48.00000", "2007-12-31": "-170.00000", "2006-12-31": "-140.00000"}, "Total Non-Cash Items": {"2019-12-31": "-362.00000", "2018-12-31": "-349.00000", "2017-12-31": "72.00000", "2016-12-31": "292.00000", "2015-12-31": "389.00000", "2014-12-31": "103.00000", "2013-12-31": "282.00000", "2012-12-31": "479.00000", "2011-12-31": "247.00000", "2010-12-31": "325.00000", "2009-12-31": "404.00000", "2008-12-31": "296.00000", "2007-12-31": "44.00000", "2006-12-31": "55.00000"}, "Change In Accounts Receivable": {"2019-12-31": "-29.00000", "2018-12-31": "14.00000", "2017-12-31": "-37.00000", "2016-12-31": "-14.00000", "2015-12-31": "29.00000", "2014-12-31": "-28.00000", "2013-12-31": "-9.00000", "2012-12-31": "-33.00000", "2011-12-31": "-17.00000", "2010-12-31": "22.00000", "2009-12-31": "57.00000", "2008-12-31": "4.00000", "2007-12-31": "-19.00000", "2006-12-31": "-45.00000"}, "Change In Inventories": {"2019-12-31": "1.00000", "2018-12-31": "", "2017-12-31": "12.00000", "2016-12-31": "2.00000", "2015-12-31": "1.00000", "2014-12-31": "8.00000", "2013-12-31": "3.00000", "2012-12-31": "8.00000", "2011-12-31": "7.00000", "2010-12-31": "4.00000", "2009-12-31": "-10.00000", "2008-12-31": "-21.00000", "2007-12-31": "14.00000", "2006-12-31": "9.00000"}, "Change In Accounts Payable": {"2019-12-31": "26.00000", "2018-12-31": "-80.00000", "2017-12-31": "102.00000", "2016-12-31": "7.00000", "2015-12-31": "-7.00000", "2014-12-31": "186.00000", "2013-12-31": "71.00000", "2012-12-31": "", "2011-12-31": "", "2010-12-31": "", "2009-12-31": "-46.00000", "2008-12-31": "", "2007-12-31": "-19.00000", "2006-12-31": "43.00000"}, "Change In Assets/Liabilities": {"2019-12-31": "-15.00000", "2018-12-31": "-14.00000", "2017-12-31": "12.00000", "2016-12-31": "-59.00000", "2015-12-31": "13.00000", "2014-12-31": "-80.00000", "2013-12-31": "-107.00000", "2012-12-31": "-153.00000", "2011-12-31": "36.00000", "2010-12-31": "-54.00000", "2009-12-31": "-21.00000", "2008-12-31": "-11.00000", "2007-12-31": "-23.00000", "2006-12-31": "-28.00000"}, "Total Change In Assets/Liabilities": {"2019-12-31": "-8.00000", "2018-12-31": "-79.00000", "2017-12-31": "125.00000", "2016-12-31": "-36.00000", "2015-12-31": "25.00000", "2014-12-31": "24.00000", "2013-12-31": "-31.00000", "2012-12-31": "-67.00000", "2011-12-31": "35.00000", "2010-12-31": "70.00000", "2009-12-31": "-82.00000", "2008-12-31": "-179.00000", "2007-12-31": "47.00000", "2006-12-31": "-15.00000"}, "Cash Flow From Operating Activities": {"2019-12-31": "396.00000", "2018-12-31": "341.00000", "2017-12-31": "587.00000", "2016-12-31": "462.00000", "2015-12-31": "538.00000", "2014-12-31": "473.00000", "2013-12-31": "456.00000", "2012-12-31": "499.00000", "2011-12-31": "393.00000", "2010-12-31": "450.00000", "2009-12-31": "276.00000", "2008-12-31": "287.00000", "2007-12-31": "362.00000", "2006-12-31": "369.00000"}, "Net Change In Property, Plant, And Equipment": {"2019-12-31": "571.00000", "2018-12-31": "1085.00000", "2017-12-31": "365.00000", "2016-12-31": "78.00000", "2015-12-31": "-181.00000", "2014-12-31": "1214.00000", "2013-12-31": "369.00000", "2012-12-31": "-214.00000", "2011-12-31": "-223.00000", "2010-12-31": "-77.00000", "2009-12-31": "-216.00000", "2008-12-31": "-258.00000", "2007-12-31": "-279.00000", "2006-12-31": "-233.00000"}, "Net Change In Intangible Assets": {"2019-12-31": "", "2018-12-31": "", "2017-12-31": "", "2016-12-31": "", "2015-12-31": "", "2014-12-31": "", "2013-12-31": "", "2012-12-31": "", "2011-12-31": "", "2010-12-31": "", "2009-12-31": "", "2008-12-31": "", "2007-12-31": "", "2006-12-31": ""}, "Net Acquisitions/Divestitures": {"2019-12-31": "-18.00000", "2018-12-31": "-678.00000", "2017-12-31": "-259.00000", "2016-12-31": "-492.00000", "2015-12-31": "-3.00000", "2014-12-31": "-548.00000", "2013-12-31": "-814.00000", "2012-12-31": "-233.00000", "2011-12-31": "-716.00000", "2010-12-31": "", "2009-12-31": "-109.00000", "2008-12-31": "-28.00000", "2007-12-31": "-240.00000", "2006-12-31": "-308.00000"}, "Net Change In Short-term Investments": {"2019-12-31": "-21.00000", "2018-12-31": "-50.00000", "2017-12-31": "347.00000", "2016-12-31": "18.00000", "2015-12-31": "-27.00000", "2014-12-31": "-158.00000", "2013-12-31": "98.00000", "2012-12-31": "98.00000", "2011-12-31": "-127.00000", "2010-12-31": "-482.00000", "2009-12-31": "-132.00000", "2008-12-31": "-79.00000", "2007-12-31": "84.00000", "2006-12-31": "95.00000"}, "Net Change In Long-Term Investments": {"2019-12-31": "", "2018-12-31": "", "2017-12-31": "", "2016-12-31": "", "2015-12-31": "", "2014-12-31": "", "2013-12-31": "", "2012-12-31": "", "2011-12-31": "", "2010-12-31": "", "2009-12-31": "", "2008-12-31": "", "2007-12-31": "", "2006-12-31": ""}, "Net Change In Investments - Total": {"2019-12-31": "-21.00000", "2018-12-31": "-50.00000", "2017-12-31": "347.00000", "2016-12-31": "18.00000", "2015-12-31": "-27.00000", "2014-12-31": "-158.00000", "2013-12-31": "98.00000", "2012-12-31": "98.00000", "2011-12-31": "-127.00000", "2010-12-31": "-482.00000", "2009-12-31": "-132.00000", "2008-12-31": "-79.00000", "2007-12-31": "84.00000", "2006-12-31": "95.00000"}, "Investing Activities - Other": {"2019-12-31": "53.00000", "2018-12-31": "17.00000", "2017-12-31": "4.00000", "2016-12-31": "24.00000", "2015-12-31": "164.00000", "2014-12-31": "-135.00000", "2013-12-31": "200.00000", "2012-12-31": "-140.00000", "2011-12-31": "51.00000", "2010-12-31": "-104.00000", "2009-12-31": "30.00000", "2008-12-31": "-58.00000", "2007-12-31": "39.00000", "2006-12-31": "-48.00000"}, "Cash Flow From Investing Activities": {"2019-12-31": "585.00000", "2018-12-31": "374.00000", "2017-12-31": "457.00000", "2016-12-31": "-372.00000", "2015-12-31": "-47.00000", "2014-12-31": "373.00000", "2013-12-31": "-147.00000", "2012-12-31": "-489.00000", "2011-12-31": "-1015.00000", "2010-12-31": "-663.00000", "2009-12-31": "-427.00000", "2008-12-31": "-423.00000", "2007-12-31": "-396.00000", "2006-12-31": "-494.00000"}, "Net Long-Term Debt": {"2019-12-31": "-9.00000", "2018-12-31": "185.00000", "2017-12-31": "-112.00000", "2016-12-31": "182.00000", "2015-12-31": "7.00000", "2014-12-31": "-150.00000", "2013-12-31": "17.00000", "2012-12-31": "10.00000", "2011-12-31": "465.00000", "2010-12-31": "-39.00000", "2009-12-31": "-392.00000", "2008-12-31": "17.00000", "2007-12-31": "251.00000", "2006-12-31": "-85.00000"}, "Net Current Debt": {"2019-12-31": "", "2018-12-31": "", "2017-12-31": "", "2016-12-31": "", "2015-12-31": "", "2014-12-31": "", "2013-12-31": "", "2012-12-31": "", "2011-12-31": "", "2010-12-31": "", "2009-12-31": "", "2008-12-31": "", "2007-12-31": "", "2006-12-31": ""}, "Debt Issuance/Retirement Net - Total": {"2019-12-31": "-9.00000", "2018-12-31": "185.00000", "2017-12-31": "-112.00000", "2016-12-31": "182.00000", "2015-12-31": "7.00000", "2014-12-31": "-150.00000", "2013-12-31": "17.00000", "2012-12-31": "10.00000", "2011-12-31": "465.00000", "2010-12-31": "-39.00000", "2009-12-31": "-392.00000", "2008-12-31": "17.00000", "2007-12-31": "251.00000", "2006-12-31": "-85.00000"}, "Net Common Equity Issued/Repurchased": {"2019-12-31": "-421.00000", "2018-12-31": "-946.00000", "2017-12-31": "-743.00000", "2016-12-31": "-272.00000", "2015-12-31": "-715.00000", "2014-12-31": "-443.00000", "2013-12-31": "-275.00000", "2012-12-31": "-136.00000", "2011-12-31": "-396.00000", "2010-12-31": "", "2009-12-31": "1482.00000", "2008-12-31": "", "2007-12-31": "-1101.00000", "2006-12-31": ""}, "Net Total Equity Issued/Repurchased": {"2019-12-31": "-421.00000", "2018-12-31": "-956.00000", "2017-12-31": "-734.00000", "2016-12-31": "-272.00000", "2015-12-31": "-715.00000", "2014-12-31": "-443.00000", "2013-12-31": "-275.00000", "2012-12-31": "-136.00000", "2011-12-31": "-396.00000", "2010-12-31": "", "2009-12-31": "1482.00000", "2008-12-31": "", "2007-12-31": "-601.00000", "2006-12-31": ""}, "Total Common And Preferred Stock Dividends Paid": {"2019-12-31": "-80.00000", "2018-12-31": "-68.00000", "2017-12-31": "", "2016-12-31": "", "2015-12-31": "", "2014-12-31": "", "2013-12-31": "", "2012-12-31": "", "2011-12-31": "", "2010-12-31": "", "2009-12-31": "", "2008-12-31": "", "2007-12-31": "", "2006-12-31": ""}, "Financial Activities - Other": {"2019-12-31": "-31.00000", "2018-12-31": "-11.00000", "2017-12-31": "-12.00000", "2016-12-31": "-6.00000", "2015-12-31": "-7.00000", "2014-12-31": "-14.00000", "2013-12-31": "-6.00000", "2012-12-31": "2.00000", "2011-12-31": "-13.00000", "2010-12-31": "", "2009-12-31": "-34.00000", "2008-12-31": "-37.00000", "2007-12-31": "-24.00000", "2006-12-31": "-7.00000"}, "Cash Flow From Financial Activities": {"2019-12-31": "-541.00000", "2018-12-31": "-850.00000", "2017-12-31": "-858.00000", "2016-12-31": "-96.00000", "2015-12-31": "-715.00000", "2014-12-31": "-607.00000", "2013-12-31": "-264.00000", "2012-12-31": "-124.00000", "2011-12-31": "56.00000", "2010-12-31": "-39.00000", "2009-12-31": "1056.00000", "2008-12-31": "-20.00000", "2007-12-31": "-374.00000", "2006-12-31": "-92.00000"}, "Net Cash Flow": {"2019-12-31": "441.00000", "2018-12-31": "-130.00000", "2017-12-31": "179.00000", "2016-12-31": "6.00000", "2015-12-31": "-228.00000", "2014-12-31": "231.00000", "2013-12-31": "41.00000", "2012-12-31": "-121.00000", "2011-12-31": "-576.00000", "2010-12-31": "-217.00000", "2009-12-31": "899.00000", "2008-12-31": "12.00000", "2007-12-31": "-391.00000", "2006-12-31": "-191.00000"}, "Stock-Based Compensation": {"2019-12-31": "", "2018-12-31": "", "2017-12-31": "", "2016-12-31": "", "2015-12-31": "", "2014-12-31": "", "2013-12-31": "", "2012-12-31": "", "2011-12-31": "", "2010-12-31": "", "2009-12-31": "", "2008-12-31": "", "2007-12-31": "", "2006-12-31": ""}, "Common Stock Dividends Paid": {"2019-12-31": "-80.00000", "2018-12-31": "-68.00000", "2017-12-31": "", "2016-12-31": "0.00000", "2015-12-31": "", "2014-12-31": "", "2013-12-31": "", "2012-12-31": "", "2011-12-31": "", "2010-12-31": "", "2009-12-31": "", "2008-12-31": "", "2007-12-31": "", "2006-12-31": ""}}, "cash flow statement, quarterly": {"Net Income/Loss": {"2020-09-30": -161, "2020-06-30": -236, "2020-03-31": "-103.00000", "2019-12-31": 321, "2019-09-30": 296, "2019-06-30": 86, "2019-03-31": "63.00000", "2018-12-31": 44, "2018-09-30": 237, "2018-06-30": 77, "2018-03-31": "411.00000", "2017-12-31": 213, "2017-09-30": 19, "2017-06-30": 103, "2017-03-31": "55.00000", "2016-12-31": 43, "2016-09-30": 62, "2016-06-30": 67, "2016-03-31": "34.00000", "2015-12-31": 37, "2015-09-30": 25, "2015-06-30": 40, "2015-03-31": "22.00000", "2014-12-31": 182, "2014-09-30": 33, "2014-06-30": 75, "2014-03-31": "56.00000", "2013-12-31": 30, "2013-09-30": 55, "2013-06-30": 112, "2013-03-31": "8.00000", "2012-12-31": 15, "2012-09-30": 23, "2012-06-30": 39, "2012-03-31": "10.00000", "2011-12-31": 52, "2011-09-30": 13, "2011-06-30": 36, "2011-03-31": "10.00000", "2010-12-31": -4, "2010-09-30": 30, "2010-06-30": 24, "2010-03-31": "5.00000", "2009-12-31": -14, "2009-09-30": 6, "2009-06-30": -50, "2009-03-31": "12.00000", "2008-12-31": 170}, "Total Depreciation And Amortization - Cash Flow": {"2020-09-30": 98, "2020-06-30": 91, "2020-03-31": "111.00000", "2019-12-31": 97, "2019-09-30": 106, "2019-06-30": 103, "2019-03-31": "115.00000", "2018-12-31": 89, "2018-09-30": 91, "2018-06-30": 89, "2018-03-31": "106.00000", "2017-12-31": 124, "2017-09-30": 92, "2017-06-30": 95, "2017-03-31": "87.00000", "2016-12-31": 114, "2016-09-30": 87, "2016-06-30": 86, "2016-03-31": "81.00000", "2015-12-31": 113, "2015-09-30": 78, "2015-06-30": 76, "2015-03-31": "79.00000", "2014-12-31": 137, "2014-09-30": 91, "2014-06-30": 83, "2014-03-31": "95.00000", "2013-12-31": 118, "2013-09-30": 81, "2013-06-30": 85, "2013-03-31": "88.00000", "2012-12-31": 112, "2012-09-30": 88, "2012-06-30": 89, "2012-03-31": "86.00000", "2011-12-31": 87, "2011-09-30": 75, "2011-06-30": 72, "2011-03-31": "71.00000", "2010-12-31": 75, "2010-09-30": 68, "2010-06-30": 66, "2010-03-31": "70.00000", "2009-12-31": 72, "2009-09-30": 68, "2009-06-30": 65, "2009-03-31": "65.00000", "2008-12-31": 249}, "Other Non-Cash Items": {"2020-09-30": 6, "2020-06-30": 30, "2020-03-31": "30.00000", "2019-12-31": -404, "2019-09-30": -336, "2019-06-30": -11, "2019-03-31": "-32.00000", "2018-12-31": -18, "2018-09-30": -175, "2018-06-30": -5, "2018-03-31": "-526.00000", "2017-12-31": -325, "2017-09-30": 24, "2017-06-30": -53, "2017-03-31": "28.00000", "2016-12-31": -76, "2016-09-30": -21, "2016-06-30": 22, "2016-03-31": "-1.00000", "2015-12-31": 25, "2015-09-30": -14, "2015-06-30": 24, "2015-03-31": "8.00000", "2014-12-31": -271, "2014-09-30": -4, "2014-06-30": 14, "2014-03-31": "-42.00000", "2013-12-31": -40, "2013-09-30": -20, "2013-06-30": -43, "2013-03-31": "13.00000", "2012-12-31": 115, "2012-09-30": -10, "2012-06-30": -2, "2012-03-31": "1.00000", "2011-12-31": -85, "2011-09-30": 16, "2011-06-30": 11, "2011-03-31": "", "2010-12-31": 44, "2010-09-30": -24, "2010-06-30": 13, "2010-03-31": "13.00000", "2009-12-31": 32, "2009-09-30": 114, "2009-06-30": 8, "2009-03-31": "-21.00000", "2008-12-31": -56}, "Total Non-Cash Items": {"2020-09-30": 104, "2020-06-30": 121, "2020-03-31": "141.00000", "2019-12-31": -307, "2019-09-30": -230, "2019-06-30": 92, "2019-03-31": "83.00000", "2018-12-31": 71, "2018-09-30": -84, "2018-06-30": 84, "2018-03-31": "-420.00000", "2017-12-31": -201, "2017-09-30": 116, "2017-06-30": 42, "2017-03-31": "115.00000", "2016-12-31": 38, "2016-09-30": 66, "2016-06-30": 108, "2016-03-31": "80.00000", "2015-12-31": 138, "2015-09-30": 64, "2015-06-30": 100, "2015-03-31": "87.00000", "2014-12-31": -134, "2014-09-30": 87, "2014-06-30": 97, "2014-03-31": "53.00000", "2013-12-31": 78, "2013-09-30": 61, "2013-06-30": 42, "2013-03-31": "101.00000", "2012-12-31": 227, "2012-09-30": 78, "2012-06-30": 87, "2012-03-31": "87.00000", "2011-12-31": 2, "2011-09-30": 91, "2011-06-30": 83, "2011-03-31": "71.00000", "2010-12-31": 119, "2010-09-30": 44, "2010-06-30": 79, "2010-03-31": "83.00000", "2009-12-31": -28, "2009-09-30": 182, "2009-06-30": 73, "2009-03-31": "44.00000", "2008-12-31": 193}, "Change In Accounts Receivable": {"2020-09-30": 0, "2020-06-30": 0, "2020-03-31": "", "2019-12-31": -29, "2019-09-30": 0, "2019-06-30": 0, "2019-03-31": "", "2018-12-31": 14, "2018-09-30": 0, "2018-06-30": 0, "2018-03-31": "", "2017-12-31": -37, "2017-09-30": 0, "2017-06-30": 0, "2017-03-31": "", "2016-12-31": -14, "2016-09-30": 0, "2016-06-30": 0, "2016-03-31": "", "2015-12-31": 29, "2015-09-30": 0, "2015-06-30": 0, "2015-03-31": "", "2014-12-31": -28, "2014-09-30": 0, "2014-06-30": 0, "2014-03-31": "", "2013-12-31": -9, "2013-09-30": 0, "2013-06-30": 0, "2013-03-31": "", "2012-12-31": -33, "2012-09-30": 0, "2012-06-30": 0, "2012-03-31": "", "2011-12-31": -17, "2011-09-30": 0, "2011-06-30": 0, "2011-03-31": "", "2010-12-31": 22, "2010-09-30": 0, "2010-06-30": 0, "2010-03-31": "", "2009-12-31": 11, "2009-09-30": 46, "2009-06-30": 0, "2009-03-31": "", "2008-12-31": 0}, "Change In Inventories": {"2020-09-30": 0, "2020-06-30": 0, "2020-03-31": "", "2019-12-31": 1, "2019-09-30": 0, "2019-06-30": 0, "2019-03-31": "", "2018-12-31": 0, "2018-09-30": 0, "2018-06-30": 0, "2018-03-31": "", "2017-12-31": 12, "2017-09-30": 0, "2017-06-30": 0, "2017-03-31": "", "2016-12-31": 2, "2016-09-30": 0, "2016-06-30": 0, "2016-03-31": "", "2015-12-31": 1, "2015-09-30": 0, "2015-06-30": 0, "2015-03-31": "", "2014-12-31": 8, "2014-09-30": 0, "2014-06-30": 0, "2014-03-31": "", "2013-12-31": 3, "2013-09-30": 0, "2013-06-30": 0, "2013-03-31": "", "2012-12-31": 8, "2012-09-30": 0, "2012-06-30": 0, "2012-03-31": "", "2011-12-31": 7, "2011-09-30": 0, "2011-06-30": 0, "2011-03-31": "", "2010-12-31": 4, "2010-09-30": 0, "2010-06-30": 0, "2010-03-31": "", "2009-12-31": -10, "2009-09-30": 0, "2009-06-30": 0, "2009-03-31": "", "2008-12-31": 0}, "Change In Accounts Payable": {"2020-09-30": 0, "2020-06-30": 0, "2020-03-31": "", "2019-12-31": 26, "2019-09-30": 0, "2019-06-30": 0, "2019-03-31": "", "2018-12-31": -80, "2018-09-30": 0, "2018-06-30": 0, "2018-03-31": "", "2017-12-31": 102, "2017-09-30": 0, "2017-06-30": 0, "2017-03-31": "", "2016-12-31": 7, "2016-09-30": 0, "2016-06-30": 0, "2016-03-31": "", "2015-12-31": -7, "2015-09-30": 0, "2015-06-30": 0, "2015-03-31": "", "2014-12-31": 186, "2014-09-30": 0, "2014-06-30": 0, "2014-03-31": "", "2013-12-31": 71, "2013-09-30": 0, "2013-06-30": 0, "2013-03-31": "", "2012-12-31": 0, "2012-09-30": 0, "2012-06-30": 0, "2012-03-31": "", "2011-12-31": 0, "2011-09-30": 0, "2011-06-30": 0, "2011-03-31": "", "2010-12-31": 0, "2010-09-30": 0, "2010-06-30": 0, "2010-03-31": "", "2009-12-31": -8, "2009-09-30": -38, "2009-06-30": 0, "2009-03-31": "", "2008-12-31": 0}, "Change In Assets/Liabilities": {"2020-09-30": -76, "2020-06-30": -115, "2020-03-31": "-138.00000", "2019-12-31": 101, "2019-09-30": 29, "2019-06-30": -12, "2019-03-31": "-133.00000", "2018-12-31": 159, "2018-09-30": -51, "2018-06-30": -185, "2018-03-31": "63.00000", "2017-12-31": 34, "2017-09-30": -17, "2017-06-30": 24, "2017-03-31": "-29.00000", "2016-12-31": 7, "2016-09-30": -16, "2016-06-30": 13, "2016-03-31": "-63.00000", "2015-12-31": -45, "2015-09-30": 123, "2015-06-30": 29, "2015-03-31": "-94.00000", "2014-12-31": -41, "2014-09-30": -11, "2014-06-30": 32, "2014-03-31": "-60.00000", "2013-12-31": -84, "2013-09-30": 78, "2013-06-30": -19, "2013-03-31": "-82.00000", "2012-12-31": -195, "2012-09-30": 34, "2012-06-30": 44, "2012-03-31": "-36.00000", "2011-12-31": 2, "2011-09-30": 24, "2011-06-30": 50, "2011-03-31": "-40.00000", "2010-12-31": -89, "2010-09-30": 42, "2010-06-30": 21, "2010-03-31": "-28.00000", "2009-12-31": -4, "2009-09-30": 1, "2009-06-30": 2, "2009-03-31": "-20.00000", "2008-12-31": 0}, "Total Change In Assets/Liabilities": {"2020-09-30": -76, "2020-06-30": -115, "2020-03-31": "-138.00000", "2019-12-31": 108, "2019-09-30": 29, "2019-06-30": -12, "2019-03-31": "-133.00000", "2018-12-31": 94, "2018-09-30": -51, "2018-06-30": -185, "2018-03-31": "63.00000", "2017-12-31": 147, "2017-09-30": -17, "2017-06-30": 24, "2017-03-31": "-29.00000", "2016-12-31": 30, "2016-09-30": -16, "2016-06-30": 13, "2016-03-31": "-63.00000", "2015-12-31": -33, "2015-09-30": 123, "2015-06-30": 29, "2015-03-31": "-94.00000", "2014-12-31": 63, "2014-09-30": -11, "2014-06-30": 32, "2014-03-31": "-60.00000", "2013-12-31": -8, "2013-09-30": 78, "2013-06-30": -19, "2013-03-31": "-82.00000", "2012-12-31": -109, "2012-09-30": 34, "2012-06-30": 44, "2012-03-31": "-36.00000", "2011-12-31": 1, "2011-09-30": 24, "2011-06-30": 50, "2011-03-31": "-40.00000", "2010-12-31": 35, "2010-09-30": 42, "2010-06-30": 21, "2010-03-31": "-28.00000", "2009-12-31": -38, "2009-09-30": -28, "2009-06-30": 2, "2009-03-31": "-20.00000", "2008-12-31": -179}, "Cash Flow From Operating Activities": {"2020-09-30": -133, "2020-06-30": -230, "2020-03-31": "-100.00000", "2019-12-31": 122, "2019-09-30": 95, "2019-06-30": 166, "2019-03-31": "13.00000", "2018-12-31": 209, "2018-09-30": 102, "2018-06-30": -24, "2018-03-31": "54.00000", "2017-12-31": 159, "2017-09-30": 118, "2017-06-30": 169, "2017-03-31": "141.00000", "2016-12-31": 111, "2016-09-30": 112, "2016-06-30": 188, "2016-03-31": "51.00000", "2015-12-31": 142, "2015-09-30": 212, "2015-06-30": 169, "2015-03-31": "15.00000", "2014-12-31": 111, "2014-09-30": 109, "2014-06-30": 204, "2014-03-31": "49.00000", "2013-12-31": 100, "2013-09-30": 194, "2013-06-30": 135, "2013-03-31": "27.00000", "2012-12-31": 133, "2012-09-30": 135, "2012-06-30": 170, "2012-03-31": "61.00000", "2011-12-31": 55, "2011-09-30": 128, "2011-06-30": 169, "2011-03-31": "41.00000", "2010-12-31": 150, "2010-09-30": 116, "2010-06-30": 124, "2010-03-31": "60.00000", "2009-12-31": 55, "2009-09-30": 160, "2009-06-30": 25, "2009-03-31": "36.00000", "2008-12-31": 287}, "Net Change In Property, Plant, And Equipment": {"2020-09-30": -16, "2020-06-30": -33, "2020-03-31": "23.00000", "2019-12-31": 354, "2019-09-30": 363, "2019-06-30": -80, "2019-03-31": "-66.00000", "2018-12-31": -54, "2018-09-30": 268, "2018-06-30": -61, "2018-03-31": "932.00000", "2017-12-31": 281, "2017-09-30": -79, "2017-06-30": 213, "2017-03-31": "-50.00000", "2016-12-31": -71, "2016-09-30": -6, "2016-06-30": 193, "2016-03-31": "-38.00000", "2015-12-31": -82, "2015-09-30": -63, "2015-06-30": -44, "2015-03-31": "8.00000", "2014-12-31": 1058, "2014-09-30": -49, "2014-06-30": -70, "2014-03-31": "275.00000", "2013-12-31": 24, "2013-09-30": 229, "2013-06-30": 123, "2013-03-31": "-7.00000", "2012-12-31": -4, "2012-09-30": -53, "2012-06-30": -62, "2012-03-31": "-95.00000", "2011-12-31": -97, "2011-09-30": -98, "2011-06-30": 18, "2011-03-31": "-46.00000", "2010-12-31": -55, "2010-09-30": -45, "2010-06-30": -53, "2010-03-31": "76.00000", "2009-12-31": -62, "2009-09-30": -50, "2009-06-30": -46, "2009-03-31": "-58.00000", "2008-12-31": -258}, "Net Change In Intangible Assets": {"2020-09-30": 0, "2020-06-30": 0, "2020-03-31": "", "2019-12-31": 0, "2019-09-30": 0, "2019-06-30": 0, "2019-03-31": "", "2018-12-31": 0, "2018-09-30": 0, "2018-06-30": 0, "2018-03-31": "", "2017-12-31": 0, "2017-09-30": 0, "2017-06-30": 0, "2017-03-31": "", "2016-12-31": 0, "2016-09-30": 0, "2016-06-30": 0, "2016-03-31": "", "2015-12-31": 0, "2015-09-30": 0, "2015-06-30": 0, "2015-03-31": "", "2014-12-31": 0, "2014-09-30": 0, "2014-06-30": 0, "2014-03-31": "", "2013-12-31": 0, "2013-09-30": 0, "2013-06-30": 0, "2013-03-31": "", "2012-12-31": 0, "2012-09-30": 0, "2012-06-30": 0, "2012-03-31": "", "2011-12-31": 0, "2011-09-30": 0, "2011-06-30": 0, "2011-03-31": "", "2010-12-31": 0, "2010-09-30": 0, "2010-06-30": 0, "2010-03-31": "", "2009-12-31": 0, "2009-09-30": 0, "2009-06-30": 0, "2009-03-31": "", "2008-12-31": 0}, "Net Acquisitions/Divestitures": {"2020-09-30": 0, "2020-06-30": 0, "2020-03-31": "", "2019-12-31": 0, "2019-09-30": 0, "2019-06-30": -3, "2019-03-31": "-15.00000", "2018-12-31": -415, "2018-09-30": -258, "2018-06-30": -5, "2018-03-31": "", "2017-12-31": 0, "2017-09-30": -16, "2017-06-30": 2, "2017-03-31": "-245.00000", "2016-12-31": -161, "2016-09-30": -93, "2016-06-30": -238, "2016-03-31": "", "2015-12-31": -3, "2015-09-30": 0, "2015-06-30": 0, "2015-03-31": "", "2014-12-31": -157, "2014-09-30": -391, "2014-06-30": 0, "2014-03-31": "", "2013-12-31": -729, "2013-09-30": 0, "2013-06-30": 0, "2013-03-31": "-85.00000", "2012-12-31": -53, "2012-09-30": -1, "2012-06-30": -179, "2012-03-31": "", "2011-12-31": -28, "2011-09-30": -611, "2011-06-30": -77, "2011-03-31": "", "2010-12-31": 0, "2010-09-30": 0, "2010-06-30": 0, "2010-03-31": "", "2009-12-31": 0, "2009-09-30": 0, "2009-06-30": 0, "2009-03-31": "-109.00000", "2008-12-31": -28}, "Net Change In Short-term Investments": {"2020-09-30": -237, "2020-06-30": -18, "2020-03-31": "-20.00000", "2019-12-31": -67, "2019-09-30": -17, "2019-06-30": 14, "2019-03-31": "49.00000", "2018-12-31": 124, "2018-09-30": -71, "2018-06-30": -112, "2018-03-31": "9.00000", "2017-12-31": 215, "2017-09-30": -46, "2017-06-30": -22, "2017-03-31": "200.00000", "2016-12-31": -37, "2016-09-30": 14, "2016-06-30": 35, "2016-03-31": "6.00000", "2015-12-31": 26, "2015-09-30": -53, "2015-06-30": -6, "2015-03-31": "6.00000", "2014-12-31": -87, "2014-09-30": 9, "2014-06-30": -56, "2014-03-31": "-24.00000", "2013-12-31": 71, "2013-09-30": -348, "2013-06-30": 365, "2013-03-31": "10.00000", "2012-12-31": 30, "2012-09-30": 1, "2012-06-30": -2, "2012-03-31": "69.00000", "2011-12-31": -86, "2011-09-30": -13, "2011-06-30": -12, "2011-03-31": "-16.00000", "2010-12-31": 89, "2010-09-30": -216, "2010-06-30": -299, "2010-03-31": "-56.00000", "2009-12-31": -91, "2009-09-30": -26, "2009-06-30": -3, "2009-03-31": "-12.00000", "2008-12-31": 0}, "Net Change In Long-Term Investments": {"2020-09-30": 0, "2020-06-30": 0, "2020-03-31": "", "2019-12-31": 0, "2019-09-30": 0, "2019-06-30": 0, "2019-03-31": "", "2018-12-31": 0, "2018-09-30": 0, "2018-06-30": 0, "2018-03-31": "", "2017-12-31": 0, "2017-09-30": 0, "2017-06-30": 0, "2017-03-31": "", "2016-12-31": 0, "2016-09-30": 0, "2016-06-30": 0, "2016-03-31": "", "2015-12-31": 0, "2015-09-30": 0, "2015-06-30": 0, "2015-03-31": "", "2014-12-31": 0, "2014-09-30": 0, "2014-06-30": 0, "2014-03-31": "", "2013-12-31": 0, "2013-09-30": 0, "2013-06-30": 0, "2013-03-31": "", "2012-12-31": 0, "2012-09-30": 0, "2012-06-30": 0, "2012-03-31": "", "2011-12-31": 0, "2011-09-30": 0, "2011-06-30": 0, "2011-03-31": "", "2010-12-31": 0, "2010-09-30": 0, "2010-06-30": 0, "2010-03-31": "", "2009-12-31": 0, "2009-09-30": 0, "2009-06-30": 0, "2009-03-31": "", "2008-12-31": 0}, "Net Change In Investments - Total": {"2020-09-30": -237, "2020-06-30": -18, "2020-03-31": "-20.00000", "2019-12-31": -67, "2019-09-30": -17, "2019-06-30": 14, "2019-03-31": "49.00000", "2018-12-31": 124, "2018-09-30": -71, "2018-06-30": -112, "2018-03-31": "9.00000", "2017-12-31": 215, "2017-09-30": -46, "2017-06-30": -22, "2017-03-31": "200.00000", "2016-12-31": -37, "2016-09-30": 14, "2016-06-30": 35, "2016-03-31": "6.00000", "2015-12-31": 26, "2015-09-30": -53, "2015-06-30": -6, "2015-03-31": "6.00000", "2014-12-31": -87, "2014-09-30": 9, "2014-06-30": -56, "2014-03-31": "-24.00000", "2013-12-31": 71, "2013-09-30": -348, "2013-06-30": 365, "2013-03-31": "10.00000", "2012-12-31": 30, "2012-09-30": 1, "2012-06-30": -2, "2012-03-31": "69.00000", "2011-12-31": -86, "2011-09-30": -13, "2011-06-30": -12, "2011-03-31": "-16.00000", "2010-12-31": 89, "2010-09-30": -216, "2010-06-30": -299, "2010-03-31": "-56.00000", "2009-12-31": -67, "2009-09-30": -26, "2009-06-30": -3, "2009-03-31": "-12.00000", "2008-12-31": 130}, "Investing Activities - Other": {"2020-09-30": -21, "2020-06-30": -6, "2020-03-31": "10.00000", "2019-12-31": 0, "2019-09-30": 47, "2019-06-30": 13, "2019-03-31": "-7.00000", "2018-12-31": 7, "2018-09-30": -1, "2018-06-30": 17, "2018-03-31": "-6.00000", "2017-12-31": 15, "2017-09-30": -3, "2017-06-30": -7, "2017-03-31": "-1.00000", "2016-12-31": -9, "2016-09-30": 14, "2016-06-30": -1, "2016-03-31": "20.00000", "2015-12-31": -12, "2015-09-30": 29, "2015-06-30": 120, "2015-03-31": "27.00000", "2014-12-31": -191, "2014-09-30": -20, "2014-06-30": -2, "2014-03-31": "78.00000", "2013-12-31": 309, "2013-09-30": -15, "2013-06-30": -73, "2013-03-31": "-21.00000", "2012-12-31": -43, "2012-09-30": -13, "2012-06-30": -61, "2012-03-31": "-23.00000", "2011-12-31": 1, "2011-09-30": -13, "2011-06-30": 40, "2011-03-31": "23.00000", "2010-12-31": -81, "2010-09-30": -7, "2010-06-30": 93, "2010-03-31": "-109.00000", "2009-12-31": -19, "2009-09-30": 11, "2009-06-30": 16, "2009-03-31": "-2.00000", "2008-12-31": -267}, "Cash Flow From Investing Activities": {"2020-09-30": -274, "2020-06-30": -57, "2020-03-31": "13.00000", "2019-12-31": 287, "2019-09-30": 393, "2019-06-30": -56, "2019-03-31": "-39.00000", "2018-12-31": -338, "2018-09-30": -62, "2018-06-30": -161, "2018-03-31": "935.00000", "2017-12-31": 511, "2017-09-30": -144, "2017-06-30": 186, "2017-03-31": "-96.00000", "2016-12-31": -278, "2016-09-30": -71, "2016-06-30": -11, "2016-03-31": "-12.00000", "2015-12-31": -71, "2015-09-30": -87, "2015-06-30": 70, "2015-03-31": "41.00000", "2014-12-31": 623, "2014-09-30": -451, "2014-06-30": -128, "2014-03-31": "329.00000", "2013-12-31": -325, "2013-09-30": -134, "2013-06-30": 415, "2013-03-31": "-103.00000", "2012-12-31": -70, "2012-09-30": -66, "2012-06-30": -304, "2012-03-31": "-49.00000", "2011-12-31": -210, "2011-09-30": -735, "2011-06-30": -31, "2011-03-31": "-39.00000", "2010-12-31": -47, "2010-09-30": -268, "2010-06-30": -259, "2010-03-31": "-89.00000", "2009-12-31": -148, "2009-09-30": -65, "2009-06-30": -33, "2009-03-31": "-181.00000", "2008-12-31": -423}, "Net Long-Term Debt": {"2020-09-30": 741, "2020-06-30": 540, "2020-03-31": "349.00000", "2019-12-31": -2, "2019-09-30": -85, "2019-06-30": -41, "2019-03-31": "119.00000", "2018-12-31": -1, "2018-09-30": 188, "2018-06-30": -1, "2018-03-31": "-1.00000", "2017-12-31": -341, "2017-09-30": 104, "2017-06-30": -52, "2017-03-31": "177.00000", "2016-12-31": 97, "2016-09-30": -6, "2016-06-30": -240, "2016-03-31": "331.00000", "2015-12-31": 0, "2015-09-30": -3, "2015-06-30": 10, "2015-03-31": "", "2014-12-31": -100, "2014-09-30": 127, "2014-06-30": -177, "2014-03-31": "", "2013-12-31": -67, "2013-09-30": 32, "2013-06-30": 41, "2013-03-31": "11.00000", "2012-12-31": 10, "2012-09-30": 0, "2012-06-30": 0, "2012-03-31": "", "2011-12-31": 0, "2011-09-30": 440, "2011-06-30": 1, "2011-03-31": "24.00000", "2010-12-31": -33, "2010-09-30": -2, "2010-06-30": -2, "2010-03-31": "-2.00000", "2009-12-31": 17, "2009-09-30": 247, "2009-06-30": -728, "2009-03-31": "72.00000", "2008-12-31": 0}, "Net Current Debt": {"2020-09-30": 0, "2020-06-30": 0, "2020-03-31": "", "2019-12-31": 0, "2019-09-30": 0, "2019-06-30": 0, "2019-03-31": "", "2018-12-31": 0, "2018-09-30": 0, "2018-06-30": 0, "2018-03-31": "", "2017-12-31": 0, "2017-09-30": 0, "2017-06-30": 0, "2017-03-31": "", "2016-12-31": 0, "2016-09-30": 0, "2016-06-30": 0, "2016-03-31": "", "2015-12-31": 0, "2015-09-30": 0, "2015-06-30": 0, "2015-03-31": "", "2014-12-31": 0, "2014-09-30": 0, "2014-06-30": 0, "2014-03-31": "", "2013-12-31": 0, "2013-09-30": 0, "2013-06-30": 0, "2013-03-31": "", "2012-12-31": 0, "2012-09-30": 0, "2012-06-30": 0, "2012-03-31": "", "2011-12-31": 0, "2011-09-30": 0, "2011-06-30": 0, "2011-03-31": "", "2010-12-31": 0, "2010-09-30": 0, "2010-06-30": 0, "2010-03-31": "", "2009-12-31": 0, "2009-09-30": 0, "2009-06-30": 0, "2009-03-31": "", "2008-12-31": 0}, "Debt Issuance/Retirement Net - Total": {"2020-09-30": 741, "2020-06-30": 540, "2020-03-31": "349.00000", "2019-12-31": -2, "2019-09-30": -85, "2019-06-30": -41, "2019-03-31": "119.00000", "2018-12-31": -1, "2018-09-30": 188, "2018-06-30": -1, "2018-03-31": "-1.00000", "2017-12-31": -341, "2017-09-30": 104, "2017-06-30": -52, "2017-03-31": "177.00000", "2016-12-31": 97, "2016-09-30": -6, "2016-06-30": -240, "2016-03-31": "331.00000", "2015-12-31": 0, "2015-09-30": -3, "2015-06-30": 10, "2015-03-31": "", "2014-12-31": -100, "2014-09-30": 127, "2014-06-30": -177, "2014-03-31": "", "2013-12-31": -67, "2013-09-30": 32, "2013-06-30": 41, "2013-03-31": "11.00000", "2012-12-31": 10, "2012-09-30": 0, "2012-06-30": 0, "2012-03-31": "", "2011-12-31": 0, "2011-09-30": 440, "2011-06-30": 1, "2011-03-31": "24.00000", "2010-12-31": -33, "2010-09-30": -2, "2010-06-30": -2, "2010-03-31": "-2.00000", "2009-12-31": -4, "2009-09-30": 247, "2009-06-30": -728, "2009-03-31": "72.00000", "2008-12-31": 6}, "Net Common Equity Issued/Repurchased": {"2020-09-30": 0, "2020-06-30": 0, "2020-03-31": "-69.00000", "2019-12-31": -141, "2019-09-30": -133, "2019-06-30": -45, "2019-03-31": "-102.00000", "2018-12-31": -292, "2018-09-30": -66, "2018-06-30": -513, "2018-03-31": "-75.00000", "2017-12-31": -188, "2017-09-30": -207, "2017-06-30": 0, "2017-03-31": "-348.00000", "2016-12-31": -4, "2016-09-30": -137, "2016-06-30": -68, "2016-03-31": "-63.00000", "2015-12-31": -176, "2015-09-30": -195, "2015-06-30": -157, "2015-03-31": "-187.00000", "2014-12-31": -215, "2014-09-30": -79, "2014-06-30": -90, "2014-03-31": "-59.00000", "2013-12-31": -23, "2013-09-30": -29, "2013-06-30": -196, "2013-03-31": "-27.00000", "2012-12-31": -103, "2012-09-30": -33, "2012-06-30": 0, "2012-03-31": "", "2011-12-31": 0, "2011-09-30": 0, "2011-06-30": -396, "2011-03-31": "", "2010-12-31": 0, "2010-09-30": -1, "2010-06-30": 1, "2010-03-31": "", "2009-12-31": 127, "2009-09-30": 0, "2009-06-30": 1355, "2009-03-31": "", "2008-12-31": 0}, "Net Total Equity Issued/Repurchased": {"2020-09-30": 0, "2020-06-30": 0, "2020-03-31": "-69.00000", "2019-12-31": -141, "2019-09-30": -133, "2019-06-30": -45, "2019-03-31": "-102.00000", "2018-12-31": -292, "2018-09-30": -66, "2018-06-30": -513, "2018-03-31": "-85.00000", "2017-12-31": -188, "2017-09-30": -207, "2017-06-30": 0, "2017-03-31": "-339.00000", "2016-12-31": -4, "2016-09-30": -137, "2016-06-30": -68, "2016-03-31": "-63.00000", "2015-12-31": -176, "2015-09-30": -195, "2015-06-30": -157, "2015-03-31": "-187.00000", "2014-12-31": -215, "2014-09-30": -79, "2014-06-30": -90, "2014-03-31": "-59.00000", "2013-12-31": -23, "2013-09-30": -29, "2013-06-30": -196, "2013-03-31": "-27.00000", "2012-12-31": -103, "2012-09-30": -33, "2012-06-30": 0, "2012-03-31": "", "2011-12-31": 0, "2011-09-30": 0, "2011-06-30": -396, "2011-03-31": "", "2010-12-31": 0, "2010-09-30": -1, "2010-06-30": 1, "2010-03-31": "", "2009-12-31": 127, "2009-09-30": 0, "2009-06-30": 1355, "2009-03-31": "", "2008-12-31": 0}, "Total Common And Preferred Stock Dividends Paid": {"2020-09-30": 0, "2020-06-30": 0, "2020-03-31": "-20.00000", "2019-12-31": -20, "2019-09-30": -20, "2019-06-30": -20, "2019-03-31": "-20.00000", "2018-12-31": -16, "2018-09-30": -17, "2018-06-30": -17, "2018-03-31": "-18.00000", "2017-12-31": 0, "2017-09-30": 0, "2017-06-30": 0, "2017-03-31": "", "2016-12-31": 0, "2016-09-30": 0, "2016-06-30": 0, "2016-03-31": "", "2015-12-31": 0, "2015-09-30": 0, "2015-06-30": 0, "2015-03-31": "", "2014-12-31": 0, "2014-09-30": 0, "2014-06-30": 0, "2014-03-31": "", "2013-12-31": 0, "2013-09-30": 0, "2013-06-30": 0, "2013-03-31": "", "2012-12-31": 0, "2012-09-30": 0, "2012-06-30": 0, "2012-03-31": "", "2011-12-31": 0, "2011-09-30": 0, "2011-06-30": 0, "2011-03-31": "", "2010-12-31": 0, "2010-09-30": 0, "2010-06-30": 0, "2010-03-31": "", "2009-12-31": 0, "2009-09-30": 0, "2009-06-30": 0, "2009-03-31": "", "2008-12-31": 0}, "Financial Activities - Other": {"2020-09-30": 0, "2020-06-30": -7, "2020-03-31": "-7.00000", "2019-12-31": 2, "2019-09-30": 1, "2019-06-30": -32, "2019-03-31": "-2.00000", "2018-12-31": 2, "2018-09-30": -1, "2018-06-30": -7, "2018-03-31": "-5.00000", "2017-12-31": -5, "2017-09-30": -2, "2017-06-30": -1, "2017-03-31": "-4.00000", "2016-12-31": -4, "2016-09-30": 5, "2016-06-30": -3, "2016-03-31": "-4.00000", "2015-12-31": -5, "2015-09-30": 8, "2015-06-30": -4, "2015-03-31": "-6.00000", "2014-12-31": -5, "2014-09-30": 2, "2014-06-30": -4, "2014-03-31": "-7.00000", "2013-12-31": -1, "2013-09-30": -1, "2013-06-30": -2, "2013-03-31": "-2.00000", "2012-12-31": -1, "2012-09-30": 6, "2012-06-30": -3, "2012-03-31": "", "2011-12-31": 0, "2011-09-30": -10, "2011-06-30": -3, "2011-03-31": "", "2010-12-31": 2, "2010-09-30": 0, "2010-06-30": -1, "2010-03-31": "-1.00000", "2009-12-31": 0, "2009-09-30": -13, "2009-06-30": 0, "2009-03-31": "", "2008-12-31": -26}, "Cash Flow From Financial Activities": {"2020-09-30": 741, "2020-06-30": 533, "2020-03-31": "253.00000", "2019-12-31": -161, "2019-09-30": -237, "2019-06-30": -138, "2019-03-31": "-5.00000", "2018-12-31": -307, "2018-09-30": 104, "2018-06-30": -538, "2018-03-31": "-109.00000", "2017-12-31": -534, "2017-09-30": -105, "2017-06-30": -53, "2017-03-31": "-166.00000", "2016-12-31": 89, "2016-09-30": -138, "2016-06-30": -311, "2016-03-31": "264.00000", "2015-12-31": -181, "2015-09-30": -190, "2015-06-30": -151, "2015-03-31": "-193.00000", "2014-12-31": -320, "2014-09-30": 50, "2014-06-30": -271, "2014-03-31": "-66.00000", "2013-12-31": -91, "2013-09-30": 2, "2013-06-30": -157, "2013-03-31": "-18.00000", "2012-12-31": -94, "2012-09-30": -27, "2012-06-30": -3, "2012-03-31": "", "2011-12-31": 0, "2011-09-30": 430, "2011-06-30": -398, "2011-03-31": "24.00000", "2010-12-31": -31, "2010-09-30": -3, "2010-06-30": -2, "2010-03-31": "-3.00000", "2009-12-31": 123, "2009-09-30": 234, "2009-06-30": 627, "2009-03-31": "72.00000", "2008-12-31": -20}, "Net Cash Flow": {"2020-09-30": 331, "2020-06-30": 247, "2020-03-31": "169.00000", "2019-12-31": 243, "2019-09-30": 253, "2019-06-30": -24, "2019-03-31": "-31.00000", "2018-12-31": -434, "2018-09-30": 155, "2018-06-30": -728, "2018-03-31": "877.00000", "2017-12-31": 129, "2017-09-30": -133, "2017-06-30": 303, "2017-03-31": "-120.00000", "2016-12-31": -81, "2016-09-30": -98, "2016-06-30": -129, "2016-03-31": "314.00000", "2015-12-31": -112, "2015-09-30": -75, "2015-06-30": 81, "2015-03-31": "-122.00000", "2014-12-31": 422, "2014-09-30": -290, "2014-06-30": -212, "2014-03-31": "311.00000", "2013-12-31": -320, "2013-09-30": 56, "2013-06-30": 388, "2013-03-31": "-83.00000", "2012-12-31": -33, "2012-09-30": 42, "2012-06-30": -138, "2012-03-31": "8.00000", "2011-12-31": -156, "2011-09-30": -186, "2011-06-30": -260, "2011-03-31": "26.00000", "2010-12-31": 104, "2010-09-30": -173, "2010-06-30": -129, "2010-03-31": "-19.00000", "2009-12-31": 30, "2009-09-30": 329, "2009-06-30": 604, "2009-03-31": "-64.00000", "2008-12-31": 12}, "Stock-Based Compensation": {"2020-09-30": 0, "2020-06-30": 0, "2020-03-31": "", "2019-12-31": 0, "2019-09-30": 0, "2019-06-30": 0, "2019-03-31": "", "2018-12-31": 0, "2018-09-30": 0, "2018-06-30": 0, "2018-03-31": "", "2017-12-31": 0, "2017-09-30": 0, "2017-06-30": 0, "2017-03-31": "", "2016-12-31": 0, "2016-09-30": 0, "2016-06-30": 0, "2016-03-31": "", "2015-12-31": 0, "2015-09-30": 0, "2015-06-30": 0, "2015-03-31": "", "2014-12-31": 0, "2014-09-30": 0, "2014-06-30": 0, "2014-03-31": "", "2013-12-31": 0, "2013-09-30": 0, "2013-06-30": 0, "2013-03-31": "", "2012-12-31": 0, "2012-09-30": 0, "2012-06-30": 0, "2012-03-31": "", "2011-12-31": 0, "2011-09-30": 0, "2011-06-30": 0, "2011-03-31": "", "2010-12-31": 0, "2010-09-30": 0, "2010-06-30": 0, "2010-03-31": "", "2009-12-31": 0, "2009-09-30": 0, "2009-06-30": 0, "2009-03-31": "", "2008-12-31": 0}, "Common Stock Dividends Paid": {"2020-09-30": 0, "2020-06-30": 0, "2020-03-31": "-20.00000", "2019-12-31": -20, "2019-09-30": -20, "2019-06-30": -20, "2019-03-31": "-20.00000", "2018-12-31": -16, "2018-09-30": -17, "2018-06-30": -17, "2018-03-31": "-18.00000", "2017-12-31": 0, "2017-09-30": 0, "2017-06-30": 0, "2017-03-31": "", "2016-12-31": 0, "2016-09-30": 0, "2016-06-30": 0, "2016-03-31": "", "2015-12-31": 0, "2015-09-30": 0, "2015-06-30": 0, "2015-03-31": "", "2014-12-31": 0, "2014-09-30": 0, "2014-06-30": 0, "2014-03-31": "", "2013-12-31": 0, "2013-09-30": 0, "2013-06-30": 0, "2013-03-31": "", "2012-12-31": 0, "2012-09-30": 0, "2012-06-30": 0, "2012-03-31": "", "2011-12-31": 0, "2011-09-30": 0, "2011-06-30": 0, "2011-03-31": "", "2010-12-31": 0, "2010-09-30": 0, "2010-06-30": 0, "2010-03-31": "", "2009-12-31": 0, "2009-09-30": 0, "2009-06-30": 0, "2009-03-31": "", "2008-12-31": 0}}, "financial ratios": {"Current Ratio": {"2019-12-31": "1.57090", "2018-12-31": "1.26770", "2017-12-31": "1.33770", "2016-12-31": "1.23270", "2015-12-31": "1.01540", "2014-12-31": "2.34110", "2013-12-31": "1.33520", "2012-12-31": "2.84470", "2011-12-31": "2.80110", "2010-12-31": "3.63260", "2009-12-31": "4.05860", "2008-12-31": "1.61870", "2007-12-31": "1.52800", "2006-12-31": ""}, "Long-term Debt / Capital": {"2019-12-31": "0.28890", "2018-12-31": "0.30620", "2017-12-31": "0.27260", "2016-12-31": "0.26990", "2015-12-31": "0.20690", "2014-12-31": "0.22970", "2013-12-31": "0.21250", "2012-12-31": "0.20310", "2011-12-31": "0.20190", "2010-12-31": "0.12220", "2009-12-31": "0.14290", "2008-12-31": "0.25180", "2007-12-31": "0.27080", "2006-12-31": ""}, "Debt/Equity Ratio": {"2019-12-31": "0.40910", "2018-12-31": "0.44440", "2017-12-31": "0.37760", "2016-12-31": "0.40020", "2015-12-31": "0.34290", "2014-12-31": "0.30020", "2013-12-31": "0.31040", "2012-12-31": "0.25580", "2011-12-31": "0.25370", "2010-12-31": "0.15030", "2009-12-31": "0.16900", "2008-12-31": "0.34720", "2007-12-31": "0.37880", "2006-12-31": ""}, "Gross Margin": {"2019-12-31": "18.78490", "2018-12-31": "21.98020", "2017-12-31": "22.07530", "2016-12-31": "21.31300", "2015-12-31": "21.97320", "2014-12-31": "22.24240", "2013-12-31": "21.53440", "2012-12-31": "20.96730", "2011-12-31": "20.03790", "2010-12-31": "18.79780", "2009-12-31": "17.38740", "2008-12-31": "23.54630", "2007-12-31": "23.83630", "2006-12-31": "22.87530"}, "Operating Margin": {"2019-12-31": "3.92430", "2018-12-31": "7.45400", "2017-12-31": "5.82700", "2016-12-31": "6.28370", "2015-12-31": "7.46300", "2014-12-31": "6.31940", "2013-12-31": "5.56880", "2012-12-31": "4.02630", "2011-12-31": "4.13740", "2010-12-31": "3.06210", "2009-12-31": "1.47150", "2008-12-31": "9.51760", "2007-12-31": "10.29960", "2006-12-31": "10.14120"}, "EBIT Margin": {"2019-12-31": "3.92430", "2018-12-31": "7.45400", "2017-12-31": "5.82700", "2016-12-31": "6.28370", "2015-12-31": "7.46300", "2014-12-31": "6.31940", "2013-12-31": "5.56880", "2012-12-31": "4.02630", "2011-12-31": "4.13740", "2010-12-31": "3.06210", "2009-12-31": "1.47150", "2008-12-31": "9.51760", "2007-12-31": "10.29960", "2006-12-31": "10.14120"}, "EBITDA Margin": {"2019-12-31": "12.31080", "2018-12-31": "15.87340", "2017-12-31": "14.74680", "2016-12-31": "14.91210", "2015-12-31": "15.45750", "2014-12-31": "15.51530", "2013-12-31": "14.45990", "2012-12-31": "13.52240", "2011-12-31": "12.38510", "2010-12-31": "10.97250", "2009-12-31": "9.54950", "2008-12-31": "15.98440", "2007-12-31": "16.02460", "2006-12-31": "15.75920"}, "Pre-Tax Profit Margin": {"2019-12-31": "20.03980", "2018-12-31": "21.35160", "2017-12-31": "16.18110", "2016-12-31": "6.61200", "2015-12-31": "4.48240", "2014-12-31": "11.89130", "2013-12-31": "7.67210", "2012-12-31": "2.40570", "2011-12-31": "2.24450", "2010-12-31": "2.49500", "2009-12-31": "-1.53150", "2008-12-31": "5.34550", "2007-12-31": "12.68060", "2006-12-31": "15.09650"}, "Net Profit Margin": {"2019-12-31": "15.25900", "2018-12-31": "17.26540", "2017-12-31": "8.71810", "2016-12-31": "4.83000", "2015-12-31": "2.86510", "2014-12-31": "7.79160", "2013-12-31": "4.94740", "2012-12-31": "2.22840", "2011-12-31": "3.05570", "2010-12-31": "1.87130", "2009-12-31": "-1.29130", "2008-12-31": "4.38070", "2007-12-31": "7.22310", "2006-12-31": "9.07520"}, "Asset Turnover": {"2019-12-31": "0.59640", "2018-12-31": "0.58280", "2017-12-31": "0.58930", "2016-12-31": "0.55040", "2015-12-31": "0.57010", "2014-12-31": "0.54220", "2013-12-31": "0.51170", "2012-12-31": "0.51760", "2011-12-31": "0.49260", "2010-12-31": "0.48700", "2009-12-31": "0.46540", "2008-12-31": "0.62670", "2007-12-31": "0.59830", "2006-12-31": ""}, "Inventory Turnover Ratio": {"2019-12-31": "339.75000", "2018-12-31": "248.21430", "2017-12-31": "248.35710", "2016-12-31": "119.85710", "2015-12-31": "281.41670", "2014-12-31": "201.94120", "2013-12-31": "42.63640", "2012-12-31": "39.01250", "2011-12-31": "33.98850", "2010-12-31": "28.64000", "2009-12-31": "20.68420", "2008-12-31": "17.24710", "2007-12-31": "18.98000", "2006-12-31": ""}, "Receiveable Turnover": {"2019-12-31": "11.18040", "2018-12-31": "9.61990", "2017-12-31": "11.93050", "2016-12-31": "12.39830", "2015-12-31": "11.98890", "2014-12-31": "13.75390", "2013-12-31": "14.68070", "2012-12-31": "7.27260", "2011-12-31": "14.55910", "2010-12-31": "17.20490", "2009-12-31": "10.70740", "2008-12-31": "12.82610", "2007-12-31": "11.64490", "2006-12-31": ""}, "Days Sales In Receivables": {"2019-12-31": "32.64640", "2018-12-31": "37.94230", "2017-12-31": "30.59390", "2016-12-31": "29.43960", "2015-12-31": "30.44480", "2014-12-31": "26.53790", "2013-12-31": "24.86260", "2012-12-31": "50.18870", "2011-12-31": "25.07030", "2010-12-31": "21.21490", "2009-12-31": "34.08860", "2008-12-31": "28.45760", "2007-12-31": "31.34430", "2006-12-31": ""}, "ROE - Return On Equity": {"2019-12-31": "19.30930", "2018-12-31": "20.91380", "2017-12-31": "10.14830", "2016-12-31": "5.27120", "2015-12-31": "3.10390", "2014-12-31": "7.47140", "2013-12-31": "4.29140", "2012-12-31": "1.80460", "2011-12-31": "2.29910", "2010-12-31": "0.99400", "2009-12-31": "-0.85320", "2008-12-31": "3.20160", "2007-12-31": "7.66790", "2006-12-31": ""}, "Return On Tangible Equity": {"2019-12-31": "23.90760", "2018-12-31": "27.80190", "2017-12-31": "11.51120", "2016-12-31": "6.46990", "2015-12-31": "3.73610", "2014-12-31": "8.76840", "2013-12-31": "5.07550", "2012-12-31": "2.02330", "2011-12-31": "2.54180", "2010-12-31": "1.07390", "2009-12-31": "-0.92610", "2008-12-31": "3.57590", "2007-12-31": "9.15030", "2006-12-31": ""}, "ROA - Return On Assets": {"2019-12-31": "9.10060", "2018-12-31": "10.06150", "2017-12-31": "5.15060", "2016-12-31": "2.65840", "2015-12-31": "1.63350", "2014-12-31": "4.24900", "2013-12-31": "2.50700", "2012-12-31": "1.14020", "2011-12-31": "1.47860", "2010-12-31": "0.70410", "2009-12-31": "-0.60100", "2008-12-31": "1.87940", "2007-12-31": "4.25740", "2006-12-31": ""}, "ROI - Return On Investment": {"2019-12-31": "13.73010", "2018-12-31": "14.50940", "2017-12-31": "7.38220", "2016-12-31": "3.84830", "2015-12-31": "2.46180", "2014-12-31": "5.75520", "2013-12-31": "3.37950", "2012-12-31": "1.43800", "2011-12-31": "1.83500", "2010-12-31": "0.87250", "2009-12-31": "-0.73130", "2008-12-31": "2.39530", "2007-12-31": "5.59180", "2006-12-31": ""}, "Book Value Per Share": {"2019-12-31": "39.05600", "2018-12-31": "34.48570", "2017-12-31": "32.29820", "2016-12-31": "29.87430", "2015-12-31": "29.32460", "2014-12-31": "31.06370", "2013-12-31": "30.60000", "2012-12-31": "29.74710", "2011-12-31": "29.23190", "2010-12-31": "29.49650", "2009-12-31": "28.98620", "2008-12-31": "29.97580", "2007-12-31": "14.47550", "2006-12-31": ""}, "Operating Cash Flow Per Share": {"2019-12-31": 0.7636, "2018-12-31": -1.6839, "2017-12-31": 1.1966, "2016-12-31": -0.2868, "2015-12-31": 0.6716, "2014-12-31": 0.2, "2013-12-31": -0.1528, "2012-12-31": 0.6952, "2011-12-31": -0.2589, "2010-12-31": 0.759, "2009-12-31": -0.4191, "2008-12-31": -0.4477, "2007-12-31": 1.3476, "2006-12-31": 1.3412}, "Free Cash Flow Per Share": {"2019-12-31": -3.2889, "2018-12-31": 4.8517, "2017-12-31": 3.5031, "2016-12-31": 1.5525, "2015-12-31": -8.4505, "2014-12-31": 5.7472, "2013-12-31": 3.4592, "2012-12-31": 0.7188, "2011-12-31": -1.1348, "2010-12-31": 1.7432, "2009-12-31": 0.1696, "2008-12-31": -0.39, "2007-12-31": 0.1222, "2006-12-31": 0.4943}}, "financial ratios, quarterly": {"Current Ratio": {"2020-09-30": "2.71960", "2020-06-30": "2.76460", "2020-03-31": "1.48180", "2019-12-31": "1.57090", "2019-09-30": "1.41380", "2019-06-30": "1.17060", "2019-03-31": "1.17830", "2018-12-31": "1.26770", "2018-09-30": "2.16610", "2018-06-30": "1.88540", "2018-03-31": "2.08940", "2017-12-31": "1.33770", "2017-09-30": "1.05670", "2017-06-30": "1.27030", "2017-03-31": "0.94500", "2016-12-31": "1.23270", "2016-09-30": "1.46510", "2016-06-30": "1.63470", "2016-03-31": "1.44470", "2015-12-31": "1.01540", "2015-09-30": "1.23390", "2015-06-30": "1.92100", "2015-03-31": "2.25180", "2014-12-31": "2.34110", "2014-09-30": "1.36560", "2014-06-30": "1.99410", "2014-03-31": "1.70600", "2013-12-31": "1.33520", "2013-09-30": "2.58620", "2013-06-30": "2.90060", "2013-03-31": "2.90910", "2012-12-31": "2.84470", "2012-09-30": "3.06040", "2012-06-30": "2.35680", "2012-03-31": "2.88500", "2011-12-31": "2.80110", "2011-09-30": "2.98230", "2011-06-30": "3.02710", "2011-03-31": "3.85360", "2010-12-31": "3.63260", "2010-09-30": "3.54270", "2010-06-30": "3.92720", "2010-03-31": "4.50420", "2009-12-31": "4.05860", "2009-09-30": "", "2009-06-30": "1.53180", "2009-03-31": "", "2008-12-31": ""}, "Long-term Debt / Capital": {"2020-09-30": "0.47060", "2020-06-30": "0.41630", "2020-03-31": "0.30170", "2019-12-31": "0.28890", "2019-09-30": "0.30000", "2019-06-30": "0.30770", "2019-03-31": "0.30880", "2018-12-31": "0.30620", "2018-09-30": "0.29190", "2018-06-30": "0.27860", "2018-03-31": "0.25550", "2017-12-31": "0.27260", "2017-09-30": "0.28310", "2017-06-30": "0.27340", "2017-03-31": "0.27980", "2016-12-31": "0.26990", "2016-09-30": "0.26980", "2016-06-30": "0.26630", "2016-03-31": "0.26480", "2015-12-31": "0.20690", "2015-09-30": "0.20390", "2015-06-30": "0.23360", "2015-03-31": "0.23640", "2014-12-31": "0.22970", "2014-09-30": "0.21590", "2014-06-30": "0.21360", "2014-03-31": "0.21310", "2013-12-31": "0.21250", "2013-09-30": "0.21260", "2013-06-30": "0.21160", "2013-03-31": "0.20320", "2012-12-31": "0.20310", "2012-09-30": "0.19910", "2012-06-30": "0.19990", "2012-03-31": "0.20050", "2011-12-31": "0.20190", "2011-09-30": "0.20320", "2011-06-30": "0.12870", "2011-03-31": "0.12110", "2010-12-31": "0.12220", "2010-09-30": "0.12250", "2010-06-30": "0.13560", "2010-03-31": "0.14230", "2009-12-31": "0.14290", "2009-09-30": "", "2009-06-30": "", "2009-03-31": "", "2008-12-31": ""}, "Debt/Equity Ratio": {"2020-09-30": "0.96660", "2020-06-30": "0.71570", "2020-03-31": "0.52910", "2019-12-31": "0.40910", "2019-09-30": "0.43150", "2019-06-30": "0.46940", "2019-03-31": "0.48290", "2018-12-31": "0.44440", "2018-09-30": "0.41500", "2018-06-30": "0.38910", "2018-03-31": "0.34570", "2017-12-31": "0.37760", "2017-09-30": "0.49110", "2017-06-30": "0.43900", "2017-03-31": "0.46880", "2016-12-31": "0.40020", "2016-09-30": "0.37430", "2016-06-30": "0.36780", "2016-03-31": "0.42650", "2015-12-31": "0.34290", "2015-09-30": "0.33310", "2015-06-30": "0.32140", "2015-03-31": "0.31160", "2014-12-31": "0.30020", "2014-09-30": "0.30420", "2014-06-30": "0.27270", "2014-03-31": "0.31140", "2013-12-31": "0.31040", "2013-09-30": "0.27480", "2013-06-30": "0.27130", "2013-03-31": "0.25800", "2012-12-31": "0.25580", "2012-09-30": "0.24930", "2012-06-30": "0.25070", "2012-03-31": "0.25160", "2011-12-31": "0.25370", "2011-09-30": "0.25590", "2011-06-30": "0.15910", "2011-03-31": "0.14860", "2010-12-31": "0.15030", "2010-09-30": "0.15760", "2010-06-30": "0.16850", "2010-03-31": "0.16600", "2009-12-31": "0.16900", "2009-09-30": "", "2009-06-30": "", "2009-03-31": "", "2008-12-31": ""}, "Gross Margin": {"2020-09-30": "-4.76190", "2020-06-30": "-33.60000", "2020-03-31": "13.29310", "2019-12-31": "18.98040", "2019-09-30": "17.11930", "2019-06-30": "20.09310", "2019-03-31": "18.85580", "2018-12-31": "20.03520", "2018-09-30": "20.94970", "2018-06-30": "23.74230", "2018-03-31": "23.17400", "2017-12-31": "20.68040", "2017-09-30": "22.05610", "2017-06-30": "24.10790", "2017-03-31": "21.40320", "2016-12-31": "19.39330", "2016-09-30": "21.13970", "2016-06-30": "22.57510", "2016-03-31": "21.76310", "2015-12-31": "21.28040", "2015-09-30": "20.89270", "2015-06-30": "23.65110", "2015-03-31": "22.01140", "2014-12-31": "21.22340", "2014-09-30": "21.73910", "2014-06-30": "24.00690", "2014-03-31": "21.88080", "2013-12-31": "21.35660", "2013-09-30": "20.56530", "2013-06-30": "24.54210", "2013-03-31": "19.38460", "2012-12-31": "20.70000", "2012-09-30": "20.77790", "2012-06-30": "22.87970", "2012-03-31": "19.41550", "2011-12-31": "20.10100", "2011-09-30": "20.73580", "2011-06-30": "21.15390", "2011-03-31": "18.05710", "2010-12-31": "18.73640", "2010-09-30": "16.83730", "2010-06-30": "20.58490", "2010-03-31": "19.02500", "2009-12-31": "17.21040", "2009-09-30": "16.00500", "2009-06-30": "18.65410", "2009-03-31": "17.61720", "2008-12-31": ""}, "Operating Margin": {"2020-09-30": "-42.10530", "2020-06-30": "-103.20000", "2020-03-31": "0.50350", "2019-12-31": "3.92160", "2019-09-30": "3.29220", "2019-06-30": "6.28390", "2019-03-31": "2.09510", "2018-12-31": "7.38140", "2018-09-30": "5.77280", "2018-06-30": "9.44400", "2018-03-31": "7.12350", "2017-12-31": "4.02860", "2017-09-30": "5.51400", "2017-06-30": "8.79030", "2017-03-31": "4.88450", "2016-12-31": "3.14190", "2016-09-30": "6.34190", "2016-06-30": "8.75540", "2016-03-31": "6.24430", "2015-12-31": "5.59060", "2015-09-30": "8.35710", "2015-06-30": "10.25180", "2015-03-31": "5.59770", "2014-12-31": "3.61450", "2014-09-30": "6.52170", "2014-06-30": "9.93090", "2014-03-31": "4.93480", "2013-12-31": "5.04120", "2013-09-30": "5.16570", "2013-06-30": "9.89010", "2013-03-31": "1.74360", "2012-12-31": "3.90000", "2012-09-30": "4.09420", "2012-06-30": "7.19920", "2012-03-31": "0.73070", "2011-12-31": "2.82830", "2011-09-30": "5.90860", "2011-06-30": "5.87610", "2011-03-31": "1.94290", "2010-12-31": "1.74290", "2010-09-30": "1.36520", "2010-06-30": "6.63670", "2010-03-31": "2.49700", "2009-12-31": "1.12490", "2009-09-30": "-0.62030", "2009-06-30": "2.83350", "2009-03-31": "2.66160", "2008-12-31": ""}, "EBIT Margin": {"2020-09-30": "-42.10530", "2020-06-30": "-103.20000", "2020-03-31": "0.50350", "2019-12-31": "3.92160", "2019-09-30": "3.29220", "2019-06-30": "6.28390", "2019-03-31": "2.09510", "2018-12-31": "7.38140", "2018-09-30": "5.77280", "2018-06-30": "9.44400", "2018-03-31": "7.12350", "2017-12-31": "4.02860", "2017-09-30": "5.51400", "2017-06-30": "8.79030", "2017-03-31": "4.88450", "2016-12-31": "3.14190", "2016-09-30": "6.34190", "2016-06-30": "8.75540", "2016-03-31": "6.24430", "2015-12-31": "5.59060", "2015-09-30": "8.35710", "2015-06-30": "10.25180", "2015-03-31": "5.59770", "2014-12-31": "3.61450", "2014-09-30": "6.52170", "2014-06-30": "9.93090", "2014-03-31": "4.93480", "2013-12-31": "5.04120", "2013-09-30": "5.16570", "2013-06-30": "9.89010", "2013-03-31": "1.74360", "2012-12-31": "3.90000", "2012-09-30": "4.09420", "2012-06-30": "7.19920", "2012-03-31": "0.73070", "2011-12-31": "2.82830", "2011-09-30": "5.90860", "2011-06-30": "5.87610", "2011-03-31": "1.94290", "2010-12-31": "1.74290", "2010-09-30": "1.36520", "2010-06-30": "6.63670", "2010-03-31": "2.49700", "2009-12-31": "1.12490", "2009-09-30": "-0.62030", "2009-06-30": "2.83350", "2009-03-31": "2.66160", "2008-12-31": ""}, "EBITDA Margin": {"2020-09-30": "", "2020-06-30": "", "2020-03-31": "", "2019-12-31": "", "2019-09-30": "", "2019-06-30": "", "2019-03-31": "", "2018-12-31": "", "2018-09-30": "", "2018-06-30": "", "2018-03-31": "", "2017-12-31": "", "2017-09-30": "", "2017-06-30": "", "2017-03-31": "", "2016-12-31": "", "2016-09-30": "", "2016-06-30": "", "2016-03-31": "", "2015-12-31": "", "2015-09-30": "", "2015-06-30": "", "2015-03-31": "", "2014-12-31": "", "2014-09-30": "", "2014-06-30": "", "2014-03-31": "", "2013-12-31": "", "2013-09-30": "", "2013-06-30": "", "2013-03-31": "", "2012-12-31": "", "2012-09-30": "", "2012-06-30": "", "2012-03-31": "", "2011-12-31": "", "2011-09-30": "", "2011-06-30": "", "2011-03-31": "", "2010-12-31": "", "2010-09-30": "", "2010-06-30": "", "2010-03-31": "", "2009-12-31": "", "2009-09-30": "", "2009-06-30": "", "2009-03-31": "", "2008-12-31": ""}, "Pre-Tax Profit Margin": {"2020-09-30": "-55.13780", "2020-06-30": "-132.00000", "2020-03-31": "-13.89730", "2019-12-31": "32.39220", "2019-09-30": "33.33330", "2019-06-30": "8.14580", "2019-03-31": "6.68820", "2018-12-31": "2.81200", "2018-09-30": "23.83610", "2018-06-30": "9.00260", "2018-03-31": "50.58610", "2017-12-31": "39.57030", "2017-09-30": "3.27100", "2017-06-30": "13.57700", "2017-03-31": "7.90410", "2016-12-31": "5.85050", "2016-09-30": "8.27210", "2016-06-30": "7.55360", "2016-03-31": "4.59140", "2015-12-31": "3.15600", "2015-09-30": "4.27350", "2015-06-30": "7.19420", "2015-03-31": "3.22580", "2014-12-31": "24.18910", "2014-09-30": "5.70650", "2014-06-30": "10.44910", "2014-03-31": "7.44880", "2013-12-31": "5.22460", "2013-09-30": "9.16180", "2013-06-30": "15.29300", "2013-03-31": "0.30770", "2012-12-31": "0.40000", "2012-09-30": "2.04710", "2012-06-30": "5.62130", "2012-03-31": "1.46140", "2011-12-31": "2.42420", "2011-09-30": "0.89190", "2011-06-30": "3.73930", "2011-03-31": "1.82860", "2010-12-31": "-0.10890", "2010-09-30": "5.23320", "2010-06-30": "2.13720", "2010-03-31": "2.85370", "2009-12-31": "-1.23730", "2009-09-30": "0.99260", "2009-06-30": "-8.61870", "2009-03-31": "3.16860", "2008-12-31": ""}, "Net Profit Margin": {"2020-09-30": "-40.35090", "2020-06-30": "-94.40000", "2020-03-31": "-10.37260", "2019-12-31": "25.17650", "2019-09-30": "24.36210", "2019-06-30": "6.67180", "2019-03-31": "5.07660", "2018-12-31": "3.86640", "2018-09-30": "22.06700", "2018-06-30": "6.79610", "2018-03-31": "37.06040", "2017-12-31": "19.06890", "2017-09-30": "1.68220", "2017-06-30": "8.96430", "2017-03-31": "4.88450", "2016-12-31": "4.65870", "2016-09-30": "5.69850", "2016-06-30": "5.75110", "2016-03-31": "3.12210", "2015-12-31": "3.33630", "2015-09-30": "2.37420", "2015-06-30": "3.59710", "2015-03-31": "2.08730", "2014-12-31": "16.86750", "2014-09-30": "2.89860", "2014-06-30": "6.39030", "2014-03-31": "5.21420", "2013-12-31": "2.93310", "2013-09-30": "5.36060", "2013-06-30": "10.25640", "2013-03-31": "0.82050", "2012-12-31": "1.60000", "2012-09-30": "2.35410", "2012-06-30": "3.84620", "2012-03-31": "1.04380", "2011-12-31": "5.25250", "2011-09-30": "1.56080", "2011-06-30": "3.95300", "2011-03-31": "1.14290", "2010-12-31": "0.65360", "2010-09-30": "3.41300", "2010-06-30": "2.81210", "2010-03-31": "0.59450", "2009-12-31": "-1.34980", "2009-09-30": "0.62030", "2009-06-30": "-5.90320", "2009-03-31": "1.77440", "2008-12-31": ""}, "Asset Turnover": {"2020-09-30": "0.04330", "2020-06-30": "0.02910", "2020-03-31": "0.11970", "2019-12-31": "0.15150", "2019-09-30": "0.14950", "2019-06-30": "0.15950", "2019-03-31": "0.15440", "2018-12-31": "0.14890", "2018-09-30": "0.13900", "2018-06-30": "0.15490", "2018-03-31": "0.13890", "2017-12-31": "0.14750", "2017-09-30": "0.13610", "2017-06-30": "0.14540", "2017-03-31": "0.14500", "2016-12-31": "0.11910", "2016-09-30": "0.14230", "2016-06-30": "0.15120", "2016-03-31": "0.13790", "2015-12-31": "0.14610", "2015-09-30": "0.13730", "2015-06-30": "0.14180", "2015-03-31": "0.13330", "2014-12-31": "0.13250", "2014-09-30": "0.13680", "2014-06-30": "0.14450", "2014-03-31": "0.13140", "2013-12-31": "0.13340", "2013-09-30": "0.13040", "2013-06-30": "0.14170", "2013-03-31": "0.12630", "2012-12-31": "0.13110", "2012-09-30": "0.12630", "2012-06-30": "0.13200", "2012-03-31": "0.12670", "2011-12-31": "0.13190", "2011-09-30": "0.12140", "2011-06-30": "0.13380", "2011-03-31": "0.12020", "2010-12-31": "0.12670", "2010-09-30": "0.12150", "2010-06-30": "0.12400", "2010-03-31": "0.11760", "2009-12-31": "0.12420", "2009-09-30": "", "2009-06-30": "1.31320", "2009-03-31": "", "2008-12-31": ""}, "Inventory Turnover Ratio": {"2020-09-30": "29.85710", "2020-06-30": "30.36360", "2020-03-31": "71.75000", "2019-12-31": "86.08330", "2019-09-30": "83.91670", "2019-06-30": "79.23080", "2019-03-31": "71.92860", "2018-12-31": "65.00000", "2018-09-30": "65.30770", "2018-06-30": "66.46150", "2018-03-31": "65.53850", "2017-12-31": "63.28570", "2017-09-30": "55.60000", "2017-06-30": "58.13330", "2017-03-31": "55.31250", "2016-12-31": "26.57140", "2016-09-30": "53.62500", "2016-06-30": "56.37500", "2016-03-31": "53.25000", "2015-12-31": "72.75000", "2015-09-30": "64.07690", "2015-06-30": "56.60000", "2015-03-31": "51.37500", "2014-12-31": "50.00000", "2014-09-30": "48.00000", "2014-06-30": "51.76470", "2014-03-31": "11.18670", "2013-12-31": "11.14290", "2013-09-30": "11.47890", "2013-06-30": "11.13510", "2013-03-31": "10.20780", "2012-12-31": "9.91250", "2012-09-30": "9.43900", "2012-06-30": "9.20000", "2012-03-31": "8.97670", "2011-12-31": "9.09200", "2011-09-30": "7.64520", "2011-06-30": "7.68750", "2011-03-31": "7.24240", "2010-12-31": "7.46000", "2010-09-30": "5.71090", "2010-06-30": "5.47290", "2010-03-31": "5.23850", "2009-12-31": "5.52630", "2009-09-30": "", "2009-06-30": "", "2009-03-31": "", "2008-12-31": ""}, "Receiveable Turnover": {"2020-09-30": "0.82780", "2020-06-30": "0.71430", "2020-03-31": "2.50760", "2019-12-31": "2.83960", "2019-09-30": "2.67030", "2019-06-30": "2.40930", "2019-03-31": "2.44770", "2018-12-31": "2.45790", "2018-09-30": "2.18290", "2018-06-30": "2.89770", "2018-03-31": "2.89560", "2017-12-31": "2.98660", "2017-09-30": "2.43180", "2017-06-30": "2.84410", "2017-03-31": "2.92470", "2016-12-31": "2.68310", "2016-09-30": "2.96460", "2016-06-30": "3.10670", "2016-03-31": "2.81400", "2015-12-31": "3.07200", "2015-09-30": "2.57460", "2015-06-30": "2.84400", "2015-03-31": "2.65490", "2014-12-31": "3.36140", "2014-09-30": "3.10990", "2014-06-30": "3.40590", "2014-03-31": "3.06860", "2013-12-31": "3.82810", "2013-09-30": "3.32040", "2013-06-30": "1.73890", "2013-03-31": "1.63040", "2012-12-31": "1.84160", "2012-09-30": "1.72610", "2012-06-30": "3.27100", "2012-03-31": "3.18270", "2011-12-31": "3.89760", "2011-09-30": "3.86640", "2011-06-30": "3.60000", "2011-03-31": "3.72340", "2010-12-31": "4.47800", "2010-09-30": "2.80830", "2010-06-30": "2.82220", "2010-03-31": "", "2009-12-31": "2.85850", "2009-09-30": "", "2009-06-30": "2.72350", "2009-03-31": "", "2008-12-31": ""}, "Days Sales In Receivables": {"2020-09-30": "108.72180", "2020-06-30": "126.00000", "2020-03-31": "35.89120", "2019-12-31": "31.69410", "2019-09-30": "33.70370", "2019-06-30": "37.35450", "2019-03-31": "36.76870", "2018-12-31": "36.61690", "2018-09-30": "41.22910", "2018-06-30": "31.05910", "2018-03-31": "31.08210", "2017-12-31": "30.13430", "2017-09-30": "37.00940", "2017-06-30": "31.64490", "2017-03-31": "30.77270", "2016-12-31": "33.54280", "2016-09-30": "30.35850", "2016-06-30": "28.97000", "2016-03-31": "31.98350", "2015-12-31": "29.29670", "2015-09-30": "34.95730", "2015-06-30": "31.64570", "2015-03-31": "33.89940", "2014-12-31": "26.77480", "2014-09-30": "28.94020", "2014-06-30": "26.42490", "2014-03-31": "29.32960", "2013-12-31": "23.51050", "2013-09-30": "27.10530", "2013-06-30": "51.75820", "2013-03-31": "55.20000", "2012-12-31": "48.87000", "2012-09-30": "52.13920", "2012-06-30": "27.51480", "2012-03-31": "28.27770", "2011-12-31": "23.09090", "2011-09-30": "23.27760", "2011-06-30": "25.00000", "2011-03-31": "24.17140", "2010-12-31": "20.09800", "2010-09-30": "32.04780", "2010-06-30": "31.88980", "2010-03-31": "", "2009-12-31": "31.48480", "2009-09-30": "", "2009-06-30": "33.04610", "2009-03-31": "", "2008-12-31": ""}, "ROE - Return On Equity": {"2020-09-30": "-4.80170", "2020-06-30": "-6.75640", "2020-03-31": "-2.77780", "2019-12-31": "8.09180", "2019-09-30": "7.87020", "2019-06-30": "2.35810", "2019-03-31": "1.73650", "2018-12-31": "1.19660", "2018-09-30": "6.02290", "2018-06-30": "2.08050", "2018-03-31": "9.79970", "2017-12-31": "5.54250", "2017-09-30": "0.51960", "2017-06-30": "2.68020", "2017-03-31": "1.47850", "2016-12-31": "1.10030", "2016-09-30": "1.58280", "2016-06-30": "1.67170", "2016-03-31": "0.85000", "2015-12-31": "0.92620", "2015-09-30": "0.60470", "2015-06-30": "0.92420", "2015-03-31": "0.49710", "2014-12-31": "3.93000", "2014-09-30": "0.70350", "2014-06-30": "1.56940", "2014-03-31": "1.17280", "2013-12-31": "0.62800", "2013-09-30": "1.15720", "2013-06-30": "2.37590", "2013-03-31": "0.16620", "2012-12-31": "0.31110", "2012-09-30": "0.46890", "2012-06-30": "0.79870", "2012-03-31": "0.20560", "2011-12-31": "1.07710", "2011-09-30": "0.27160", "2011-06-30": "0.74470", "2011-03-31": "0.19350", "2010-12-31": "-0.07800", "2010-09-30": "0.56560", "2010-06-30": "0.37540", "2010-03-31": "0.13860", "2009-12-31": "-0.23810", "2009-09-30": "", "2009-06-30": "", "2009-03-31": "", "2008-12-31": ""}, "Return On Tangible Equity": {"2020-09-30": "-6.06860", "2020-06-30": "-8.46790", "2020-03-31": "-3.48560", "2019-12-31": "10.01870", "2019-09-30": "9.91290", "2019-06-30": "3.01330", "2019-03-31": "2.22850", "2018-12-31": "1.59070", "2018-09-30": "6.75790", "2018-06-30": "2.36560", "2018-03-31": "11.00400", "2017-12-31": "6.28690", "2017-09-30": "0.67300", "2017-06-30": "3.40270", "2017-03-31": "1.88680", "2016-12-31": "1.35050", "2016-09-30": "1.93810", "2016-06-30": "2.00660", "2016-03-31": "1.02260", "2015-12-31": "1.11480", "2015-09-30": "0.72190", "2015-06-30": "1.09590", "2015-03-31": "0.58480", "2014-12-31": "4.61230", "2014-09-30": "0.82770", "2014-06-30": "1.84910", "2014-03-31": "1.38850", "2013-12-31": "0.74280", "2013-09-30": "1.34440", "2013-06-30": "2.75250", "2013-03-31": "0.19180", "2012-12-31": "0.34880", "2012-09-30": "0.52360", "2012-06-30": "0.89140", "2012-03-31": "0.22740", "2011-12-31": "1.19070", "2011-09-30": "0.30030", "2011-06-30": "0.80900", "2011-03-31": "0.20910", "2010-12-31": "-0.08420", "2010-09-30": "0.61280", "2010-06-30": "0.40690", "2010-03-31": "0.14620", "2009-12-31": "-0.25850", "2009-09-30": "", "2009-06-30": "-20.60090", "2009-03-31": "", "2008-12-31": ""}, "ROA - Return On Assets": {"2020-09-30": "-1.74530", "2020-06-30": "-2.75060", "2020-03-31": "-1.24130", "2019-12-31": "3.81370", "2019-09-30": "3.64130", "2019-06-30": "1.06410", "2019-03-31": "0.78410", "2018-12-31": "0.57570", "2018-09-30": "3.06840", "2018-06-30": "1.05250", "2018-03-31": "5.14590", "2017-12-31": "2.81300", "2017-09-30": "0.24170", "2017-06-30": "1.30360", "2017-03-31": "0.70850", "2016-12-31": "0.55490", "2016-09-30": "0.81080", "2016-06-30": "0.86950", "2016-03-31": "0.43040", "2015-12-31": "0.48740", "2015-09-30": "0.32590", "2015-06-30": "0.51010", "2015-03-31": "0.27820", "2014-12-31": "2.23500", "2014-09-30": "0.40900", "2014-06-30": "0.93600", "2014-03-31": "0.68490", "2013-12-31": "0.36690", "2013-09-30": "0.69890", "2013-06-30": "1.45320", "2013-03-31": "0.10360", "2012-12-31": "0.19660", "2012-09-30": "0.29730", "2012-06-30": "0.50770", "2012-03-31": "0.13220", "2011-12-31": "0.69270", "2011-09-30": "0.17600", "2011-06-30": "0.51450", "2011-03-31": "0.13740", "2010-12-31": "-0.05520", "2010-09-30": "0.40100", "2010-06-30": "0.26500", "2010-03-31": "0.09780", "2009-12-31": "-0.16770", "2009-09-30": "", "2009-06-30": "-7.44190", "2009-03-31": "", "2008-12-31": ""}, "ROI - Return On Investment": {"2020-09-30": "-2.54180", "2020-06-30": "-3.94390", "2020-03-31": "-1.93970", "2019-12-31": "5.75370", "2019-09-30": "5.50900", "2019-06-30": "1.63250", "2019-03-31": "1.20020", "2018-12-31": "0.83020", "2018-09-30": "4.26490", "2018-06-30": "1.50100", "2018-03-31": "7.29630", "2017-12-31": "4.03180", "2017-09-30": "0.37250", "2017-06-30": "1.94740", "2017-03-31": "1.06490", "2016-12-31": "0.80330", "2016-09-30": "1.15590", "2016-06-30": "1.22640", "2016-03-31": "0.62490", "2015-12-31": "0.73460", "2015-09-30": "0.48140", "2015-06-30": "0.70830", "2015-03-31": "0.37960", "2014-12-31": "3.02730", "2014-09-30": "0.55160", "2014-06-30": "1.23420", "2014-03-31": "0.92290", "2013-12-31": "0.49460", "2013-09-30": "0.91120", "2013-06-30": "1.87320", "2013-03-31": "0.13240", "2012-12-31": "0.24790", "2012-09-30": "0.37560", "2012-06-30": "0.63900", "2012-03-31": "0.16440", "2011-12-31": "0.85960", "2011-09-30": "0.21640", "2011-06-30": "0.64890", "2011-03-31": "0.17000", "2010-12-31": "-0.06840", "2010-09-30": "0.49630", "2010-06-30": "0.32450", "2010-03-31": "0.11890", "2009-12-31": "-0.20410", "2009-09-30": "", "2009-06-30": "", "2009-03-31": "", "2008-12-31": ""}, "Book Value Per Share": {"2020-09-30": "33.14420", "2020-06-30": "34.53530", "2020-03-31": "36.70090", "2019-12-31": "39.05600", "2019-09-30": "36.42650", "2019-06-30": "34.73900", "2019-03-31": "34.38310", "2018-12-31": "34.48570", "2018-09-30": "35.53210", "2018-06-30": "33.17530", "2018-03-31": "35.53850", "2017-12-31": "32.29820", "2017-09-30": "30.08640", "2017-06-30": "30.61860", "2017-03-31": "29.65090", "2016-12-31": "29.87430", "2016-09-30": "29.93760", "2016-06-30": "30.04360", "2016-03-31": "29.67650", "2015-12-31": "29.32460", "2015-09-30": "29.57310", "2015-06-30": "30.15970", "2015-03-31": "30.28350", "2014-12-31": "31.06370", "2014-09-30": "30.72580", "2014-06-30": "31.04130", "2014-03-31": "30.73270", "2013-12-31": "30.60000", "2013-09-30": "30.36170", "2013-06-30": "29.98790", "2013-03-31": "29.75280", "2012-12-31": "29.74710", "2012-09-30": "29.75450", "2012-06-30": "29.46590", "2012-03-31": "29.39170", "2011-12-31": "29.23190", "2011-09-30": "28.98820", "2011-06-30": "29.27870", "2011-03-31": "29.70910", "2010-12-31": "29.49650", "2010-09-30": "29.47750", "2010-06-30": "29.10080", "2010-03-31": "29.03710", "2009-12-31": "28.98620", "2009-09-30": "", "2009-06-30": "", "2009-03-31": "", "2008-12-31": ""}, "Operating Cash Flow Per Share": {"2020-09-30": -1.3131, "2020-06-30": -2.2723, "2020-03-31": "-0.98620", "2019-12-31": 1.1387, "2019-09-30": 0.9133, "2019-06-30": 1.5527, "2019-03-31": "0.12090", "2018-12-31": 1.7962, "2018-09-30": 0.9082, "2018-06-30": -0.1895, "2018-03-31": "0.44710", "2017-12-31": 1.233, "2017-09-30": 0.9682, "2017-06-30": 1.3683, "2017-03-31": "1.07640", "2016-12-31": 0.8115, "2016-09-30": 0.8661, "2016-06-30": 1.3965, "2016-03-31": "0.37520", "2015-12-31": 0.967, "2015-09-30": 1.5045, "2015-06-30": 1.1637, "2015-03-31": "0.10090", "2014-12-31": 0.7118, "2014-09-30": 0.7228, "2014-06-30": 1.3168, "2014-03-31": "0.31310", "2013-12-31": 0.5955, "2013-09-30": 1.2578, "2013-06-30": 0.8451, "2013-03-31": "0.16610", "2012-12-31": 0.8092, "2012-09-30": 0.8163, "2012-06-30": 1.0244, "2012-03-31": "0.36740", "2011-12-31": 0.2816, "2011-09-30": 0.8062, "2011-06-30": 0.9993, "2011-03-31": "0.23500", "2010-12-31": 0.8591, "2010-09-30": 0.666, "2010-06-30": 0.7111, "2010-03-31": "0.34480", "2009-12-31": 0.296, "2009-09-30": 0.895, "2009-06-30": 0.1381, "2009-03-31": "0.28090", "2008-12-31": 0}, "Free Cash Flow Per Share": {"2020-09-30": -1.471, "2020-06-30": -2.5979, "2020-03-31": "-0.75940", "2019-12-31": 4.462, "2019-09-30": 4.3271, "2019-06-30": 0.8014, "2019-03-31": "-0.49290", "2018-12-31": 1.161, "2018-09-30": 3.4883, "2018-06-30": -0.4265, "2018-03-31": "8.16370", "2017-12-31": 3.4521, "2017-09-30": 0.3526, "2017-06-30": 3.0354, "2017-03-31": "0.69470", "2016-12-31": 0.2741, "2016-09-30": 0.8368, "2016-06-30": 2.8252, "2016-03-31": "0.09560", "2015-12-31": 0.4024, "2015-09-30": 1.0596, "2015-06-30": 0.8625, "2015-03-31": "0.15470", "2014-12-31": 7.5632, "2014-09-30": 0.4159, "2014-06-30": 0.8802, "2014-03-31": "2.07040", "2013-12-31": 0.7146, "2013-09-30": 2.7327, "2013-06-30": 1.6122, "2013-03-31": "0.12300", "2012-12-31": 0.7821, "2012-09-30": 0.4953, "2012-06-30": 0.6507, "2012-03-31": "-0.20480", "2011-12-31": -0.2754, "2011-09-30": 0.2102, "2011-06-30": 1.0984, "2011-03-31": "-0.02870", "2010-12-31": 0.5437, "2010-09-30": 0.4077, "2010-06-30": 0.4063, "2010-03-31": "0.78160", "2009-12-31": -0.0483, "2009-09-30": 0.6936, "2009-06-30": -0.1237, "2009-03-31": "-0.17160", "2008-12-31": 0}}, "revenue": {"Hyatt Hotels Annual Revenue (Millions of US $)": {"2019": "$5,020", "2018": "$4,454", "2017": "$4,462", "2016": "$4,265", "2015": "$4,328", "2014": "$4,415", "2013": "$4,184", "2012": "$3,949", "2011": "$3,698", "2010": "$3,527", "2009": "$3,330", "2008": "$3,835", "2007": "$3,738", "2006": "$3,471"}, "Hyatt Hotels Quarterly Revenue (Millions of US $)": {"2020-09-30": "$399", "2020-06-30": "$250", "2020-03-31": "$993", "2019-12-31": "$1,275", "2019-09-30": "$1,215", "2019-06-30": "$1,289", "2019-03-31": "$1,241", "2018-12-31": "$1,138", "2018-09-30": "$1,074", "2018-06-30": "$1,133", "2018-03-31": "$1,109", "2017-12-31": "$1,117", "2017-09-30": "$1,070", "2017-06-30": "$1,149", "2017-03-31": "$1,126", "2016-12-31": "$923", "2016-09-30": "$1,088", "2016-06-30": "$1,165", "2016-03-31": "$1,089", "2015-12-31": "$1,109", "2015-09-30": "$1,053", "2015-06-30": "$1,112", "2015-03-31": "$1,054", "2014-12-31": "$1,079", "2014-09-30": "$1,104", "2014-06-30": "$1,158", "2014-03-31": "$1,074", "2013-12-31": "$1,091", "2013-09-30": "$1,026", "2013-06-30": "$1,092", "2013-03-31": "$975", "2012-12-31": "$1,000", "2012-09-30": "$977", "2012-06-30": "$1,014", "2012-03-31": "$958", "2011-12-31": "$990", "2011-09-30": "$897", "2011-06-30": "$936", "2011-03-31": "$875", "2010-12-31": "$918", "2010-09-30": "$879", "2010-06-30": "$889", "2010-03-31": "$841", "2009-12-31": "$889", "2009-09-30": "$806", "2009-06-30": "$847", "2009-03-31": "$789", "2008-12-31": ""}}, "gross-profit": {"Hyatt Hotels Annual Gross Profit (Millions of US $)": {"2019": "$943", "2018": "$979", "2017": "$985", "2016": "$909", "2015": "$951", "2014": "$982", "2013": "$901", "2012": "$828", "2011": "$741", "2010": "$663", "2009": "$579", "2008": "$903", "2007": "$891", "2006": "$794"}, "Hyatt Hotels Quarterly Gross Profit (Millions of US $)": {"2020-09-30": "$-19", "2020-06-30": "$-84", "2020-03-31": "$132", "2019-12-31": "$242", "2019-09-30": "$208", "2019-06-30": "$259", "2019-03-31": "$234", "2018-12-31": "$228", "2018-09-30": "$225", "2018-06-30": "$269", "2018-03-31": "$257", "2017-12-31": "$231", "2017-09-30": "$236", "2017-06-30": "$277", "2017-03-31": "$241", "2016-12-31": "$179", "2016-09-30": "$230", "2016-06-30": "$263", "2016-03-31": "$237", "2015-12-31": "$236", "2015-09-30": "$220", "2015-06-30": "$263", "2015-03-31": "$232", "2014-12-31": "$229", "2014-09-30": "$240", "2014-06-30": "$278", "2014-03-31": "$235", "2013-12-31": "$233", "2013-09-30": "$211", "2013-06-30": "$268", "2013-03-31": "$189", "2012-12-31": "$207", "2012-09-30": "$203", "2012-06-30": "$232", "2012-03-31": "$186", "2011-12-31": "$199", "2011-09-30": "$186", "2011-06-30": "$198", "2011-03-31": "$158", "2010-12-31": "$172", "2010-09-30": "$148", "2010-06-30": "$183", "2010-03-31": "$160", "2009-12-31": "$154", "2009-09-30": "$129", "2009-06-30": "$158", "2009-03-31": "$139", "2008-12-31": ""}}, "operating-income": {"Hyatt Hotels Annual Operating Income (Millions of US $)": {"2019": "$197", "2018": "$332", "2017": "$260", "2016": "$268", "2015": "$323", "2014": "$279", "2013": "$233", "2012": "$159", "2011": "$153", "2010": "$108", "2009": "$49", "2008": "$365", "2007": "$385", "2006": "$352"}, "Hyatt Hotels Quarterly Operating Income (Millions of US $)": {"2020-09-30": "$-168", "2020-06-30": "$-258", "2020-03-31": "$5", "2019-12-31": "$50", "2019-09-30": "$40", "2019-06-30": "$81", "2019-03-31": "$26", "2018-12-31": "$84", "2018-09-30": "$62", "2018-06-30": "$107", "2018-03-31": "$79", "2017-12-31": "$45", "2017-09-30": "$59", "2017-06-30": "$101", "2017-03-31": "$55", "2016-12-31": "$29", "2016-09-30": "$69", "2016-06-30": "$102", "2016-03-31": "$68", "2015-12-31": "$62", "2015-09-30": "$88", "2015-06-30": "$114", "2015-03-31": "$59", "2014-12-31": "$39", "2014-09-30": "$72", "2014-06-30": "$115", "2014-03-31": "$53", "2013-12-31": "$55", "2013-09-30": "$53", "2013-06-30": "$108", "2013-03-31": "$17", "2012-12-31": "$39", "2012-09-30": "$40", "2012-06-30": "$73", "2012-03-31": "$7", "2011-12-31": "$28", "2011-09-30": "$53", "2011-06-30": "$55", "2011-03-31": "$17", "2010-12-31": "$16", "2010-09-30": "$12", "2010-06-30": "$59", "2010-03-31": "$21", "2009-12-31": "$10", "2009-09-30": "$-5", "2009-06-30": "$24", "2009-03-31": "$21", "2008-12-31": ""}}, "ebitda": {"Hyatt Hotels Annual EBITDA (Millions of US $)": {"2019": "$618", "2018": "$707", "2017": "$658", "2016": "$636", "2015": "$669", "2014": "$685", "2013": "$605", "2012": "$534", "2011": "$458", "2010": "$387", "2009": "$318", "2008": "$613", "2007": "$599", "2006": "$547"}, "Hyatt Hotels Quarterly EBITDA (Millions of US $)": {"2020-09-30": "$-70", "2020-06-30": "$-167", "2020-03-31": "$116", "2019-12-31": "$147", "2019-09-30": "$146", "2019-06-30": "$184", "2019-03-31": "$141", "2018-12-31": "$173", "2018-09-30": "$153", "2018-06-30": "$196", "2018-03-31": "$185", "2017-12-31": "$169", "2017-09-30": "$151", "2017-06-30": "$196", "2017-03-31": "$142", "2016-12-31": "$143", "2016-09-30": "$156", "2016-06-30": "$188", "2016-03-31": "$149", "2015-12-31": "$175", "2015-09-30": "$166", "2015-06-30": "$190", "2015-03-31": "$138", "2014-12-31": "$176", "2014-09-30": "$163", "2014-06-30": "$198", "2014-03-31": "$148", "2013-12-31": "$173", "2013-09-30": "$134", "2013-06-30": "$193", "2013-03-31": "$105", "2012-12-31": "$151", "2012-09-30": "$128", "2012-06-30": "$162", "2012-03-31": "$93", "2011-12-31": "$115", "2011-09-30": "$128", "2011-06-30": "$127", "2011-03-31": "$88", "2010-12-31": "$91", "2010-09-30": "$80", "2010-06-30": "$125", "2010-03-31": "$91", "2009-12-31": "$82", "2009-09-30": "$63", "2009-06-30": "$89", "2009-03-31": "$86", "2008-12-31": ""}}, "net-income": {"Hyatt Hotels Annual Net Income (Millions of US $)": {"2019": "$766", "2018": "$769", "2017": "$389", "2016": "$206", "2015": "$124", "2014": "$344", "2013": "$207", "2012": "$88", "2011": "$113", "2010": "$66", "2009": "$-43", "2008": "$168", "2007": "$270", "2006": "$315"}, "Hyatt Hotels Quarterly Net Income (Millions of US $)": {"2020-09-30": "$-161", "2020-06-30": "$-236", "2020-03-31": "$-103", "2019-12-31": "$321", "2019-09-30": "$296", "2019-06-30": "$86", "2019-03-31": "$63", "2018-12-31": "$44", "2018-09-30": "$237", "2018-06-30": "$77", "2018-03-31": "$411", "2017-12-31": "$213", "2017-09-30": "$18", "2017-06-30": "$103", "2017-03-31": "$55", "2016-12-31": "$43", "2016-09-30": "$62", "2016-06-30": "$67", "2016-03-31": "$34", "2015-12-31": "$37", "2015-09-30": "$25", "2015-06-30": "$40", "2015-03-31": "$22", "2014-12-31": "$182", "2014-09-30": "$32", "2014-06-30": "$74", "2014-03-31": "$56", "2013-12-31": "$32", "2013-09-30": "$55", "2013-06-30": "$112", "2013-03-31": "$8", "2012-12-31": "$16", "2012-09-30": "$23", "2012-06-30": "$39", "2012-03-31": "$10", "2011-12-31": "$52", "2011-09-30": "$14", "2011-06-30": "$37", "2011-03-31": "$10", "2010-12-31": "$6", "2010-09-30": "$30", "2010-06-30": "$25", "2010-03-31": "$5", "2009-12-31": "$-12", "2009-09-30": "$5", "2009-06-30": "$-50", "2009-03-31": "$14", "2008-12-31": ""}}, "eps-earnings-per-share-diluted": {"Hyatt Hotels Annual EPS": {"2019": "$7.21", "2018": "$6.68", "2017": "$3.08", "2016": "$1.53", "2015": "$0.86", "2014": "$2.23", "2013": "$1.30", "2012": "$0.53", "2011": "$0.67", "2010": "$0.38", "2009": "$-0.28", "2008": "$1.31", "2007": "$2.01", "2006": "$1.15"}, "Hyatt Hotels Quarterly EPS": {"2020-09-30": "$-1.59", "2020-06-30": "$-2.33", "2020-03-31": "$-1.02", "2019-12-31": "$3.02", "2019-09-30": "$2.80", "2019-06-30": "$0.80", "2019-03-31": "$0.59", "2018-12-31": "$0.53", "2018-09-30": "$2.09", "2018-06-30": "$0.66", "2018-03-31": "$3.40", "2017-12-31": "$1.71", "2017-09-30": "$0.14", "2017-06-30": "$0.81", "2017-03-31": "$0.42", "2016-12-31": "$0.32", "2016-09-30": "$0.47", "2016-06-30": "$0.49", "2016-03-31": "$0.25", "2015-12-31": "$0.26", "2015-09-30": "$0.18", "2015-06-30": "$0.27", "2015-03-31": "$0.15", "2014-12-31": "$1.18", "2014-09-30": "$0.21", "2014-06-30": "$0.48", "2014-03-31": "$0.36", "2013-12-31": "$0.20", "2013-09-30": "$0.35", "2013-06-30": "$0.70", "2013-03-31": "$0.05", "2012-12-31": "$0.09", "2012-09-30": "$0.14", "2012-06-30": "$0.24", "2012-03-31": "$0.06", "2011-12-31": "$0.31", "2011-09-30": "$0.08", "2011-06-30": "$0.22", "2011-03-31": "$0.06", "2010-12-31": "$0.04", "2010-09-30": "$0.17", "2010-06-30": "$0.14", "2010-03-31": "$0.03", "2009-12-31": "$-0.07", "2009-09-30": "$0.03", "2009-06-30": "$-0.34", "2009-03-31": "$0.11", "2008-12-31": "$0.00"}}, "shares-outstanding": {"Hyatt Hotels Annual Shares Outstanding (Millions of Shares)": {"2019": "106", "2018": "115", "2017": "126", "2016": "134", "2015": "144", "2014": "154", "2013": "159", "2012": "165", "2011": "169", "2010": "174", "2009": "151", "2008": "128", "2007": "135", "2006": "275"}, "Hyatt Hotels Quarterly Shares Outstanding (Millions of Shares)": {"2020-09-30": "101", "2020-06-30": "101", "2020-03-31": "101", "2019-12-31": "106", "2019-09-30": "106", "2019-06-30": "107", "2019-03-31": "108", "2018-12-31": "115", "2018-09-30": "113", "2018-06-30": "116", "2018-03-31": "121", "2017-12-31": "126", "2017-09-30": "125", "2017-06-30": "127", "2017-03-31": "131", "2016-12-31": "134", "2016-09-30": "133", "2016-06-30": "135", "2016-03-31": "136", "2015-12-31": "144", "2015-09-30": "143", "2015-06-30": "146", "2015-03-31": "149", "2014-12-31": "154", "2014-09-30": "154", "2014-06-30": "155", "2014-03-31": "156", "2013-12-31": "159", "2013-09-30": "157", "2013-06-30": "160", "2013-03-31": "163", "2012-12-31": "165", "2012-09-30": "166", "2012-06-30": "166", "2012-03-31": "166", "2011-12-31": "169", "2011-09-30": "166", "2011-06-30": "170", "2011-03-31": "175", "2010-12-31": "174", "2010-09-30": "174", "2010-06-30": "174", "2010-03-31": "174", "2009-12-31": "171", "2009-09-30": "168", "2009-06-30": "146", "2009-03-31": "128", "2008-12-31": ""}}, "total-assets": {"Hyatt Hotels Annual Total Assets (Millions of US $)": {"2019": "$8,417", "2018": "$7,643", "2017": "$7,572", "2016": "$7,749", "2015": "$7,591", "2014": "$8,143", "2013": "$8,177", "2012": "$7,630", "2011": "$7,507", "2010": "$7,243", "2009": "$7,155", "2008": "$6,119", "2007": "$6,248", "2006": "$0"}, "Hyatt Hotels Quarterly Total Assets (Millions of US $)": {"2020-09-30": "$9,225", "2020-06-30": "$8,580", "2020-03-31": "$8,298", "2019-12-31": "$8,417", "2019-09-30": "$8,129", "2019-06-30": "$8,082", "2019-03-31": "$8,035", "2018-12-31": "$7,643", "2018-09-30": "$7,724", "2018-06-30": "$7,316", "2018-03-31": "$7,987", "2017-12-31": "$7,572", "2017-09-30": "$7,861", "2017-06-30": "$7,901", "2017-03-31": "$7,763", "2016-12-31": "$7,749", "2016-09-30": "$7,647", "2016-06-30": "$7,706", "2016-03-31": "$7,899", "2015-12-31": "$7,591", "2015-09-30": "$7,672", "2015-06-30": "$7,842", "2015-03-31": "$7,909", "2014-12-31": "$8,143", "2014-09-30": "$8,069", "2014-06-30": "$8,013", "2014-03-31": "$8,176", "2013-12-31": "$8,177", "2013-09-30": "$7,869", "2013-06-30": "$7,707", "2013-03-31": "$7,722", "2012-12-31": "$7,630", "2012-09-30": "$7,736", "2012-06-30": "$7,681", "2012-03-31": "$7,562", "2011-12-31": "$7,507", "2011-09-30": "$7,387", "2011-06-30": "$6,997", "2011-03-31": "$7,278", "2010-12-31": "$7,243", "2010-09-30": "$7,232", "2010-06-30": "$7,170", "2010-03-31": "$7,154", "2009-12-31": "$7,155", "2009-09-30": "$0", "2009-06-30": "$645", "2009-03-31": "$0", "2008-12-31": "$6,119"}}, "cash-on-hand": {"Hyatt Hotels Annual Cash on Hand (Millions of US $)": {"2019": "$1,111", "2018": "$719", "2017": "$786", "2016": "$614", "2015": "$599", "2014": "$1,174", "2013": "$668", "2012": "$999", "2011": "$1,149", "2010": "$1,740", "2009": "$1,442", "2008": "$465", "2007": "$429", "2006": "$"}, "Hyatt Hotels Quarterly Cash on Hand (Millions of US $)": {"2020-09-30": "$2,100", "2020-06-30": "$1,524", "2020-03-31": "$1,280", "2019-12-31": "$1,111", "2019-09-30": "$863", "2019-06-30": "$609", "2019-03-31": "$625", "2018-12-31": "$719", "2018-09-30": "$1,254", "2018-06-30": "$1,036", "2018-03-31": "$1,664", "2017-12-31": "$786", "2017-09-30": "$663", "2017-06-30": "$791", "2017-03-31": "$490", "2016-12-31": "$614", "2016-09-30": "$656", "2016-06-30": "$768", "2016-03-31": "$899", "2015-12-31": "$599", "2015-09-30": "$731", "2015-06-30": "$928", "2015-03-31": "$984", "2014-12-31": "$1,174", "2014-09-30": "$388", "2014-06-30": "$686", "2014-03-31": "$895", "2013-12-31": "$668", "2013-09-30": "$1,246", "2013-06-30": "$956", "2013-03-31": "$881", "2012-12-31": "$999", "2012-09-30": "$1,037", "2012-06-30": "$949", "2012-03-31": "$1,089", "2011-12-31": "$1,149", "2011-09-30": "$1,256", "2011-06-30": "$1,444", "2011-03-31": "$1,758", "2010-12-31": "$1,740", "2010-09-30": "$1,662", "2010-06-30": "$1,659", "2010-03-31": "$1,433", "2009-12-31": "$1,442", "2009-09-30": "", "2009-06-30": "$104", "2009-03-31": "", "2008-12-31": "$465"}}, "long-term-debt": {"Hyatt Hotels Annual Long Term Debt (Millions of US $)": {"2019": "$1,612", "2018": "$1,623", "2017": "$1,440", "2016": "$1,445", "2015": "$1,042", "2014": "$1,381", "2013": "$1,289", "2012": "$1,229", "2011": "$1,221", "2010": "$714", "2009": "$840", "2008": "$1,209", "2007": "$1,288", "2006": "$"}, "Hyatt Hotels Quarterly Long Term Debt (Millions of US $)": {"2020-09-30": "$2,981", "2020-06-30": "$2,491", "2020-03-31": "$1,602", "2019-12-31": "$1,612", "2019-09-30": "$1,612", "2019-06-30": "$1,621", "2019-03-31": "$1,621", "2018-12-31": "$1,623", "2018-09-30": "$1,622", "2018-06-30": "$1,429", "2018-03-31": "$1,439", "2017-12-31": "$1,440", "2017-09-30": "$1,444", "2017-06-30": "$1,446", "2017-03-31": "$1,445", "2016-12-31": "$1,445", "2016-09-30": "$1,447", "2016-06-30": "$1,455", "2016-03-31": "$1,441", "2015-12-31": "$1,042", "2015-09-30": "$1,059", "2015-06-30": "$1,319", "2015-03-31": "$1,370", "2014-12-31": "$1,381", "2014-09-30": "$1,292", "2014-06-30": "$1,298", "2014-03-31": "$1,293", "2013-12-31": "$1,289", "2013-09-30": "$1,283", "2013-06-30": "$1,265", "2013-03-31": "$1,228", "2012-12-31": "$1,229", "2012-09-30": "$1,219", "2012-06-30": "$1,220", "2012-03-31": "$1,220", "2011-12-31": "$1,221", "2011-09-30": "$1,221", "2011-06-30": "$714", "2011-03-31": "$712", "2010-12-31": "$714", "2010-09-30": "$716", "2010-06-30": "$794", "2010-03-31": "$838", "2009-12-31": "$840", "2009-09-30": "", "2009-06-30": "", "2009-03-31": "", "2008-12-31": "$1,209"}}, "total-liabilities": {"Hyatt Hotels Annual Total Liabilities (Millions of US $)": {"2019": "$4,450", "2018": "$3,966", "2017": "$3,729", "2016": "$3,841", "2015": "$3,596", "2014": "$3,512", "2013": "$3,400", "2012": "$2,809", "2011": "$2,679", "2010": "$2,112", "2009": "$2,115", "2008": "$2,527", "2007": "$2,779", "2006": "$"}, "Hyatt Hotels Quarterly Total Liabilities (Millions of US $)": {"2020-09-30": "$5,872", "2020-06-30": "$5,087", "2020-03-31": "$4,590", "2019-12-31": "$4,450", "2019-09-30": "$4,368", "2019-06-30": "$4,435", "2019-03-31": "$4,407", "2018-12-31": "$3,966", "2018-09-30": "$3,789", "2018-06-30": "$3,615", "2018-03-31": "$3,793", "2017-12-31": "$3,729", "2017-09-30": "$4,204", "2017-06-30": "$4,058", "2017-03-31": "$4,043", "2016-12-31": "$3,841", "2016-09-30": "$3,730", "2016-06-30": "$3,698", "2016-03-31": "$3,899", "2015-12-31": "$3,596", "2015-09-30": "$3,538", "2015-06-30": "$3,514", "2015-03-31": "$3,483", "2014-12-31": "$3,512", "2014-09-30": "$3,378", "2014-06-30": "$3,234", "2014-03-31": "$3,401", "2013-12-31": "$3,400", "2013-09-30": "$3,116", "2013-06-30": "$2,993", "2013-03-31": "$2,908", "2012-12-31": "$2,809", "2012-09-30": "$2,831", "2012-06-30": "$2,798", "2012-03-31": "$2,698", "2011-12-31": "$2,679", "2011-09-30": "$2,600", "2011-06-30": "$2,163", "2011-03-31": "$2,109", "2010-12-31": "$2,112", "2010-09-30": "$2,105", "2010-06-30": "$2,109", "2010-03-31": "$2,105", "2009-12-31": "$2,115", "2009-09-30": "$0", "2009-06-30": "$299", "2009-03-31": "$0", "2008-12-31": "$2,527"}}, "total-share-holder-equity": {"Hyatt Hotels Annual Share Holder Equity (Millions of US $)": {"2019": "$3,967", "2018": "$3,677", "2017": "$3,843", "2016": "$3,908", "2015": "$3,995", "2014": "$4,631", "2013": "$4,777", "2012": "$4,821", "2011": "$4,828", "2010": "$5,131", "2009": "$5,040", "2008": "$3,592", "2007": "$3,469", "2006": "$"}, "Hyatt Hotels Quarterly Share Holder Equity (Millions of US $)": {"2020-09-30": "$3,353", "2020-06-30": "$3,493", "2020-03-31": "$3,708", "2019-12-31": "$3,967", "2019-09-30": "$3,761", "2019-06-30": "$3,647", "2019-03-31": "$3,628", "2018-12-31": "$3,677", "2018-09-30": "$3,935", "2018-06-30": "$3,701", "2018-03-31": "$4,194", "2017-12-31": "$3,843", "2017-09-30": "$3,657", "2017-06-30": "$3,843", "2017-03-31": "$3,720", "2016-12-31": "$3,908", "2016-09-30": "$3,917", "2016-06-30": "$4,008", "2016-03-31": "$4,000", "2015-12-31": "$3,995", "2015-09-30": "$4,134", "2015-06-30": "$4,328", "2015-03-31": "$4,426", "2014-12-31": "$4,631", "2014-09-30": "$4,691", "2014-06-30": "$4,779", "2014-03-31": "$4,775", "2013-12-31": "$4,777", "2013-09-30": "$4,753", "2013-06-30": "$4,714", "2013-03-31": "$4,814", "2012-12-31": "$4,821", "2012-09-30": "$4,905", "2012-06-30": "$4,883", "2012-03-31": "$4,864", "2011-12-31": "$4,828", "2011-09-30": "$4,787", "2011-06-30": "$4,834", "2011-03-31": "$5,169", "2010-12-31": "$5,131", "2010-09-30": "$5,127", "2010-06-30": "$5,061", "2010-03-31": "$5,049", "2009-12-31": "$5,040", "2009-09-30": "$0", "2009-06-30": "$0", "2009-03-31": "$0", "2008-12-31": "$3,592"}}, "profit-margins": {"current": "-6.14%"}, "gross margin": {"2020-09-30": "9.29%", "2020-06-30": "13.34%", "2020-03-31": "17.62%", "2019-12-31": "18.78%", "2019-09-30": "19.03%", "2019-06-30": "19.95%", "2019-03-31": "20.85%", "2018-12-31": "21.98%", "2018-09-30": "22.15%", "2018-06-30": "22.42%", "2018-03-31": "22.52%", "2017-12-31": "22.08%", "2017-09-30": "21.86%", "2017-06-30": "21.63%", "2017-03-31": "21.22%", "2016-12-31": "21.31%", "2016-09-30": "21.70%", "2016-06-30": "21.65%", "2016-03-31": "21.91%", "2015-12-31": "21.97%", "2015-09-30": "21.96%", "2015-06-30": "22.17%", "2015-03-31": "22.28%", "2014-12-31": "22.24%", "2014-09-30": "22.27%", "2014-06-30": "22.01%", "2014-03-31": "22.11%", "2013-12-31": "21.53%", "2013-09-30": "21.38%", "2013-06-30": "21.44%", "2013-03-31": "20.95%", "2012-12-31": "20.97%", "2012-09-30": "20.82%", "2012-06-30": "20.81%", "2012-03-31": "20.34%", "2011-12-31": "20.04%", "2011-09-30": "19.69%", "2011-06-30": "18.74%", "2011-03-31": "18.56%", "2010-12-31": "18.80%", "2010-09-30": "18.44%", "2010-06-30": "18.28%", "2010-03-31": "17.77%", "2009-12-31": "17.41%"}, "operating margin": {"2020-09-30": "-12.72%", "2020-06-30": "-4.37%", "2020-03-31": "3.69%", "2019-12-31": "3.92%", "2019-09-30": "4.73%", "2019-06-30": "5.34%", "2019-03-31": "6.08%", "2018-12-31": "7.45%", "2018-09-30": "6.61%", "2018-06-30": "6.55%", "2018-03-31": "6.39%", "2017-12-31": "5.83%", "2017-09-30": "5.72%", "2017-06-30": "5.93%", "2017-03-31": "5.93%", "2016-12-31": "6.28%", "2016-09-30": "6.76%", "2016-06-30": "7.25%", "2016-03-31": "7.61%", "2015-12-31": "7.46%", "2015-09-30": "6.98%", "2015-06-30": "6.53%", "2015-03-31": "6.48%", "2014-12-31": "6.32%", "2014-09-30": "6.66%", "2014-06-30": "6.35%", "2014-03-31": "6.28%", "2013-12-31": "5.57%", "2013-09-30": "5.30%", "2013-06-30": "5.04%", "2013-03-31": "4.26%", "2012-12-31": "4.03%", "2012-09-30": "3.76%", "2012-06-30": "4.17%", "2012-03-31": "3.78%", "2011-12-31": "4.14%", "2011-09-30": "3.89%", "2011-06-30": "2.77%", "2011-03-31": "2.92%", "2010-12-31": "3.06%", "2010-09-30": "2.92%", "2010-06-30": "2.48%", "2010-03-31": "1.48%", "2009-12-31": "1.50%"}, "ebitda margin": {"2020-09-30": "0.89%", "2020-06-30": "6.48%", "2020-03-31": "12.43%", "2019-12-31": "12.31%", "2019-09-30": "13.19%", "2019-06-30": "13.73%", "2019-03-31": "14.46%", "2018-12-31": "15.87%", "2018-09-30": "15.86%", "2018-06-30": "15.83%", "2018-03-31": "15.77%", "2017-12-31": "14.75%", "2017-09-30": "14.81%", "2017-06-30": "14.86%", "2017-03-31": "14.62%", "2016-12-31": "14.91%", "2016-09-30": "15.01%", "2016-06-30": "15.35%", "2016-03-31": "15.59%", "2015-12-31": "15.46%", "2015-09-30": "15.59%", "2015-06-30": "15.34%", "2015-03-31": "15.36%", "2014-12-31": "15.52%", "2014-09-30": "15.41%", "2014-06-30": "15.01%", "2014-03-31": "15.13%", "2013-12-31": "14.46%", "2013-09-30": "14.24%", "2013-06-30": "14.27%", "2013-03-31": "13.77%", "2012-12-31": "13.52%", "2012-09-30": "12.64%", "2012-06-30": "12.90%", "2012-03-31": "12.25%", "2011-12-31": "12.39%", "2011-09-30": "11.97%", "2011-06-30": "10.70%", "2011-03-31": "10.78%", "2010-12-31": "10.97%", "2010-09-30": "10.81%", "2010-06-30": "10.54%", "2010-03-31": "9.61%", "2009-12-31": "9.61%"}, "pre tax profit margin": {"2020-09-30": "-9.43%", "2020-06-30": "9.38%", "2020-03-31": "16.45%", "2019-12-31": "20.04%", "2019-09-30": "12.80%", "2019-06-30": "10.04%", "2019-03-31": "10.31%", "2018-12-31": "21.35%", "2018-09-30": "30.70%", "2018-06-30": "25.74%", "2018-03-31": "26.86%", "2017-12-31": "16.18%", "2017-09-30": "7.83%", "2017-06-30": "9.08%", "2017-03-31": "7.46%", "2016-12-31": "6.61%", "2016-09-30": "5.91%", "2016-06-30": "4.94%", "2016-03-31": "4.81%", "2015-12-31": "4.48%", "2015-09-30": "9.77%", "2015-06-30": "10.07%", "2015-03-31": "10.90%", "2014-12-31": "11.89%", "2014-09-30": "7.25%", "2014-06-30": "8.09%", "2014-03-31": "9.29%", "2013-12-31": "7.67%", "2013-09-30": "6.55%", "2013-06-30": "4.80%", "2013-03-31": "2.12%", "2012-12-31": "2.41%", "2012-09-30": "2.92%", "2012-06-30": "2.67%", "2012-03-31": "2.14%", "2011-12-31": "2.24%", "2011-09-30": "1.60%", "2011-06-30": "2.66%", "2011-03-31": "2.25%", "2010-12-31": "2.50%", "2010-09-30": "2.23%", "2010-06-30": "1.17%", "2010-03-31": "-1.54%", "2009-12-31": "-1.53%"}, "net profit margin": {"2020-09-30": "-6.14%", "2020-06-30": "7.45%", "2020-03-31": "12.57%", "2019-12-31": "15.26%", "2019-09-30": "10.01%", "2019-06-30": "9.07%", "2019-03-31": "9.18%", "2018-12-31": "17.27%", "2018-09-30": "21.16%", "2018-06-30": "16.23%", "2018-03-31": "16.76%", "2017-12-31": "8.72%", "2017-09-30": "5.13%", "2017-06-30": "6.14%", "2017-03-31": "5.28%", "2016-12-31": "4.83%", "2016-09-30": "4.49%", "2016-06-30": "3.69%", "2016-03-31": "3.12%", "2015-12-31": "2.87%", "2015-09-30": "6.26%", "2015-06-30": "6.35%", "2015-03-31": "7.05%", "2014-12-31": "7.79%", "2014-09-30": "4.38%", "2014-06-30": "4.99%", "2014-03-31": "5.95%", "2013-12-31": "4.95%", "2013-09-30": "4.67%", "2013-06-30": "3.93%", "2013-03-31": "2.17%", "2012-12-31": "2.23%", "2012-09-30": "3.15%", "2012-06-30": "2.98%", "2012-03-31": "2.99%", "2011-12-31": "3.06%", "2011-09-30": "1.85%", "2011-06-30": "2.30%", "2011-03-31": "1.99%", "2010-12-31": "1.87%", "2010-09-30": "1.37%", "2010-06-30": "0.67%", "2010-03-31": "-1.54%", "2009-12-31": "-1.29%"}, "pe ratio": {"current": "0.00", "2021-02-05": "0.00", "2020-09-30": "0.00", "2020-06-30": "19.88", "2020-03-31": "8.46", "2019-12-31": "12.31", "2019-09-30": "15.97", "2019-06-30": "19.47", "2019-03-31": "19.21", "2018-12-31": "10.19", "2018-09-30": "11.58", "2018-06-30": "15.77", "2018-03-31": "15.50", "2017-12-31": "36.57", "2017-09-30": "36.47", "2017-06-30": "27.54", "2017-03-31": "29.22", "2016-12-31": "35.62", "2016-09-30": "32.81", "2016-06-30": "40.80", "2016-03-31": "50.51", "2015-12-31": "53.57", "2015-09-30": "25.64", "2015-06-30": "30.35", "2015-03-31": "28.44", "2014-12-31": "26.22", "2014-09-30": "47.44", "2014-06-30": "42.98", "2014-03-31": "32.75", "2013-12-31": "37.28", "2013-09-30": "35.37", "2013-06-30": "40.35", "2013-03-31": "81.45", "2012-12-31": "71.30", "2012-09-30": "52.45", "2012-06-30": "52.77", "2012-03-31": "62.47", "2011-12-31": "55.04", "2011-09-30": "78.81", "2011-06-30": "83.32", "2011-03-31": "105.42", "2010-12-31": "121.17", "2010-09-30": "135.68"}, "price sales": {"2021-02-05": "2.62", "2020-09-30": "1.89", "2020-06-30": "1.41", "2020-03-31": "1.06", "2019-12-31": "1.90", "2019-09-30": "1.63", "2019-06-30": "1.76", "2019-03-31": "1.77", "2018-12-31": "1.74", "2018-09-30": "2.11", "2018-06-30": "2.09", "2018-03-31": "2.10", "2017-12-31": "2.06", "2017-09-30": "1.83", "2017-06-30": "1.68", "2017-03-31": "1.64", "2016-12-31": "1.71", "2016-09-30": "1.48", "2016-06-30": "1.52", "2016-03-31": "1.58", "2015-12-31": "1.55", "2015-09-30": "1.59", "2015-06-30": "1.92", "2015-03-31": "2.02", "2014-12-31": "2.07", "2014-09-30": "2.09", "2014-06-30": "2.16", "2014-03-31": "1.95", "2013-12-31": "1.85", "2013-09-30": "1.66", "2013-06-30": "1.60", "2013-03-31": "1.76", "2012-12-31": "1.59", "2012-09-30": "1.67", "2012-06-30": "1.57", "2012-03-31": "1.86", "2011-12-31": "1.69", "2011-09-30": "1.45", "2011-06-30": "1.92", "2011-03-31": "2.06", "2010-12-31": "2.21", "2010-09-30": "1.82"}, "price book": {"current": "2.23", "2021-02-05": "2.23", "2020-09-30": "1.61", "2020-06-30": "1.46", "2020-03-31": "1.31", "2019-12-31": "2.29", "2019-09-30": "2.01", "2019-06-30": "2.18", "2019-03-31": "2.09", "2018-12-31": "1.94", "2018-09-30": "2.21", "2018-06-30": "2.29", "2018-03-31": "2.11", "2017-12-31": "2.23", "2017-09-30": "2.01", "2017-06-30": "1.80", "2017-03-31": "1.78", "2016-12-31": "1.81", "2016-09-30": "1.61", "2016-06-30": "1.60", "2016-03-31": "1.63", "2015-12-31": "1.57", "2015-09-30": "1.56", "2015-06-30": "1.84", "2015-03-31": "1.92", "2014-12-31": "1.90", "2014-09-30": "1.93", "2014-06-30": "1.92", "2014-03-31": "1.72", "2013-12-31": "1.58", "2013-09-30": "1.39", "2013-06-30": "1.32", "2013-03-31": "1.42", "2012-12-31": "1.27", "2012-09-30": "1.32", "2012-06-30": "1.24", "2012-03-31": "1.42", "2011-12-31": "1.26", "2011-09-30": "1.06", "2011-06-30": "1.37", "2011-03-31": "1.42", "2010-12-31": "1.52", "2010-09-30": "1.24", "2010-06-30": "1.25", "2010-03-31": "1.31", "2009-12-31": "1.01"}, "price fcf": {"2021-02-05": "", "2020-09-30": "$-0.37", "2020-06-30": "$5.43", "2020-03-31": "$8.83", "2019-12-31": "$9.10", "2019-09-30": "$5.80", "2019-06-30": "$4.96", "2019-03-31": "$3.73", "2018-12-31": "$12.39", "2018-09-30": "$14.68", "2018-06-30": "$11.54", "2018-03-31": "$15.00", "2017-12-31": "$7.53", "2017-09-30": "$4.36", "2017-06-30": "$4.84", "2017-03-31": "$4.63", "2016-12-31": "$4.03", "2016-09-30": "$4.16", "2016-06-30": "$4.38", "2016-03-31": "$2.42", "2015-12-31": "$2.48", "2015-09-30": "$9.64", "2015-06-30": "$9.00", "2015-03-31": "$9.01", "2014-12-31": "$10.93", "2014-09-30": "$4.08", "2014-06-30": "$6.40", "2014-03-31": "$7.13", "2013-12-31": "$5.18", "2013-09-30": "$5.25", "2013-06-30": "$3.01", "2013-03-31": "$2.05", "2012-12-31": "$1.72", "2012-09-30": "$0.67", "2012-06-30": "$0.38", "2012-03-31": "$0.83", "2011-12-31": "$1.00", "2011-09-30": "$1.82", "2011-06-30": "$2.02", "2011-03-31": "$1.33", "2010-12-31": "$2.14", "2010-09-30": "$1.95"}, "net worth": {"value": "$7.48B"}, "current ratio": {"current": "2.72", "2020-09-30": "2.72", "2020-06-30": "2.77", "2020-03-31": "1.48", "2019-12-31": "1.57", "2019-09-30": "1.41", "2019-06-30": "1.17", "2019-03-31": "1.18", "2018-12-31": "1.27", "2018-09-30": "2.17", "2018-06-30": "1.89", "2018-03-31": "2.09", "2017-12-31": "1.34", "2017-09-30": "1.06", "2017-06-30": "1.27", "2017-03-31": "0.95", "2016-12-31": "1.23", "2016-09-30": "1.47", "2016-06-30": "1.64", "2016-03-31": "1.45", "2015-12-31": "1.02", "2015-09-30": "1.23", "2015-06-30": "1.92", "2015-03-31": "2.25", "2014-12-31": "2.34", "2014-09-30": "1.37", "2014-06-30": "1.99", "2014-03-31": "1.71", "2013-12-31": "1.34", "2013-09-30": "2.59", "2013-06-30": "2.90", "2013-03-31": "2.91", "2012-12-31": "2.85", "2012-09-30": "3.06", "2012-06-30": "2.36", "2012-03-31": "2.89", "2011-12-31": "2.80", "2011-09-30": "2.98", "2011-06-30": "3.03", "2011-03-31": "3.85", "2010-12-31": "3.63", "2010-09-30": "3.54", "2010-06-30": "3.93", "2010-03-31": "4.50", "2009-12-31": "4.06", "2009-09-30": "0.00", "2009-06-30": "1.53", "2009-03-31": "0.00", "2008-12-31": "1.62"}, "quick ratio": {"2020-09-30": "2.71", "2020-06-30": "2.75", "2020-03-31": "1.47", "2019-12-31": "1.56", "2019-09-30": "1.40", "2019-06-30": "1.16", "2019-03-31": "1.17", "2018-12-31": "1.25", "2018-09-30": "2.15", "2018-06-30": "1.87", "2018-03-31": "2.08", "2017-12-31": "1.32", "2017-09-30": "1.04", "2017-06-30": "1.26", "2017-03-31": "0.93", "2016-12-31": "1.20", "2016-09-30": "1.45", "2016-06-30": "1.62", "2016-03-31": "1.43", "2015-12-31": "1.01", "2015-09-30": "1.22", "2015-06-30": "1.90", "2015-03-31": "2.23", "2014-12-31": "2.32", "2014-09-30": "1.34", "2014-06-30": "1.97", "2014-03-31": "1.62", "2013-12-31": "1.25", "2013-09-30": "2.48", "2013-06-30": "2.78", "2013-03-31": "2.78", "2012-12-31": "2.72", "2012-09-30": "2.93", "2012-06-30": "2.22", "2012-03-31": "2.73", "2011-12-31": "2.65", "2011-09-30": "2.82", "2011-06-30": "2.87", "2011-03-31": "3.68", "2010-12-31": "3.47", "2010-09-30": "3.34", "2010-06-30": "3.70", "2010-03-31": "4.23", "2009-12-31": "3.79", "2009-09-30": "0.00", "2009-06-30": "0.00", "2009-03-31": "0.00", "2008-12-31": "1.36"}, "debt equity ratio": {"current": "0.89", "2020-09-30": "1.75", "2020-06-30": "1.46", "2020-03-31": "1.24", "2019-12-31": "1.12", "2019-09-30": "1.16", "2019-06-30": "1.22", "2019-03-31": "1.22", "2018-12-31": "1.08", "2018-09-30": "0.96", "2018-06-30": "0.98", "2018-03-31": "0.90", "2017-12-31": "0.97", "2017-09-30": "1.15", "2017-06-30": "1.06", "2017-03-31": "1.09", "2016-12-31": "0.98", "2016-09-30": "0.95", "2016-06-30": "0.92", "2016-03-31": "0.98", "2015-12-31": "0.90", "2015-09-30": "0.86", "2015-06-30": "0.81", "2015-03-31": "0.79", "2014-12-31": "0.76", "2014-09-30": "0.72", "2014-06-30": "0.68", "2014-03-31": "0.71", "2013-12-31": "0.71", "2013-09-30": "0.66", "2013-06-30": "0.64", "2013-03-31": "0.60", "2012-12-31": "0.58", "2012-09-30": "0.58", "2012-06-30": "0.57", "2012-03-31": "0.56", "2011-12-31": "0.56", "2011-09-30": "0.54", "2011-06-30": "0.45", "2011-03-31": "0.41", "2010-12-31": "0.41", "2010-09-30": "0.41", "2010-06-30": "0.42", "2010-03-31": "0.42", "2009-12-31": "0.42", "2009-09-30": "0.00", "2009-06-30": "0.00", "2009-03-31": "0.00", "2008-12-31": "0.70"}, "return on equity": {"2020-09-30": "-4.93%", "2020-06-30": "7.45%", "2020-03-31": "15.91%", "2019-12-31": "20.42%", "2019-09-30": "13.29%", "2019-06-30": "11.55%", "2019-03-31": "11.27%", "2018-12-31": "19.84%", "2018-09-30": "23.94%", "2018-06-30": "18.68%", "2018-03-31": "19.18%", "2017-12-31": "10.33%", "2017-09-30": "5.79%", "2017-06-30": "6.84%", "2017-03-31": "5.84%", "2016-12-31": "5.20%", "2016-09-30": "5.03%", "2016-06-30": "4.04%", "2016-03-31": "3.31%", "2015-12-31": "2.94%", "2015-09-30": "6.14%", "2015-06-30": "6.11%", "2015-03-31": "6.69%", "2014-12-31": "7.29%", "2014-09-30": "4.08%", "2014-06-30": "4.55%", "2014-03-31": "5.36%", "2013-12-31": "4.34%", "2013-09-30": "4.00%", "2013-06-30": "3.30%", "2013-03-31": "1.77%", "2012-12-31": "1.81%", "2012-09-30": "2.55%", "2012-06-30": "2.38%", "2012-03-31": "2.34%", "2011-12-31": "2.30%", "2011-09-30": "1.35%", "2011-06-30": "1.64%", "2011-03-31": "1.39%", "2010-12-31": "1.30%", "2010-09-30": "0.95%", "2010-06-30": "0.61%", "2010-03-31": "-2.06%", "2009-12-31": "-3.41%"}, "return on assets": {"2020-09-30": "-2.07%", "2020-06-30": "3.33%", "2020-03-31": "7.29%", "2019-12-31": "9.38%", "2019-09-30": "6.13%", "2019-06-30": "5.46%", "2019-03-31": "5.48%", "2018-12-31": "10.03%", "2018-09-30": "12.26%", "2018-06-30": "9.36%", "2018-03-31": "9.51%", "2017-12-31": "5.00%", "2017-09-30": "2.80%", "2017-06-30": "3.39%", "2017-03-31": "2.94%", "2016-12-31": "2.66%", "2016-09-30": "2.59%", "2016-06-30": "2.11%", "2016-03-31": "1.75%", "2015-12-31": "1.60%", "2015-09-30": "3.41%", "2015-06-30": "3.45%", "2015-03-31": "3.86%", "2014-12-31": "4.25%", "2014-09-30": "2.39%", "2014-06-30": "2.69%", "2014-03-31": "3.19%", "2013-12-31": "2.63%", "2013-09-30": "2.47%", "2013-06-30": "2.07%", "2013-03-31": "1.12%", "2012-12-31": "1.15%", "2012-09-30": "1.63%", "2012-06-30": "1.53%", "2012-03-31": "1.53%", "2011-12-31": "1.55%", "2011-09-30": "0.93%", "2011-06-30": "1.15%", "2011-03-31": "0.98%", "2010-12-31": "0.92%", "2010-09-30": "0.67%", "2010-06-30": "0.43%", "2010-03-31": "-1.39%", "2009-12-31": "-2.21%"}, "return on investments": {"2020-09-30": "-6.39%", "2020-06-30": "-2.93%", "2020-03-31": "3.27%", "2019-12-31": "3.67%", "2019-09-30": "4.36%", "2019-06-30": "4.73%", "2019-03-31": "5.26%", "2018-12-31": "6.14%", "2018-09-30": "5.43%", "2018-06-30": "5.49%", "2018-03-31": "5.33%", "2017-12-31": "4.99%", "2017-09-30": "4.67%", "2017-06-30": "4.80%", "2017-03-31": "4.78%", "2016-12-31": "4.96%", "2016-09-30": "5.65%", "2016-06-30": "6.06%", "2016-03-31": "6.23%", "2015-12-31": "5.96%", "2015-09-30": "5.30%", "2015-06-30": "4.85%", "2015-03-31": "4.78%", "2014-12-31": "4.62%", "2014-09-30": "4.88%", "2014-06-30": "4.55%", "2014-03-31": "4.46%", "2013-12-31": "3.86%", "2013-09-30": "3.60%", "2013-06-30": "3.37%", "2013-03-31": "2.78%", "2012-12-31": "2.61%", "2012-09-30": "2.43%", "2012-06-30": "2.66%", "2012-03-31": "2.41%", "2011-12-31": "2.61%", "2011-09-30": "2.42%", "2011-06-30": "1.73%", "2011-03-31": "1.78%", "2010-12-31": "1.84%", "2010-09-30": "1.74%", "2010-06-30": "1.93%", "2010-03-31": "1.70%", "2009-12-31": "3.40%"}, "return on tangible equity": {"2020-09-30": "-6.17%", "2020-06-30": "9.32%", "2020-03-31": "20.00%", "2019-12-31": "25.81%", "2019-09-30": "17.11%", "2019-06-30": "14.39%", "2019-03-31": "13.63%", "2018-12-31": "23.19%", "2018-09-30": "27.02%", "2018-06-30": "21.79%", "2018-03-31": "22.97%", "2017-12-31": "12.80%", "2017-09-30": "7.33%", "2017-06-30": "8.54%", "2017-03-31": "7.19%", "2016-12-31": "6.32%", "2016-09-30": "6.07%", "2016-06-30": "4.85%", "2016-03-31": "3.95%", "2015-12-31": "3.49%", "2015-09-30": "7.26%", "2015-06-30": "7.19%", "2015-03-31": "7.87%", "2014-12-31": "8.59%", "2014-09-30": "4.82%", "2014-06-30": "5.35%", "2014-03-31": "6.28%", "2013-12-31": "5.06%", "2013-09-30": "4.59%", "2013-06-30": "3.76%", "2013-03-31": "2.00%", "2012-12-31": "2.02%", "2012-09-30": "2.83%", "2012-06-30": "2.63%", "2012-03-31": "2.58%", "2011-12-31": "2.52%", "2011-09-30": "1.46%", "2011-06-30": "1.77%", "2011-03-31": "1.50%", "2010-12-31": "1.39%", "2010-09-30": "1.02%", "2010-06-30": "0.65%", "2010-03-31": "-2.15%", "2009-12-31": "-3.53%"}, "dividend yield history": {"last payout": "$0.00", "last yield": "0.00%"}}