{"ticker": "IBM", "price": {"title": "IBM Historical Annual Stock Price Data", "value": 121.79, "historical": {"2021": {"Average Stock Price": "124.7067", "Year Open": "123.9400", "Year High": "131.6500", "Year Low": "118.5800", "Year Close": "121.7900", "Annual % Change": "-3.25%"}, "2020": {"Average Stock Price": "124.3939", "Year Open": "135.4200", "Year High": "156.3300", "Year Low": "94.7700", "Year Close": "125.8800", "Annual % Change": "-6.09%"}, "2019": {"Average Stock Price": "136.9904", "Year Open": "115.2100", "Year High": "151.3600", "Year Low": "112.9100", "Year Close": "134.0400", "Annual % Change": "17.92%"}, "2018": {"Average Stock Price": "143.8556", "Year Open": "154.2500", "Year High": "169.1200", "Year Low": "107.5700", "Year Close": "113.6700", "Annual % Change": "-25.91%"}, "2017": {"Average Stock Price": "157.6580", "Year Open": "167.1900", "Year High": "181.9500", "Year Low": "139.7000", "Year Close": "153.4200", "Annual % Change": "-7.57%"}, "2016": {"Average Stock Price": "150.5149", "Year Open": "135.9500", "Year High": "168.5100", "Year Low": "117.8500", "Year Close": "165.9900", "Annual % Change": "20.61%"}, "2015": {"Average Stock Price": "155.3519", "Year Open": "162.0600", "Year High": "174.4000", "Year Low": "131.7500", "Year Close": "137.6200", "Annual % Change": "-14.22%"}, "2014": {"Average Stock Price": "182.3041", "Year Open": "185.5300", "Year High": "197.7700", "Year Low": "151.4100", "Year Close": "160.4400", "Annual % Change": "-14.46%"}, "2013": {"Average Stock Price": "194.1488", "Year Open": "196.3500", "Year High": "215.8000", "Year Low": "172.8000", "Year Close": "187.5700", "Annual % Change": "-2.08%"}, "2012": {"Average Stock Price": "196.5910", "Year Open": "186.3000", "Year High": "211.0000", "Year Low": "179.1600", "Year Close": "191.5500", "Annual % Change": "4.17%"}, "2011": {"Average Stock Price": "170.9261", "Year Open": "147.4800", "Year High": "194.5600", "Year Low": "147.0500", "Year Close": "183.8800", "Annual % Change": "25.29%"}, "2010": {"Average Stock Price": "131.8631", "Year Open": "132.4500", "Year High": "146.9200", "Year Low": "121.8600", "Year Close": "146.7600", "Annual % Change": "12.12%"}, "2009": {"Average Stock Price": "109.2708", "Year Open": "87.3700", "Year High": "132.5700", "Year Low": "81.9800", "Year Close": "130.9000", "Annual % Change": "55.54%"}, "2008": {"Average Stock Price": "110.0449", "Year Open": "104.6900", "Year High": "130.0000", "Year Low": "71.7400", "Year Close": "84.1600", "Annual % Change": "-22.15%"}, "2007": {"Average Stock Price": "105.8009", "Year Open": "97.2700", "Year High": "119.6000", "Year Low": "90.9000", "Year Close": "108.1000", "Annual % Change": "11.27%"}, "2006": {"Average Stock Price": "83.1079", "Year Open": "82.0600", "Year High": "97.2000", "Year Low": "73.5700", "Year Close": "97.1500", "Annual % Change": "18.19%"}, "2005": {"Average Stock Price": "83.7861", "Year Open": "97.7500", "Year High": "97.7500", "Year Low": "72.0100", "Year Close": "82.2000", "Annual % Change": "-16.62%"}, "2004": {"Average Stock Price": "90.7759", "Year Open": "91.5500", "Year High": "100.1900", "Year Low": "82.2100", "Year Close": "98.5800", "Annual % Change": "6.37%"}, "2003": {"Average Stock Price": "85.1123", "Year Open": "80.5700", "Year High": "93.9800", "Year Low": "75.1800", "Year Close": "92.6800", "Annual % Change": "19.59%"}, "2002": {"Average Stock Price": "84.1902", "Year Open": "121.5000", "Year High": "125.6000", "Year Low": "55.0700", "Year Close": "77.5000", "Annual % Change": "-35.93%"}, "2001": {"Average Stock Price": "107.5258", "Year Open": "84.8100", "Year High": "123.8900", "Year Low": "84.8100", "Year Close": "120.9600", "Annual % Change": "42.31%"}, "2000": {"Average Stock Price": "110.6273", "Year Open": "116.0000", "Year High": "133.6300", "Year Low": "81.5600", "Year Close": "85.0000", "Annual % Change": "-21.20%"}, "1999": {"Average Stock Price": "107.6708", "Year Open": "91.5000", "Year High": "137.8800", "Year Low": "81.3750", "Year Close": "107.8700", "Annual % Change": "17.01%"}, "1998": {"Average Stock Price": "62.2262", "Year Open": "52.8100", "Year High": "94.6250", "Year Low": "48.0600", "Year Close": "92.1900", "Annual % Change": "76.24%"}, "1997": {"Average Stock Price": "45.1623", "Year Open": "38.3125", "Year High": "56.4350", "Year Low": "32.3125", "Year Close": "52.3100", "Annual % Change": "38.11%"}, "1996": {"Average Stock Price": "29.2825", "Year Open": "22.7175", "Year High": "40.7500", "Year Low": "20.7800", "Year Close": "37.8750", "Annual % Change": "65.81%"}, "1995": {"Average Stock Price": "22.9761", "Year Open": "18.4375", "Year High": "28.4050", "Year Low": "17.9375", "Year Close": "22.8425", "Annual % Change": "24.31%"}, "1994": {"Average Stock Price": "15.7201", "Year Open": "14.4075", "Year High": "19.0300", "Year Low": "13.0000", "Year Close": "18.3750", "Annual % Change": "30.09%"}, "1993": {"Average Stock Price": "12.2881", "Year Open": "12.5325", "Year High": "14.9375", "Year Low": "10.2500", "Year Close": "14.1250", "Annual % Change": "12.15%"}, "1992": {"Average Stock Price": "20.9681", "Year Open": "22.5625", "Year High": "25.0625", "Year Low": "12.2200", "Year Close": "12.5950", "Annual % Change": "-43.39%"}, "1991": {"Average Stock Price": "26.3958", "Year Open": "28.0300", "Year High": "34.8750", "Year Low": "21.2175", "Year Close": "22.2500", "Annual % Change": "-21.24%"}, "1990": {"Average Stock Price": "27.1822", "Year Open": "24.5000", "Year High": "30.5925", "Year Low": "23.9675", "Year Close": "28.2500", "Annual % Change": "20.06%"}, "1989": {"Average Stock Price": "27.9042", "Year Open": "30.2500", "Year High": "32.6575", "Year Low": "23.4050", "Year Close": "23.5300", "Annual % Change": "-22.77%"}, "1988": {"Average Stock Price": "29.1256", "Year Open": "30.1875", "Year High": "32.3125", "Year Low": "26.2800", "Year Close": "30.4675", "Annual % Change": "5.52%"}, "1987": {"Average Stock Price": "36.2535", "Year Open": "30.5000", "Year High": "43.6875", "Year Low": "25.8125", "Year Close": "28.8750", "Annual % Change": "-3.75%"}, "1986": {"Average Stock Price": "35.2142", "Year Open": "38.0000", "Year High": "40.3450", "Year Low": "29.9675", "Year Close": "30.0000", "Annual % Change": "-22.83%"}, "1985": {"Average Stock Price": "32.6017", "Year Open": "30.2500", "Year High": "39.5625", "Year Low": "29.6550", "Year Close": "38.8750", "Annual % Change": "26.30%"}, "1984": {"Average Stock Price": "28.9488", "Year Open": "30.4375", "Year High": "31.9050", "Year Low": "24.7800", "Year Close": "30.7800", "Annual % Change": "0.92%"}, "1983": {"Average Stock Price": "28.7711", "Year Open": "23.2500", "Year High": "33.5625", "Year Low": "23.2500", "Year Close": "30.5000", "Annual % Change": "26.75%"}, "1982": {"Average Stock Price": "17.2990", "Year Open": "14.5625", "Year High": "24.1550", "Year Low": "14.1875", "Year Close": "24.0625", "Annual % Change": "69.22%"}, "1981": {"Average Stock Price": "14.4979", "Year Open": "17.2800", "Year High": "17.8750", "Year Low": "12.2500", "Year Close": "14.2200", "Annual % Change": "-16.19%"}, "1980": {"Average Stock Price": "15.8190", "Year Open": "15.6250", "Year High": "18.0000", "Year Low": "12.7825", "Year Close": "16.9675", "Annual % Change": "5.42%"}, "1979": {"Average Stock Price": "17.9893", "Year Open": "18.9688", "Year High": "20.0469", "Year Low": "15.3750", "Year Close": "16.0950", "Annual % Change": "-13.73%"}, "1978": {"Average Stock Price": "16.7660", "Year Open": "16.7969", "Year High": "19.3438", "Year Low": "14.7188", "Year Close": "18.6563", "Annual % Change": "9.14%"}, "1977": {"Average Stock Price": "16.5873", "Year Open": "17.2813", "Year High": "17.8438", "Year Low": "15.3281", "Year Close": "17.0938", "Annual % Change": "-2.01%"}, "1976": {"Average Stock Price": "16.5560", "Year Open": "14.1563", "Year High": "17.9844", "Year Low": "14.1563", "Year Close": "17.4450", "Annual % Change": "24.47%"}, "1975": {"Average Stock Price": "12.6690", "Year Open": "10.5550", "Year High": "14.1488", "Year Low": "9.8825", "Year Close": "14.0156", "Annual % Change": "33.48%"}, "1974": {"Average Stock Price": "12.9874", "Year Open": "15.1719", "Year High": "15.6719", "Year Low": "9.5000", "Year Close": "10.5000", "Annual % Change": "-31.92%"}, "1973": {"Average Stock Price": "19.3530", "Year Open": "20.4500", "Year High": "22.5500", "Year Low": "14.8438", "Year Close": "15.4219", "Annual % Change": "-23.27%"}, "1972": {"Average Stock Price": "19.3942", "Year Open": "16.6500", "Year High": "21.2750", "Year Low": "16.6500", "Year Close": "20.1000", "Annual % Change": "19.47%"}, "1971": {"Average Stock Price": "16.0933", "Year Open": "15.6500", "Year High": "18.1750", "Year Low": "14.2000", "Year Close": "16.8250", "Annual % Change": "5.90%"}, "1970": {"Average Stock Price": "14.8562", "Year Open": "18.2375", "Year High": "19.0750", "Year Low": "11.1500", "Year Close": "15.8875", "Annual % Change": "-12.83%"}, "1969": {"Average Stock Price": "16.4559", "Year Open": "15.6875", "Year High": "18.3875", "Year Low": "14.6685", "Year Close": "18.2250", "Annual % Change": "15.71%"}, "1968": {"Average Stock Price": "21.2892", "Year Open": "30.6750", "Year High": "32.4500", "Year Low": "15.3500", "Year Close": "15.7500", "Annual % Change": "-49.76%"}, "1967": {"Average Stock Price": "25.0111", "Year Open": "18.4500", "Year High": "32.4000", "Year Low": "18.2500", "Year Close": "31.3500", "Annual % Change": "68.78%"}, "1966": {"Average Stock Price": "20.4499", "Year Open": "24.6750", "Year High": "28.0500", "Year Low": "14.6310", "Year Close": "18.5750", "Annual % Change": "-25.55%"}, "1965": {"Average Stock Price": "24.0559", "Year Open": "20.2560", "Year High": "27.3000", "Year Low": "20.2065", "Year Close": "24.9500", "Annual % Change": "21.86%"}, "1964": {"Average Stock Price": "24.4484", "Year Open": "25.8500", "Year High": "29.9250", "Year Low": "20.3565", "Year Close": "20.4750", "Annual % Change": "-19.23%"}, "1963": {"Average Stock Price": "22.4325", "Year Open": "19.2375", "Year High": "25.3500", "Year Low": "19.2375", "Year Close": "25.3500", "Annual % Change": "30.00%"}}}, "market cap": {"value": "$108.52B"}, "income statement": {"Revenue": {"2020-12-31": "73620.00000", "2019-12-31": "77147.00000", "2018-12-31": "79591.00000", "2017-12-31": "79139.00000", "2016-12-31": "79919.00000", "2015-12-31": "81741.00000", "2014-12-31": "92793.00000", "2013-12-31": "98367.00000", "2012-12-31": "102874.00000", "2011-12-31": "106916.00000", "2010-12-31": "99870.00000", "2009-12-31": "95758.00000", "2008-12-31": "103630.00000", "2007-12-31": "98786.00000", "2006-12-31": "91424.00000", "2005-12-31": "91134.00000"}, "Cost Of Goods Sold": {"2020-12-31": "38045.00000", "2019-12-31": "40658.00000", "2018-12-31": "42654.00000", "2017-12-31": "42196.00000", "2016-12-31": "41402.00000", "2015-12-31": "41057.00000", "2014-12-31": "46386.00000", "2013-12-31": "49683.00000", "2012-12-31": "52513.00000", "2011-12-31": "56778.00000", "2010-12-31": "53857.00000", "2009-12-31": "51972.00000", "2008-12-31": "57969.00000", "2007-12-31": "57057.00000", "2006-12-31": "53129.00000", "2005-12-31": "54602.00000"}, "Gross Profit": {"2020-12-31": "35575.00000", "2019-12-31": "36489.00000", "2018-12-31": "36937.00000", "2017-12-31": "36943.00000", "2016-12-31": "38517.00000", "2015-12-31": "40684.00000", "2014-12-31": "46407.00000", "2013-12-31": "48684.00000", "2012-12-31": "50361.00000", "2011-12-31": "50138.00000", "2010-12-31": "46013.00000", "2009-12-31": "43786.00000", "2008-12-31": "45661.00000", "2007-12-31": "41729.00000", "2006-12-31": "38295.00000", "2005-12-31": "36532.00000"}, "Research And Development Expenses": {"2020-12-31": "6333.00000", "2019-12-31": "5989.00000", "2018-12-31": "5379.00000", "2017-12-31": "5590.00000", "2016-12-31": "5726.00000", "2015-12-31": "5247.00000", "2014-12-31": "5437.00000", "2013-12-31": "5743.00000", "2012-12-31": "5816.00000", "2011-12-31": "6258.00000", "2010-12-31": "6026.00000", "2009-12-31": "5820.00000", "2008-12-31": "6337.00000", "2007-12-31": "6153.00000", "2006-12-31": "6107.00000", "2005-12-31": "5842.00000"}, "SG&A Expenses": {"2020-12-31": "23082.00000", "2019-12-31": "20604.00000", "2018-12-31": "19366.00000", "2017-12-31": "19680.00000", "2016-12-31": "20869.00000", "2015-12-31": "20430.00000", "2014-12-31": "23180.00000", "2013-12-31": "23451.00000", "2012-12-31": "23463.00000", "2011-12-31": "23594.00000", "2010-12-31": "21837.00000", "2009-12-31": "20952.00000", "2008-12-31": "23386.00000", "2007-12-31": "22060.00000", "2006-12-31": "20259.00000", "2005-12-31": "21314.00000"}, "Other Operating Income Or Expenses": {"2020-12-31": "", "2019-12-31": "", "2018-12-31": "", "2017-12-31": "", "2016-12-31": "", "2015-12-31": "", "2014-12-31": "", "2013-12-31": "", "2012-12-31": "", "2011-12-31": "", "2010-12-31": "", "2009-12-31": "", "2008-12-31": "", "2007-12-31": "", "2006-12-31": "", "2005-12-31": ""}, "Operating Expenses": {"2020-12-31": "67460.00000", "2019-12-31": "67251.00000", "2018-12-31": "67399.00000", "2017-12-31": "67466.00000", "2016-12-31": "67997.00000", "2015-12-31": "66734.00000", "2014-12-31": "75003.00000", "2013-12-31": "78877.00000", "2012-12-31": "81792.00000", "2011-12-31": "86630.00000", "2010-12-31": "81720.00000", "2009-12-31": "78744.00000", "2008-12-31": "87692.00000", "2007-12-31": "85270.00000", "2006-12-31": "79495.00000", "2005-12-31": "81758.00000"}, "Operating Income": {"2020-12-31": "6160.00000", "2019-12-31": "9896.00000", "2018-12-31": "12192.00000", "2017-12-31": "11673.00000", "2016-12-31": "11922.00000", "2015-12-31": "15007.00000", "2014-12-31": "17790.00000", "2013-12-31": "19490.00000", "2012-12-31": "21082.00000", "2011-12-31": "20286.00000", "2010-12-31": "18150.00000", "2009-12-31": "17014.00000", "2008-12-31": "15938.00000", "2007-12-31": "13516.00000", "2006-12-31": "11929.00000", "2005-12-31": "9376.00000"}, "Total Non-Operating Income/Expense": {"2020-12-31": "-1523.00000", "2019-12-31": "272.00000", "2018-12-31": "-849.00000", "2017-12-31": "-274.00000", "2016-12-31": "408.00000", "2015-12-31": "938.00000", "2014-12-31": "2196.00000", "2013-12-31": "753.00000", "2012-12-31": "1458.00000", "2011-12-31": "717.00000", "2010-12-31": "1573.00000", "2009-12-31": "1126.00000", "2008-12-31": "778.00000", "2007-12-31": "973.00000", "2006-12-31": "1388.00000", "2005-12-31": "2850.00000"}, "Pre-Tax Income": {"2020-12-31": "4637.00000", "2019-12-31": "10166.00000", "2018-12-31": "11342.00000", "2017-12-31": "11400.00000", "2016-12-31": "12330.00000", "2015-12-31": "15945.00000", "2014-12-31": "19986.00000", "2013-12-31": "20244.00000", "2012-12-31": "22540.00000", "2011-12-31": "21003.00000", "2010-12-31": "19723.00000", "2009-12-31": "18138.00000", "2008-12-31": "16715.00000", "2007-12-31": "14489.00000", "2006-12-31": "13317.00000", "2005-12-31": "12226.00000"}, "Income Taxes": {"2020-12-31": "-864.00000", "2019-12-31": "731.00000", "2018-12-31": "2619.00000", "2017-12-31": "5642.00000", "2016-12-31": "449.00000", "2015-12-31": "2581.00000", "2014-12-31": "4234.00000", "2013-12-31": "3363.00000", "2012-12-31": "5541.00000", "2011-12-31": "5148.00000", "2010-12-31": "4890.00000", "2009-12-31": "4713.00000", "2008-12-31": "4381.00000", "2007-12-31": "4071.00000", "2006-12-31": "3901.00000", "2005-12-31": "4232.00000"}, "Income After Taxes": {"2020-12-31": "5501.00000", "2019-12-31": "9435.00000", "2018-12-31": "8723.00000", "2017-12-31": "5758.00000", "2016-12-31": "11881.00000", "2015-12-31": "13364.00000", "2014-12-31": "15752.00000", "2013-12-31": "16881.00000", "2012-12-31": "16999.00000", "2011-12-31": "15855.00000", "2010-12-31": "14833.00000", "2009-12-31": "13425.00000", "2008-12-31": "12334.00000", "2007-12-31": "10418.00000", "2006-12-31": "9416.00000", "2005-12-31": "7994.00000"}, "Other Income": {"2020-12-31": "", "2019-12-31": "", "2018-12-31": "", "2017-12-31": "", "2016-12-31": "", "2015-12-31": "", "2014-12-31": "", "2013-12-31": "", "2012-12-31": "", "2011-12-31": "", "2010-12-31": "", "2009-12-31": "", "2008-12-31": "", "2007-12-31": "", "2006-12-31": "", "2005-12-31": ""}, "Income From Continuous Operations": {"2020-12-31": "5501.00000", "2019-12-31": "9435.00000", "2018-12-31": "8723.00000", "2017-12-31": "5758.00000", "2016-12-31": "11881.00000", "2015-12-31": "13364.00000", "2014-12-31": "15751.00000", "2013-12-31": "16881.00000", "2012-12-31": "16999.00000", "2011-12-31": "15855.00000", "2010-12-31": "14833.00000", "2009-12-31": "13425.00000", "2008-12-31": "12334.00000", "2007-12-31": "10418.00000", "2006-12-31": "9416.00000", "2005-12-31": "7994.00000"}, "Income From Discontinued Operations": {"2020-12-31": "89.00000", "2019-12-31": "-4.00000", "2018-12-31": "5.00000", "2017-12-31": "-5.00000", "2016-12-31": "-9.00000", "2015-12-31": "-174.00000", "2014-12-31": "-3729.00000", "2013-12-31": "-398.00000", "2012-12-31": "-395.00000", "2011-12-31": "", "2010-12-31": "", "2009-12-31": "", "2008-12-31": "", "2007-12-31": "", "2006-12-31": "76.00000", "2005-12-31": "-24.00000"}, "Net Income": {"2020-12-31": "5590.00000", "2019-12-31": "9431.00000", "2018-12-31": "8728.00000", "2017-12-31": "5753.00000", "2016-12-31": "11872.00000", "2015-12-31": "13190.00000", "2014-12-31": "12022.00000", "2013-12-31": "16483.00000", "2012-12-31": "16604.00000", "2011-12-31": "15855.00000", "2010-12-31": "14833.00000", "2009-12-31": "13425.00000", "2008-12-31": "12334.00000", "2007-12-31": "10418.00000", "2006-12-31": "9492.00000", "2005-12-31": "7934.00000"}, "EBITDA": {"2020-12-31": "12855.00000", "2019-12-31": "15955.00000", "2018-12-31": "16672.00000", "2017-12-31": "16214.00000", "2016-12-31": "16303.00000", "2015-12-31": "18862.00000", "2014-12-31": "22282.00000", "2013-12-31": "24168.00000", "2012-12-31": "25758.00000", "2011-12-31": "25101.00000", "2010-12-31": "22981.00000", "2009-12-31": "22008.00000", "2008-12-31": "21388.00000", "2007-12-31": "18717.00000", "2006-12-31": "16912.00000", "2005-12-31": "14564.00000"}, "EBIT": {"2020-12-31": "6160.00000", "2019-12-31": "9896.00000", "2018-12-31": "12192.00000", "2017-12-31": "11673.00000", "2016-12-31": "11922.00000", "2015-12-31": "15007.00000", "2014-12-31": "17790.00000", "2013-12-31": "19490.00000", "2012-12-31": "21082.00000", "2011-12-31": "20286.00000", "2010-12-31": "18150.00000", "2009-12-31": "17014.00000", "2008-12-31": "15938.00000", "2007-12-31": "13516.00000", "2006-12-31": "11929.00000", "2005-12-31": "9376.00000"}, "Basic Shares Outstanding": {"2020-12-31": "890.30000", "2019-12-31": "887.23500", "2018-12-31": "912.04800", "2017-12-31": "932.82800", "2016-12-31": "955.42300", "2015-12-31": "978.74500", "2014-12-31": "1004.27300", "2013-12-31": "1094.48700", "2012-12-31": "1142.50900", "2011-12-31": "1196.95100", "2010-12-31": "1268.78900", "2009-12-31": "1327.15700", "2008-12-31": "1369.36700", "2007-12-31": "1433.93500", "2006-12-31": "1530.80700", "2005-12-31": "1600.59100"}, "Shares Outstanding": {"2020-12-31": "896.60000", "2019-12-31": "892.81300", "2018-12-31": "916.31600", "2017-12-31": "937.38600", "2016-12-31": "958.71400", "2015-12-31": "982.70000", "2014-12-31": "1010.00000", "2013-12-31": "1103.04200", "2012-12-31": "1155.44900", "2011-12-31": "1213.76800", "2010-12-31": "1287.35500", "2009-12-31": "1341.35300", "2008-12-31": "1387.79700", "2007-12-31": "1456.88100", "2006-12-31": "1553.53500", "2005-12-31": "1627.63300"}, "Basic EPS": {"2020-12-31": "6.28000", "2019-12-31": "10.63000", "2018-12-31": "9.57000", "2017-12-31": "6.17000", "2016-12-31": "12.43000", "2015-12-31": "13.48000", "2014-12-31": "11.97000", "2013-12-31": "15.06000", "2012-12-31": "14.53000", "2011-12-31": "13.25000", "2010-12-31": "11.69000", "2009-12-31": "10.12000", "2008-12-31": "9.02000", "2007-12-31": "7.27000", "2006-12-31": "6.20000", "2005-12-31": "4.96000"}, "EPS - Earnings Per Share": {"2020-12-31": "6.23000", "2019-12-31": "10.56000", "2018-12-31": "9.52000", "2017-12-31": "6.14000", "2016-12-31": "12.38000", "2015-12-31": "13.42000", "2014-12-31": "11.90000", "2013-12-31": "14.94000", "2012-12-31": "14.37000", "2011-12-31": "13.06000", "2010-12-31": "11.52000", "2009-12-31": "10.01000", "2008-12-31": "8.89000", "2007-12-31": "7.15000", "2006-12-31": "6.11000", "2005-12-31": "4.87000"}}, "income statement, quarterly": {"Revenue": {"2020-12-31": "20367.00000", "2020-09-30": "17560.00000", "2020-06-30": "18123.00000", "2020-03-31": "17571.00000", "2019-12-31": "21776.00000", "2019-09-30": "18028.00000", "2019-06-30": "19161.00000", "2019-03-31": "18182.00000", "2018-12-31": "21760.00000", "2018-09-30": "18756.00000", "2018-06-30": "20003.00000", "2018-03-31": "19072.00000", "2017-12-31": "22542.00000", "2017-09-30": "19153.00000", "2017-06-30": "19289.00000", "2017-03-31": "18155.00000", "2016-12-31": "21771.00000", "2016-09-30": "19226.00000", "2016-06-30": "20238.00000", "2016-03-31": "18684.00000", "2015-12-31": "22058.00000", "2015-09-30": "19280.00000", "2015-06-30": "20813.00000", "2015-03-31": "19590.00000", "2014-12-31": "24113.00000", "2014-09-30": "22397.00000", "2014-06-30": "24047.00000", "2014-03-31": "22236.00000", "2013-12-31": "26697.00000", "2013-09-30": "23338.00000", "2013-06-30": "24924.00000", "2013-03-31": "23408.00000", "2012-12-31": "27671.00000", "2012-09-30": "24747.00000", "2012-06-30": "25783.00000", "2012-03-31": "24673.00000", "2011-12-31": "29486.00000", "2011-09-30": "26157.00000", "2011-06-30": "26666.00000", "2011-03-31": "24607.00000", "2010-12-31": "29018.00000", "2010-09-30": "24271.00000", "2010-06-30": "23724.00000", "2010-03-31": "22857.00000", "2009-12-31": "27231.00000", "2009-09-30": "23566.00000", "2009-06-30": "23250.00000", "2009-03-31": "21711.00000", "2008-12-31": "27006.00000", "2008-09-30": "25302.00000", "2008-06-30": "26820.00000", "2008-03-31": "24502.00000", "2007-12-31": "28866.00000", "2007-09-30": "24119.00000", "2007-06-30": "23772.00000", "2007-03-31": "22029.00000", "2006-12-31": "26258.00000", "2006-09-30": "22617.00000", "2006-06-30": "21890.00000", "2006-03-31": "20659.00000", "2005-12-31": "24427.00000", "2005-09-30": "21529.00000", "2005-06-30": "22270.00000", "2005-03-31": "22908.00000"}, "Cost Of Goods Sold": {"2020-12-31": "9844.00000", "2020-09-30": "9130.00000", "2020-06-30": "9424.00000", "2020-03-31": "9648.00000", "2019-12-31": "10677.00000", "2019-09-30": "9692.00000", "2019-06-30": "10150.00000", "2019-03-31": "10139.00000", "2018-12-31": "11072.00000", "2018-09-30": "9952.00000", "2018-06-30": "10804.00000", "2018-03-31": "10826.00000", "2017-12-31": "11494.00000", "2017-09-30": "10171.00000", "2017-06-30": "10321.00000", "2017-03-31": "10210.00000", "2016-12-31": "10655.00000", "2016-09-30": "10213.00000", "2016-06-30": "10536.00000", "2016-03-31": "9998.00000", "2015-12-31": "10652.00000", "2015-09-30": "9844.00000", "2015-06-30": "10423.00000", "2015-03-31": "10138.00000", "2014-12-31": "11251.00000", "2014-09-30": "11523.00000", "2014-06-30": "12004.00000", "2014-03-31": "11608.00000", "2013-12-31": "12253.00000", "2013-09-30": "11908.00000", "2013-06-30": "12792.00000", "2013-03-31": "12730.00000", "2012-12-31": "12442.00000", "2012-09-30": "13015.00000", "2012-06-30": "13502.00000", "2012-03-31": "13554.00000", "2011-12-31": "14763.00000", "2011-09-30": "13984.00000", "2011-06-30": "14282.00000", "2011-03-31": "13749.00000", "2010-12-31": "14792.00000", "2010-09-30": "13270.00000", "2010-06-30": "12914.00000", "2010-03-31": "12881.00000", "2009-12-31": "14084.00000", "2009-09-30": "12938.00000", "2009-06-30": "12669.00000", "2009-03-31": "12281.00000", "2008-12-31": "14070.00000", "2008-09-30": "14343.00000", "2008-06-30": "15220.00000", "2008-03-31": "14336.00000", "2007-12-31": "15897.00000", "2007-09-30": "14163.00000", "2007-06-30": "13834.00000", "2007-03-31": "13163.00000", "2006-12-31": "14555.00000", "2006-09-30": "13126.00000", "2006-06-30": "12876.00000", "2006-03-31": "12572.00000", "2005-12-31": "13662.00000", "2005-09-30": "12791.00000", "2005-06-30": "13495.00000", "2005-03-31": "14654.00000"}, "Gross Profit": {"2020-12-31": "10523.00000", "2020-09-30": "8430.00000", "2020-06-30": "8699.00000", "2020-03-31": "7923.00000", "2019-12-31": "11099.00000", "2019-09-30": "8336.00000", "2019-06-30": "9011.00000", "2019-03-31": "8043.00000", "2018-12-31": "10688.00000", "2018-09-30": "8804.00000", "2018-06-30": "9199.00000", "2018-03-31": "8246.00000", "2017-12-31": "11048.00000", "2017-09-30": "8982.00000", "2017-06-30": "8968.00000", "2017-03-31": "7945.00000", "2016-12-31": "11116.00000", "2016-09-30": "9013.00000", "2016-06-30": "9702.00000", "2016-03-31": "8686.00000", "2015-12-31": "11406.00000", "2015-09-30": "9436.00000", "2015-06-30": "10390.00000", "2015-03-31": "9452.00000", "2014-12-31": "12862.00000", "2014-09-30": "10874.00000", "2014-06-30": "12043.00000", "2014-03-31": "10628.00000", "2013-12-31": "14444.00000", "2013-09-30": "11430.00000", "2013-06-30": "12132.00000", "2013-03-31": "10678.00000", "2012-12-31": "15229.00000", "2012-09-30": "11732.00000", "2012-06-30": "12281.00000", "2012-03-31": "11119.00000", "2011-12-31": "14723.00000", "2011-09-30": "12173.00000", "2011-06-30": "12384.00000", "2011-03-31": "10858.00000", "2010-12-31": "14226.00000", "2010-09-30": "11001.00000", "2010-06-30": "10810.00000", "2010-03-31": "9976.00000", "2009-12-31": "13147.00000", "2009-09-30": "10628.00000", "2009-06-30": "10581.00000", "2009-03-31": "9430.00000", "2008-12-31": "12936.00000", "2008-09-30": "10959.00000", "2008-06-30": "11600.00000", "2008-03-31": "10166.00000", "2007-12-31": "12969.00000", "2007-09-30": "9956.00000", "2007-06-30": "9938.00000", "2007-03-31": "8866.00000", "2006-12-31": "11703.00000", "2006-09-30": "9491.00000", "2006-06-30": "9014.00000", "2006-03-31": "8087.00000", "2005-12-31": "10765.00000", "2005-09-30": "8738.00000", "2005-06-30": "8775.00000", "2005-03-31": "8254.00000"}, "Research And Development Expenses": {"2020-12-31": "1611.00000", "2020-09-30": "1515.00000", "2020-06-30": "1582.00000", "2020-03-31": "1625.00000", "2019-12-31": "1596.00000", "2019-09-30": "1553.00000", "2019-06-30": "1407.00000", "2019-03-31": "1433.00000", "2018-12-31": "1358.00000", "2018-09-30": "1252.00000", "2018-06-30": "1364.00000", "2018-03-31": "1405.00000", "2017-12-31": "1379.00000", "2017-09-30": "1291.00000", "2017-06-30": "1436.00000", "2017-03-31": "1484.00000", "2016-12-31": "1406.00000", "2016-09-30": "1397.00000", "2016-06-30": "1465.00000", "2016-03-31": "1458.00000", "2015-12-31": "1362.00000", "2015-09-30": "1287.00000", "2015-06-30": "1300.00000", "2015-03-31": "1298.00000", "2014-12-31": "1320.00000", "2014-09-30": "1354.00000", "2014-06-30": "1361.00000", "2014-03-31": "1402.00000", "2013-12-31": "1195.00000", "2013-09-30": "1356.00000", "2013-06-30": "1548.00000", "2013-03-31": "1644.00000", "2012-12-31": "1094.00000", "2012-09-30": "1534.00000", "2012-06-30": "1587.00000", "2012-03-31": "1601.00000", "2011-12-31": "1556.00000", "2011-09-30": "1546.00000", "2011-06-30": "1569.00000", "2011-03-31": "1587.00000", "2010-12-31": "1578.00000", "2010-09-30": "1464.00000", "2010-06-30": "1475.00000", "2010-03-31": "1509.00000", "2009-12-31": "1460.00000", "2009-09-30": "1446.00000", "2009-06-30": "1434.00000", "2009-03-31": "1480.00000", "2008-12-31": "1529.00000", "2008-09-30": "1579.00000", "2008-06-30": "1660.00000", "2008-03-31": "1569.00000", "2007-12-31": "1586.00000", "2007-09-30": "1524.00000", "2007-06-30": "1534.00000", "2007-03-31": "1509.00000", "2006-12-31": "1586.00000", "2006-09-30": "1543.00000", "2006-06-30": "1522.00000", "2006-03-31": "1456.00000", "2005-12-31": "1459.00000", "2005-09-30": "1447.00000", "2005-06-30": "1477.00000", "2005-03-31": "1459.00000"}, "SG&A Expenses": {"2020-12-31": "7232.00000", "2020-09-30": "4647.00000", "2020-06-30": "5248.00000", "2020-03-31": "5955.00000", "2019-12-31": "5433.00000", "2019-09-30": "5024.00000", "2019-06-30": "5456.00000", "2019-03-31": "4691.00000", "2018-12-31": "4701.00000", "2018-09-30": "4363.00000", "2018-06-30": "4857.00000", "2018-03-31": "5445.00000", "2017-12-31": "5014.00000", "2017-09-30": "4606.00000", "2017-06-30": "5033.00000", "2017-03-31": "5027.00000", "2016-12-31": "4776.00000", "2016-09-30": "4732.00000", "2016-06-30": "5349.00000", "2016-03-31": "6012.00000", "2015-12-31": "5158.00000", "2015-09-30": "4731.00000", "2015-06-30": "5179.00000", "2015-03-31": "5362.00000", "2014-12-31": "6034.00000", "2014-09-30": "5281.00000", "2014-06-30": "5593.00000", "2014-03-31": "6272.00000", "2013-12-31": "5934.00000", "2013-09-30": "5260.00000", "2013-06-30": "6680.00000", "2013-03-31": "5577.00000", "2012-12-31": "5832.00000", "2012-09-30": "5908.00000", "2012-06-30": "5837.00000", "2012-03-31": "5886.00000", "2011-12-31": "6076.00000", "2011-09-30": "5662.00000", "2011-06-30": "6030.00000", "2011-03-31": "5826.00000", "2010-12-31": "5950.00000", "2010-09-30": "5149.00000", "2010-06-30": "5061.00000", "2010-03-31": "5677.00000", "2009-12-31": "5560.00000", "2009-09-30": "5013.00000", "2009-06-30": "5115.00000", "2009-03-31": "5264.00000", "2008-12-31": "5833.00000", "2008-09-30": "5644.00000", "2008-06-30": "6289.00000", "2008-03-31": "5620.00000", "2007-12-31": "6016.00000", "2007-09-30": "5324.00000", "2007-06-30": "5631.00000", "2007-03-31": "5089.00000", "2006-12-31": "5620.00000", "2006-09-30": "5121.00000", "2006-06-30": "4916.00000", "2006-03-31": "4602.00000", "2005-12-31": "5252.00000", "2005-09-30": "4632.00000", "2005-06-30": "6497.00000", "2005-03-31": "4933.00000"}, "Other Operating Income Or Expenses": {"2020-12-31": "", "2020-09-30": "", "2020-06-30": "", "2020-03-31": "", "2019-12-31": "", "2019-09-30": "", "2019-06-30": "", "2019-03-31": "", "2018-12-31": "", "2018-09-30": "", "2018-06-30": "", "2018-03-31": "", "2017-12-31": "", "2017-09-30": "", "2017-06-30": "", "2017-03-31": "", "2016-12-31": "", "2016-09-30": "", "2016-06-30": "", "2016-03-31": "", "2015-12-31": "", "2015-09-30": "", "2015-06-30": "", "2015-03-31": "", "2014-12-31": "", "2014-09-30": "", "2014-06-30": "", "2014-03-31": "", "2013-12-31": "", "2013-09-30": "", "2013-06-30": "", "2013-03-31": "", "2012-12-31": "", "2012-09-30": "", "2012-06-30": "", "2012-03-31": "", "2011-12-31": "", "2011-09-30": "", "2011-06-30": "", "2011-03-31": "", "2010-12-31": "", "2010-09-30": "", "2010-06-30": "", "2010-03-31": "", "2009-12-31": "", "2009-09-30": "", "2009-06-30": "", "2009-03-31": "", "2008-12-31": "", "2008-09-30": "", "2008-06-30": "", "2008-03-31": "", "2007-12-31": "", "2007-09-30": "", "2007-06-30": "", "2007-03-31": "", "2006-12-31": "", "2006-09-30": "", "2006-06-30": "", "2006-03-31": "", "2005-12-31": "", "2005-09-30": "", "2005-06-30": "", "2005-03-31": ""}, "Operating Expenses": {"2020-12-31": "18687.00000", "2020-09-30": "15292.00000", "2020-06-30": "16254.00000", "2020-03-31": "17228.00000", "2019-12-31": "17706.00000", "2019-09-30": "16269.00000", "2019-06-30": "17013.00000", "2019-03-31": "16263.00000", "2018-12-31": "17131.00000", "2018-09-30": "15567.00000", "2018-06-30": "17025.00000", "2018-03-31": "17676.00000", "2017-12-31": "17887.00000", "2017-09-30": "16068.00000", "2017-06-30": "16790.00000", "2017-03-31": "16721.00000", "2016-12-31": "16837.00000", "2016-09-30": "16342.00000", "2016-06-30": "17350.00000", "2016-03-31": "17468.00000", "2015-12-31": "17172.00000", "2015-09-30": "15862.00000", "2015-06-30": "16902.00000", "2015-03-31": "16798.00000", "2014-12-31": "18605.00000", "2014-09-30": "18158.00000", "2014-06-30": "18958.00000", "2014-03-31": "19282.00000", "2013-12-31": "19382.00000", "2013-09-30": "18524.00000", "2013-06-30": "21020.00000", "2013-03-31": "19951.00000", "2012-12-31": "19368.00000", "2012-09-30": "20457.00000", "2012-06-30": "20926.00000", "2012-03-31": "21041.00000", "2011-12-31": "22395.00000", "2011-09-30": "21192.00000", "2011-06-30": "21881.00000", "2011-03-31": "21162.00000", "2010-12-31": "22320.00000", "2010-09-30": "19883.00000", "2010-06-30": "19450.00000", "2010-03-31": "20067.00000", "2009-12-31": "21104.00000", "2009-09-30": "19397.00000", "2009-06-30": "19218.00000", "2009-03-31": "19025.00000", "2008-12-31": "21432.00000", "2008-09-30": "21566.00000", "2008-06-30": "23169.00000", "2008-03-31": "21525.00000", "2007-12-31": "23499.00000", "2007-09-30": "21011.00000", "2007-06-30": "20999.00000", "2007-03-31": "19761.00000", "2006-12-31": "21761.00000", "2006-09-30": "19790.00000", "2006-06-30": "19314.00000", "2006-03-31": "18630.00000", "2005-12-31": "20373.00000", "2005-09-30": "18870.00000", "2005-06-30": "21469.00000", "2005-03-31": "21046.00000"}, "Operating Income": {"2020-12-31": "1680.00000", "2020-09-30": "2268.00000", "2020-06-30": "1869.00000", "2020-03-31": "343.00000", "2019-12-31": "4070.00000", "2019-09-30": "1759.00000", "2019-06-30": "2148.00000", "2019-03-31": "1919.00000", "2018-12-31": "4629.00000", "2018-09-30": "3189.00000", "2018-06-30": "2978.00000", "2018-03-31": "1396.00000", "2017-12-31": "4655.00000", "2017-09-30": "3085.00000", "2017-06-30": "2499.00000", "2017-03-31": "1434.00000", "2016-12-31": "4934.00000", "2016-09-30": "2884.00000", "2016-06-30": "2888.00000", "2016-03-31": "1216.00000", "2015-12-31": "4886.00000", "2015-09-30": "3418.00000", "2015-06-30": "3911.00000", "2015-03-31": "2792.00000", "2014-12-31": "5508.00000", "2014-09-30": "4239.00000", "2014-06-30": "5089.00000", "2014-03-31": "2954.00000", "2013-12-31": "7315.00000", "2013-09-30": "4814.00000", "2013-06-30": "3904.00000", "2013-03-31": "3457.00000", "2012-12-31": "8303.00000", "2012-09-30": "4290.00000", "2012-06-30": "4857.00000", "2012-03-31": "3632.00000", "2011-12-31": "7091.00000", "2011-09-30": "4965.00000", "2011-06-30": "4785.00000", "2011-03-31": "3445.00000", "2010-12-31": "6698.00000", "2010-09-30": "4388.00000", "2010-06-30": "4274.00000", "2010-03-31": "2790.00000", "2009-12-31": "6127.00000", "2009-09-30": "4169.00000", "2009-06-30": "4032.00000", "2009-03-31": "2686.00000", "2008-12-31": "5574.00000", "2008-09-30": "3736.00000", "2008-06-30": "3651.00000", "2008-03-31": "2977.00000", "2007-12-31": "5367.00000", "2007-09-30": "3108.00000", "2007-06-30": "2773.00000", "2007-03-31": "2268.00000", "2006-12-31": "4497.00000", "2006-09-30": "2827.00000", "2006-06-30": "2576.00000", "2006-03-31": "2029.00000", "2005-12-31": "4054.00000", "2005-09-30": "2659.00000", "2005-06-30": "801.00000", "2005-03-31": "1862.00000"}, "Total Non-Operating Income/Expense": {"2020-12-31": "-391.00000", "2020-09-30": "-442.00000", "2020-06-30": "-299.00000", "2020-03-31": "-392.00000", "2019-12-31": "-78.00000", "2019-09-30": "-235.00000", "2019-06-30": "621.00000", "2019-03-31": "-36.00000", "2018-12-31": "-194.00000", "2018-09-30": "-191.00000", "2018-06-30": "-203.00000", "2018-03-31": "-261.00000", "2017-12-31": "-191.00000", "2017-09-30": "-19.00000", "2017-06-30": "-55.00000", "2017-03-31": "-9.00000", "2016-12-31": "52.00000", "2016-09-30": "378.00000", "2016-06-30": "161.00000", "2016-03-31": "-183.00000", "2015-12-31": "212.00000", "2015-09-30": "204.00000", "2015-06-30": "314.00000", "2015-03-31": "208.00000", "2014-12-31": "1588.00000", "2014-09-30": "122.00000", "2014-06-30": "257.00000", "2014-03-31": "229.00000", "2013-12-31": "207.00000", "2013-09-30": "157.00000", "2013-06-30": "240.00000", "2013-03-31": "149.00000", "2012-12-31": "166.00000", "2012-09-30": "785.00000", "2012-06-30": "304.00000", "2012-03-31": "203.00000", "2011-12-31": "182.00000", "2011-09-30": "63.00000", "2011-06-30": "101.00000", "2011-03-31": "371.00000", "2010-12-31": "258.00000", "2010-09-30": "289.00000", "2010-06-30": "302.00000", "2010-03-31": "724.00000", "2009-12-31": "256.00000", "2009-09-30": "205.00000", "2009-06-30": "229.00000", "2009-03-31": "436.00000", "2008-12-31": "234.00000", "2008-09-30": "159.00000", "2008-06-30": "164.00000", "2008-03-31": "221.00000", "2007-12-31": "120.00000", "2007-09-30": "172.00000", "2007-06-30": "369.00000", "2007-03-31": "312.00000", "2006-12-31": "321.00000", "2006-09-30": "346.00000", "2006-06-30": "312.00000", "2006-03-31": "409.00000", "2005-12-31": "514.00000", "2005-09-30": "256.00000", "2005-06-30": "1932.00000", "2005-03-31": "148.00000"}, "Pre-Tax Income": {"2020-12-31": "1289.00000", "2020-09-30": "1827.00000", "2020-06-30": "1571.00000", "2020-03-31": "-49.00000", "2019-12-31": "3993.00000", "2019-09-30": "1522.00000", "2019-06-30": "2768.00000", "2019-03-31": "1883.00000", "2018-12-31": "4434.00000", "2018-09-30": "2996.00000", "2018-06-30": "2776.00000", "2018-03-31": "1136.00000", "2017-12-31": "4468.00000", "2017-09-30": "3065.00000", "2017-06-30": "2443.00000", "2017-03-31": "1424.00000", "2016-12-31": "4984.00000", "2016-09-30": "3263.00000", "2016-06-30": "3049.00000", "2016-03-31": "1034.00000", "2015-12-31": "5099.00000", "2015-09-30": "3621.00000", "2015-06-30": "4224.00000", "2015-03-31": "3001.00000", "2014-12-31": "7094.00000", "2014-09-30": "4361.00000", "2014-06-30": "5348.00000", "2014-03-31": "3183.00000", "2013-12-31": "7522.00000", "2013-09-30": "4972.00000", "2013-06-30": "4144.00000", "2013-03-31": "3606.00000", "2012-12-31": "8469.00000", "2012-09-30": "5074.00000", "2012-06-30": "5161.00000", "2012-03-31": "3836.00000", "2011-12-31": "7274.00000", "2011-09-30": "5027.00000", "2011-06-30": "4885.00000", "2011-03-31": "3817.00000", "2010-12-31": "6956.00000", "2010-09-30": "4677.00000", "2010-06-30": "4575.00000", "2010-03-31": "3515.00000", "2009-12-31": "6381.00000", "2009-09-30": "4373.00000", "2009-06-30": "4262.00000", "2009-03-31": "3122.00000", "2008-12-31": "5808.00000", "2008-09-30": "3895.00000", "2008-06-30": "3814.00000", "2008-03-31": "3198.00000", "2007-12-31": "5489.00000", "2007-09-30": "3280.00000", "2007-06-30": "3141.00000", "2007-03-31": "2579.00000", "2006-12-31": "4814.00000", "2006-09-30": "3174.00000", "2006-06-30": "2889.00000", "2006-03-31": "2440.00000", "2005-12-31": "4568.00000", "2005-09-30": "2915.00000", "2005-06-30": "2733.00000", "2005-03-31": "2010.00000"}, "Income Taxes": {"2020-12-31": "25.00000", "2020-09-30": "128.00000", "2020-06-30": "209.00000", "2020-03-31": "-1226.00000", "2019-12-31": "324.00000", "2019-09-30": "-151.00000", "2019-06-30": "269.00000", "2019-03-31": "289.00000", "2018-12-31": "2482.00000", "2018-09-30": "304.00000", "2018-06-30": "373.00000", "2018-03-31": "-540.00000", "2017-12-31": "5521.00000", "2017-09-30": "339.00000", "2017-06-30": "111.00000", "2017-03-31": "-329.00000", "2016-12-31": "479.00000", "2016-09-30": "409.00000", "2016-06-30": "544.00000", "2016-03-31": "-983.00000", "2015-12-31": "639.00000", "2015-09-30": "659.00000", "2015-06-30": "698.00000", "2015-03-31": "585.00000", "2014-12-31": "1579.00000", "2014-09-30": "906.00000", "2014-06-30": "1096.00000", "2014-03-31": "653.00000", "2013-12-31": "1039.00000", "2013-09-30": "832.00000", "2013-06-30": "918.00000", "2013-03-31": "574.00000", "2012-12-31": "2241.00000", "2012-09-30": "1251.00000", "2012-06-30": "1280.00000", "2012-03-31": "769.00000", "2011-12-31": "1785.00000", "2011-09-30": "1188.00000", "2011-06-30": "1221.00000", "2011-03-31": "954.00000", "2010-12-31": "1698.00000", "2010-09-30": "1088.00000", "2010-06-30": "1190.00000", "2010-03-31": "914.00000", "2009-12-31": "1568.00000", "2009-09-30": "1159.00000", "2009-06-30": "1159.00000", "2009-03-31": "827.00000", "2008-12-31": "1382.00000", "2008-09-30": "1071.00000", "2008-06-30": "1049.00000", "2008-03-31": "879.00000", "2007-12-31": "1537.00000", "2007-09-30": "918.00000", "2007-06-30": "881.00000", "2007-03-31": "735.00000", "2006-12-31": "1350.00000", "2006-09-30": "952.00000", "2006-06-30": "867.00000", "2006-03-31": "732.00000", "2005-12-31": "1348.00000", "2005-09-30": "1399.00000", "2005-06-30": "882.00000", "2005-03-31": "603.00000"}, "Income After Taxes": {"2020-12-31": "1264.00000", "2020-09-30": "1699.00000", "2020-06-30": "1362.00000", "2020-03-31": "1177.00000", "2019-12-31": "3669.00000", "2019-09-30": "1673.00000", "2019-06-30": "2499.00000", "2019-03-31": "1594.00000", "2018-12-31": "1952.00000", "2018-09-30": "2692.00000", "2018-06-30": "2403.00000", "2018-03-31": "1676.00000", "2017-12-31": "-1053.00000", "2017-09-30": "2726.00000", "2017-06-30": "2332.00000", "2017-03-31": "1753.00000", "2016-12-31": "4505.00000", "2016-09-30": "2854.00000", "2016-06-30": "2505.00000", "2016-03-31": "2017.00000", "2015-12-31": "4460.00000", "2015-09-30": "2962.00000", "2015-06-30": "3526.00000", "2015-03-31": "2416.00000", "2014-12-31": "5515.00000", "2014-09-30": "3455.00000", "2014-06-30": "4252.00000", "2014-03-31": "2530.00000", "2013-12-31": "6483.00000", "2013-09-30": "4140.00000", "2013-06-30": "3226.00000", "2013-03-31": "3032.00000", "2012-12-31": "6228.00000", "2012-09-30": "3823.00000", "2012-06-30": "3881.00000", "2012-03-31": "3067.00000", "2011-12-31": "5489.00000", "2011-09-30": "3839.00000", "2011-06-30": "3664.00000", "2011-03-31": "2863.00000", "2010-12-31": "5258.00000", "2010-09-30": "3589.00000", "2010-06-30": "3385.00000", "2010-03-31": "2601.00000", "2009-12-31": "4813.00000", "2009-09-30": "3214.00000", "2009-06-30": "3103.00000", "2009-03-31": "2295.00000", "2008-12-31": "4426.00000", "2008-09-30": "2824.00000", "2008-06-30": "2765.00000", "2008-03-31": "2319.00000", "2007-12-31": "3952.00000", "2007-09-30": "2362.00000", "2007-06-30": "2260.00000", "2007-03-31": "1844.00000", "2006-12-31": "3464.00000", "2006-09-30": "2222.00000", "2006-06-30": "2022.00000", "2006-03-31": "1708.00000", "2005-12-31": "3220.00000", "2005-09-30": "1516.00000", "2005-06-30": "1851.00000", "2005-03-31": "1407.00000"}, "Other Income": {"2020-12-31": "", "2020-09-30": "", "2020-06-30": "", "2020-03-31": "", "2019-12-31": "", "2019-09-30": "", "2019-06-30": "", "2019-03-31": "", "2018-12-31": "", "2018-09-30": "", "2018-06-30": "", "2018-03-31": "", "2017-12-31": "", "2017-09-30": "", "2017-06-30": "", "2017-03-31": "", "2016-12-31": "", "2016-09-30": "", "2016-06-30": "", "2016-03-31": "", "2015-12-31": "", "2015-09-30": "", "2015-06-30": "", "2015-03-31": "", "2014-12-31": "", "2014-09-30": "", "2014-06-30": "", "2014-03-31": "", "2013-12-31": "", "2013-09-30": "", "2013-06-30": "", "2013-03-31": "", "2012-12-31": "", "2012-09-30": "", "2012-06-30": "", "2012-03-31": "", "2011-12-31": "", "2011-09-30": "", "2011-06-30": "", "2011-03-31": "", "2010-12-31": "", "2010-09-30": "", "2010-06-30": "", "2010-03-31": "", "2009-12-31": "", "2009-09-30": "", "2009-06-30": "", "2009-03-31": "", "2008-12-31": "", "2008-09-30": "", "2008-06-30": "", "2008-03-31": "", "2007-12-31": "", "2007-09-30": "", "2007-06-30": "", "2007-03-31": "", "2006-12-31": "", "2006-09-30": "", "2006-06-30": "", "2006-03-31": "", "2005-12-31": "", "2005-09-30": "", "2005-06-30": "", "2005-03-31": ""}, "Income From Continuous Operations": {"2020-12-31": "1264.00000", "2020-09-30": "1698.00000", "2020-06-30": "1362.00000", "2020-03-31": "1176.00000", "2019-12-31": "3670.00000", "2019-09-30": "1673.00000", "2019-06-30": "2499.00000", "2019-03-31": "1593.00000", "2018-12-31": "1954.00000", "2018-09-30": "2692.00000", "2018-06-30": "2402.00000", "2018-03-31": "1675.00000", "2017-12-31": "-1053.00000", "2017-09-30": "2726.00000", "2017-06-30": "2332.00000", "2017-03-31": "1753.00000", "2016-12-31": "4506.00000", "2016-09-30": "2854.00000", "2016-06-30": "2505.00000", "2016-03-31": "2016.00000", "2015-12-31": "4461.00000", "2015-09-30": "2962.00000", "2015-06-30": "3526.00000", "2015-03-31": "2415.00000", "2014-12-31": "5515.00000", "2014-09-30": "3455.00000", "2014-06-30": "4251.00000", "2014-03-31": "2530.00000", "2013-12-31": "6484.00000", "2013-09-30": "4139.00000", "2013-06-30": "3226.00000", "2013-03-31": "3032.00000", "2012-12-31": "6228.00000", "2012-09-30": "3823.00000", "2012-06-30": "3881.00000", "2012-03-31": "3067.00000", "2011-12-31": "5489.00000", "2011-09-30": "3839.00000", "2011-06-30": "3664.00000", "2011-03-31": "2863.00000", "2010-12-31": "5258.00000", "2010-09-30": "3589.00000", "2010-06-30": "3385.00000", "2010-03-31": "2601.00000", "2009-12-31": "4813.00000", "2009-09-30": "3214.00000", "2009-06-30": "3103.00000", "2009-03-31": "2295.00000", "2008-12-31": "4426.00000", "2008-09-30": "2824.00000", "2008-06-30": "2765.00000", "2008-03-31": "2319.00000", "2007-12-31": "3952.00000", "2007-09-30": "2362.00000", "2007-06-30": "2260.00000", "2007-03-31": "1844.00000", "2006-12-31": "3464.00000", "2006-09-30": "2222.00000", "2006-06-30": "2022.00000", "2006-03-31": "1708.00000", "2005-12-31": "3220.00000", "2005-09-30": "1516.00000", "2005-06-30": "1851.00000", "2005-03-31": "1407.00000"}, "Income From Discontinued Operations": {"2020-12-31": "92.00000", "2020-09-30": "-1.00000", "2020-06-30": "-1.00000", "2020-03-31": "-1.00000", "2019-12-31": "", "2019-09-30": "-1.00000", "2019-06-30": "-1.00000", "2019-03-31": "-2.00000", "2018-12-31": "-2.00000", "2018-09-30": "2.00000", "2018-06-30": "1.00000", "2018-03-31": "4.00000", "2017-12-31": "-1.00000", "2017-09-30": "0.00000", "2017-06-30": "-1.00000", "2017-03-31": "-3.00000", "2016-12-31": "-5.00000", "2016-09-30": "-1.00000", "2016-06-30": "0.00000", "2016-03-31": "-3.00000", "2015-12-31": "3.00000", "2015-09-30": "-12.00000", "2015-06-30": "-77.00000", "2015-03-31": "-88.00000", "2014-12-31": "-31.00000", "2014-09-30": "-3437.00000", "2014-06-30": "-115.00000", "2014-03-31": "-146.00000", "2013-12-31": "-300.00000", "2013-09-30": "-98.00000", "2013-06-30": "", "2013-03-31": "", "2012-12-31": "", "2012-09-30": "", "2012-06-30": "", "2012-03-31": "", "2011-12-31": "", "2011-09-30": "", "2011-06-30": "", "2011-03-31": "", "2010-12-31": "", "2010-09-30": "", "2010-06-30": "", "2010-03-31": "", "2009-12-31": "", "2009-09-30": "", "2009-06-30": "", "2009-03-31": "", "2008-12-31": "", "2008-09-30": "", "2008-06-30": "", "2008-03-31": "", "2007-12-31": "", "2007-09-30": "-1.00000", "2007-06-30": "-1.00000", "2007-03-31": "", "2006-12-31": "", "2006-09-30": "0.00000", "2006-06-30": "0.00000", "2006-03-31": "", "2005-12-31": "3.00000", "2005-09-30": "", "2005-06-30": "-22.00000", "2005-03-31": "-5.00000"}, "Net Income": {"2020-12-31": "1356.00000", "2020-09-30": "1698.00000", "2020-06-30": "1361.00000", "2020-03-31": "1175.00000", "2019-12-31": "3670.00000", "2019-09-30": "1672.00000", "2019-06-30": "2498.00000", "2019-03-31": "1591.00000", "2018-12-31": "1951.00000", "2018-09-30": "2694.00000", "2018-06-30": "2404.00000", "2018-03-31": "1679.00000", "2017-12-31": "-1054.00000", "2017-09-30": "2726.00000", "2017-06-30": "2331.00000", "2017-03-31": "1750.00000", "2016-12-31": "4501.00000", "2016-09-30": "2853.00000", "2016-06-30": "2504.00000", "2016-03-31": "2014.00000", "2015-12-31": "4463.00000", "2015-09-30": "2950.00000", "2015-06-30": "3449.00000", "2015-03-31": "2328.00000", "2014-12-31": "5483.00000", "2014-09-30": "18.00000", "2014-06-30": "4137.00000", "2014-03-31": "2384.00000", "2013-12-31": "6184.00000", "2013-09-30": "4041.00000", "2013-06-30": "3226.00000", "2013-03-31": "3032.00000", "2012-12-31": "5833.00000", "2012-09-30": "3824.00000", "2012-06-30": "3881.00000", "2012-03-31": "3066.00000", "2011-12-31": "5489.00000", "2011-09-30": "3839.00000", "2011-06-30": "3664.00000", "2011-03-31": "2863.00000", "2010-12-31": "5257.00000", "2010-09-30": "3589.00000", "2010-06-30": "3386.00000", "2010-03-31": "2601.00000", "2009-12-31": "4813.00000", "2009-09-30": "3214.00000", "2009-06-30": "3103.00000", "2009-03-31": "2295.00000", "2008-12-31": "4426.00000", "2008-09-30": "2824.00000", "2008-06-30": "2765.00000", "2008-03-31": "2319.00000", "2007-12-31": "3954.00000", "2007-09-30": "2361.00000", "2007-06-30": "2259.00000", "2007-03-31": "1844.00000", "2006-12-31": "3540.00000", "2006-09-30": "2222.00000", "2006-06-30": "2022.00000", "2006-03-31": "1708.00000", "2005-12-31": "3187.00000", "2005-09-30": "1516.00000", "2005-06-30": "1829.00000", "2005-03-31": "1402.00000"}, "EBITDA": {"2020-12-31": "", "2020-09-30": "3951.00000", "2020-06-30": "3548.00000", "2020-03-31": "1977.00000", "2019-12-31": "5720.00000", "2019-09-30": "3428.00000", "2019-06-30": "3442.00000", "2019-03-31": "3365.00000", "2018-12-31": "5741.00000", "2018-09-30": "4327.00000", "2018-06-30": "4094.00000", "2018-03-31": "2510.00000", "2017-12-31": "5804.00000", "2017-09-30": "4261.00000", "2017-06-30": "3616.00000", "2017-03-31": "2533.00000", "2016-12-31": "6061.00000", "2016-09-30": "4011.00000", "2016-06-30": "3991.00000", "2016-03-31": "2240.00000", "2015-12-31": "5876.00000", "2015-09-30": "4354.00000", "2015-06-30": "4872.00000", "2015-03-31": "3760.00000", "2014-12-31": "6554.00000", "2014-09-30": "5378.00000", "2014-06-30": "6255.00000", "2014-03-31": "4095.00000", "2013-12-31": "8529.00000", "2013-09-30": "5989.00000", "2013-06-30": "5040.00000", "2013-03-31": "4610.00000", "2012-12-31": "9455.00000", "2012-09-30": "5481.00000", "2012-06-30": "6033.00000", "2012-03-31": "4789.00000", "2011-12-31": "8279.00000", "2011-09-30": "6157.00000", "2011-06-30": "5992.00000", "2011-03-31": "4673.00000", "2010-12-31": "7933.00000", "2010-09-30": "5591.00000", "2010-06-30": "5457.00000", "2010-03-31": "4000.00000", "2009-12-31": "7392.00000", "2009-09-30": "5427.00000", "2009-06-30": "5274.00000", "2009-03-31": "3915.00000", "2008-12-31": "6895.00000", "2008-09-30": "5115.00000", "2008-06-30": "5054.00000", "2008-03-31": "4324.00000", "2007-12-31": "6704.00000", "2007-09-30": "4448.00000", "2007-06-30": "4057.00000", "2007-03-31": "3508.00000", "2006-12-31": "5797.00000", "2006-09-30": "4055.00000", "2006-06-30": "3823.00000", "2006-03-31": "3237.00000", "2005-12-31": "5383.00000", "2005-09-30": "3898.00000", "2005-06-30": "2139.00000", "2005-03-31": "3144.00000"}, "EBIT": {"2020-12-31": "1680.00000", "2020-09-30": "2268.00000", "2020-06-30": "1869.00000", "2020-03-31": "343.00000", "2019-12-31": "4070.00000", "2019-09-30": "1759.00000", "2019-06-30": "2148.00000", "2019-03-31": "1919.00000", "2018-12-31": "4629.00000", "2018-09-30": "3189.00000", "2018-06-30": "2978.00000", "2018-03-31": "1396.00000", "2017-12-31": "4655.00000", "2017-09-30": "3085.00000", "2017-06-30": "2499.00000", "2017-03-31": "1434.00000", "2016-12-31": "4934.00000", "2016-09-30": "2884.00000", "2016-06-30": "2888.00000", "2016-03-31": "1216.00000", "2015-12-31": "4886.00000", "2015-09-30": "3418.00000", "2015-06-30": "3911.00000", "2015-03-31": "2792.00000", "2014-12-31": "5508.00000", "2014-09-30": "4239.00000", "2014-06-30": "5089.00000", "2014-03-31": "2954.00000", "2013-12-31": "7315.00000", "2013-09-30": "4814.00000", "2013-06-30": "3904.00000", "2013-03-31": "3457.00000", "2012-12-31": "8303.00000", "2012-09-30": "4290.00000", "2012-06-30": "4857.00000", "2012-03-31": "3632.00000", "2011-12-31": "7091.00000", "2011-09-30": "4965.00000", "2011-06-30": "4785.00000", "2011-03-31": "3445.00000", "2010-12-31": "6698.00000", "2010-09-30": "4388.00000", "2010-06-30": "4274.00000", "2010-03-31": "2790.00000", "2009-12-31": "6127.00000", "2009-09-30": "4169.00000", "2009-06-30": "4032.00000", "2009-03-31": "2686.00000", "2008-12-31": "5574.00000", "2008-09-30": "3736.00000", "2008-06-30": "3651.00000", "2008-03-31": "2977.00000", "2007-12-31": "5367.00000", "2007-09-30": "3108.00000", "2007-06-30": "2773.00000", "2007-03-31": "2268.00000", "2006-12-31": "4497.00000", "2006-09-30": "2827.00000", "2006-06-30": "2576.00000", "2006-03-31": "2029.00000", "2005-12-31": "4054.00000", "2005-09-30": "2659.00000", "2005-06-30": "801.00000", "2005-03-31": "1862.00000"}, "Basic Shares Outstanding": {"2020-12-31": "892.60000", "2020-09-30": "891.40000", "2020-06-30": "889.40000", "2020-03-31": "888.00000", "2019-12-31": "887.23500", "2019-09-30": "886.00000", "2019-06-30": "886.30000", "2019-03-31": "889.60000", "2018-12-31": "912.04800", "2018-09-30": "911.20000", "2018-06-30": "915.10000", "2018-03-31": "920.70000", "2017-12-31": "932.82800", "2017-09-30": "929.43700", "2017-06-30": "934.90000", "2017-03-31": "942.40000", "2016-12-31": "955.42300", "2016-09-30": "954.00000", "2016-06-30": "957.40000", "2016-03-31": "961.70000", "2015-12-31": "978.74500", "2015-09-30": "975.10000", "2015-06-30": "982.30000", "2015-03-31": "988.10000", "2014-12-31": "1004.27300", "2014-09-30": "991.80000", "2014-06-30": "999.60000", "2014-03-31": "1035.20000", "2013-12-31": "1094.48700", "2013-09-30": "1090.90000", "2013-06-30": "1100.90000", "2013-03-31": "1113.70000", "2012-12-31": "1142.50900", "2012-09-30": "1137.20000", "2012-06-30": "1149.00000", "2012-03-31": "1159.10000", "2011-12-31": "1196.95100", "2011-09-30": "1188.60000", "2011-06-30": "1204.80000", "2011-03-31": "1222.20000", "2010-12-31": "1268.78900", "2010-09-30": "1255.20000", "2010-06-30": "1278.60000", "2010-03-31": "1301.20000", "2009-12-31": "1327.15700", "2009-09-30": "1319.90000", "2009-06-30": "1326.10000", "2009-03-31": "1344.30000", "2008-12-31": "1369.36700", "2008-09-30": "1359.50000", "2008-06-30": "1376.20000", "2008-03-31": "1394.30000", "2007-12-31": "1433.93500", "2007-09-30": "1371.40000", "2007-06-30": "1437.20000", "2007-03-31": "1499.50000", "2006-12-31": "1530.80700", "2006-09-30": "1513.20000", "2006-06-30": "1538.10000", "2006-03-31": "1564.50000", "2005-12-31": "1600.59100", "2005-09-30": "1591.30000", "2005-06-30": "1603.90000", "2005-03-31": "1628.70000"}, "Shares Outstanding": {"2020-12-31": "899.00000", "2020-09-30": "897.30000", "2020-06-30": "894.90000", "2020-03-31": "895.00000", "2019-12-31": "892.81300", "2019-09-30": "892.80000", "2019-06-30": "890.80000", "2019-03-31": "893.90000", "2018-12-31": "916.31600", "2018-09-30": "915.20000", "2018-06-30": "919.40000", "2018-03-31": "925.40000", "2017-12-31": "937.38600", "2017-09-30": "933.22700", "2017-06-30": "939.60000", "2017-03-31": "947.80000", "2016-12-31": "958.71400", "2016-09-30": "957.30000", "2016-06-30": "960.50000", "2016-03-31": "964.40000", "2015-12-31": "982.70000", "2015-09-30": "979.00000", "2015-06-30": "986.70000", "2015-03-31": "992.30000", "2014-12-31": "1010.00000", "2014-09-30": "997.70000", "2014-06-30": "1005.10000", "2014-03-31": "1041.80000", "2013-12-31": "1103.04200", "2013-09-30": "1098.80000", "2013-06-30": "1109.40000", "2013-03-31": "1124.00000", "2012-12-31": "1155.44900", "2012-09-30": "1149.30000", "2012-06-30": "1161.90000", "2012-03-31": "1174.20000", "2011-12-31": "1213.76800", "2011-09-30": "1204.90000", "2011-06-30": "1221.40000", "2011-03-31": "1240.00000", "2010-12-31": "1287.35500", "2010-09-30": "1272.80000", "2010-06-30": "1296.70000", "2010-03-31": "1321.60000", "2009-12-31": "1341.35300", "2009-09-30": "1338.20000", "2009-06-30": "1336.90000", "2009-03-31": "1349.50000", "2008-12-31": "1387.79700", "2008-09-30": "1384.10000", "2008-06-30": "1402.10000", "2008-03-31": "1411.40000", "2007-12-31": "1456.88100", "2007-09-30": "1405.80000", "2007-06-30": "1460.80000", "2007-03-31": "1522.80000", "2006-12-31": "1553.53500", "2006-09-30": "1534.30000", "2006-06-30": "1560.10000", "2006-03-31": "1587.20000", "2005-12-31": "1627.63300", "2005-09-30": "1617.20000", "2005-06-30": "1627.90000", "2005-03-31": "1660.60000"}, "Basic EPS": {"2020-12-31": "1.52000", "2020-09-30": "1.90000", "2020-06-30": "1.53000", "2020-03-31": "1.32000", "2019-12-31": "4.13000", "2019-09-30": "1.89000", "2019-06-30": "2.82000", "2019-03-31": "1.79000", "2018-12-31": "2.17000", "2018-09-30": "2.95000", "2018-06-30": "2.63000", "2018-03-31": "1.82000", "2017-12-31": "-1.11000", "2017-09-30": "2.93000", "2017-06-30": "2.49000", "2017-03-31": "1.86000", "2016-12-31": "4.73000", "2016-09-30": "2.99000", "2016-06-30": "2.62000", "2016-03-31": "2.09000", "2015-12-31": "4.58000", "2015-09-30": "3.03000", "2015-06-30": "3.51000", "2015-03-31": "2.36000", "2014-12-31": "5.51000", "2014-09-30": "0.02000", "2014-06-30": "4.14000", "2014-03-31": "2.30000", "2013-12-31": "5.71000", "2013-09-30": "3.70000", "2013-06-30": "2.93000", "2013-03-31": "2.72000", "2012-12-31": "5.14000", "2012-09-30": "3.36000", "2012-06-30": "3.38000", "2012-03-31": "2.65000", "2011-12-31": "4.64000", "2011-09-30": "3.23000", "2011-06-30": "3.04000", "2011-03-31": "2.34000", "2010-12-31": "4.18000", "2010-09-30": "2.86000", "2010-06-30": "2.65000", "2010-03-31": "2.00000", "2009-12-31": "3.63000", "2009-09-30": "2.44000", "2009-06-30": "2.34000", "2009-03-31": "1.71000", "2008-12-31": "3.26000", "2008-09-30": "2.08000", "2008-06-30": "2.01000", "2008-03-31": "1.67000", "2007-12-31": "2.75000", "2007-09-30": "1.72000", "2007-06-30": "1.57000", "2007-03-31": "1.23000", "2006-12-31": "2.33000", "2006-09-30": "1.47000", "2006-06-30": "1.31000", "2006-03-31": "1.09000", "2005-12-31": "2.01000", "2005-09-30": "0.95000", "2005-06-30": "1.14000", "2005-03-31": "0.86000"}, "EPS - Earnings Per Share": {"2020-12-31": "1.51000", "2020-09-30": "1.89000", "2020-06-30": "1.52000", "2020-03-31": "1.31000", "2019-12-31": "4.10000", "2019-09-30": "1.87000", "2019-06-30": "2.81000", "2019-03-31": "1.78000", "2018-12-31": "2.16000", "2018-09-30": "2.94000", "2018-06-30": "2.61000", "2018-03-31": "1.81000", "2017-12-31": "-1.11000", "2017-09-30": "2.92000", "2017-06-30": "2.48000", "2017-03-31": "1.85000", "2016-12-31": "4.70000", "2016-09-30": "2.98000", "2016-06-30": "2.61000", "2016-03-31": "2.09000", "2015-12-31": "4.56000", "2015-09-30": "3.01000", "2015-06-30": "3.50000", "2015-03-31": "2.35000", "2014-12-31": "5.47000", "2014-09-30": "0.02000", "2014-06-30": "4.12000", "2014-03-31": "2.29000", "2013-12-31": "5.65000", "2013-09-30": "3.68000", "2013-06-30": "2.91000", "2013-03-31": "2.70000", "2012-12-31": "5.09000", "2012-09-30": "3.33000", "2012-06-30": "3.34000", "2012-03-31": "2.61000", "2011-12-31": "4.56000", "2011-09-30": "3.19000", "2011-06-30": "3.00000", "2011-03-31": "2.31000", "2010-12-31": "4.12000", "2010-09-30": "2.82000", "2010-06-30": "2.61000", "2010-03-31": "1.97000", "2009-12-31": "3.59000", "2009-09-30": "2.40000", "2009-06-30": "2.32000", "2009-03-31": "1.70000", "2008-12-31": "3.24000", "2008-09-30": "2.04000", "2008-06-30": "1.97000", "2008-03-31": "1.64000", "2007-12-31": "2.71000", "2007-09-30": "1.68000", "2007-06-30": "1.55000", "2007-03-31": "1.21000", "2006-12-31": "2.28000", "2006-09-30": "1.45000", "2006-06-30": "1.30000", "2006-03-31": "1.08000", "2005-12-31": "1.97000", "2005-09-30": "0.94000", "2005-06-30": "1.12000", "2005-03-31": "0.84000"}}, "balance sheet": {"Cash On Hand": {"2020-12-31": "14275.00000", "2019-12-31": "9009.00000", "2018-12-31": "12222.00000", "2017-12-31": "12842.00000", "2016-12-31": "8527.00000", "2015-12-31": "8194.00000", "2014-12-31": "8476.00000", "2013-12-31": "11066.00000", "2012-12-31": "11129.00000", "2011-12-31": "11922.00000", "2010-12-31": "11651.00000", "2009-12-31": "13974.00000", "2008-12-31": "12907.00000", "2007-12-31": "16146.00000", "2006-12-31": "10656.00000", "2005-12-31": "13686.00000"}, "Receivables": {"2020-12-31": "7846.00000", "2019-12-31": "9603.00000", "2018-12-31": "8175.00000", "2017-12-31": "9909.00000", "2016-12-31": "10239.00000", "2015-12-31": "9534.00000", "2014-12-31": "11996.00000", "2013-12-31": "12049.00000", "2012-12-31": "12540.00000", "2011-12-31": "12660.00000", "2010-12-31": "11968.00000", "2009-12-31": "11879.00000", "2008-12-31": "12078.00000", "2007-12-31": "12500.00000", "2006-12-31": "11753.00000", "2005-12-31": "10678.00000"}, "Inventory": {"2020-12-31": "1839.00000", "2019-12-31": "1619.00000", "2018-12-31": "1682.00000", "2017-12-31": "1583.00000", "2016-12-31": "1553.00000", "2015-12-31": "1551.00000", "2014-12-31": "2103.00000", "2013-12-31": "2310.00000", "2012-12-31": "2287.00000", "2011-12-31": "2595.00000", "2010-12-31": "2450.00000", "2009-12-31": "2494.00000", "2008-12-31": "2701.00000", "2007-12-31": "2664.00000", "2006-12-31": "2810.00000", "2005-12-31": "2841.00000"}, "Pre-Paid Expenses": {"2020-12-31": "2206.00000", "2019-12-31": "2101.00000", "2018-12-31": "2378.00000", "2017-12-31": "1860.00000", "2016-12-31": "4564.00000", "2015-12-31": "4205.00000", "2014-12-31": "4967.00000", "2013-12-31": "4488.00000", "2012-12-31": "4024.00000", "2011-12-31": "5249.00000", "2010-12-31": "4226.00000", "2009-12-31": "3946.00000", "2008-12-31": "4299.00000", "2007-12-31": "3891.00000", "2006-12-31": "2539.00000", "2005-12-31": "2941.00000"}, "Other Current Assets": {"2020-12-31": "", "2019-12-31": "", "2018-12-31": "", "2017-12-31": "", "2016-12-31": "", "2015-12-31": "", "2014-12-31": "", "2013-12-31": "", "2012-12-31": "", "2011-12-31": "", "2010-12-31": "", "2009-12-31": "", "2008-12-31": "", "2007-12-31": "", "2006-12-31": "", "2005-12-31": ""}, "Total Current Assets": {"2020-12-31": "39165.00000", "2019-12-31": "38420.00000", "2018-12-31": "49146.00000", "2017-12-31": "49735.00000", "2016-12-31": "43888.00000", "2015-12-31": "42504.00000", "2014-12-31": "47377.00000", "2013-12-31": "51350.00000", "2012-12-31": "49433.00000", "2011-12-31": "50928.00000", "2010-12-31": "48116.00000", "2009-12-31": "48935.00000", "2008-12-31": "49004.00000", "2007-12-31": "53177.00000", "2006-12-31": "44660.00000", "2005-12-31": "45661.00000"}, "Property, Plant, And Equipment": {"2020-12-31": "10040.00000", "2019-12-31": "10010.00000", "2018-12-31": "10792.00000", "2017-12-31": "11116.00000", "2016-12-31": "10830.00000", "2015-12-31": "10727.00000", "2014-12-31": "10771.00000", "2013-12-31": "13821.00000", "2012-12-31": "13996.00000", "2011-12-31": "13883.00000", "2010-12-31": "14096.00000", "2009-12-31": "14165.00000", "2008-12-31": "14305.00000", "2007-12-31": "15081.00000", "2006-12-31": "14440.00000", "2005-12-31": "13756.00000"}, "Long-Term Investments": {"2020-12-31": "2282.00000", "2019-12-31": "2074.00000", "2018-12-31": "2386.00000", "2017-12-31": "2783.00000", "2016-12-31": "4585.00000", "2015-12-31": "5187.00000", "2014-12-31": "5520.00000", "2013-12-31": "4639.00000", "2012-12-31": "5021.00000", "2011-12-31": "4895.00000", "2010-12-31": "5778.00000", "2009-12-31": "5379.00000", "2008-12-31": "5058.00000", "2007-12-31": "5248.00000", "2006-12-31": "8381.00000", "2005-12-31": "4974.00000"}, "Goodwill And Intangible Assets": {"2020-12-31": "73413.00000", "2019-12-31": "73457.00000", "2018-12-31": "39352.00000", "2017-12-31": "40530.00000", "2016-12-31": "40887.00000", "2015-12-31": "35508.00000", "2014-12-31": "33660.00000", "2013-12-31": "35055.00000", "2012-12-31": "33034.00000", "2011-12-31": "29605.00000", "2010-12-31": "28624.00000", "2009-12-31": "22703.00000", "2008-12-31": "21104.00000", "2007-12-31": "16392.00000", "2006-12-31": "15056.00000", "2005-12-31": "11104.00000"}, "Other Long-Term Assets": {"2020-12-31": "", "2019-12-31": "", "2018-12-31": "", "2017-12-31": "", "2016-12-31": "", "2015-12-31": "", "2014-12-31": "", "2013-12-31": "", "2012-12-31": "", "2011-12-31": "", "2010-12-31": "", "2009-12-31": "", "2008-12-31": "", "2007-12-31": "", "2006-12-31": "", "2005-12-31": ""}, "Total Long-Term Assets": {"2020-12-31": "116807.00000", "2019-12-31": "113768.00000", "2018-12-31": "74236.00000", "2017-12-31": "75620.00000", "2016-12-31": "73581.00000", "2015-12-31": "67991.00000", "2014-12-31": "69895.00000", "2013-12-31": "74872.00000", "2012-12-31": "69781.00000", "2011-12-31": "65505.00000", "2010-12-31": "65334.00000", "2009-12-31": "60087.00000", "2008-12-31": "60521.00000", "2007-12-31": "67254.00000", "2006-12-31": "58574.00000", "2005-12-31": "60087.00000"}, "Total Assets": {"2020-12-31": "155971.00000", "2019-12-31": "152186.00000", "2018-12-31": "123382.00000", "2017-12-31": "125356.00000", "2016-12-31": "117470.00000", "2015-12-31": "110495.00000", "2014-12-31": "117271.00000", "2013-12-31": "126223.00000", "2012-12-31": "119213.00000", "2011-12-31": "116433.00000", "2010-12-31": "113452.00000", "2009-12-31": "109022.00000", "2008-12-31": "109524.00000", "2007-12-31": "120431.00000", "2006-12-31": "103234.00000", "2005-12-31": "105748.00000"}, "Total Current Liabilities": {"2020-12-31": "39869.00000", "2019-12-31": "37701.00000", "2018-12-31": "38227.00000", "2017-12-31": "37363.00000", "2016-12-31": "36275.00000", "2015-12-31": "34269.00000", "2014-12-31": "39581.00000", "2013-12-31": "40154.00000", "2012-12-31": "43625.00000", "2011-12-31": "42123.00000", "2010-12-31": "40562.00000", "2009-12-31": "36002.00000", "2008-12-31": "42435.00000", "2007-12-31": "44310.00000", "2006-12-31": "40091.00000", "2005-12-31": "35152.00000"}, "Long Term Debt": {"2020-12-31": "54355.00000", "2019-12-31": "54102.00000", "2018-12-31": "35605.00000", "2017-12-31": "39837.00000", "2016-12-31": "34655.00000", "2015-12-31": "33428.00000", "2014-12-31": "34991.00000", "2013-12-31": "32856.00000", "2012-12-31": "24088.00000", "2011-12-31": "22857.00000", "2010-12-31": "21846.00000", "2009-12-31": "21932.00000", "2008-12-31": "22689.00000", "2007-12-31": "23039.00000", "2006-12-31": "13780.00000", "2005-12-31": "15425.00000"}, "Other Non-Current Liabilities": {"2020-12-31": "14897.00000", "2019-12-31": "14526.00000", "2018-12-31": "12174.00000", "2017-12-31": "9965.00000", "2016-12-31": "7477.00000", "2015-12-31": "8099.00000", "2014-12-31": "8733.00000", "2013-12-31": "9934.00000", "2012-12-31": "7607.00000", "2011-12-31": "8996.00000", "2010-12-31": "8226.00000", "2009-12-31": "8819.00000", "2008-12-31": "8192.00000", "2007-12-31": "7970.00000", "2006-12-31": "4801.00000", "2005-12-31": "8294.00000"}, "Total Long Term Liabilities": {"2020-12-31": "95375.00000", "2019-12-31": "93500.00000", "2018-12-31": "68226.00000", "2017-12-31": "70268.00000", "2016-12-31": "62802.00000", "2015-12-31": "61802.00000", "2014-12-31": "65676.00000", "2013-12-31": "63140.00000", "2012-12-31": "56604.00000", "2011-12-31": "54074.00000", "2010-12-31": "49716.00000", "2009-12-31": "50266.00000", "2008-12-31": "53504.00000", "2007-12-31": "47651.00000", "2006-12-31": "34636.00000", "2005-12-31": "37498.00000"}, "Total Liabilities": {"2020-12-31": "135244.00000", "2019-12-31": "131202.00000", "2018-12-31": "106452.00000", "2017-12-31": "107631.00000", "2016-12-31": "99078.00000", "2015-12-31": "96071.00000", "2014-12-31": "105257.00000", "2013-12-31": "103294.00000", "2012-12-31": "100229.00000", "2011-12-31": "96197.00000", "2010-12-31": "90279.00000", "2009-12-31": "86267.00000", "2008-12-31": "95939.00000", "2007-12-31": "91962.00000", "2006-12-31": "74728.00000", "2005-12-31": "72650.00000"}, "Common Stock Net": {"2020-12-31": "56556.00000", "2019-12-31": "55895.00000", "2018-12-31": "55151.00000", "2017-12-31": "54566.00000", "2016-12-31": "53935.00000", "2015-12-31": "53262.00000", "2014-12-31": "52666.00000", "2013-12-31": "51594.00000", "2012-12-31": "50110.00000", "2011-12-31": "48129.00000", "2010-12-31": "45418.00000", "2009-12-31": "41810.00000", "2008-12-31": "39129.00000", "2007-12-31": "35188.00000", "2006-12-31": "31271.00000", "2005-12-31": "28926.00000"}, "Retained Earnings (Accumulated Deficit)": {"2020-12-31": "162717.00000", "2019-12-31": "162954.00000", "2018-12-31": "159206.00000", "2017-12-31": "153126.00000", "2016-12-31": "152759.00000", "2015-12-31": "146124.00000", "2014-12-31": "137793.00000", "2013-12-31": "130042.00000", "2012-12-31": "117641.00000", "2011-12-31": "104857.00000", "2010-12-31": "92532.00000", "2009-12-31": "80900.00000", "2008-12-31": "70353.00000", "2007-12-31": "60640.00000", "2006-12-31": "52432.00000", "2005-12-31": "44734.00000"}, "Comprehensive Income": {"2020-12-31": "-29337.00000", "2019-12-31": "-28597.00000", "2018-12-31": "-29490.00000", "2017-12-31": "-26592.00000", "2016-12-31": "-29398.00000", "2015-12-31": "-29607.00000", "2014-12-31": "-27875.00000", "2013-12-31": "-21602.00000", "2012-12-31": "-25759.00000", "2011-12-31": "-21885.00000", "2010-12-31": "-18743.00000", "2009-12-31": "-18830.00000", "2008-12-31": "-21845.00000", "2007-12-31": "-3414.00000", "2006-12-31": "-8901.00000", "2005-12-31": "-2016.00000"}, "Other Share Holders Equity": {"2020-12-31": "", "2019-12-31": "", "2018-12-31": "", "2017-12-31": "", "2016-12-31": "", "2015-12-31": "", "2014-12-31": "", "2013-12-31": "", "2012-12-31": "", "2011-12-31": "", "2010-12-31": "", "2009-12-31": "", "2008-12-31": "", "2007-12-31": "", "2006-12-31": "", "2005-12-31": ""}, "Share Holder Equity": {"2020-12-31": "20727.00000", "2019-12-31": "20985.00000", "2018-12-31": "16929.00000", "2017-12-31": "17725.00000", "2016-12-31": "18392.00000", "2015-12-31": "14424.00000", "2014-12-31": "12014.00000", "2013-12-31": "22929.00000", "2012-12-31": "18984.00000", "2011-12-31": "20236.00000", "2010-12-31": "23172.00000", "2009-12-31": "22755.00000", "2008-12-31": "13584.00000", "2007-12-31": "28470.00000", "2006-12-31": "28506.00000", "2005-12-31": "33098.00000"}, "Total Liabilities And Share Holders Equity": {"2020-12-31": "155971.00000", "2019-12-31": "152186.00000", "2018-12-31": "123382.00000", "2017-12-31": "125356.00000", "2016-12-31": "117470.00000", "2015-12-31": "110495.00000", "2014-12-31": "117271.00000", "2013-12-31": "126223.00000", "2012-12-31": "119213.00000", "2011-12-31": "116433.00000", "2010-12-31": "113452.00000", "2009-12-31": "109022.00000", "2008-12-31": "109524.00000", "2007-12-31": "120431.00000", "2006-12-31": "103234.00000", "2005-12-31": "105748.00000"}}, "balance sheet, quarterly": {"Cash On Hand": {"2020-12-31": "14275.00000", "2020-09-30": "15753.00000", "2020-06-30": "14251.00000", "2020-03-31": "12017.00000", "2019-12-31": "9009.00000", "2019-09-30": "10958.00000", "2019-06-30": "46408.00000", "2019-03-31": "18143.00000", "2018-12-31": "12222.00000", "2018-09-30": "14663.00000", "2018-06-30": "11926.00000", "2018-03-31": "13155.00000", "2017-12-31": "12842.00000", "2017-09-30": "11515.00000", "2017-06-30": "12295.00000", "2017-03-31": "10695.00000", "2016-12-31": "8527.00000", "2016-09-30": "9968.00000", "2016-06-30": "10617.00000", "2016-03-31": "14869.00000", "2015-12-31": "8194.00000", "2015-09-30": "9568.00000", "2015-06-30": "8760.00000", "2015-03-31": "8804.00000", "2014-12-31": "8476.00000", "2014-09-30": "9565.00000", "2014-06-30": "9720.00000", "2014-03-31": "9704.00000", "2013-12-31": "11066.00000", "2013-09-30": "10232.00000", "2013-06-30": "10357.00000", "2013-03-31": "11992.00000", "2012-12-31": "11129.00000", "2012-09-30": "12254.00000", "2012-06-30": "11187.00000", "2012-03-31": "12335.00000", "2011-12-31": "11922.00000", "2011-09-30": "11303.00000", "2011-06-30": "11764.00000", "2011-03-31": "13245.00000", "2010-12-31": "11651.00000", "2010-09-30": "11086.00000", "2010-06-30": "12241.00000", "2010-03-31": "13977.00000", "2009-12-31": "13974.00000", "2009-09-30": "11512.00000", "2009-06-30": "12526.00000", "2009-03-31": "12295.00000", "2008-12-31": "12907.00000", "2008-09-30": "9756.00000", "2008-06-30": "9847.00000", "2008-03-31": "12027.00000", "2007-12-31": "16146.00000", "2007-09-30": "13823.00000", "2007-06-30": "10189.00000", "2007-03-31": "10782.00000", "2006-12-31": "10656.00000", "2006-09-30": "10901.00000", "2006-06-30": "9990.00000", "2006-03-31": "12302.00000", "2005-12-31": "13686.00000", "2005-09-30": "8254.00000", "2005-06-30": "8659.00000", "2005-03-31": "8651.00000"}, "Receivables": {"2020-12-31": "7846.00000", "2020-09-30": "7022.00000", "2020-06-30": "7480.00000", "2020-03-31": "8543.00000", "2019-12-31": "9603.00000", "2019-09-30": "8629.00000", "2019-06-30": "9195.00000", "2019-03-31": "7658.00000", "2018-12-31": "8175.00000", "2018-09-30": "7838.00000", "2018-06-30": "8534.00000", "2018-03-31": "8984.00000", "2017-12-31": "9909.00000", "2017-09-30": "9076.00000", "2017-06-30": "9395.00000", "2017-03-31": "9507.00000", "2016-12-31": "10239.00000", "2016-09-30": "9164.00000", "2016-06-30": "9912.00000", "2016-03-31": "10084.00000", "2015-12-31": "9534.00000", "2015-09-30": "8918.00000", "2015-06-30": "11022.00000", "2015-03-31": "11546.00000", "2014-12-31": "11996.00000", "2014-09-30": "10591.00000", "2014-06-30": "11457.00000", "2014-03-31": "11332.00000", "2013-12-31": "12049.00000", "2013-09-30": "11548.00000", "2013-06-30": "12175.00000", "2013-03-31": "12055.00000", "2012-12-31": "12540.00000", "2012-09-30": "11838.00000", "2012-06-30": "11875.00000", "2012-03-31": "11681.00000", "2011-12-31": "12660.00000", "2011-09-30": "10842.00000", "2011-06-30": "11666.00000", "2011-03-31": "11293.00000", "2010-12-31": "11968.00000", "2010-09-30": "10904.00000", "2010-06-30": "10191.00000", "2010-03-31": "10428.00000", "2009-12-31": "11879.00000", "2009-09-30": "10678.00000", "2009-06-30": "10740.00000", "2009-03-31": "10511.00000", "2008-12-31": "12078.00000", "2008-09-30": "11027.00000", "2008-06-30": "11986.00000", "2008-03-31": "12151.00000", "2007-12-31": "12500.00000", "2007-09-30": "11272.00000", "2007-06-30": "10897.00000", "2007-03-31": "11070.00000", "2006-12-31": "11753.00000", "2006-09-30": "10283.00000", "2006-06-30": "10273.00000", "2006-03-31": "9789.00000", "2005-12-31": "10678.00000", "2005-09-30": "10890.00000", "2005-06-30": "11639.00000", "2005-03-31": "11246.00000"}, "Inventory": {"2020-12-31": "1839.00000", "2020-09-30": "1949.00000", "2020-06-30": "1869.00000", "2020-03-31": "1786.00000", "2019-12-31": "1619.00000", "2019-09-30": "1712.00000", "2019-06-30": "1745.00000", "2019-03-31": "1771.00000", "2018-12-31": "1682.00000", "2018-09-30": "1893.00000", "2018-06-30": "1742.00000", "2018-03-31": "1753.00000", "2017-12-31": "1583.00000", "2017-09-30": "1711.00000", "2017-06-30": "1604.00000", "2017-03-31": "1609.00000", "2016-12-31": "1553.00000", "2016-09-30": "1729.00000", "2016-06-30": "1685.00000", "2016-03-31": "1690.00000", "2015-12-31": "1551.00000", "2015-09-30": "1613.00000", "2015-06-30": "1912.00000", "2015-03-31": "1970.00000", "2014-12-31": "2103.00000", "2014-09-30": "2356.00000", "2014-06-30": "2338.00000", "2014-03-31": "2456.00000", "2013-12-31": "2310.00000", "2013-09-30": "2492.00000", "2013-06-30": "2389.00000", "2013-03-31": "2421.00000", "2012-12-31": "2287.00000", "2012-09-30": "2586.00000", "2012-06-30": "2758.00000", "2012-03-31": "2754.00000", "2011-12-31": "2595.00000", "2011-09-30": "2663.00000", "2011-06-30": "2573.00000", "2011-03-31": "2549.00000", "2010-12-31": "2450.00000", "2010-09-30": "2629.00000", "2010-06-30": "2595.00000", "2010-03-31": "2524.00000", "2009-12-31": "2494.00000", "2009-09-30": "2546.00000", "2009-06-30": "2691.00000", "2009-03-31": "2759.00000", "2008-12-31": "2701.00000", "2008-09-30": "3000.00000", "2008-06-30": "2916.00000", "2008-03-31": "2977.00000", "2007-12-31": "2664.00000", "2007-09-30": "2855.00000", "2007-06-30": "2848.00000", "2007-03-31": "2912.00000", "2006-12-31": "2810.00000", "2006-09-30": "3135.00000", "2006-06-30": "3111.00000", "2006-03-31": "2953.00000", "2005-12-31": "2841.00000", "2005-09-30": "3290.00000", "2005-06-30": "3248.00000", "2005-03-31": "3417.00000"}, "Pre-Paid Expenses": {"2020-12-31": "2206.00000", "2020-09-30": "2188.00000", "2020-06-30": "2260.00000", "2020-03-31": "2509.00000", "2019-12-31": "2101.00000", "2019-09-30": "2515.00000", "2019-06-30": "2409.00000", "2019-03-31": "2478.00000", "2018-12-31": "2378.00000", "2018-09-30": "2388.00000", "2018-06-30": "2443.00000", "2018-03-31": "2573.00000", "2017-12-31": "1860.00000", "2017-09-30": "4389.00000", "2017-06-30": "4155.00000", "2017-03-31": "4715.00000", "2016-12-31": "4564.00000", "2016-09-30": "4539.00000", "2016-06-30": "4676.00000", "2016-03-31": "4334.00000", "2015-12-31": "4205.00000", "2015-09-30": "4158.00000", "2015-06-30": "4470.00000", "2015-03-31": "5890.00000", "2014-12-31": "4967.00000", "2014-09-30": "5022.00000", "2014-06-30": "4263.00000", "2014-03-31": "4430.00000", "2013-12-31": "4488.00000", "2013-09-30": "4723.00000", "2013-06-30": "4746.00000", "2013-03-31": "4747.00000", "2012-12-31": "4024.00000", "2012-09-30": "5016.00000", "2012-06-30": "5113.00000", "2012-03-31": "5299.00000", "2011-12-31": "5249.00000", "2011-09-30": "5172.00000", "2011-06-30": "4662.00000", "2011-03-31": "4376.00000", "2010-12-31": "4226.00000", "2010-09-30": "4661.00000", "2010-06-30": "5124.00000", "2010-03-31": "4121.00000", "2009-12-31": "3946.00000", "2009-09-30": "3934.00000", "2009-06-30": "3709.00000", "2009-03-31": "4068.00000", "2008-12-31": "4299.00000", "2008-09-30": "4714.00000", "2008-06-30": "4371.00000", "2008-03-31": "4456.00000", "2007-12-31": "3891.00000", "2007-09-30": "3140.00000", "2007-06-30": "3175.00000", "2007-03-31": "2985.00000", "2006-12-31": "2539.00000", "2006-09-30": "2548.00000", "2006-06-30": "2514.00000", "2006-03-31": "2651.00000", "2005-12-31": "2941.00000", "2005-09-30": "2718.00000", "2005-06-30": "2653.00000", "2005-03-31": "2746.00000"}, "Other Current Assets": {"2020-12-31": "", "2020-09-30": "", "2020-06-30": "", "2020-03-31": "", "2019-12-31": "", "2019-09-30": "", "2019-06-30": "", "2019-03-31": "", "2018-12-31": "", "2018-09-30": "", "2018-06-30": "", "2018-03-31": "", "2017-12-31": "", "2017-09-30": "", "2017-06-30": "", "2017-03-31": "", "2016-12-31": "", "2016-09-30": "", "2016-06-30": "", "2016-03-31": "", "2015-12-31": "", "2015-09-30": "", "2015-06-30": "", "2015-03-31": "", "2014-12-31": "", "2014-09-30": "", "2014-06-30": "", "2014-03-31": "", "2013-12-31": "", "2013-09-30": "", "2013-06-30": "", "2013-03-31": "", "2012-12-31": "", "2012-09-30": "", "2012-06-30": "", "2012-03-31": "", "2011-12-31": "", "2011-09-30": "", "2011-06-30": "", "2011-03-31": "", "2010-12-31": "", "2010-09-30": "", "2010-06-30": "", "2010-03-31": "", "2009-12-31": "", "2009-09-30": "", "2009-06-30": "", "2009-03-31": "", "2008-12-31": "", "2008-09-30": "", "2008-06-30": "", "2008-03-31": "", "2007-12-31": "", "2007-09-30": "", "2007-06-30": "", "2007-03-31": "", "2006-12-31": "", "2006-09-30": "", "2006-06-30": "", "2006-03-31": "", "2005-12-31": "", "2005-09-30": "", "2005-06-30": "", "2005-03-31": ""}, "Total Current Assets": {"2020-12-31": "39165.00000", "2020-09-30": "39845.00000", "2020-06-30": "39953.00000", "2020-03-31": "38931.00000", "2019-12-31": "38420.00000", "2019-09-30": "38121.00000", "2019-06-30": "77517.00000", "2019-03-31": "52705.00000", "2018-12-31": "49146.00000", "2018-09-30": "48257.00000", "2018-06-30": "46795.00000", "2018-03-31": "49122.00000", "2017-12-31": "49735.00000", "2017-09-30": "44742.00000", "2017-06-30": "45013.00000", "2017-03-31": "42889.00000", "2016-12-31": "43888.00000", "2016-09-30": "41433.00000", "2016-06-30": "43524.00000", "2016-03-31": "47623.00000", "2015-12-31": "42504.00000", "2015-09-30": "42112.00000", "2015-06-30": "45186.00000", "2015-03-31": "46316.00000", "2014-12-31": "47377.00000", "2014-09-30": "47163.00000", "2014-06-30": "48182.00000", "2014-03-31": "47959.00000", "2013-12-31": "51350.00000", "2013-09-30": "47533.00000", "2013-06-30": "47911.00000", "2013-03-31": "48949.00000", "2012-12-31": "49433.00000", "2012-09-30": "48141.00000", "2012-06-30": "47392.00000", "2012-03-31": "48847.00000", "2011-12-31": "50928.00000", "2011-09-30": "45373.00000", "2011-06-30": "46937.00000", "2011-03-31": "47524.00000", "2010-12-31": "48116.00000", "2010-09-30": "44469.00000", "2010-06-30": "44895.00000", "2010-03-31": "45697.00000", "2009-12-31": "48935.00000", "2009-09-30": "43446.00000", "2009-06-30": "44435.00000", "2009-03-31": "43995.00000", "2008-12-31": "49004.00000", "2008-09-30": "44187.00000", "2008-06-30": "46310.00000", "2008-03-31": "48425.00000", "2007-12-31": "53177.00000", "2007-09-30": "46588.00000", "2007-06-30": "42293.00000", "2007-03-31": "42446.00000", "2006-12-31": "44660.00000", "2006-09-30": "40668.00000", "2006-06-30": "39591.00000", "2006-03-31": "41583.00000", "2005-12-31": "45661.00000", "2005-09-30": "39143.00000", "2005-06-30": "40510.00000", "2005-03-31": "41343.00000"}, "Property, Plant, And Equipment": {"2020-12-31": "10040.00000", "2020-09-30": "9958.00000", "2020-06-30": "9709.00000", "2020-03-31": "9626.00000", "2019-12-31": "10010.00000", "2019-09-30": "10063.00000", "2019-06-30": "10202.00000", "2019-03-31": "10675.00000", "2018-12-31": "10792.00000", "2018-09-30": "10949.00000", "2018-06-30": "11024.00000", "2018-03-31": "11278.00000", "2017-12-31": "11116.00000", "2017-09-30": "11057.00000", "2017-06-30": "10903.00000", "2017-03-31": "10865.00000", "2016-12-31": "10830.00000", "2016-09-30": "11104.00000", "2016-06-30": "11092.00000", "2016-03-31": "10910.00000", "2015-12-31": "10727.00000", "2015-09-30": "10661.00000", "2015-06-30": "10702.00000", "2015-03-31": "10509.00000", "2014-12-31": "10771.00000", "2014-09-30": "11068.00000", "2014-06-30": "13748.00000", "2014-03-31": "13683.00000", "2013-12-31": "13821.00000", "2013-09-30": "13877.00000", "2013-06-30": "13356.00000", "2013-03-31": "13597.00000", "2012-12-31": "13996.00000", "2012-09-30": "14027.00000", "2012-06-30": "13865.00000", "2012-03-31": "13946.00000", "2011-12-31": "13883.00000", "2011-09-30": "13887.00000", "2011-06-30": "14239.00000", "2011-03-31": "14208.00000", "2010-12-31": "14096.00000", "2010-09-30": "14009.00000", "2010-06-30": "13534.00000", "2010-03-31": "13841.00000", "2009-12-31": "14165.00000", "2009-09-30": "14189.00000", "2009-06-30": "13948.00000", "2009-03-31": "13727.00000", "2008-12-31": "14305.00000", "2008-09-30": "14659.00000", "2008-06-30": "15386.00000", "2008-03-31": "15470.00000", "2007-12-31": "15081.00000", "2007-09-30": "14836.00000", "2007-06-30": "14479.00000", "2007-03-31": "14414.00000", "2006-12-31": "14440.00000", "2006-09-30": "14059.00000", "2006-06-30": "13963.00000", "2006-03-31": "13712.00000", "2005-12-31": "13756.00000", "2005-09-30": "14042.00000", "2005-06-30": "14212.00000", "2005-03-31": "14708.00000"}, "Long-Term Investments": {"2020-12-31": "2282.00000", "2020-09-30": "1944.00000", "2020-06-30": "1921.00000", "2020-03-31": "1911.00000", "2019-12-31": "2074.00000", "2019-09-30": "2221.00000", "2019-06-30": "2228.00000", "2019-03-31": "2403.00000", "2018-12-31": "2386.00000", "2018-09-30": "2272.00000", "2018-06-30": "2518.00000", "2018-03-31": "2942.00000", "2017-12-31": "2783.00000", "2017-09-30": "4806.00000", "2017-06-30": "4759.00000", "2017-03-31": "4549.00000", "2016-12-31": "4585.00000", "2016-09-30": "5075.00000", "2016-06-30": "5259.00000", "2016-03-31": "5223.00000", "2015-12-31": "5187.00000", "2015-09-30": "5586.00000", "2015-06-30": "5377.00000", "2015-03-31": "5466.00000", "2014-12-31": "5520.00000", "2014-09-30": "5126.00000", "2014-06-30": "5369.00000", "2014-03-31": "5030.00000", "2013-12-31": "4639.00000", "2013-09-30": "4718.00000", "2013-06-30": "4721.00000", "2013-03-31": "5011.00000", "2012-12-31": "5021.00000", "2012-09-30": "5006.00000", "2012-06-30": "4730.00000", "2012-03-31": "4822.00000", "2011-12-31": "4895.00000", "2011-09-30": "5422.00000", "2011-06-30": "5329.00000", "2011-03-31": "5380.00000", "2010-12-31": "5778.00000", "2010-09-30": "6166.00000", "2010-06-30": "6038.00000", "2010-03-31": "5794.00000", "2009-12-31": "5379.00000", "2009-09-30": "5051.00000", "2009-06-30": "4813.00000", "2009-03-31": "4928.00000", "2008-12-31": "5058.00000", "2008-09-30": "5526.00000", "2008-06-30": "5829.00000", "2008-03-31": "6262.00000", "2007-12-31": "5248.00000", "2007-09-30": "9007.00000", "2007-06-30": "8865.00000", "2007-03-31": "8383.00000", "2006-12-31": "8381.00000", "2006-09-30": "4855.00000", "2006-06-30": "5046.00000", "2006-03-31": "4975.00000", "2005-12-31": "4974.00000", "2005-09-30": "6345.00000", "2005-06-30": "7029.00000", "2005-03-31": "6938.00000"}, "Goodwill And Intangible Assets": {"2020-12-31": "73413.00000", "2020-09-30": "72317.00000", "2020-06-30": "72103.00000", "2020-03-31": "72183.00000", "2019-12-31": "73457.00000", "2019-09-30": "73564.00000", "2019-06-30": "38012.00000", "2019-03-31": "39237.00000", "2018-12-31": "39352.00000", "2018-09-30": "39660.00000", "2018-06-30": "39826.00000", "2018-03-31": "40253.00000", "2017-12-31": "40530.00000", "2017-09-30": "40763.00000", "2017-06-30": "40696.00000", "2017-03-31": "40743.00000", "2016-12-31": "40887.00000", "2016-09-30": "41282.00000", "2016-06-30": "41570.00000", "2016-03-31": "38695.00000", "2015-12-31": "35508.00000", "2015-09-30": "33050.00000", "2015-06-30": "33473.00000", "2015-03-31": "32862.00000", "2014-12-31": "33660.00000", "2014-09-30": "34418.00000", "2014-06-30": "35153.00000", "2014-03-31": "34912.00000", "2013-12-31": "35055.00000", "2013-09-30": "34885.00000", "2013-06-30": "32264.00000", "2013-03-31": "32626.00000", "2012-12-31": "33034.00000", "2012-09-30": "31835.00000", "2012-06-30": "31392.00000", "2012-03-31": "31109.00000", "2011-12-31": "29605.00000", "2011-09-30": "27946.00000", "2011-06-30": "28814.00000", "2011-03-31": "28732.00000", "2010-12-31": "28624.00000", "2010-09-30": "25750.00000", "2010-06-30": "23070.00000", "2010-03-31": "23507.00000", "2009-12-31": "22703.00000", "2009-09-30": "21708.00000", "2009-06-30": "21317.00000", "2009-03-31": "20791.00000", "2008-12-31": "21104.00000", "2008-09-30": "21909.00000", "2008-06-30": "22901.00000", "2008-03-31": "21746.00000", "2007-12-31": "16392.00000", "2007-09-30": "16005.00000", "2007-06-30": "15291.00000", "2007-03-31": "15260.00000", "2006-12-31": "15056.00000", "2006-09-30": "11936.00000", "2006-06-30": "11981.00000", "2006-03-31": "11836.00000", "2005-12-31": "11104.00000", "2005-09-30": "11061.00000", "2005-06-30": "10966.00000", "2005-03-31": "10332.00000"}, "Other Long-Term Assets": {"2020-12-31": "", "2020-09-30": "", "2020-06-30": "", "2020-03-31": "", "2019-12-31": "", "2019-09-30": "", "2019-06-30": "", "2019-03-31": "", "2018-12-31": "", "2018-09-30": "", "2018-06-30": "", "2018-03-31": "", "2017-12-31": "", "2017-09-30": "", "2017-06-30": "", "2017-03-31": "", "2016-12-31": "", "2016-09-30": "", "2016-06-30": "", "2016-03-31": "", "2015-12-31": "", "2015-09-30": "", "2015-06-30": "", "2015-03-31": "", "2014-12-31": "", "2014-09-30": "", "2014-06-30": "", "2014-03-31": "", "2013-12-31": "", "2013-09-30": "", "2013-06-30": "", "2013-03-31": "", "2012-12-31": "", "2012-09-30": "", "2012-06-30": "", "2012-03-31": "", "2011-12-31": "", "2011-09-30": "", "2011-06-30": "", "2011-03-31": "", "2010-12-31": "", "2010-09-30": "", "2010-06-30": "", "2010-03-31": "", "2009-12-31": "", "2009-09-30": "", "2009-06-30": "", "2009-03-31": "", "2008-12-31": "", "2008-09-30": "", "2008-06-30": "", "2008-03-31": "", "2007-12-31": "", "2007-09-30": "", "2007-06-30": "", "2007-03-31": "", "2006-12-31": "", "2006-09-30": "", "2006-06-30": "", "2006-03-31": "", "2005-12-31": "", "2005-09-30": "", "2005-06-30": "", "2005-03-31": ""}, "Total Long-Term Assets": {"2020-12-31": "116807.00000", "2020-09-30": "114283.00000", "2020-06-30": "114246.00000", "2020-03-31": "114473.00000", "2019-12-31": "113768.00000", "2019-09-30": "111498.00000", "2019-06-30": "77136.00000", "2019-03-31": "78223.00000", "2018-12-31": "74236.00000", "2018-09-30": "73732.00000", "2018-06-30": "74828.00000", "2018-03-31": "76162.00000", "2017-12-31": "75620.00000", "2017-09-30": "76895.00000", "2017-06-30": "75481.00000", "2017-03-31": "74607.00000", "2016-12-31": "73581.00000", "2016-09-30": "74173.00000", "2016-06-30": "74532.00000", "2016-03-31": "71235.00000", "2015-12-31": "67991.00000", "2015-09-30": "66537.00000", "2015-06-30": "67542.00000", "2015-03-31": "65721.00000", "2014-12-31": "69895.00000", "2014-09-30": "71745.00000", "2014-06-30": "76132.00000", "2014-03-31": "74687.00000", "2013-12-31": "74872.00000", "2013-09-30": "70313.00000", "2013-06-30": "67241.00000", "2013-03-31": "68310.00000", "2012-12-31": "69781.00000", "2012-09-30": "67638.00000", "2012-06-30": "66439.00000", "2012-03-31": "66500.00000", "2011-12-31": "65505.00000", "2011-09-30": "64786.00000", "2011-06-30": "66536.00000", "2011-03-31": "65438.00000", "2010-12-31": "65334.00000", "2010-09-30": "62705.00000", "2010-06-30": "58524.00000", "2010-03-31": "59510.00000", "2009-12-31": "60087.00000", "2009-09-30": "60229.00000", "2009-06-30": "59219.00000", "2009-03-31": "57950.00000", "2008-12-31": "60521.00000", "2008-09-30": "71722.00000", "2008-06-30": "74616.00000", "2008-03-31": "73398.00000", "2007-12-31": "67254.00000", "2007-09-30": "62021.00000", "2007-06-30": "60256.00000", "2007-03-31": "59174.00000", "2006-12-31": "58574.00000", "2006-09-30": "63488.00000", "2006-06-30": "63787.00000", "2006-03-31": "60886.00000", "2005-12-31": "60087.00000", "2005-09-30": "61866.00000", "2005-06-30": "62878.00000", "2005-03-31": "63556.00000"}, "Total Assets": {"2020-12-31": "155971.00000", "2020-09-30": "154128.00000", "2020-06-30": "154200.00000", "2020-03-31": "153403.00000", "2019-12-31": "152186.00000", "2019-09-30": "149620.00000", "2019-06-30": "154652.00000", "2019-03-31": "130926.00000", "2018-12-31": "123382.00000", "2018-09-30": "121990.00000", "2018-06-30": "121622.00000", "2018-03-31": "125285.00000", "2017-12-31": "125356.00000", "2017-09-30": "121636.00000", "2017-06-30": "120495.00000", "2017-03-31": "117495.00000", "2016-12-31": "117470.00000", "2016-09-30": "115606.00000", "2016-06-30": "118056.00000", "2016-03-31": "118856.00000", "2015-12-31": "110495.00000", "2015-09-30": "108649.00000", "2015-06-30": "112729.00000", "2015-03-31": "112037.00000", "2014-12-31": "117271.00000", "2014-09-30": "118911.00000", "2014-06-30": "124314.00000", "2014-03-31": "122646.00000", "2013-12-31": "126223.00000", "2013-09-30": "117845.00000", "2013-06-30": "115153.00000", "2013-03-31": "117258.00000", "2012-12-31": "119213.00000", "2012-09-30": "115778.00000", "2012-06-30": "113832.00000", "2012-03-31": "115347.00000", "2011-12-31": "116433.00000", "2011-09-30": "110158.00000", "2011-06-30": "113474.00000", "2011-03-31": "112960.00000", "2010-12-31": "113452.00000", "2010-09-30": "107174.00000", "2010-06-30": "103420.00000", "2010-03-31": "105208.00000", "2009-12-31": "109022.00000", "2009-09-30": "103675.00000", "2009-06-30": "103655.00000", "2009-03-31": "101944.00000", "2008-12-31": "109524.00000", "2008-09-30": "115910.00000", "2008-06-30": "120928.00000", "2008-03-31": "121823.00000", "2007-12-31": "120431.00000", "2007-09-30": "108609.00000", "2007-06-30": "102548.00000", "2007-03-31": "101619.00000", "2006-12-31": "103234.00000", "2006-09-30": "104155.00000", "2006-06-30": "103377.00000", "2006-03-31": "102468.00000", "2005-12-31": "105748.00000", "2005-09-30": "101009.00000", "2005-06-30": "103388.00000", "2005-03-31": "104899.00000"}, "Total Current Liabilities": {"2020-12-31": "39869.00000", "2020-09-30": "37993.00000", "2020-06-30": "38442.00000", "2020-03-31": "40673.00000", "2019-12-31": "37701.00000", "2019-09-30": "35066.00000", "2019-06-30": "42351.00000", "2019-03-31": "38871.00000", "2018-12-31": "38227.00000", "2018-09-30": "36822.00000", "2018-06-30": "35442.00000", "2018-03-31": "35733.00000", "2017-12-31": "37363.00000", "2017-09-30": "31697.00000", "2017-06-30": "35966.00000", "2017-03-31": "36481.00000", "2016-12-31": "36275.00000", "2016-09-30": "34447.00000", "2016-06-30": "33585.00000", "2016-03-31": "34664.00000", "2015-12-31": "34269.00000", "2015-09-30": "33732.00000", "2015-06-30": "35535.00000", "2015-03-31": "35640.00000", "2014-12-31": "39581.00000", "2014-09-30": "42306.00000", "2014-06-30": "42433.00000", "2014-03-31": "41058.00000", "2013-12-31": "40154.00000", "2013-09-30": "39222.00000", "2013-06-30": "41037.00000", "2013-03-31": "42122.00000", "2012-12-31": "43625.00000", "2012-09-30": "39499.00000", "2012-06-30": "38903.00000", "2012-03-31": "38209.00000", "2011-12-31": "42123.00000", "2011-09-30": "36028.00000", "2011-06-30": "39843.00000", "2011-03-31": "40387.00000", "2010-12-31": "40562.00000", "2010-09-30": "35443.00000", "2010-06-30": "34993.00000", "2010-03-31": "34575.00000", "2009-12-31": "36002.00000", "2009-09-30": "32960.00000", "2009-06-30": "36430.00000", "2009-03-31": "37425.00000", "2008-12-31": "42435.00000", "2008-09-30": "44752.00000", "2008-06-30": "44683.00000", "2008-03-31": "47048.00000", "2007-12-31": "44310.00000", "2007-09-30": "45010.00000", "2007-06-30": "48084.00000", "2007-03-31": "36763.00000", "2006-12-31": "40091.00000", "2006-09-30": "34929.00000", "2006-06-30": "34118.00000", "2006-03-31": "33268.00000", "2005-12-31": "35152.00000", "2005-09-30": "29964.00000", "2005-06-30": "32197.00000", "2005-03-31": "33822.00000"}, "Long Term Debt": {"2020-12-31": "54355.00000", "2020-09-30": "55129.00000", "2020-06-30": "55449.00000", "2020-03-31": "52685.00000", "2019-12-31": "54102.00000", "2019-09-30": "57797.00000", "2019-06-30": "58445.00000", "2019-03-31": "39727.00000", "2018-12-31": "35605.00000", "2018-09-30": "35989.00000", "2018-06-30": "37851.00000", "2018-03-31": "40410.00000", "2017-12-31": "39837.00000", "2017-09-30": "41327.00000", "2017-06-30": "37612.00000", "2017-03-31": "34441.00000", "2016-12-31": "34655.00000", "2016-09-30": "35563.00000", "2016-06-30": "39638.00000", "2016-03-31": "40254.00000", "2015-12-31": "33428.00000", "2015-09-30": "32122.00000", "2015-06-30": "33339.00000", "2015-03-31": "34295.00000", "2014-12-31": "34991.00000", "2014-09-30": "32821.00000", "2014-06-30": "34008.00000", "2014-03-31": "34668.00000", "2013-12-31": "32856.00000", "2013-09-30": "28478.00000", "2013-06-30": "26292.00000", "2013-03-31": "24672.00000", "2012-12-31": "24088.00000", "2012-09-30": "24333.00000", "2012-06-30": "24766.00000", "2012-03-31": "25760.00000", "2011-12-31": "22857.00000", "2011-09-30": "24089.00000", "2011-06-30": "21915.00000", "2011-03-31": "21749.00000", "2010-12-31": "21846.00000", "2010-09-30": "21899.00000", "2010-06-30": "21017.00000", "2010-03-31": "21305.00000", "2009-12-31": "21932.00000", "2009-09-30": "20583.00000", "2009-06-30": "20868.00000", "2009-03-31": "21106.00000", "2008-12-31": "22689.00000", "2008-09-30": "18232.00000", "2008-06-30": "21522.00000", "2008-03-31": "19951.00000", "2007-12-31": "23039.00000", "2007-09-30": "18775.00000", "2007-06-30": "14179.00000", "2007-03-31": "14285.00000", "2006-12-31": "13780.00000", "2006-09-30": "13436.00000", "2006-06-30": "13872.00000", "2006-03-31": "15325.00000", "2005-12-31": "15425.00000", "2005-09-30": "17372.00000", "2005-06-30": "17584.00000", "2005-03-31": "17083.00000"}, "Other Non-Current Liabilities": {"2020-12-31": "14897.00000", "2020-09-30": "15484.00000", "2020-06-30": "15666.00000", "2020-03-31": "15874.00000", "2019-12-31": "14526.00000", "2019-09-30": "15564.00000", "2019-06-30": "12190.00000", "2019-03-31": "12184.00000", "2018-12-31": "12174.00000", "2018-09-30": "9979.00000", "2018-06-30": "10000.00000", "2018-03-31": "10250.00000", "2017-12-31": "9965.00000", "2017-09-30": "7723.00000", "2017-06-30": "7437.00000", "2017-03-31": "7601.00000", "2016-12-31": "7477.00000", "2016-09-30": "8138.00000", "2016-06-30": "8385.00000", "2016-03-31": "8264.00000", "2015-12-31": "8099.00000", "2015-09-30": "8739.00000", "2015-06-30": "8827.00000", "2015-03-31": "8791.00000", "2014-12-31": "8733.00000", "2014-09-30": "10613.00000", "2014-06-30": "10224.00000", "2014-03-31": "10106.00000", "2013-12-31": "9934.00000", "2013-09-30": "8057.00000", "2013-06-30": "7812.00000", "2013-03-31": "7771.00000", "2012-12-31": "7607.00000", "2012-09-30": "9335.00000", "2012-06-30": "9166.00000", "2012-03-31": "9112.00000", "2011-12-31": "8996.00000", "2011-09-30": "8654.00000", "2011-06-30": "8851.00000", "2011-03-31": "8330.00000", "2010-12-31": "8226.00000", "2010-09-30": "8842.00000", "2010-06-30": "8295.00000", "2010-03-31": "8506.00000", "2009-12-31": "8819.00000", "2009-09-30": "9863.00000", "2009-06-30": "9141.00000", "2009-03-31": "8214.00000", "2008-12-31": "8192.00000", "2008-09-30": "8944.00000", "2008-06-30": "9044.00000", "2008-03-31": "8600.00000", "2007-12-31": "7970.00000", "2007-09-30": "7678.00000", "2007-06-30": "7406.00000", "2007-03-31": "9613.00000", "2006-12-31": "4801.00000", "2006-09-30": "8530.00000", "2006-06-30": "8789.00000", "2006-03-31": "8252.00000", "2005-12-31": "8294.00000", "2005-09-30": "8324.00000", "2005-06-30": "8326.00000", "2005-03-31": "8478.00000"}, "Total Long Term Liabilities": {"2020-12-31": "95375.00000", "2020-09-30": "94800.00000", "2020-06-30": "95069.00000", "2020-03-31": "92601.00000", "2019-12-31": "93500.00000", "2019-09-30": "96458.00000", "2019-06-30": "94526.00000", "2019-03-31": "75449.00000", "2018-12-31": "68226.00000", "2018-09-30": "65249.00000", "2018-06-30": "67532.00000", "2018-03-31": "71262.00000", "2017-12-31": "70268.00000", "2017-09-30": "70183.00000", "2017-06-30": "65986.00000", "2017-03-31": "62566.00000", "2016-12-31": "62802.00000", "2016-09-30": "64000.00000", "2016-06-30": "68583.00000", "2016-03-31": "69119.00000", "2015-12-31": "61802.00000", "2015-09-30": "61466.00000", "2015-06-30": "63356.00000", "2015-03-31": "64108.00000", "2014-12-31": "65676.00000", "2014-09-30": "62210.00000", "2014-06-30": "64368.00000", "2014-03-31": "64847.00000", "2013-12-31": "63140.00000", "2013-09-30": "58616.00000", "2013-06-30": "56232.00000", "2013-03-31": "55921.00000", "2012-12-31": "56604.00000", "2012-09-30": "54613.00000", "2012-06-30": "54365.00000", "2012-03-31": "56355.00000", "2011-12-31": "54074.00000", "2011-09-30": "51752.00000", "2011-06-30": "50421.00000", "2011-03-31": "49798.00000", "2010-12-31": "49716.00000", "2010-09-30": "49373.00000", "2010-06-30": "47251.00000", "2010-03-31": "48483.00000", "2009-12-31": "50266.00000", "2009-09-30": "52221.00000", "2009-06-30": "51751.00000", "2009-03-31": "50826.00000", "2008-12-31": "53504.00000", "2008-09-30": "43639.00000", "2008-06-30": "47980.00000", "2008-03-31": "46047.00000", "2007-12-31": "47651.00000", "2007-09-30": "43052.00000", "2007-06-30": "37709.00000", "2007-03-31": "37049.00000", "2006-12-31": "34636.00000", "2006-09-30": "34978.00000", "2006-06-30": "35710.00000", "2006-03-31": "36469.00000", "2005-12-31": "37498.00000", "2005-09-30": "40810.00000", "2005-06-30": "41066.00000", "2005-03-31": "41157.00000"}, "Total Liabilities": {"2020-12-31": "135244.00000", "2020-09-30": "132794.00000", "2020-06-30": "133512.00000", "2020-03-31": "133275.00000", "2019-12-31": "131202.00000", "2019-09-30": "131524.00000", "2019-06-30": "136876.00000", "2019-03-31": "114319.00000", "2018-12-31": "106452.00000", "2018-09-30": "102071.00000", "2018-06-30": "102974.00000", "2018-03-31": "106995.00000", "2017-12-31": "107631.00000", "2017-09-30": "101879.00000", "2017-06-30": "101951.00000", "2017-03-31": "99047.00000", "2016-12-31": "99078.00000", "2016-09-30": "98447.00000", "2016-06-30": "102167.00000", "2016-03-31": "103784.00000", "2015-12-31": "96071.00000", "2015-09-30": "95198.00000", "2015-06-30": "98892.00000", "2015-03-31": "99747.00000", "2014-12-31": "105257.00000", "2014-09-30": "104515.00000", "2014-06-30": "106801.00000", "2014-03-31": "105906.00000", "2013-12-31": "103294.00000", "2013-09-30": "97837.00000", "2013-06-30": "97269.00000", "2013-03-31": "98044.00000", "2012-12-31": "100229.00000", "2012-09-30": "94112.00000", "2012-06-30": "93269.00000", "2012-03-31": "94563.00000", "2011-12-31": "96197.00000", "2011-09-30": "87781.00000", "2011-06-30": "90263.00000", "2011-03-31": "90185.00000", "2010-12-31": "90279.00000", "2010-09-30": "84815.00000", "2010-06-30": "82244.00000", "2010-03-31": "83059.00000", "2009-12-31": "86267.00000", "2009-09-30": "85182.00000", "2009-06-30": "88182.00000", "2009-03-31": "88252.00000", "2008-12-31": "95939.00000", "2008-09-30": "88391.00000", "2008-06-30": "92663.00000", "2008-03-31": "93095.00000", "2007-12-31": "91962.00000", "2007-09-30": "88062.00000", "2007-06-30": "85792.00000", "2007-03-31": "73811.00000", "2006-12-31": "74728.00000", "2006-09-30": "69907.00000", "2006-06-30": "69828.00000", "2006-03-31": "69737.00000", "2005-12-31": "72650.00000", "2005-09-30": "70774.00000", "2005-06-30": "73263.00000", "2005-03-31": "74979.00000"}, "Common Stock Net": {"2020-12-31": "56556.00000", "2020-09-30": "56366.00000", "2020-06-30": "56135.00000", "2020-03-31": "56092.00000", "2019-12-31": "55895.00000", "2019-09-30": "55808.00000", "2019-06-30": "55404.00000", "2019-03-31": "55287.00000", "2018-12-31": "55151.00000", "2018-09-30": "54987.00000", "2018-06-30": "54827.00000", "2018-03-31": "54712.00000", "2017-12-31": "54566.00000", "2017-09-30": "54395.00000", "2017-06-30": "54235.00000", "2017-03-31": "54104.00000", "2016-12-31": "53935.00000", "2016-09-30": "53759.00000", "2016-06-30": "53565.00000", "2016-03-31": "53439.00000", "2015-12-31": "53262.00000", "2015-09-30": "53220.00000", "2015-06-30": "53059.00000", "2015-03-31": "52928.00000", "2014-12-31": "52666.00000", "2014-09-30": "52446.00000", "2014-06-30": "52163.00000", "2014-03-31": "51943.00000", "2013-12-31": "51594.00000", "2013-09-30": "51203.00000", "2013-06-30": "50886.00000", "2013-03-31": "50522.00000", "2012-12-31": "50110.00000", "2012-09-30": "49603.00000", "2012-06-30": "49157.00000", "2012-03-31": "48800.00000", "2011-12-31": "48129.00000", "2011-09-30": "47558.00000", "2011-06-30": "46975.00000", "2011-03-31": "46278.00000", "2010-12-31": "45418.00000", "2010-09-30": "44328.00000", "2010-06-30": "43522.00000", "2010-03-31": "42665.00000", "2009-12-31": "41810.00000", "2009-09-30": "40482.00000", "2009-06-30": "39774.00000", "2009-03-31": "39430.00000", "2008-12-31": "39129.00000", "2008-09-30": "38874.00000", "2008-06-30": "37882.00000", "2008-03-31": "36252.00000", "2007-12-31": "35188.00000", "2007-09-30": "34705.00000", "2007-06-30": "33374.00000", "2007-03-31": "32264.00000", "2006-12-31": "31271.00000", "2006-09-30": "30257.00000", "2006-06-30": "29823.00000", "2006-03-31": "29431.00000", "2005-12-31": "28926.00000", "2005-09-30": "28191.00000", "2005-06-30": "27725.00000", "2005-03-31": "27296.00000"}, "Retained Earnings (Accumulated Deficit)": {"2020-12-31": "162717.00000", "2020-09-30": "162806.00000", "2020-06-30": "162559.00000", "2020-03-31": "162626.00000", "2019-12-31": "162954.00000", "2019-09-30": "160709.00000", "2019-06-30": "160467.00000", "2019-03-31": "159396.00000", "2018-12-31": "159206.00000", "2018-09-30": "158612.00000", "2018-06-30": "157349.00000", "2018-03-31": "156371.00000", "2017-12-31": "153126.00000", "2017-09-30": "155565.00000", "2017-06-30": "154234.00000", "2017-03-31": "153292.00000", "2016-12-31": "152759.00000", "2016-09-30": "149585.00000", "2016-06-30": "148071.00000", "2016-03-31": "146888.00000", "2015-12-31": "146124.00000", "2015-09-30": "142898.00000", "2015-06-30": "141218.00000", "2015-03-31": "139030.00000", "2014-12-31": "137793.00000", "2014-09-30": "133403.00000", "2014-06-30": "134483.00000", "2014-03-31": "131431.00000", "2013-12-31": "130042.00000", "2013-09-30": "124885.00000", "2013-06-30": "121883.00000", "2013-03-31": "119713.00000", "2012-12-31": "117641.00000", "2012-09-30": "112773.00000", "2012-06-30": "109928.00000", "2012-03-31": "107036.00000", "2011-12-31": "104857.00000", "2011-09-30": "100266.00000", "2011-06-30": "97334.00000", "2011-03-31": "94590.00000", "2010-12-31": "92532.00000", "2010-09-30": "88095.00000", "2010-06-30": "85323.00000", "2010-03-31": "82783.00000", "2009-12-31": "80900.00000", "2009-09-30": "76812.00000", "2009-06-30": "74328.00000", "2009-03-31": "71968.00000", "2008-12-31": "70353.00000", "2008-09-30": "66600.00000", "2008-06-30": "64456.00000", "2008-03-31": "62378.00000", "2007-12-31": "60640.00000", "2007-09-30": "57298.00000", "2007-06-30": "55503.00000", "2007-03-31": "53878.00000", "2006-12-31": "52432.00000", "2006-09-30": "49402.00000", "2006-06-30": "47647.00000", "2006-03-31": "46096.00000", "2005-12-31": "44734.00000", "2005-09-30": "41897.00000", "2005-06-30": "40717.00000", "2005-03-31": "39219.00000"}, "Comprehensive Income": {"2020-12-31": "-29337.00000", "2020-09-30": "-28584.00000", "2020-06-30": "-28757.00000", "2020-03-31": "-29283.00000", "2019-12-31": "-28597.00000", "2019-09-30": "-29086.00000", "2019-06-30": "-28841.00000", "2019-03-31": "-29182.00000", "2018-12-31": "-29490.00000", "2018-09-30": "-27820.00000", "2018-06-30": "-28290.00000", "2018-03-31": "-28583.00000", "2017-12-31": "-26592.00000", "2017-09-30": "-27521.00000", "2017-06-30": "-28189.00000", "2017-03-31": "-28710.00000", "2016-12-31": "-29398.00000", "2016-09-30": "-28164.00000", "2016-06-30": "-28604.00000", "2016-03-31": "-28998.00000", "2015-12-31": "-29607.00000", "2015-09-30": "-28155.00000", "2015-06-30": "-27432.00000", "2015-03-31": "-27842.00000", "2014-12-31": "-27875.00000", "2014-09-30": "-20978.00000", "2014-06-30": "-20369.00000", "2014-03-31": "-21156.00000", "2013-12-31": "-21602.00000", "2013-09-30": "-24971.00000", "2013-06-30": "-25774.00000", "2013-03-31": "-25466.00000", "2012-12-31": "-25759.00000", "2012-09-30": "-20720.00000", "2012-06-30": "-21498.00000", "2012-03-31": "-21115.00000", "2011-12-31": "-21885.00000", "2011-09-30": "-18099.00000", "2011-06-30": "-17109.00000", "2011-03-31": "-18119.00000", "2010-12-31": "-18743.00000", "2010-09-30": "-17479.00000", "2010-06-30": "-18510.00000", "2010-03-31": "-18178.00000", "2009-12-31": "-18830.00000", "2009-09-30": "-20487.00000", "2009-06-30": "-21043.00000", "2009-03-31": "-21649.00000", "2008-12-31": "-21845.00000", "2008-09-30": "-4384.00000", "2008-06-30": "-3006.00000", "2008-03-31": "-3282.00000", "2007-12-31": "-3414.00000", "2007-09-30": "-7513.00000", "2007-06-30": "-7997.00000", "2007-03-31": "-8607.00000", "2006-12-31": "-8901.00000", "2006-09-30": "-315.00000", "2006-06-30": "-354.00000", "2006-03-31": "-1758.00000", "2005-12-31": "-2016.00000", "2005-09-30": "-2211.00000", "2005-06-30": "-2324.00000", "2005-03-31": "-2163.00000"}, "Other Share Holders Equity": {"2020-12-31": "", "2020-09-30": "", "2020-06-30": "", "2020-03-31": "", "2019-12-31": "", "2019-09-30": "", "2019-06-30": "", "2019-03-31": "", "2018-12-31": "", "2018-09-30": "", "2018-06-30": "", "2018-03-31": "", "2017-12-31": "", "2017-09-30": "", "2017-06-30": "", "2017-03-31": "", "2016-12-31": "", "2016-09-30": "", "2016-06-30": "", "2016-03-31": "", "2015-12-31": "", "2015-09-30": "", "2015-06-30": "", "2015-03-31": "", "2014-12-31": "", "2014-09-30": "", "2014-06-30": "", "2014-03-31": "", "2013-12-31": "", "2013-09-30": "", "2013-06-30": "", "2013-03-31": "", "2012-12-31": "", "2012-09-30": "", "2012-06-30": "", "2012-03-31": "", "2011-12-31": "", "2011-09-30": "", "2011-06-30": "", "2011-03-31": "", "2010-12-31": "", "2010-09-30": "", "2010-06-30": "", "2010-03-31": "", "2009-12-31": "", "2009-09-30": "", "2009-06-30": "", "2009-03-31": "", "2008-12-31": "", "2008-09-30": "", "2008-06-30": "", "2008-03-31": "", "2007-12-31": "", "2007-09-30": "", "2007-06-30": "", "2007-03-31": "", "2006-12-31": "", "2006-09-30": "", "2006-06-30": "", "2006-03-31": "", "2005-12-31": "", "2005-09-30": "", "2005-06-30": "", "2005-03-31": ""}, "Share Holder Equity": {"2020-12-31": "20727.00000", "2020-09-30": "21334.00000", "2020-06-30": "20688.00000", "2020-03-31": "20128.00000", "2019-12-31": "20985.00000", "2019-09-30": "18096.00000", "2019-06-30": "17776.00000", "2019-03-31": "16607.00000", "2018-12-31": "16929.00000", "2018-09-30": "19918.00000", "2018-06-30": "18648.00000", "2018-03-31": "18290.00000", "2017-12-31": "17725.00000", "2017-09-30": "19757.00000", "2017-06-30": "18544.00000", "2017-03-31": "18448.00000", "2016-12-31": "18392.00000", "2016-09-30": "17159.00000", "2016-06-30": "15889.00000", "2016-03-31": "15072.00000", "2015-12-31": "14424.00000", "2015-09-30": "13450.00000", "2015-06-30": "13837.00000", "2015-03-31": "12289.00000", "2014-12-31": "12014.00000", "2014-09-30": "14395.00000", "2014-06-30": "17513.00000", "2014-03-31": "16740.00000", "2013-12-31": "22929.00000", "2013-09-30": "20008.00000", "2013-06-30": "17883.00000", "2013-03-31": "19214.00000", "2012-12-31": "18984.00000", "2012-09-30": "21666.00000", "2012-06-30": "20563.00000", "2012-03-31": "20783.00000", "2011-12-31": "20236.00000", "2011-09-30": "22378.00000", "2011-06-30": "23210.00000", "2011-03-31": "22776.00000", "2010-12-31": "23172.00000", "2010-09-30": "22359.00000", "2010-06-30": "21176.00000", "2010-03-31": "22149.00000", "2009-12-31": "22755.00000", "2009-09-30": "18493.00000", "2009-06-30": "15473.00000", "2009-03-31": "13693.00000", "2008-12-31": "13584.00000", "2008-09-30": "27519.00000", "2008-06-30": "28264.00000", "2008-03-31": "28728.00000", "2007-12-31": "28470.00000", "2007-09-30": "20547.00000", "2007-06-30": "16756.00000", "2007-03-31": "27809.00000", "2006-12-31": "28506.00000", "2006-09-30": "34248.00000", "2006-06-30": "33549.00000", "2006-03-31": "32731.00000", "2005-12-31": "33098.00000", "2005-09-30": "30235.00000", "2005-06-30": "30125.00000", "2005-03-31": "29920.00000"}, "Total Liabilities And Share Holders Equity": {"2020-12-31": "155971.00000", "2020-09-30": "154128.00000", "2020-06-30": "154200.00000", "2020-03-31": "153403.00000", "2019-12-31": "152186.00000", "2019-09-30": "149620.00000", "2019-06-30": "154652.00000", "2019-03-31": "130926.00000", "2018-12-31": "123382.00000", "2018-09-30": "121990.00000", "2018-06-30": "121622.00000", "2018-03-31": "125285.00000", "2017-12-31": "125356.00000", "2017-09-30": "121636.00000", "2017-06-30": "120495.00000", "2017-03-31": "117495.00000", "2016-12-31": "117470.00000", "2016-09-30": "115606.00000", "2016-06-30": "118056.00000", "2016-03-31": "118856.00000", "2015-12-31": "110495.00000", "2015-09-30": "108649.00000", "2015-06-30": "112729.00000", "2015-03-31": "112037.00000", "2014-12-31": "117271.00000", "2014-09-30": "118911.00000", "2014-06-30": "124314.00000", "2014-03-31": "122646.00000", "2013-12-31": "126223.00000", "2013-09-30": "117845.00000", "2013-06-30": "115153.00000", "2013-03-31": "117258.00000", "2012-12-31": "119213.00000", "2012-09-30": "115778.00000", "2012-06-30": "113832.00000", "2012-03-31": "115347.00000", "2011-12-31": "116433.00000", "2011-09-30": "110158.00000", "2011-06-30": "113474.00000", "2011-03-31": "112960.00000", "2010-12-31": "113452.00000", "2010-09-30": "107174.00000", "2010-06-30": "103420.00000", "2010-03-31": "105208.00000", "2009-12-31": "109022.00000", "2009-09-30": "103675.00000", "2009-06-30": "103655.00000", "2009-03-31": "101944.00000", "2008-12-31": "109524.00000", "2008-09-30": "115910.00000", "2008-06-30": "120928.00000", "2008-03-31": "121823.00000", "2007-12-31": "120431.00000", "2007-09-30": "108609.00000", "2007-06-30": "102548.00000", "2007-03-31": "101619.00000", "2006-12-31": "103234.00000", "2006-09-30": "104155.00000", "2006-06-30": "103377.00000", "2006-03-31": "102468.00000", "2005-12-31": "105748.00000", "2005-09-30": "101009.00000", "2005-06-30": "103388.00000", "2005-03-31": "104899.00000"}}, "cash flow statement": {"Net Income/Loss": {"2020-12-31": "5590.00000", "2019-12-31": "9431.00000", "2018-12-31": "8728.00000", "2017-12-31": "5753.00000", "2016-12-31": "11872.00000", "2015-12-31": "13190.00000", "2014-12-31": "12022.00000", "2013-12-31": "16483.00000", "2012-12-31": "16604.00000", "2011-12-31": "15855.00000", "2010-12-31": "14833.00000", "2009-12-31": "13425.00000", "2008-12-31": "12334.00000", "2007-12-31": "10418.00000", "2006-12-31": "9492.00000", "2005-12-31": "7934.00000"}, "Total Depreciation And Amortization - Cash Flow": {"2020-12-31": "6695.00000", "2019-12-31": "6059.00000", "2018-12-31": "4480.00000", "2017-12-31": "4541.00000", "2016-12-31": "4381.00000", "2015-12-31": "3855.00000", "2014-12-31": "4492.00000", "2013-12-31": "4678.00000", "2012-12-31": "4676.00000", "2011-12-31": "4815.00000", "2010-12-31": "4831.00000", "2009-12-31": "4994.00000", "2008-12-31": "5450.00000", "2007-12-31": "5201.00000", "2006-12-31": "4983.00000", "2005-12-31": "5188.00000"}, "Other Non-Cash Items": {"2020-12-31": "5911.00000", "2019-12-31": "-1944.00000", "2018-12-31": "1486.00000", "2017-12-31": "-383.00000", "2016-12-31": "-526.00000", "2015-12-31": "2407.00000", "2014-12-31": "2121.00000", "2013-12-31": "-1232.00000", "2012-12-31": "756.00000", "2011-12-31": "1567.00000", "2010-12-31": "1122.00000", "2009-12-31": "1936.00000", "2008-12-31": "2221.00000", "2007-12-31": "1364.00000", "2006-12-31": "2319.00000", "2005-12-31": "684.00000"}, "Total Non-Cash Items": {"2020-12-31": "12606.00000", "2019-12-31": "4115.00000", "2018-12-31": "5966.00000", "2017-12-31": "4158.00000", "2016-12-31": "3855.00000", "2015-12-31": "6262.00000", "2014-12-31": "6613.00000", "2013-12-31": "3446.00000", "2012-12-31": "5432.00000", "2011-12-31": "6382.00000", "2010-12-31": "5953.00000", "2009-12-31": "6930.00000", "2008-12-31": "7671.00000", "2007-12-31": "6565.00000", "2006-12-31": "7302.00000", "2005-12-31": "5872.00000"}, "Change In Accounts Receivable": {"2020-12-31": "", "2019-12-31": "502.00000", "2018-12-31": "1006.00000", "2017-12-31": "1297.00000", "2016-12-31": "712.00000", "2015-12-31": "812.00000", "2014-12-31": "1270.00000", "2013-12-31": "-1407.00000", "2012-12-31": "-2230.00000", "2011-12-31": "-1279.00000", "2010-12-31": "-489.00000", "2009-12-31": "2131.00000", "2008-12-31": "274.00000", "2007-12-31": "-1408.00000", "2006-12-31": "-512.00000", "2005-12-31": "2219.00000"}, "Change In Inventories": {"2020-12-31": "", "2019-12-31": "67.00000", "2018-12-31": "-127.00000", "2017-12-31": "18.00000", "2016-12-31": "-14.00000", "2015-12-31": "133.00000", "2014-12-31": "-39.00000", "2013-12-31": "-57.00000", "2012-12-31": "280.00000", "2011-12-31": "-163.00000", "2010-12-31": "92.00000", "2009-12-31": "263.00000", "2008-12-31": "-102.00000", "2007-12-31": "182.00000", "2006-12-31": "112.00000", "2005-12-31": "202.00000"}, "Change In Accounts Payable": {"2020-12-31": "", "2019-12-31": "-503.00000", "2018-12-31": "126.00000", "2017-12-31": "47.00000", "2016-12-31": "197.00000", "2015-12-31": "81.00000", "2014-12-31": "-456.00000", "2013-12-31": "-529.00000", "2012-12-31": "-224.00000", "2011-12-31": "451.00000", "2010-12-31": "174.00000", "2009-12-31": "170.00000", "2008-12-31": "-860.00000", "2007-12-31": "-142.00000", "2006-12-31": "355.00000", "2005-12-31": "-536.00000"}, "Change In Assets/Liabilities": {"2020-12-31": "", "2019-12-31": "1159.00000", "2018-12-31": "-451.00000", "2017-12-31": "5451.00000", "2016-12-31": "462.00000", "2015-12-31": "-3222.00000", "2014-12-31": "-2541.00000", "2013-12-31": "-453.00000", "2012-12-31": "-275.00000", "2011-12-31": "-1399.00000", "2010-12-31": "-1014.00000", "2009-12-31": "-2146.00000", "2008-12-31": "-505.00000", "2007-12-31": "478.00000", "2006-12-31": "-1731.00000", "2005-12-31": "-1819.00000"}, "Total Change In Assets/Liabilities": {"2020-12-31": "", "2019-12-31": "1225.00000", "2018-12-31": "554.00000", "2017-12-31": "6813.00000", "2016-12-31": "1357.00000", "2015-12-31": "-2196.00000", "2014-12-31": "-1766.00000", "2013-12-31": "-2446.00000", "2012-12-31": "-2449.00000", "2011-12-31": "-2390.00000", "2010-12-31": "-1237.00000", "2009-12-31": "418.00000", "2008-12-31": "-1193.00000", "2007-12-31": "-890.00000", "2006-12-31": "-1776.00000", "2005-12-31": "66.00000"}, "Cash Flow From Operating Activities": {"2020-12-31": "18197.00000", "2019-12-31": "14770.00000", "2018-12-31": "15247.00000", "2017-12-31": "16724.00000", "2016-12-31": "17084.00000", "2015-12-31": "17255.00000", "2014-12-31": "16868.00000", "2013-12-31": "17485.00000", "2012-12-31": "19586.00000", "2011-12-31": "19846.00000", "2010-12-31": "19549.00000", "2009-12-31": "20773.00000", "2008-12-31": "18812.00000", "2007-12-31": "16094.00000", "2006-12-31": "15019.00000", "2005-12-31": "14914.00000"}, "Net Change In Property, Plant, And Equipment": {"2020-12-31": "-3042.00000", "2019-12-31": "-1749.00000", "2018-12-31": "-3147.00000", "2017-12-31": "-2769.00000", "2016-12-31": "-3143.00000", "2015-12-31": "-3209.00000", "2014-12-31": "-3336.00000", "2013-12-31": "-3251.00000", "2012-12-31": "-3672.00000", "2011-12-31": "-3500.00000", "2010-12-31": "-3415.00000", "2009-12-31": "-3117.00000", "2008-12-31": "-3821.00000", "2007-12-31": "-4093.00000", "2006-12-31": "-3932.00000", "2005-12-31": "-2735.00000"}, "Net Change In Intangible Assets": {"2020-12-31": "", "2019-12-31": "", "2018-12-31": "", "2017-12-31": "", "2016-12-31": "", "2015-12-31": "", "2014-12-31": "", "2013-12-31": "", "2012-12-31": "", "2011-12-31": "", "2010-12-31": "", "2009-12-31": "", "2008-12-31": "", "2007-12-31": "", "2006-12-31": "", "2005-12-31": ""}, "Net Acquisitions/Divestitures": {"2020-12-31": "167.00000", "2019-12-31": "-31554.00000", "2018-12-31": "-139.00000", "2017-12-31": "-701.00000", "2016-12-31": "-6150.00000", "2015-12-31": "-3750.00000", "2014-12-31": "1701.00000", "2013-12-31": "-2759.00000", "2012-12-31": "-3123.00000", "2011-12-31": "-1797.00000", "2010-12-31": "-5867.00000", "2009-12-31": "-794.00000", "2008-12-31": "-6242.00000", "2007-12-31": "-699.00000", "2006-12-31": "-3799.00000", "2005-12-31": "-550.00000"}, "Net Change In Short-term Investments": {"2020-12-31": "", "2019-12-31": "", "2018-12-31": "", "2017-12-31": "", "2016-12-31": "", "2015-12-31": "", "2014-12-31": "", "2013-12-31": "", "2012-12-31": "", "2011-12-31": "", "2010-12-31": "", "2009-12-31": "", "2008-12-31": "", "2007-12-31": "", "2006-12-31": "", "2005-12-31": ""}, "Net Change In Long-Term Investments": {"2020-12-31": "-153.00000", "2019-12-31": "-353.00000", "2018-12-31": "-1123.00000", "2017-12-31": "-1583.00000", "2016-12-31": "-744.00000", "2015-12-31": "-803.00000", "2014-12-31": "-288.00000", "2013-12-31": "-252.00000", "2012-12-31": "-1602.00000", "2011-12-31": "1192.00000", "2010-12-31": "1179.00000", "2009-12-31": "-2635.00000", "2008-12-31": "794.00000", "2007-12-31": "-8.00000", "2006-12-31": "-3801.00000", "2005-12-31": "-1138.00000"}, "Net Change In Investments - Total": {"2020-12-31": "-153.00000", "2019-12-31": "-353.00000", "2018-12-31": "-1123.00000", "2017-12-31": "-1583.00000", "2016-12-31": "-744.00000", "2015-12-31": "-803.00000", "2014-12-31": "-288.00000", "2013-12-31": "-252.00000", "2012-12-31": "-1602.00000", "2011-12-31": "1192.00000", "2010-12-31": "1179.00000", "2009-12-31": "-2635.00000", "2008-12-31": "794.00000", "2007-12-31": "-8.00000", "2006-12-31": "-3801.00000", "2005-12-31": "-1138.00000"}, "Investing Activities - Other": {"2020-12-31": "", "2019-12-31": "6720.00000", "2018-12-31": "-503.00000", "2017-12-31": "-2028.00000", "2016-12-31": "-891.00000", "2015-12-31": "-398.00000", "2014-12-31": "-1078.00000", "2013-12-31": "-1063.00000", "2012-12-31": "-608.00000", "2011-12-31": "-291.00000", "2010-12-31": "-405.00000", "2009-12-31": "-184.00000", "2008-12-31": "-16.00000", "2007-12-31": "125.00000", "2006-12-31": "-18.00000", "2005-12-31": ""}, "Cash Flow From Investing Activities": {"2020-12-31": "-3028.00000", "2019-12-31": "-26936.00000", "2018-12-31": "-4913.00000", "2017-12-31": "-7081.00000", "2016-12-31": "-10928.00000", "2015-12-31": "-8159.00000", "2014-12-31": "-3001.00000", "2013-12-31": "-7326.00000", "2012-12-31": "-9004.00000", "2011-12-31": "-4396.00000", "2010-12-31": "-8507.00000", "2009-12-31": "-6729.00000", "2008-12-31": "-9285.00000", "2007-12-31": "-4675.00000", "2006-12-31": "-11549.00000", "2005-12-31": "-4423.00000"}, "Net Long-Term Debt": {"2020-12-31": "-3714.00000", "2019-12-31": "18881.00000", "2018-12-31": "-1642.00000", "2017-12-31": "2827.00000", "2016-12-31": "2737.00000", "2015-12-31": "-82.00000", "2014-12-31": "3536.00000", "2013-12-31": "6340.00000", "2012-12-31": "2693.00000", "2011-12-31": "1049.00000", "2010-12-31": "1533.00000", "2009-12-31": "-6812.00000", "2008-12-31": "3581.00000", "2007-12-31": "10438.00000", "2006-12-31": "-1956.00000", "2005-12-31": "841.00000"}, "Net Current Debt": {"2020-12-31": "", "2019-12-31": "-2597.00000", "2018-12-31": "1341.00000", "2017-12-31": "620.00000", "2016-12-31": "26.00000", "2015-12-31": "101.00000", "2014-12-31": "-1753.00000", "2013-12-31": "621.00000", "2012-12-31": "-441.00000", "2011-12-31": "1321.00000", "2010-12-31": "817.00000", "2009-12-31": "-651.00000", "2008-12-31": "-6025.00000", "2007-12-31": "1674.00000", "2006-12-31": "1834.00000", "2005-12-31": "-232.00000"}, "Debt Issuance/Retirement Net - Total": {"2020-12-31": "-3714.00000", "2019-12-31": "16284.00000", "2018-12-31": "-301.00000", "2017-12-31": "3447.00000", "2016-12-31": "2763.00000", "2015-12-31": "19.00000", "2014-12-31": "1783.00000", "2013-12-31": "6961.00000", "2012-12-31": "2252.00000", "2011-12-31": "2370.00000", "2010-12-31": "2350.00000", "2009-12-31": "-7463.00000", "2008-12-31": "-2444.00000", "2007-12-31": "12112.00000", "2006-12-31": "-122.00000", "2005-12-31": "609.00000"}, "Net Common Equity Issued/Repurchased": {"2020-12-31": "", "2019-12-31": "-1633.00000", "2018-12-31": "-4614.00000", "2017-12-31": "-4533.00000", "2016-12-31": "-3628.00000", "2015-12-31": "-4535.00000", "2014-12-31": "-12970.00000", "2013-12-31": "-12785.00000", "2012-12-31": "-10455.00000", "2011-12-31": "-12593.00000", "2010-12-31": "-11601.00000", "2009-12-31": "-4377.00000", "2008-12-31": "-6804.00000", "2007-12-31": "-14705.00000", "2006-12-31": "-8084.00000", "2005-12-31": "-6506.00000"}, "Net Total Equity Issued/Repurchased": {"2020-12-31": "", "2019-12-31": "-1633.00000", "2018-12-31": "-4614.00000", "2017-12-31": "-4533.00000", "2016-12-31": "-3628.00000", "2015-12-31": "-4535.00000", "2014-12-31": "-12970.00000", "2013-12-31": "-12785.00000", "2012-12-31": "-10455.00000", "2011-12-31": "-12593.00000", "2010-12-31": "-11601.00000", "2009-12-31": "-4377.00000", "2008-12-31": "-6804.00000", "2007-12-31": "-14705.00000", "2006-12-31": "-6399.00000", "2005-12-31": "-6506.00000"}, "Total Common And Preferred Stock Dividends Paid": {"2020-12-31": "-5797.00000", "2019-12-31": "-5707.00000", "2018-12-31": "-5666.00000", "2017-12-31": "-5506.00000", "2016-12-31": "-5256.00000", "2015-12-31": "-4897.00000", "2014-12-31": "-4265.00000", "2013-12-31": "-4058.00000", "2012-12-31": "-3773.00000", "2011-12-31": "-3473.00000", "2010-12-31": "-3177.00000", "2009-12-31": "-2860.00000", "2008-12-31": "-2585.00000", "2007-12-31": "-2147.00000", "2006-12-31": "-1683.00000", "2005-12-31": "-1250.00000"}, "Financial Activities - Other": {"2020-12-31": "-210.00000", "2019-12-31": "99.00000", "2018-12-31": "111.00000", "2017-12-31": "175.00000", "2016-12-31": "204.00000", "2015-12-31": "", "2014-12-31": "", "2013-12-31": "", "2012-12-31": "", "2011-12-31": "", "2010-12-31": "", "2009-12-31": "", "2008-12-31": "", "2007-12-31": "", "2006-12-31": "", "2005-12-31": ""}, "Cash Flow From Financial Activities": {"2020-12-31": "-9721.00000", "2019-12-31": "9042.00000", "2018-12-31": "-10469.00000", "2017-12-31": "-6418.00000", "2016-12-31": "-5917.00000", "2015-12-31": "-9413.00000", "2014-12-31": "-15452.00000", "2013-12-31": "-9883.00000", "2012-12-31": "-11976.00000", "2011-12-31": "-13696.00000", "2010-12-31": "-12429.00000", "2009-12-31": "-14700.00000", "2008-12-31": "-11834.00000", "2007-12-31": "-4740.00000", "2006-12-31": "-8204.00000", "2005-12-31": "-7147.00000"}, "Net Cash Flow": {"2020-12-31": "5361.00000", "2019-12-31": "-3290.00000", "2018-12-31": "-630.00000", "2017-12-31": "4161.00000", "2016-12-31": "188.00000", "2015-12-31": "-790.00000", "2014-12-31": "-2240.00000", "2013-12-31": "304.00000", "2012-12-31": "-1511.00000", "2011-12-31": "1262.00000", "2010-12-31": "-1522.00000", "2009-12-31": "-558.00000", "2008-12-31": "-2250.00000", "2007-12-31": "6969.00000", "2006-12-31": "-4546.00000", "2005-12-31": "2515.00000"}, "Stock-Based Compensation": {"2020-12-31": "937.00000", "2019-12-31": "679.00000", "2018-12-31": "510.00000", "2017-12-31": "534.00000", "2016-12-31": "544.00000", "2015-12-31": "468.00000", "2014-12-31": "512.00000", "2013-12-31": "614.00000", "2012-12-31": "688.00000", "2011-12-31": "697.00000", "2010-12-31": "629.00000", "2009-12-31": "558.00000", "2008-12-31": "659.00000", "2007-12-31": "713.00000", "2006-12-31": "846.00000", "2005-12-31": ""}, "Common Stock Dividends Paid": {"2020-12-31": "-5797.00000", "2019-12-31": "-5707.00000", "2018-12-31": "-5666.00000", "2017-12-31": "-5506.00000", "2016-12-31": "-5256.00000", "2015-12-31": "-4897.00000", "2014-12-31": "-4265.00000", "2013-12-31": "-4058.00000", "2012-12-31": "-3773.00000", "2011-12-31": "-3473.00000", "2010-12-31": "-3177.00000", "2009-12-31": "-2860.00000", "2008-12-31": "-2585.00000", "2007-12-31": "-2147.00000", "2006-12-31": "-1683.00000", "2005-12-31": "-1250.00000"}}, "cash flow statement, quarterly": {"Net Income/Loss": {"2020-12-31": 1356, "2020-09-30": 1698, "2020-06-30": 1361, "2020-03-31": "1175.00000", "2019-12-31": 3670, "2019-09-30": 1672, "2019-06-30": 2498, "2019-03-31": "1591.00000", "2018-12-31": 1951, "2018-09-30": 2694, "2018-06-30": 2404, "2018-03-31": "1679.00000", "2017-12-31": -1054, "2017-09-30": 2725, "2017-06-30": 2332, "2017-03-31": "1750.00000", "2016-12-31": 4501, "2016-09-30": 2853, "2016-06-30": 2504, "2016-03-31": "2014.00000", "2015-12-31": 4463, "2015-09-30": 2950, "2015-06-30": 3449, "2015-03-31": "2328.00000", "2014-12-31": 5483, "2014-09-30": 18, "2014-06-30": 4137, "2014-03-31": "2384.00000", "2013-12-31": 6184, "2013-09-30": 4041, "2013-06-30": 3226, "2013-03-31": "3032.00000", "2012-12-31": 5833, "2012-09-30": 3823, "2012-06-30": 3882, "2012-03-31": "3066.00000", "2011-12-31": 5490, "2011-09-30": 3839, "2011-06-30": 3663, "2011-03-31": "2863.00000", "2010-12-31": 5257, "2010-09-30": 3589, "2010-06-30": 3386, "2010-03-31": "2601.00000", "2009-12-31": 4813, "2009-09-30": 3214, "2009-06-30": 3103, "2009-03-31": "2295.00000", "2008-12-31": 4427, "2008-09-30": 2823, "2008-06-30": 2765, "2008-03-31": "2319.00000", "2007-12-31": 3951, "2007-09-30": 2362, "2007-06-30": 2261, "2007-03-31": "1844.00000", "2006-12-31": 3540, "2006-09-30": 2222, "2006-06-30": 2022, "2006-03-31": "1708.00000", "2005-12-31": 3187, "2005-09-30": 1516, "2005-06-30": 1829, "2005-03-31": "1402.00000"}, "Total Depreciation And Amortization - Cash Flow": {"2020-12-31": 1699, "2020-09-30": 1683, "2020-06-30": 1679, "2020-03-31": "1634.00000", "2019-12-31": 1650, "2019-09-30": 1669, "2019-06-30": 1294, "2019-03-31": "1446.00000", "2018-12-31": 1112, "2018-09-30": 1138, "2018-06-30": 1116, "2018-03-31": "1114.00000", "2017-12-31": 1149, "2017-09-30": 1176, "2017-06-30": 1117, "2017-03-31": "1099.00000", "2016-12-31": 1127, "2016-09-30": 1127, "2016-06-30": 1103, "2016-03-31": "1024.00000", "2015-12-31": 990, "2015-09-30": 936, "2015-06-30": 961, "2015-03-31": "968.00000", "2014-12-31": 1046, "2014-09-30": 1139, "2014-06-30": 1166, "2014-03-31": "1141.00000", "2013-12-31": 1214, "2013-09-30": 1175, "2013-06-30": 1136, "2013-03-31": "1153.00000", "2012-12-31": 1152, "2012-09-30": 1191, "2012-06-30": 1176, "2012-03-31": "1157.00000", "2011-12-31": 1188, "2011-09-30": 1192, "2011-06-30": 1207, "2011-03-31": "1228.00000", "2010-12-31": 1235, "2010-09-30": 1203, "2010-06-30": 1183, "2010-03-31": "1210.00000", "2009-12-31": 1265, "2009-09-30": 1258, "2009-06-30": 1242, "2009-03-31": "1229.00000", "2008-12-31": 1321, "2008-09-30": 1379, "2008-06-30": 1403, "2008-03-31": "1347.00000", "2007-12-31": 1337, "2007-09-30": 1340, "2007-06-30": 1284, "2007-03-31": "1240.00000", "2006-12-31": 1300, "2006-09-30": 1228, "2006-06-30": 1247, "2006-03-31": "1208.00000", "2005-12-31": 1329, "2005-09-30": 1239, "2005-06-30": 1338, "2005-03-31": "1282.00000"}, "Other Non-Cash Items": {"2020-12-31": 5173, "2020-09-30": 141, "2020-06-30": 93, "2020-03-31": "504.00000", "2019-12-31": -1584, "2019-09-30": 179, "2019-06-30": -476, "2019-03-31": "-63.00000", "2018-12-31": 1133, "2018-09-30": 105, "2018-06-30": 98, "2018-03-31": "150.00000", "2017-12-31": -863, "2017-09-30": 141, "2017-06-30": 197, "2017-03-31": "142.00000", "2016-12-31": -1029, "2016-09-30": 75, "2016-06-30": 123, "2016-03-31": "305.00000", "2015-12-31": 1406, "2015-09-30": 555, "2015-06-30": -33, "2015-03-31": "479.00000", "2014-12-31": -1379, "2014-09-30": 3659, "2014-06-30": -122, "2014-03-31": "-37.00000", "2013-12-31": -1548, "2013-09-30": 21, "2013-06-30": 213, "2013-03-31": "82.00000", "2012-12-31": 943, "2012-09-30": -397, "2012-06-30": 185, "2012-03-31": "25.00000", "2011-12-31": 1321, "2011-09-30": 297, "2011-06-30": 99, "2011-03-31": "-150.00000", "2010-12-31": 1319, "2010-09-30": 73, "2010-06-30": 139, "2010-03-31": "-409.00000", "2009-12-31": 1870, "2009-09-30": 137, "2009-06-30": 90, "2009-03-31": "-161.00000", "2008-12-31": 2073, "2008-09-30": -117, "2008-06-30": -21, "2008-03-31": "286.00000", "2007-12-31": 1128, "2007-09-30": 132, "2007-06-30": 14, "2007-03-31": "90.00000", "2006-12-31": 2407, "2006-09-30": -43, "2006-06-30": -36, "2006-03-31": "-9.00000", "2005-12-31": 1873, "2005-09-30": -52, "2005-06-30": -1134, "2005-03-31": "-3.00000"}, "Total Non-Cash Items": {"2020-12-31": 6872, "2020-09-30": 1824, "2020-06-30": 1772, "2020-03-31": "2138.00000", "2019-12-31": 66, "2019-09-30": 1848, "2019-06-30": 818, "2019-03-31": "1383.00000", "2018-12-31": 2245, "2018-09-30": 1243, "2018-06-30": 1214, "2018-03-31": "1264.00000", "2017-12-31": 286, "2017-09-30": 1317, "2017-06-30": 1314, "2017-03-31": "1241.00000", "2016-12-31": 98, "2016-09-30": 1202, "2016-06-30": 1226, "2016-03-31": "1329.00000", "2015-12-31": 2396, "2015-09-30": 1491, "2015-06-30": 928, "2015-03-31": "1447.00000", "2014-12-31": -333, "2014-09-30": 4798, "2014-06-30": 1044, "2014-03-31": "1104.00000", "2013-12-31": -334, "2013-09-30": 1196, "2013-06-30": 1349, "2013-03-31": "1235.00000", "2012-12-31": 2095, "2012-09-30": 794, "2012-06-30": 1361, "2012-03-31": "1182.00000", "2011-12-31": 2509, "2011-09-30": 1489, "2011-06-30": 1306, "2011-03-31": "1078.00000", "2010-12-31": 2554, "2010-09-30": 1276, "2010-06-30": 1322, "2010-03-31": "801.00000", "2009-12-31": 3135, "2009-09-30": 1395, "2009-06-30": 1332, "2009-03-31": "1068.00000", "2008-12-31": 3394, "2008-09-30": 1262, "2008-06-30": 1382, "2008-03-31": "1633.00000", "2007-12-31": 2465, "2007-09-30": 1472, "2007-06-30": 1298, "2007-03-31": "1330.00000", "2006-12-31": 3707, "2006-09-30": 1185, "2006-06-30": 1211, "2006-03-31": "1199.00000", "2005-12-31": 3202, "2005-09-30": 1187, "2005-06-30": 204, "2005-03-31": "1279.00000"}, "Change In Accounts Receivable": {"2020-12-31": 0, "2020-09-30": 0, "2020-06-30": 0, "2020-03-31": "", "2019-12-31": 502, "2019-09-30": 0, "2019-06-30": 0, "2019-03-31": "", "2018-12-31": 1006, "2018-09-30": 0, "2018-06-30": 0, "2018-03-31": "", "2017-12-31": 1297, "2017-09-30": 0, "2017-06-30": 0, "2017-03-31": "", "2016-12-31": 712, "2016-09-30": 0, "2016-06-30": 0, "2016-03-31": "", "2015-12-31": 812, "2015-09-30": 0, "2015-06-30": 0, "2015-03-31": "", "2014-12-31": 1270, "2014-09-30": 0, "2014-06-30": 0, "2014-03-31": "", "2013-12-31": -1407, "2013-09-30": 0, "2013-06-30": 0, "2013-03-31": "", "2012-12-31": -2230, "2012-09-30": 0, "2012-06-30": 0, "2012-03-31": "", "2011-12-31": -1279, "2011-09-30": 0, "2011-06-30": 0, "2011-03-31": "", "2010-12-31": -489, "2010-09-30": 0, "2010-06-30": 0, "2010-03-31": "", "2009-12-31": 2131, "2009-09-30": 0, "2009-06-30": 0, "2009-03-31": "", "2008-12-31": 274, "2008-09-30": 0, "2008-06-30": 0, "2008-03-31": "", "2007-12-31": -1408, "2007-09-30": 0, "2007-06-30": 0, "2007-03-31": "", "2006-12-31": -512, "2006-09-30": 0, "2006-06-30": 0, "2006-03-31": "", "2005-12-31": 2219, "2005-09-30": 0, "2005-06-30": 0, "2005-03-31": ""}, "Change In Inventories": {"2020-12-31": 0, "2020-09-30": 0, "2020-06-30": 0, "2020-03-31": "", "2019-12-31": 67, "2019-09-30": 0, "2019-06-30": 0, "2019-03-31": "", "2018-12-31": -127, "2018-09-30": 0, "2018-06-30": 0, "2018-03-31": "", "2017-12-31": 18, "2017-09-30": 0, "2017-06-30": 0, "2017-03-31": "", "2016-12-31": -14, "2016-09-30": 0, "2016-06-30": 0, "2016-03-31": "", "2015-12-31": 133, "2015-09-30": 0, "2015-06-30": 0, "2015-03-31": "", "2014-12-31": -39, "2014-09-30": 0, "2014-06-30": 0, "2014-03-31": "", "2013-12-31": -57, "2013-09-30": 0, "2013-06-30": 0, "2013-03-31": "", "2012-12-31": 280, "2012-09-30": 0, "2012-06-30": 0, "2012-03-31": "", "2011-12-31": -163, "2011-09-30": 0, "2011-06-30": 0, "2011-03-31": "", "2010-12-31": 92, "2010-09-30": 0, "2010-06-30": 0, "2010-03-31": "", "2009-12-31": 263, "2009-09-30": 0, "2009-06-30": 0, "2009-03-31": "", "2008-12-31": -102, "2008-09-30": 0, "2008-06-30": 0, "2008-03-31": "", "2007-12-31": 182, "2007-09-30": 0, "2007-06-30": 0, "2007-03-31": "", "2006-12-31": 112, "2006-09-30": 0, "2006-06-30": 0, "2006-03-31": "", "2005-12-31": 202, "2005-09-30": 0, "2005-06-30": 0, "2005-03-31": ""}, "Change In Accounts Payable": {"2020-12-31": 0, "2020-09-30": 0, "2020-06-30": 0, "2020-03-31": "", "2019-12-31": -503, "2019-09-30": 0, "2019-06-30": 0, "2019-03-31": "", "2018-12-31": 126, "2018-09-30": 0, "2018-06-30": 0, "2018-03-31": "", "2017-12-31": 47, "2017-09-30": 0, "2017-06-30": 0, "2017-03-31": "", "2016-12-31": 197, "2016-09-30": 0, "2016-06-30": 0, "2016-03-31": "", "2015-12-31": 81, "2015-09-30": 0, "2015-06-30": 0, "2015-03-31": "", "2014-12-31": -456, "2014-09-30": 0, "2014-06-30": 0, "2014-03-31": "", "2013-12-31": -529, "2013-09-30": 0, "2013-06-30": 0, "2013-03-31": "", "2012-12-31": -224, "2012-09-30": 0, "2012-06-30": 0, "2012-03-31": "", "2011-12-31": 451, "2011-09-30": 0, "2011-06-30": 0, "2011-03-31": "", "2010-12-31": 174, "2010-09-30": 0, "2010-06-30": 0, "2010-03-31": "", "2009-12-31": 170, "2009-09-30": 0, "2009-06-30": 0, "2009-03-31": "", "2008-12-31": -860, "2008-09-30": 0, "2008-06-30": 0, "2008-03-31": "", "2007-12-31": -142, "2007-09-30": 0, "2007-06-30": 0, "2007-03-31": "", "2006-12-31": 355, "2006-09-30": 0, "2006-06-30": 0, "2006-03-31": "", "2005-12-31": -536, "2005-09-30": 0, "2005-06-30": 0, "2005-03-31": ""}, "Change In Assets/Liabilities": {"2020-12-31": -2370, "2020-09-30": 764, "2020-06-30": 444, "2020-03-31": "1162.00000", "2019-12-31": -350, "2019-09-30": 99, "2019-06-30": -375, "2019-03-31": "1785.00000", "2018-12-31": -1082, "2018-09-30": 295, "2018-06-30": -1322, "2018-03-31": "1658.00000", "2017-12-31": 5139, "2017-09-30": -473, "2017-06-30": -179, "2017-03-31": "964.00000", "2016-12-31": -1516, "2016-09-30": 63, "2016-06-30": -272, "2016-03-31": "2187.00000", "2015-12-31": -2358, "2015-09-30": -205, "2015-06-30": -494, "2015-03-31": "-165.00000", "2014-12-31": 134, "2014-09-30": -912, "2014-06-30": -1601, "2014-03-31": "-162.00000", "2013-12-31": 2668, "2013-09-30": -1477, "2013-06-30": -1400, "2013-03-31": "-244.00000", "2012-12-31": 593, "2012-09-30": -104, "2012-06-30": -807, "2012-03-31": "43.00000", "2011-12-31": 89, "2011-09-30": -649, "2011-06-30": -692, "2011-03-31": "-147.00000", "2010-12-31": -793, "2010-09-30": -314, "2010-06-30": -940, "2010-03-31": "1033.00000", "2009-12-31": -4063, "2009-09-30": 587, "2009-06-30": 306, "2009-03-31": "1024.00000", "2008-12-31": -512, "2008-09-30": -346, "2008-06-30": 102, "2008-03-31": "251.00000", "2007-12-31": 102, "2007-09-30": 650, "2007-06-30": -117, "2007-03-31": "-157.00000", "2006-12-31": -1248, "2006-09-30": 388, "2006-06-30": -875, "2006-03-31": "4.00000", "2005-12-31": -3100, "2005-09-30": 1327, "2005-06-30": 841, "2005-03-31": "-887.00000"}, "Total Change In Assets/Liabilities": {"2020-12-31": -2370, "2020-09-30": 764, "2020-06-30": 444, "2020-03-31": "1162.00000", "2019-12-31": -284, "2019-09-30": 99, "2019-06-30": -375, "2019-03-31": "1785.00000", "2018-12-31": -77, "2018-09-30": 295, "2018-06-30": -1322, "2018-03-31": "1658.00000", "2017-12-31": 6501, "2017-09-30": -473, "2017-06-30": -179, "2017-03-31": "964.00000", "2016-12-31": -621, "2016-09-30": 63, "2016-06-30": -272, "2016-03-31": "2187.00000", "2015-12-31": -1332, "2015-09-30": -205, "2015-06-30": -494, "2015-03-31": "-165.00000", "2014-12-31": 909, "2014-09-30": -912, "2014-06-30": -1601, "2014-03-31": "-162.00000", "2013-12-31": 675, "2013-09-30": -1477, "2013-06-30": -1400, "2013-03-31": "-244.00000", "2012-12-31": -1581, "2012-09-30": -104, "2012-06-30": -807, "2012-03-31": "43.00000", "2011-12-31": -902, "2011-09-30": -649, "2011-06-30": -692, "2011-03-31": "-147.00000", "2010-12-31": -1016, "2010-09-30": -314, "2010-06-30": -940, "2010-03-31": "1033.00000", "2009-12-31": -1499, "2009-09-30": 587, "2009-06-30": 306, "2009-03-31": "1024.00000", "2008-12-31": -1200, "2008-09-30": -346, "2008-06-30": 102, "2008-03-31": "251.00000", "2007-12-31": -1266, "2007-09-30": 650, "2007-06-30": -117, "2007-03-31": "-157.00000", "2006-12-31": -1293, "2006-09-30": 388, "2006-06-30": -875, "2006-03-31": "4.00000", "2005-12-31": -1215, "2005-09-30": 1327, "2005-06-30": 841, "2005-03-31": "-887.00000"}, "Cash Flow From Operating Activities": {"2020-12-31": 5860, "2020-09-30": 4285, "2020-06-30": 3576, "2020-03-31": "4476.00000", "2019-12-31": 3451, "2019-09-30": 3619, "2019-06-30": 2941, "2019-03-31": "4759.00000", "2018-12-31": 4119, "2018-09-30": 4232, "2018-06-30": 2294, "2018-03-31": "4602.00000", "2017-12-31": 5733, "2017-09-30": 3570, "2017-06-30": 3466, "2017-03-31": "3955.00000", "2016-12-31": 3979, "2016-09-30": 4117, "2016-06-30": 3458, "2016-03-31": "5530.00000", "2015-12-31": 5526, "2015-09-30": 4235, "2015-06-30": 3884, "2015-03-31": "3610.00000", "2014-12-31": 6059, "2014-09-30": 3904, "2014-06-30": 3579, "2014-03-31": "3326.00000", "2013-12-31": 6528, "2013-09-30": 3760, "2013-06-30": 3174, "2013-03-31": "4023.00000", "2012-12-31": 6346, "2012-09-30": 4514, "2012-06-30": 4435, "2012-03-31": "4291.00000", "2011-12-31": 7096, "2011-09-30": 4679, "2011-06-30": 4279, "2011-03-31": "3792.00000", "2010-12-31": 6795, "2010-09-30": 4551, "2010-06-30": 3766, "2010-03-31": "4437.00000", "2009-12-31": 6448, "2009-09-30": 5198, "2009-06-30": 4741, "2009-03-31": "4386.00000", "2008-12-31": 6621, "2008-09-30": 3738, "2008-06-30": 4251, "2008-03-31": "4202.00000", "2007-12-31": 5151, "2007-09-30": 4484, "2007-06-30": 3443, "2007-03-31": "3016.00000", "2006-12-31": 5334, "2006-09-30": 4008, "2006-06-30": 2567, "2006-03-31": "3110.00000", "2005-12-31": 5420, "2005-09-30": 4281, "2005-06-30": 3133, "2005-03-31": "2080.00000"}, "Net Change In Property, Plant, And Equipment": {"2020-12-31": -1249, "2020-09-30": -660, "2020-06-30": -549, "2020-03-31": "-584.00000", "2019-12-31": -491, "2019-09-30": -519, "2019-06-30": -281, "2019-03-31": "-458.00000", "2018-12-31": -726, "2018-09-30": -800, "2018-06-30": -854, "2018-03-31": "-767.00000", "2017-12-31": -833, "2017-09-30": -647, "2017-06-30": -607, "2017-03-31": "-682.00000", "2016-12-31": -783, "2016-09-30": -706, "2016-06-30": -827, "2016-03-31": "-827.00000", "2015-12-31": -853, "2015-09-30": -816, "2015-06-30": -730, "2015-03-31": "-810.00000", "2014-12-31": -868, "2014-09-30": -894, "2014-06-30": -799, "2014-03-31": "-775.00000", "2013-12-31": -948, "2013-09-30": -910, "2013-06-30": -802, "2013-03-31": "-591.00000", "2012-12-31": -823, "2012-09-30": -889, "2012-06-30": -1118, "2012-03-31": "-842.00000", "2011-12-31": -920, "2011-09-30": -855, "2011-06-30": -810, "2011-03-31": "-915.00000", "2010-12-31": -967, "2010-09-30": -862, "2010-06-30": -828, "2010-03-31": "-758.00000", "2009-12-31": -996, "2009-09-30": -817, "2009-06-30": -705, "2009-03-31": "-599.00000", "2008-12-31": -870, "2008-09-30": -952, "2008-06-30": -981, "2008-03-31": "-1018.00000", "2007-12-31": -1223, "2007-09-30": -1067, "2007-06-30": -886, "2007-03-31": "-917.00000", "2006-12-31": -1156, "2006-09-30": -1068, "2006-06-30": -926, "2006-03-31": "-782.00000", "2005-12-31": -280, "2005-09-30": -832, "2005-06-30": -874, "2005-03-31": "-749.00000"}, "Net Change In Intangible Assets": {"2020-12-31": 0, "2020-09-30": 0, "2020-06-30": 0, "2020-03-31": "", "2019-12-31": 0, "2019-09-30": 0, "2019-06-30": 0, "2019-03-31": "", "2018-12-31": 0, "2018-09-30": 0, "2018-06-30": 0, "2018-03-31": "", "2017-12-31": 0, "2017-09-30": 0, "2017-06-30": 0, "2017-03-31": "", "2016-12-31": 0, "2016-09-30": 0, "2016-06-30": 0, "2016-03-31": "", "2015-12-31": 0, "2015-09-30": 0, "2015-06-30": 0, "2015-03-31": "", "2014-12-31": 0, "2014-09-30": 0, "2014-06-30": 0, "2014-03-31": "", "2013-12-31": 0, "2013-09-30": 0, "2013-06-30": 0, "2013-03-31": "", "2012-12-31": 0, "2012-09-30": 0, "2012-06-30": 0, "2012-03-31": "", "2011-12-31": 0, "2011-09-30": 0, "2011-06-30": 0, "2011-03-31": "", "2010-12-31": 0, "2010-09-30": 0, "2010-06-30": 0, "2010-03-31": "", "2009-12-31": 0, "2009-09-30": 0, "2009-06-30": 0, "2009-03-31": "", "2008-12-31": 0, "2008-09-30": 0, "2008-06-30": 0, "2008-03-31": "", "2007-12-31": 0, "2007-09-30": 0, "2007-06-30": 0, "2007-03-31": "", "2006-12-31": 0, "2006-09-30": 0, "2006-06-30": 0, "2006-03-31": "", "2005-12-31": 0, "2005-09-30": 0, "2005-06-30": 0, "2005-03-31": ""}, "Net Acquisitions/Divestitures": {"2020-12-31": -306, "2020-09-30": -265, "2020-06-30": 725, "2020-03-31": "13.00000", "2019-12-31": 149, "2019-09-30": -32548, "2019-06-30": 813, "2019-03-31": "32.00000", "2018-12-31": -16, "2018-09-30": -1, "2018-06-30": -51, "2018-03-31": "-71.00000", "2017-12-31": -294, "2017-09-30": -267, "2017-06-30": -30, "2017-03-31": "-110.00000", "2016-12-31": -740, "2016-09-30": -40, "2016-06-30": -2827, "2016-03-31": "-2543.00000", "2015-12-31": -2441, "2015-09-30": -682, "2015-06-30": -498, "2015-03-31": "-129.00000", "2014-12-31": 1862, "2014-09-30": 34, "2014-06-30": -322, "2014-03-31": "127.00000", "2013-12-31": -444, "2013-09-30": -2148, "2013-06-30": -119, "2013-03-31": "-48.00000", "2012-12-31": -1444, "2012-09-30": 233, "2012-06-30": -593, "2012-03-31": "-1319.00000", "2011-12-31": -1578, "2011-09-30": -64, "2011-06-30": -104, "2011-03-31": "-51.00000", "2010-12-31": -2874, "2010-09-30": -1984, "2010-06-30": -185, "2010-03-31": "-824.00000", "2009-12-31": -1075, "2009-09-30": 25, "2009-06-30": -79, "2009-03-31": "335.00000", "2008-12-31": -296, "2008-09-30": -84, "2008-06-30": -929, "2008-03-31": "-4933.00000", "2007-12-31": -291, "2007-09-30": -477, "2007-06-30": 274, "2007-03-31": "-205.00000", "2006-12-31": -2917, "2006-09-30": -73, "2006-06-30": -61, "2006-03-31": "-748.00000", "2005-12-31": 92, "2005-09-30": -6, "2005-06-30": -394, "2005-03-31": "-242.00000"}, "Net Change In Short-term Investments": {"2020-12-31": 0, "2020-09-30": 0, "2020-06-30": 0, "2020-03-31": "", "2019-12-31": 0, "2019-09-30": 0, "2019-06-30": 0, "2019-03-31": "", "2018-12-31": 0, "2018-09-30": 0, "2018-06-30": 0, "2018-03-31": "", "2017-12-31": 0, "2017-09-30": 0, "2017-06-30": 0, "2017-03-31": "", "2016-12-31": 0, "2016-09-30": 0, "2016-06-30": 0, "2016-03-31": "", "2015-12-31": 0, "2015-09-30": 0, "2015-06-30": 0, "2015-03-31": "0.00000", "2014-12-31": 0, "2014-09-30": 0, "2014-06-30": 0, "2014-03-31": "0.00000", "2013-12-31": 0, "2013-09-30": 0, "2013-06-30": 0, "2013-03-31": "", "2012-12-31": 0, "2012-09-30": 0, "2012-06-30": 0, "2012-03-31": "", "2011-12-31": 0, "2011-09-30": 0, "2011-06-30": 0, "2011-03-31": "", "2010-12-31": 0, "2010-09-30": 0, "2010-06-30": 0, "2010-03-31": "", "2009-12-31": 0, "2009-09-30": 0, "2009-06-30": 0, "2009-03-31": "0.00000", "2008-12-31": 0, "2008-09-30": 0, "2008-06-30": 0, "2008-03-31": "0.00000", "2007-12-31": 0, "2007-09-30": 0, "2007-06-30": 0, "2007-03-31": "", "2006-12-31": 0, "2006-09-30": 0, "2006-06-30": 0, "2006-03-31": "", "2005-12-31": 0, "2005-09-30": 0, "2005-06-30": 0, "2005-03-31": ""}, "Net Change In Long-Term Investments": {"2020-12-31": 1026, "2020-09-30": 658, "2020-06-30": -1526, "2020-03-31": "-311.00000", "2019-12-31": -153, "2019-09-30": 425, "2019-06-30": -5, "2019-03-31": "-620.00000", "2018-12-31": 2078, "2018-09-30": -2124, "2018-06-30": -240, "2018-03-31": "-837.00000", "2017-12-31": -186, "2017-09-30": -645, "2017-06-30": -276, "2017-03-31": "-476.00000", "2016-12-31": 217, "2016-09-30": -308, "2016-06-30": -637, "2016-03-31": "-16.00000", "2015-12-31": -420, "2015-09-30": 159, "2015-06-30": -426, "2015-03-31": "-116.00000", "2014-12-31": -204, "2014-09-30": -268, "2014-06-30": 165, "2014-03-31": "19.00000", "2013-12-31": -163, "2013-09-30": 562, "2013-06-30": 455, "2013-03-31": "-1106.00000", "2012-12-31": -501, "2012-09-30": -373, "2012-06-30": -22, "2012-03-31": "-706.00000", "2011-12-31": -181, "2011-09-30": 57, "2011-06-30": 393, "2011-03-31": "923.00000", "2010-12-31": 336, "2010-09-30": 1175, "2010-06-30": -758, "2010-03-31": "426.00000", "2009-12-31": 250, "2009-09-30": -1550, "2009-06-30": -1164, "2009-03-31": "-171.00000", "2008-12-31": 506, "2008-09-30": -444, "2008-06-30": 718, "2008-03-31": "14.00000", "2007-12-31": 2784, "2007-09-30": -1957, "2007-06-30": 461, "2007-03-31": "-1296.00000", "2006-12-31": -1543, "2006-09-30": 196, "2006-06-30": 24, "2006-03-31": "-2478.00000", "2005-12-31": -1243, "2005-09-30": -136, "2005-06-30": -70, "2005-03-31": "311.00000"}, "Net Change In Investments - Total": {"2020-12-31": 1026, "2020-09-30": 658, "2020-06-30": -1526, "2020-03-31": "-311.00000", "2019-12-31": -153, "2019-09-30": 425, "2019-06-30": -5, "2019-03-31": "-620.00000", "2018-12-31": 2078, "2018-09-30": -2124, "2018-06-30": -240, "2018-03-31": "-837.00000", "2017-12-31": -186, "2017-09-30": -645, "2017-06-30": -276, "2017-03-31": "-476.00000", "2016-12-31": 217, "2016-09-30": -308, "2016-06-30": -637, "2016-03-31": "-16.00000", "2015-12-31": -420, "2015-09-30": 159, "2015-06-30": -426, "2015-03-31": "-116.00000", "2014-12-31": -204, "2014-09-30": -268, "2014-06-30": 165, "2014-03-31": "19.00000", "2013-12-31": -163, "2013-09-30": 562, "2013-06-30": 455, "2013-03-31": "-1106.00000", "2012-12-31": -501, "2012-09-30": -373, "2012-06-30": -22, "2012-03-31": "-706.00000", "2011-12-31": -181, "2011-09-30": 57, "2011-06-30": 393, "2011-03-31": "923.00000", "2010-12-31": 336, "2010-09-30": 1175, "2010-06-30": -758, "2010-03-31": "426.00000", "2009-12-31": 250, "2009-09-30": -1550, "2009-06-30": -1164, "2009-03-31": "-171.00000", "2008-12-31": 506, "2008-09-30": -444, "2008-06-30": 718, "2008-03-31": "14.00000", "2007-12-31": 2784, "2007-09-30": -1957, "2007-06-30": 461, "2007-03-31": "-1296.00000", "2006-12-31": -1543, "2006-09-30": 196, "2006-06-30": 24, "2006-03-31": "-2478.00000", "2005-12-31": -1243, "2005-09-30": -136, "2005-06-30": -70, "2005-03-31": "311.00000"}, "Investing Activities - Other": {"2020-12-31": -29, "2020-09-30": -66, "2020-06-30": 115, "2020-03-31": "-20.00000", "2019-12-31": 624, "2019-09-30": 2268, "2019-06-30": 3635, "2019-03-31": "193.00000", "2018-12-31": -880, "2018-09-30": -45, "2018-06-30": 511, "2018-03-31": "-89.00000", "2017-12-31": -2497, "2017-09-30": -347, "2017-06-30": -754, "2017-03-31": "1570.00000", "2016-12-31": -2332, "2016-09-30": 101, "2016-06-30": -160, "2016-03-31": "1500.00000", "2015-12-31": -1732, "2015-09-30": -4, "2015-06-30": -277, "2015-03-31": "1615.00000", "2014-12-31": -2026, "2014-09-30": 329, "2014-06-30": -46, "2014-03-31": "665.00000", "2013-12-31": -1347, "2013-09-30": -52, "2013-06-30": -396, "2013-03-31": "732.00000", "2012-12-31": -1326, "2012-09-30": 32, "2012-06-30": 50, "2012-03-31": "636.00000", "2011-12-31": -825, "2011-09-30": 57, "2011-06-30": -64, "2011-03-31": "541.00000", "2010-12-31": -578, "2010-09-30": -109, "2010-06-30": -175, "2010-03-31": "457.00000", "2009-12-31": -674, "2009-09-30": 3, "2009-06-30": 100, "2009-03-31": "387.00000", "2008-12-31": -219, "2008-09-30": -16, "2008-06-30": 62, "2008-03-31": "157.00000", "2007-12-31": -173, "2007-09-30": 298, "2007-06-30": 0, "2007-03-31": "", "2006-12-31": -18, "2006-09-30": 0, "2006-06-30": 0, "2006-03-31": "", "2005-12-31": 0, "2005-09-30": 0, "2005-06-30": 0, "2005-03-31": ""}, "Cash Flow From Investing Activities": {"2020-12-31": -558, "2020-09-30": -332, "2020-06-30": -1236, "2020-03-31": "-902.00000", "2019-12-31": 128, "2019-09-30": -30373, "2019-06-30": 4162, "2019-03-31": "-853.00000", "2018-12-31": 455, "2018-09-30": -2969, "2018-06-30": -635, "2018-03-31": "-1764.00000", "2017-12-31": -3810, "2017-09-30": -1906, "2017-06-30": -1668, "2017-03-31": "303.00000", "2016-12-31": -3639, "2016-09-30": -951, "2016-06-30": -4452, "2016-03-31": "-1886.00000", "2015-12-31": -5445, "2015-09-30": -1343, "2015-06-30": -1931, "2015-03-31": "560.00000", "2014-12-31": -1236, "2014-09-30": -800, "2014-06-30": -1000, "2014-03-31": "35.00000", "2013-12-31": -2903, "2013-09-30": -2547, "2013-06-30": -864, "2013-03-31": "-1012.00000", "2012-12-31": -4092, "2012-09-30": -999, "2012-06-30": -1683, "2012-03-31": "-2230.00000", "2011-12-31": -3505, "2011-09-30": -805, "2011-06-30": -584, "2011-03-31": "498.00000", "2010-12-31": -4082, "2010-09-30": -1780, "2010-06-30": -1946, "2010-03-31": "-699.00000", "2009-12-31": -2495, "2009-09-30": -2337, "2009-06-30": -1849, "2009-03-31": "-48.00000", "2008-12-31": -880, "2008-09-30": -1496, "2008-06-30": -1131, "2008-03-31": "-5778.00000", "2007-12-31": 1098, "2007-09-30": -3204, "2007-06-30": -151, "2007-03-31": "-2418.00000", "2006-12-31": -5634, "2006-09-30": -944, "2006-06-30": -963, "2006-03-31": "-4008.00000", "2005-12-31": -1431, "2005-09-30": -974, "2005-06-30": -1338, "2005-03-31": "-680.00000"}, "Net Long-Term Debt": {"2020-12-31": -5249, "2020-09-30": -232, "2020-06-30": 997, "2020-03-31": "770.00000", "2019-12-31": -3724, "2019-09-30": -4775, "2019-06-30": 23169, "2019-03-31": "4211.00000", "2018-12-31": -2110, "2018-09-30": 1616, "2018-06-30": -23, "2018-03-31": "-1125.00000", "2017-12-31": -276, "2017-09-30": -626, "2017-06-30": 2373, "2017-03-31": "1356.00000", "2016-12-31": -15, "2016-09-30": -2086, "2016-06-30": -1036, "2016-03-31": "5874.00000", "2015-12-31": 1606, "2015-09-30": 10, "2015-06-30": -1164, "2015-03-31": "-534.00000", "2014-12-31": 1002, "2014-09-30": -55, "2014-06-30": -779, "2014-03-31": "3368.00000", "2013-12-31": 4014, "2013-09-30": 508, "2013-06-30": -10, "2013-03-31": "1828.00000", "2012-12-31": -1905, "2012-09-30": 1108, "2012-06-30": 432, "2012-03-31": "3058.00000", "2011-12-31": 22, "2011-09-30": 958, "2011-06-30": 554, "2011-03-31": "-485.00000", "2010-12-31": 1990, "2010-09-30": 786, "2010-06-30": -51, "2010-03-31": "-1192.00000", "2009-12-31": 1534, "2009-09-30": -5275, "2009-06-30": -506, "2009-03-31": "-2565.00000", "2008-12-31": 2927, "2008-09-30": -235, "2008-06-30": 2041, "2008-03-31": "-1152.00000", "2007-12-31": -1589, "2007-09-30": -77, "2007-06-30": 11308, "2007-03-31": "796.00000", "2006-12-31": -800, "2006-09-30": -82, "2006-06-30": -878, "2006-03-31": "-196.00000", "2005-12-31": -131, "2005-09-30": -1000, "2005-06-30": 1191, "2005-03-31": "781.00000"}, "Net Current Debt": {"2020-12-31": 467, "2020-09-30": -18, "2020-06-30": -1035, "2020-03-31": "586.00000", "2019-12-31": -457, "2019-09-30": -1833, "2019-06-30": -328, "2019-03-31": "21.00000", "2018-12-31": 965, "2018-09-30": -21, "2018-06-30": -15, "2018-03-31": "412.00000", "2017-12-31": 1414, "2017-09-30": 179, "2017-06-30": -93, "2017-03-31": "-880.00000", "2016-12-31": 890, "2016-09-30": 45, "2016-06-30": 1, "2016-03-31": "-910.00000", "2015-12-31": -979, "2015-09-30": 903, "2015-06-30": 953, "2015-03-31": "-776.00000", "2014-12-31": -5641, "2014-09-30": -103, "2014-06-30": 3146, "2014-03-31": "845.00000", "2013-12-31": -453, "2013-09-30": 1450, "2013-06-30": 983, "2013-03-31": "-1359.00000", "2012-12-31": 1736, "2012-09-30": 59, "2012-06-30": -129, "2012-03-31": "-2107.00000", "2011-12-31": 1205, "2011-09-30": -767, "2011-06-30": -1252, "2011-03-31": "2135.00000", "2010-12-31": -588, "2010-09-30": -568, "2010-06-30": 300, "2010-03-31": "1673.00000", "2009-12-31": -500, "2009-09-30": 783, "2009-06-30": -1115, "2009-03-31": "181.00000", "2008-12-31": -4502, "2008-09-30": 750, "2008-06-30": -2645, "2008-03-31": "372.00000", "2007-12-31": 1303, "2007-09-30": 200, "2007-06-30": -265, "2007-03-31": "436.00000", "2006-12-31": 1465, "2006-09-30": 264, "2006-06-30": 5, "2006-03-31": "100.00000", "2005-12-31": 1571, "2005-09-30": -1114, "2005-06-30": -769, "2005-03-31": "80.00000"}, "Debt Issuance/Retirement Net - Total": {"2020-12-31": -4782, "2020-09-30": -250, "2020-06-30": -38, "2020-03-31": "1356.00000", "2019-12-31": -4181, "2019-09-30": -6608, "2019-06-30": 22841, "2019-03-31": "4232.00000", "2018-12-31": -1145, "2018-09-30": 1595, "2018-06-30": -38, "2018-03-31": "-713.00000", "2017-12-31": 1138, "2017-09-30": -447, "2017-06-30": 2280, "2017-03-31": "476.00000", "2016-12-31": 875, "2016-09-30": -2041, "2016-06-30": -1035, "2016-03-31": "4964.00000", "2015-12-31": 627, "2015-09-30": 913, "2015-06-30": -211, "2015-03-31": "-1310.00000", "2014-12-31": -4639, "2014-09-30": -158, "2014-06-30": 2367, "2014-03-31": "4213.00000", "2013-12-31": 3561, "2013-09-30": 1958, "2013-06-30": 973, "2013-03-31": "469.00000", "2012-12-31": -169, "2012-09-30": 1167, "2012-06-30": 303, "2012-03-31": "951.00000", "2011-12-31": 1227, "2011-09-30": 191, "2011-06-30": -698, "2011-03-31": "1650.00000", "2010-12-31": 1402, "2010-09-30": 218, "2010-06-30": 249, "2010-03-31": "481.00000", "2009-12-31": 1034, "2009-09-30": -4492, "2009-06-30": -1621, "2009-03-31": "-2384.00000", "2008-12-31": -1575, "2008-09-30": 515, "2008-06-30": -604, "2008-03-31": "-780.00000", "2007-12-31": -286, "2007-09-30": 123, "2007-06-30": 11043, "2007-03-31": "1232.00000", "2006-12-31": 665, "2006-09-30": 182, "2006-06-30": -873, "2006-03-31": "-96.00000", "2005-12-31": 1440, "2005-09-30": -2114, "2005-06-30": 422, "2005-03-31": "861.00000"}, "Net Common Equity Issued/Repurchased": {"2020-12-31": 225, "2020-09-30": -14, "2020-06-30": -167, "2020-03-31": "-44.00000", "2019-12-31": -86, "2019-09-30": -159, "2019-06-30": -407, "2019-03-31": "-981.00000", "2018-12-31": -2073, "2018-09-30": -631, "2018-06-30": -1080, "2018-03-31": "-830.00000", "2017-12-31": -706, "2017-09-30": -955, "2017-06-30": -1529, "2017-03-31": "-1343.00000", "2016-12-31": -1047, "2016-09-30": -809, "2016-06-30": -865, "2016-03-31": "-907.00000", "2015-12-31": -960, "2015-09-30": -1493, "2015-06-30": -1078, "2015-03-31": "-1004.00000", "2014-12-31": 28, "2014-09-30": -1571, "2014-06-30": -3531, "2014-03-31": "-7896.00000", "2013-12-31": -5549, "2013-09-30": -1748, "2013-06-30": -3251, "2013-03-31": "-2237.00000", "2012-12-31": -2665, "2012-09-30": -2706, "2012-06-30": -2688, "2012-03-31": "-2396.00000", "2011-12-31": -3157, "2011-09-30": -2966, "2011-06-30": -3302, "2011-03-31": "-3168.00000", "2010-12-31": -2452, "2010-09-30": -2855, "2010-06-30": -3162, "2010-03-31": "-3132.00000", "2009-12-31": -1514, "2009-09-30": 51, "2009-06-30": -1391, "2009-03-31": "-1523.00000", "2008-12-31": -624, "2008-09-30": -1720, "2008-06-30": -2033, "2008-03-31": "-2427.00000", "2007-12-31": 219, "2007-09-30": 1314, "2007-06-30": -13740, "2007-03-31": "-2498.00000", "2006-12-31": -2201, "2006-09-30": -1382, "2006-06-30": -2357, "2006-03-31": "-2144.00000", "2005-12-31": -628, "2005-09-30": -1279, "2005-06-30": -1445, "2005-03-31": "-3154.00000"}, "Net Total Equity Issued/Repurchased": {"2020-12-31": 225, "2020-09-30": -14, "2020-06-30": -167, "2020-03-31": "-44.00000", "2019-12-31": -86, "2019-09-30": -159, "2019-06-30": -407, "2019-03-31": "-981.00000", "2018-12-31": -2073, "2018-09-30": -631, "2018-06-30": -1080, "2018-03-31": "-830.00000", "2017-12-31": -706, "2017-09-30": -955, "2017-06-30": -1529, "2017-03-31": "-1343.00000", "2016-12-31": -1047, "2016-09-30": -809, "2016-06-30": -865, "2016-03-31": "-907.00000", "2015-12-31": -960, "2015-09-30": -1493, "2015-06-30": -1078, "2015-03-31": "-1004.00000", "2014-12-31": 28, "2014-09-30": -1571, "2014-06-30": -3531, "2014-03-31": "-7896.00000", "2013-12-31": -5549, "2013-09-30": -1748, "2013-06-30": -3251, "2013-03-31": "-2237.00000", "2012-12-31": -2665, "2012-09-30": -2706, "2012-06-30": -2688, "2012-03-31": "-2396.00000", "2011-12-31": -3157, "2011-09-30": -2966, "2011-06-30": -3302, "2011-03-31": "-3168.00000", "2010-12-31": -2452, "2010-09-30": -2855, "2010-06-30": -3162, "2010-03-31": "-3132.00000", "2009-12-31": -1514, "2009-09-30": 51, "2009-06-30": -1391, "2009-03-31": "-1523.00000", "2008-12-31": -624, "2008-09-30": -1720, "2008-06-30": -2998, "2008-03-31": "-1462.00000", "2007-12-31": 219, "2007-09-30": 1314, "2007-06-30": -13740, "2007-03-31": "-2498.00000", "2006-12-31": -516, "2006-09-30": -1382, "2006-06-30": -2357, "2006-03-31": "-2144.00000", "2005-12-31": -628, "2005-09-30": -1279, "2005-06-30": -1445, "2005-03-31": "-3154.00000"}, "Total Common And Preferred Stock Dividends Paid": {"2020-12-31": -1454, "2020-09-30": -1453, "2020-06-30": -1450, "2020-03-31": "-1440.00000", "2019-12-31": -1438, "2019-09-30": -1436, "2019-06-30": -1436, "2019-03-31": "-1397.00000", "2018-12-31": -1416, "2018-09-30": -1431, "2018-06-30": -1437, "2018-03-31": "-1382.00000", "2017-12-31": -1387, "2017-09-30": -1395, "2017-06-30": -1403, "2017-03-31": "-1321.00000", "2016-12-31": -1329, "2016-09-30": -1337, "2016-06-30": -1340, "2016-03-31": "-1250.00000", "2015-12-31": -1261, "2015-09-30": -1270, "2015-06-30": -1278, "2015-03-31": "-1088.00000", "2014-12-31": -1089, "2014-09-30": -1090, "2014-06-30": -1096, "2014-03-31": "-990.00000", "2013-12-31": -1025, "2013-09-30": -1037, "2013-06-30": -1048, "2013-03-31": "-948.00000", "2012-12-31": -957, "2012-09-30": -968, "2012-06-30": -978, "2012-03-31": "-870.00000", "2011-12-31": -880, "2011-09-30": -893, "2011-06-30": -905, "2011-03-31": "-795.00000", "2010-12-31": -808, "2010-09-30": -818, "2010-06-30": -833, "2010-03-31": "-718.00000", "2009-12-31": -727, "2009-09-30": -726, "2009-06-30": -732, "2009-03-31": "-675.00000", "2008-12-31": -669, "2008-09-30": -677, "2008-06-30": -685, "2008-03-31": "-554.00000", "2007-12-31": -554, "2007-09-30": -549, "2007-06-30": -592, "2007-03-31": "-452.00000", "2006-12-31": -452, "2006-09-30": -455, "2006-06-30": -463, "2006-03-31": "-313.00000", "2005-12-31": -316, "2005-09-30": -319, "2005-06-30": -321, "2005-03-31": "-294.00000"}, "Financial Activities - Other": {"2020-12-31": -282, "2020-09-30": 29, "2020-06-30": 30, "2020-03-31": "13.00000", "2019-12-31": 31, "2019-09-30": 27, "2019-06-30": 32, "2019-03-31": "9.00000", "2018-12-31": 29, "2018-09-30": 30, "2018-06-30": 36, "2018-03-31": "16.00000", "2017-12-31": 38, "2017-09-30": 40, "2017-06-30": 43, "2017-03-31": "54.00000", "2016-12-31": 204, "2016-09-30": 0, "2016-06-30": 0, "2016-03-31": "", "2015-12-31": 0, "2015-09-30": 0, "2015-06-30": 0, "2015-03-31": "", "2014-12-31": 0, "2014-09-30": 0, "2014-06-30": 0, "2014-03-31": "", "2013-12-31": 0, "2013-09-30": 0, "2013-06-30": 0, "2013-03-31": "", "2012-12-31": 0, "2012-09-30": 0, "2012-06-30": 0, "2012-03-31": "", "2011-12-31": 0, "2011-09-30": 0, "2011-06-30": 0, "2011-03-31": "", "2010-12-31": 0, "2010-09-30": 0, "2010-06-30": 0, "2010-03-31": "", "2009-12-31": 0, "2009-09-30": 0, "2009-06-30": 0, "2009-03-31": "", "2008-12-31": 0, "2008-09-30": 0, "2008-06-30": 0, "2008-03-31": "", "2007-12-31": 0, "2007-09-30": 0, "2007-06-30": 0, "2007-03-31": "", "2006-12-31": 0, "2006-09-30": 0, "2006-06-30": 0, "2006-03-31": "", "2005-12-31": 0, "2005-09-30": 0, "2005-06-30": 0, "2005-03-31": ""}, "Cash Flow From Financial Activities": {"2020-12-31": -6293, "2020-09-30": -1689, "2020-06-30": -1624, "2020-03-31": "-115.00000", "2019-12-31": -5675, "2019-09-30": -8177, "2019-06-30": 21031, "2019-03-31": "1863.00000", "2018-12-31": -4605, "2018-09-30": -436, "2018-06-30": -2519, "2018-03-31": "-2909.00000", "2017-12-31": -919, "2017-09-30": -2756, "2017-06-30": -609, "2017-03-31": "-2134.00000", "2016-12-31": -1298, "2016-09-30": -4185, "2016-06-30": -3240, "2016-03-31": "2806.00000", "2015-12-31": -1595, "2015-09-30": -1848, "2015-06-30": -2568, "2015-03-31": "-3402.00000", "2014-12-31": -5699, "2014-09-30": -2820, "2014-06-30": -2260, "2014-03-31": "-4673.00000", "2013-12-31": -3013, "2013-09-30": -827, "2013-06-30": -3327, "2013-03-31": "-2716.00000", "2012-12-31": -3791, "2012-09-30": -2507, "2012-06-30": -3362, "2012-03-31": "-2316.00000", "2011-12-31": -2810, "2011-09-30": -3669, "2011-06-30": -4903, "2011-03-31": "-2314.00000", "2010-12-31": -1860, "2010-09-30": -3455, "2010-06-30": -3746, "2010-03-31": "-3368.00000", "2009-12-31": -1206, "2009-09-30": -5168, "2009-06-30": -3743, "2009-03-31": "-4583.00000", "2008-12-31": -2870, "2008-09-30": -1881, "2008-06-30": -4287, "2008-03-31": "-2796.00000", "2007-12-31": -621, "2007-09-30": 888, "2007-06-30": -3290, "2007-03-31": "-1717.00000", "2006-12-31": -303, "2006-09-30": -1655, "2006-06-30": -3693, "2006-03-31": "-2553.00000", "2005-12-31": 496, "2005-09-30": -3712, "2005-06-30": -1344, "2005-03-31": "-2587.00000"}, "Net Cash Flow": {"2020-12-31": -878, "2020-09-30": 2365, "2020-06-30": 817, "2020-03-31": "3057.00000", "2019-12-31": -1911, "2019-09-30": -35309, "2019-06-30": 28262, "2019-03-31": "5668.00000", "2018-12-31": -127, "2018-09-30": 771, "2018-06-30": -1302, "2018-03-31": "28.00000", "2017-12-31": 1065, "2017-09-30": -764, "2017-06-30": 1637, "2017-03-31": "2223.00000", "2016-12-31": -1164, "2016-09-30": -978, "2016-06-30": -4338, "2016-03-31": "6668.00000", "2015-12-31": -1794, "2015-09-30": 1087, "2015-06-30": -402, "2015-03-31": "319.00000", "2014-12-31": -1085, "2014-09-30": -155, "2014-06-30": 307, "2014-03-31": "-1307.00000", "2013-12-31": 644, "2013-09-30": 514, "2013-06-30": -1027, "2013-03-31": "173.00000", "2012-12-31": -1498, "2012-09-30": 1045, "2012-06-30": -971, "2012-03-31": "-87.00000", "2011-12-31": 619, "2011-09-30": -411, "2011-06-30": -1048, "2011-03-31": "2102.00000", "2010-12-31": 802, "2010-09-30": -466, "2010-06-30": -2147, "2010-03-31": "289.00000", "2009-12-31": 2652, "2009-09-30": -2147, "2009-06-30": -616, "2009-03-31": "-447.00000", "2008-12-31": 2986, "2008-09-30": 129, "2008-06-30": -1160, "2008-03-31": "-4205.00000", "2007-12-31": 5696, "2007-09-30": 2284, "2007-06-30": 59, "2007-03-31": "-1070.00000", "2006-12-31": -462, "2006-09-30": 1384, "2006-06-30": -2035, "2006-03-31": "-3433.00000", "2005-12-31": 4316, "2005-09-30": -396, "2005-06-30": 11, "2005-03-31": "-1416.00000"}, "Stock-Based Compensation": {"2020-12-31": 279, "2020-09-30": 222, "2020-06-30": 247, "2020-03-31": "189.00000", "2019-12-31": 211, "2019-09-30": 220, "2019-06-30": 135, "2019-03-31": "113.00000", "2018-12-31": 139, "2018-09-30": 129, "2018-06-30": 126, "2018-03-31": "116.00000", "2017-12-31": 146, "2017-09-30": 123, "2017-06-30": 136, "2017-03-31": "129.00000", "2016-12-31": 141, "2016-09-30": 142, "2016-06-30": 128, "2016-03-31": "133.00000", "2015-12-31": 99, "2015-09-30": 112, "2015-06-30": 130, "2015-03-31": "127.00000", "2014-12-31": 96, "2014-09-30": 150, "2014-06-30": 142, "2014-03-31": "124.00000", "2013-12-31": 159, "2013-09-30": 150, "2013-06-30": 161, "2013-03-31": "144.00000", "2012-12-31": 178, "2012-09-30": 182, "2012-06-30": 160, "2012-03-31": "168.00000", "2011-12-31": 199, "2011-09-30": 166, "2011-06-30": 162, "2011-03-31": "170.00000", "2010-12-31": 155, "2010-09-30": 154, "2010-06-30": 151, "2010-03-31": "169.00000", "2009-12-31": 142, "2009-09-30": 147, "2009-06-30": 132, "2009-03-31": "137.00000", "2008-12-31": 158, "2008-09-30": 161, "2008-06-30": 169, "2008-03-31": "171.00000", "2007-12-31": 174, "2007-09-30": 178, "2007-06-30": 183, "2007-03-31": "178.00000", "2006-12-31": 846, "2006-09-30": 0, "2006-06-30": 0, "2006-03-31": "", "2005-12-31": 0, "2005-09-30": 0, "2005-06-30": 0, "2005-03-31": ""}, "Common Stock Dividends Paid": {"2020-12-31": -1454, "2020-09-30": -1453, "2020-06-30": -1450, "2020-03-31": "-1440.00000", "2019-12-31": -1438, "2019-09-30": -1436, "2019-06-30": -1436, "2019-03-31": "-1397.00000", "2018-12-31": -1416, "2018-09-30": -1431, "2018-06-30": -1437, "2018-03-31": "-1382.00000", "2017-12-31": -1387, "2017-09-30": -1395, "2017-06-30": -1403, "2017-03-31": "-1321.00000", "2016-12-31": -1329, "2016-09-30": -1337, "2016-06-30": -1340, "2016-03-31": "-1250.00000", "2015-12-31": -1261, "2015-09-30": -1270, "2015-06-30": -1278, "2015-03-31": "-1088.00000", "2014-12-31": -1089, "2014-09-30": -1090, "2014-06-30": -1096, "2014-03-31": "-990.00000", "2013-12-31": -1025, "2013-09-30": -1037, "2013-06-30": -1048, "2013-03-31": "-948.00000", "2012-12-31": -957, "2012-09-30": -968, "2012-06-30": -978, "2012-03-31": "-870.00000", "2011-12-31": -880, "2011-09-30": -893, "2011-06-30": -905, "2011-03-31": "-795.00000", "2010-12-31": -808, "2010-09-30": -818, "2010-06-30": -833, "2010-03-31": "-718.00000", "2009-12-31": -727, "2009-09-30": -726, "2009-06-30": -732, "2009-03-31": "-675.00000", "2008-12-31": -669, "2008-09-30": -677, "2008-06-30": -685, "2008-03-31": "-554.00000", "2007-12-31": -554, "2007-09-30": -549, "2007-06-30": -592, "2007-03-31": "-452.00000", "2006-12-31": -452, "2006-09-30": -455, "2006-06-30": -463, "2006-03-31": "-313.00000", "2005-12-31": -316, "2005-09-30": -319, "2005-06-30": -321, "2005-03-31": "-294.00000"}}, "financial ratios": {"Current Ratio": {"2019-12-31": "1.01910", "2018-12-31": "1.28560", "2017-12-31": "1.33110", "2016-12-31": "1.20990", "2015-12-31": "1.24030", "2014-12-31": "1.19700", "2013-12-31": "1.27880", "2012-12-31": "1.13310", "2011-12-31": "1.20900", "2010-12-31": "1.18620", "2009-12-31": "1.35920", "2008-12-31": "1.15480", "2007-12-31": "1.20010", "2006-12-31": "1.11400", "2005-12-31": "1.29900"}, "Long-term Debt / Capital": {"2019-12-31": "0.72050", "2018-12-31": "0.67780", "2017-12-31": "0.69210", "2016-12-31": "0.65330", "2015-12-31": "0.69860", "2014-12-31": "0.74440", "2013-12-31": "0.58900", "2012-12-31": "0.55920", "2011-12-31": "0.53040", "2010-12-31": "0.48530", "2009-12-31": "0.49080", "2008-12-31": "0.62550", "2007-12-31": "0.44730", "2006-12-31": "0.32590", "2005-12-31": "0.31790"}, "Debt/Equity Ratio": {"2019-12-31": "2.99730", "2018-12-31": "2.70610", "2017-12-31": "2.64170", "2016-12-31": "2.29270", "2015-12-31": "2.76550", "2014-12-31": "3.38950", "2013-12-31": "1.73220", "2012-12-31": "1.75250", "2011-12-31": "1.54770", "2010-12-31": "1.23530", "2009-12-31": "1.14700", "2008-12-31": "2.49740", "2007-12-31": "1.23900", "2006-12-31": "0.79570", "2005-12-31": "0.68410"}, "Gross Margin": {"2019-12-31": "47.29670", "2018-12-31": "46.40730", "2017-12-31": "46.68120", "2016-12-31": "48.19380", "2015-12-31": "49.77180", "2014-12-31": "50.01130", "2013-12-31": "49.49220", "2012-12-31": "48.95410", "2011-12-31": "46.89480", "2010-12-31": "46.07390", "2009-12-31": "45.72460", "2008-12-31": "44.06160", "2007-12-31": "42.24180", "2006-12-31": "41.88730", "2005-12-31": "40.08600"}, "Operating Margin": {"2019-12-31": "12.82750", "2018-12-31": "15.31830", "2017-12-31": "14.75000", "2016-12-31": "14.91760", "2015-12-31": "18.35920", "2014-12-31": "19.17170", "2013-12-31": "19.81360", "2012-12-31": "20.49300", "2011-12-31": "18.97380", "2010-12-31": "18.17360", "2009-12-31": "17.76770", "2008-12-31": "15.37970", "2007-12-31": "13.68210", "2006-12-31": "13.04800", "2005-12-31": "10.28820"}, "EBIT Margin": {"2019-12-31": "12.82750", "2018-12-31": "15.31830", "2017-12-31": "14.75000", "2016-12-31": "14.91760", "2015-12-31": "18.35920", "2014-12-31": "19.17170", "2013-12-31": "19.81360", "2012-12-31": "20.49300", "2011-12-31": "18.97380", "2010-12-31": "18.17360", "2009-12-31": "17.76770", "2008-12-31": "15.37970", "2007-12-31": "13.68210", "2006-12-31": "13.04800", "2005-12-31": "10.28820"}, "EBITDA Margin": {"2019-12-31": "20.68130", "2018-12-31": "20.94710", "2017-12-31": "20.48800", "2016-12-31": "20.39940", "2015-12-31": "23.07530", "2014-12-31": "24.01260", "2013-12-31": "24.56920", "2012-12-31": "25.03840", "2011-12-31": "23.47730", "2010-12-31": "23.01090", "2009-12-31": "22.98290", "2008-12-31": "20.63880", "2007-12-31": "18.94700", "2006-12-31": "18.49840", "2005-12-31": "15.98090"}, "Pre-Tax Profit Margin": {"2019-12-31": "13.17740", "2018-12-31": "14.25040", "2017-12-31": "14.40500", "2016-12-31": "15.42810", "2015-12-31": "19.50670", "2014-12-31": "21.53830", "2013-12-31": "20.58010", "2012-12-31": "21.91030", "2011-12-31": "19.64440", "2010-12-31": "19.74870", "2009-12-31": "18.94150", "2008-12-31": "16.12950", "2007-12-31": "14.66710", "2006-12-31": "14.56620", "2005-12-31": "13.41540"}, "Net Profit Margin": {"2019-12-31": "12.22470", "2018-12-31": "10.96610", "2017-12-31": "7.26950", "2016-12-31": "14.85500", "2015-12-31": "16.13630", "2014-12-31": "12.95570", "2013-12-31": "16.75660", "2012-12-31": "16.14010", "2011-12-31": "14.82940", "2010-12-31": "14.85230", "2009-12-31": "14.01970", "2008-12-31": "11.90200", "2007-12-31": "10.54600", "2006-12-31": "10.38240", "2005-12-31": "8.70590"}, "Asset Turnover": {"2019-12-31": "0.50690", "2018-12-31": "0.64510", "2017-12-31": "0.63130", "2016-12-31": "0.68030", "2015-12-31": "0.73980", "2014-12-31": "0.79130", "2013-12-31": "0.77930", "2012-12-31": "0.86290", "2011-12-31": "0.91830", "2010-12-31": "0.88030", "2009-12-31": "0.87830", "2008-12-31": "0.94620", "2007-12-31": "0.82030", "2006-12-31": "0.88560", "2005-12-31": "0.86180"}, "Inventory Turnover Ratio": {"2019-12-31": "25.11300", "2018-12-31": "25.35910", "2017-12-31": "26.65570", "2016-12-31": "26.65940", "2015-12-31": "26.47130", "2014-12-31": "22.05710", "2013-12-31": "21.50780", "2012-12-31": "22.96150", "2011-12-31": "21.87980", "2010-12-31": "21.98250", "2009-12-31": "20.83880", "2008-12-31": "21.46210", "2007-12-31": "21.41780", "2006-12-31": "18.90710", "2005-12-31": "19.21930"}, "Receiveable Turnover": {"2019-12-31": "8.03360", "2018-12-31": "9.73590", "2017-12-31": "7.98660", "2016-12-31": "7.80540", "2015-12-31": "8.57360", "2014-12-31": "7.73530", "2013-12-31": "8.16390", "2012-12-31": "8.20370", "2011-12-31": "8.44520", "2010-12-31": "8.34480", "2009-12-31": "8.06110", "2008-12-31": "8.58010", "2007-12-31": "7.90290", "2006-12-31": "7.77880", "2005-12-31": "8.53470"}, "Days Sales In Receivables": {"2019-12-31": "45.43400", "2018-12-31": "37.49010", "2017-12-31": "45.70170", "2016-12-31": "46.76280", "2015-12-31": "42.57240", "2014-12-31": "47.18610", "2013-12-31": "44.70900", "2012-12-31": "44.49230", "2011-12-31": "43.21990", "2010-12-31": "43.74010", "2009-12-31": "45.27910", "2008-12-31": "42.54050", "2007-12-31": "46.18570", "2006-12-31": "46.92250", "2005-12-31": "42.76640"}, "ROE - Return On Equity": {"2019-12-31": "44.96500", "2018-12-31": "51.52390", "2017-12-31": "32.48700", "2016-12-31": "64.59870", "2015-12-31": "92.65760", "2014-12-31": "131.09450", "2013-12-31": "73.62290", "2012-12-31": "89.53910", "2011-12-31": "78.35430", "2010-12-31": "64.01260", "2009-12-31": "58.99800", "2008-12-31": "90.79130", "2007-12-31": "36.59420", "2006-12-31": "33.03160", "2005-12-31": "24.15250"}, "Return On Tangible Equity": {"2019-12-31": "-17.98070", "2018-12-31": "-38.90380", "2017-12-31": "-25.24890", "2016-12-31": "-52.81620", "2015-12-31": "-63.38460", "2014-12-31": "-72.76630", "2013-12-31": "-139.21330", "2012-12-31": "-120.98930", "2011-12-31": "-169.22830", "2010-12-31": "-272.11520", "2009-12-31": "25817.31000", "2008-12-31": "-164.03780", "2007-12-31": "86.26320", "2006-12-31": "70.00740", "2005-12-31": "36.34630"}, "ROA - Return On Assets": {"2019-12-31": "6.19970", "2018-12-31": "7.06990", "2017-12-31": "4.59330", "2016-12-31": "10.11410", "2015-12-31": "12.09470", "2014-12-31": "13.43130", "2013-12-31": "13.37400", "2012-12-31": "14.25940", "2011-12-31": "13.61730", "2010-12-31": "13.07430", "2009-12-31": "12.31400", "2008-12-31": "11.26150", "2007-12-31": "8.65060", "2006-12-31": "9.12100", "2005-12-31": "7.55950"}, "ROI - Return On Investment": {"2019-12-31": "12.56540", "2018-12-31": "16.60450", "2017-12-31": "10.00310", "2016-12-31": "22.39710", "2015-12-31": "27.92780", "2014-12-31": "33.50920", "2013-12-31": "30.26080", "2012-12-31": "39.46650", "2011-12-31": "36.79250", "2010-12-31": "32.94900", "2009-12-31": "30.04230", "2008-12-31": "34.00330", "2007-12-31": "20.22560", "2006-12-31": "22.26740", "2005-12-31": "16.47470"}, "Book Value Per Share": {"2019-12-31": "23.65550", "2018-12-31": "18.96850", "2017-12-31": "19.22080", "2016-12-31": "19.44460", "2015-12-31": "14.93590", "2014-12-31": "12.12890", "2013-12-31": "21.74620", "2012-12-31": "16.98990", "2011-12-31": "17.39710", "2010-12-31": "18.86980", "2009-12-31": "17.43230", "2008-12-31": "10.14420", "2007-12-31": "20.55250", "2006-12-31": "18.92220", "2005-12-31": "21.02820"}, "Operating Cash Flow Per Share": {"2019-12-31": -0.0963, "2018-12-31": -1.2016, "2017-12-31": 0.0214, "2016-12-31": 0.2609, "2015-12-31": 0.8578, "2014-12-31": 0.8494, "2013-12-31": -1.0994, "2012-12-31": 0.6003, "2011-12-31": 1.1653, "2010-12-31": -0.3012, "2009-12-31": 1.9313, "2008-12-31": 2.5084, "2007-12-31": 1.3793, "2006-12-31": 0.5046, "2005-12-31": 9.163}, "Free Cash Flow Per Share": {"2019-12-31": 1.3791, "2018-12-31": -1.682, "2017-12-31": 0.3457, "2016-12-31": 0.2481, "2015-12-31": 0.8953, "2014-12-31": 0.4937, "2013-12-31": -0.8687, "2012-12-31": 0.3058, "2011-12-31": 0.9345, "2010-12-31": -0.6301, "2009-12-31": 2.3608, "2008-12-31": 2.5645, "2007-12-31": 1.1009, "2006-12-31": -0.346, "2005-12-31": 7.4826}}, "financial ratios, quarterly": {"Current Ratio": {"2020-09-30": "1.04870", "2020-06-30": "1.03930", "2020-03-31": "0.95720", "2019-12-31": "1.01910", "2019-09-30": "1.08710", "2019-06-30": "1.83030", "2019-03-31": "1.35590", "2018-12-31": "1.28560", "2018-09-30": "1.31050", "2018-06-30": "1.32030", "2018-03-31": "1.37470", "2017-12-31": "1.33110", "2017-09-30": "1.41160", "2017-06-30": "1.25150", "2017-03-31": "1.17570", "2016-12-31": "1.20990", "2016-09-30": "1.20280", "2016-06-30": "1.29590", "2016-03-31": "1.37380", "2015-12-31": "1.24030", "2015-09-30": "1.24840", "2015-06-30": "1.27160", "2015-03-31": "1.29960", "2014-12-31": "1.19700", "2014-09-30": "1.11480", "2014-06-30": "1.13550", "2014-03-31": "1.16810", "2013-12-31": "1.27880", "2013-09-30": "1.21190", "2013-06-30": "1.16750", "2013-03-31": "1.16210", "2012-12-31": "1.13310", "2012-09-30": "1.21880", "2012-06-30": "1.21820", "2012-03-31": "1.27840", "2011-12-31": "1.20900", "2011-09-30": "1.25940", "2011-06-30": "1.17800", "2011-03-31": "1.17670", "2010-12-31": "1.18620", "2010-09-30": "1.25470", "2010-06-30": "1.28300", "2010-03-31": "1.32170", "2009-12-31": "1.35920", "2009-09-30": "1.31810", "2009-06-30": "1.21970", "2009-03-31": "1.17560", "2008-12-31": "1.15480", "2008-09-30": "0.98740", "2008-06-30": "1.03640", "2008-03-31": "1.02930", "2007-12-31": "1.20010", "2007-09-30": "1.03510", "2007-06-30": "0.87960", "2007-03-31": "1.15460", "2006-12-31": "1.11400", "2006-09-30": "1.16430", "2006-06-30": "1.16040", "2006-03-31": "1.24990", "2005-12-31": "1.29900", "2005-09-30": "1.30630", "2005-06-30": "1.25820", "2005-03-31": "1.22240"}, "Long-term Debt / Capital": {"2020-09-30": "0.72100", "2020-06-30": "0.72830", "2020-03-31": "0.72360", "2019-12-31": "0.72050", "2019-09-30": "0.76160", "2019-06-30": "0.76680", "2019-03-31": "0.70520", "2018-12-31": "0.67780", "2018-09-30": "0.64370", "2018-06-30": "0.66990", "2018-03-31": "0.68840", "2017-12-31": "0.69210", "2017-09-30": "0.67660", "2017-06-30": "0.66980", "2017-03-31": "0.65120", "2016-12-31": "0.65330", "2016-09-30": "0.67450", "2016-06-30": "0.71390", "2016-03-31": "0.72760", "2015-12-31": "0.69860", "2015-09-30": "0.70490", "2015-06-30": "0.70670", "2015-03-31": "0.73620", "2014-12-31": "0.74440", "2014-09-30": "0.69510", "2014-06-30": "0.66010", "2014-03-31": "0.67440", "2013-12-31": "0.58900", "2013-09-30": "0.58730", "2013-06-30": "0.59520", "2013-03-31": "0.56220", "2012-12-31": "0.55920", "2012-09-30": "0.52900", "2012-06-30": "0.54640", "2012-03-31": "0.55350", "2011-12-31": "0.53040", "2011-09-30": "0.51840", "2011-06-30": "0.48570", "2011-03-31": "0.48850", "2010-12-31": "0.48530", "2010-09-30": "0.49480", "2010-06-30": "0.49810", "2010-03-31": "0.49030", "2009-12-31": "0.49080", "2009-09-30": "0.52670", "2009-06-30": "0.57420", "2009-03-31": "0.60650", "2008-12-31": "0.62550", "2008-09-30": "0.39850", "2008-06-30": "0.43230", "2008-03-31": "0.40980", "2007-12-31": "0.44730", "2007-09-30": "0.47750", "2007-06-30": "0.45830", "2007-03-31": "0.33940", "2006-12-31": "0.32590", "2006-09-30": "0.28180", "2006-06-30": "0.29250", "2006-03-31": "0.31890", "2005-12-31": "0.31790", "2005-09-30": "0.36490", "2005-06-30": "0.36860", "2005-03-31": "0.36340"}, "Debt/Equity Ratio": {"2020-09-30": "3.06620", "2020-06-30": "3.12930", "2020-03-31": "3.19590", "2019-12-31": "2.99730", "2019-09-30": "3.66530", "2019-06-30": "4.10890", "2019-03-31": "3.00940", "2018-12-31": "2.70610", "2018-09-30": "2.35570", "2018-06-30": "2.43980", "2018-03-31": "2.53620", "2017-12-31": "2.64170", "2017-09-30": "2.30940", "2017-06-30": "2.46300", "2017-03-31": "2.31900", "2016-12-31": "2.29270", "2016-09-30": "2.47580", "2016-06-30": "2.80230", "2016-03-31": "3.02260", "2015-12-31": "2.76550", "2015-09-30": "2.94870", "2015-06-30": "2.79450", "2015-03-31": "3.15950", "2014-12-31": "3.38950", "2014-09-30": "3.17450", "2014-06-30": "2.65350", "2014-03-31": "2.62720", "2013-12-31": "1.73220", "2013-09-30": "1.80830", "2013-06-30": "1.90810", "2013-03-31": "1.73820", "2012-12-31": "1.75250", "2012-09-30": "1.55390", "2012-06-30": "1.57730", "2012-03-31": "1.54230", "2011-12-31": "1.54770", "2011-09-30": "1.34780", "2011-06-30": "1.28280", "2011-03-31": "1.32850", "2010-12-31": "1.23530", "2010-09-30": "1.22790", "2010-06-30": "1.25850", "2010-03-31": "1.18830", "2009-12-31": "1.14700", "2009-09-30": "1.37720", "2009-06-30": "1.89830", "2009-03-31": "2.26220", "2008-12-31": "2.49740", "2008-09-30": "1.25050", "2008-06-30": "1.21120", "2008-03-31": "1.22480", "2007-12-31": "1.23900", "2007-09-30": "1.71900", "2007-06-30": "2.07220", "2007-03-31": "0.86110", "2006-12-31": "0.79570", "2006-09-30": "0.64210", "2006-06-30": "0.64920", "2006-03-31": "0.68700", "2005-12-31": "0.68410", "2005-09-30": "0.70850", "2005-06-30": "0.78730", "2005-03-31": "0.78250"}, "Gross Margin": {"2020-09-30": "48.00680", "2020-06-30": "48.00530", "2020-03-31": "45.08570", "2019-12-31": "50.96900", "2019-09-30": "46.23920", "2019-06-30": "47.02260", "2019-03-31": "44.23610", "2018-12-31": "49.11310", "2018-09-30": "46.93430", "2018-06-30": "45.98810", "2018-03-31": "43.24140", "2017-12-31": "49.01960", "2017-09-30": "46.89080", "2017-06-30": "46.49280", "2017-03-31": "43.75650", "2016-12-31": "51.05420", "2016-09-30": "46.87920", "2016-06-30": "47.93950", "2016-03-31": "46.48900", "2015-12-31": "51.70910", "2015-09-30": "48.94190", "2015-06-30": "49.92070", "2015-03-31": "48.24910", "2014-12-31": "53.34050", "2014-09-30": "48.55110", "2014-06-30": "50.08530", "2014-03-31": "47.79190", "2013-12-31": "54.10720", "2013-09-30": "48.97160", "2013-06-30": "48.67600", "2013-03-31": "45.61690", "2012-12-31": "55.03960", "2012-09-30": "47.40780", "2012-06-30": "47.63220", "2012-03-31": "45.06140", "2011-12-31": "49.92880", "2011-09-30": "46.53820", "2011-06-30": "46.44490", "2011-03-31": "44.12570", "2010-12-31": "49.03160", "2010-09-30": "45.32570", "2010-06-30": "45.56150", "2010-03-31": "43.64530", "2009-12-31": "48.27590", "2009-09-30": "45.09460", "2009-06-30": "45.50970", "2009-03-31": "43.43880", "2008-12-31": "47.90420", "2008-09-30": "43.31280", "2008-06-30": "43.24760", "2008-03-31": "41.49050", "2007-12-31": "44.92830", "2007-09-30": "41.27870", "2007-06-30": "41.80550", "2007-03-31": "40.24700", "2006-12-31": "44.56170", "2006-09-30": "41.96840", "2006-06-30": "41.17860", "2006-03-31": "39.15000", "2005-12-31": "44.07010", "2005-09-30": "40.58710", "2005-06-30": "39.40280", "2005-03-31": "36.03110"}, "Operating Margin": {"2020-09-30": "12.91570", "2020-06-30": "10.31290", "2020-03-31": "1.95210", "2019-12-31": "18.69030", "2019-09-30": "9.75700", "2019-06-30": "11.21030", "2019-03-31": "10.55440", "2018-12-31": "21.27300", "2018-09-30": "17.00260", "2018-06-30": "14.88780", "2018-03-31": "7.31960", "2017-12-31": "20.65030", "2017-09-30": "16.10710", "2017-06-30": "12.95560", "2017-03-31": "7.89870", "2016-12-31": "22.66320", "2016-09-30": "15.00050", "2016-06-30": "14.27020", "2016-03-31": "6.50820", "2015-12-31": "22.15070", "2015-09-30": "17.72820", "2015-06-30": "18.79110", "2015-03-31": "14.25220", "2014-12-31": "22.84250", "2014-09-30": "18.92660", "2014-06-30": "21.16270", "2014-03-31": "13.28480", "2013-12-31": "27.40010", "2013-09-30": "20.62730", "2013-06-30": "15.66360", "2013-03-31": "14.76850", "2012-12-31": "30.00610", "2012-09-30": "17.33540", "2012-06-30": "18.83800", "2012-03-31": "14.72050", "2011-12-31": "24.04870", "2011-09-30": "18.98150", "2011-06-30": "17.94420", "2011-03-31": "14.00010", "2010-12-31": "23.08220", "2010-09-30": "18.07920", "2010-06-30": "18.01550", "2010-03-31": "12.20630", "2009-12-31": "22.50010", "2009-09-30": "17.69070", "2009-06-30": "17.34190", "2009-03-31": "12.37160", "2008-12-31": "20.63990", "2008-09-30": "14.76560", "2008-06-30": "13.61300", "2008-03-31": "12.15000", "2007-12-31": "18.59280", "2007-09-30": "12.88610", "2007-06-30": "11.66500", "2007-03-31": "10.29550", "2006-12-31": "17.12620", "2006-09-30": "12.49950", "2006-06-30": "11.76790", "2006-03-31": "9.82140", "2005-12-31": "16.59640", "2005-09-30": "12.35080", "2005-06-30": "3.59680", "2005-03-31": "8.12820"}, "EBIT Margin": {"2020-09-30": "12.91570", "2020-06-30": "10.31290", "2020-03-31": "1.95210", "2019-12-31": "18.69030", "2019-09-30": "9.75700", "2019-06-30": "11.21030", "2019-03-31": "10.55440", "2018-12-31": "21.27300", "2018-09-30": "17.00260", "2018-06-30": "14.88780", "2018-03-31": "7.31960", "2017-12-31": "20.65030", "2017-09-30": "16.10710", "2017-06-30": "12.95560", "2017-03-31": "7.89870", "2016-12-31": "22.66320", "2016-09-30": "15.00050", "2016-06-30": "14.27020", "2016-03-31": "6.50820", "2015-12-31": "22.15070", "2015-09-30": "17.72820", "2015-06-30": "18.79110", "2015-03-31": "14.25220", "2014-12-31": "22.84250", "2014-09-30": "18.92660", "2014-06-30": "21.16270", "2014-03-31": "13.28480", "2013-12-31": "27.40010", "2013-09-30": "20.62730", "2013-06-30": "15.66360", "2013-03-31": "14.76850", "2012-12-31": "30.00610", "2012-09-30": "17.33540", "2012-06-30": "18.83800", "2012-03-31": "14.72050", "2011-12-31": "24.04870", "2011-09-30": "18.98150", "2011-06-30": "17.94420", "2011-03-31": "14.00010", "2010-12-31": "23.08220", "2010-09-30": "18.07920", "2010-06-30": "18.01550", "2010-03-31": "12.20630", "2009-12-31": "22.50010", "2009-09-30": "17.69070", "2009-06-30": "17.34190", "2009-03-31": "12.37160", "2008-12-31": "20.63990", "2008-09-30": "14.76560", "2008-06-30": "13.61300", "2008-03-31": "12.15000", "2007-12-31": "18.59280", "2007-09-30": "12.88610", "2007-06-30": "11.66500", "2007-03-31": "10.29550", "2006-12-31": "17.12620", "2006-09-30": "12.49950", "2006-06-30": "11.76790", "2006-03-31": "9.82140", "2005-12-31": "16.59640", "2005-09-30": "12.35080", "2005-06-30": "3.59680", "2005-03-31": "8.12820"}, "EBITDA Margin": {"2020-09-30": "", "2020-06-30": "", "2020-03-31": "", "2019-12-31": "", "2019-09-30": "", "2019-06-30": "", "2019-03-31": "", "2018-12-31": "", "2018-09-30": "", "2018-06-30": "", "2018-03-31": "", "2017-12-31": "", "2017-09-30": "", "2017-06-30": "", "2017-03-31": "", "2016-12-31": "", "2016-09-30": "", "2016-06-30": "", "2016-03-31": "", "2015-12-31": "", "2015-09-30": "", "2015-06-30": "", "2015-03-31": "", "2014-12-31": "", "2014-09-30": "", "2014-06-30": "", "2014-03-31": "", "2013-12-31": "", "2013-09-30": "", "2013-06-30": "", "2013-03-31": "", "2012-12-31": "", "2012-09-30": "", "2012-06-30": "", "2012-03-31": "", "2011-12-31": "", "2011-09-30": "", "2011-06-30": "", "2011-03-31": "", "2010-12-31": "", "2010-09-30": "", "2010-06-30": "", "2010-03-31": "", "2009-12-31": "", "2009-09-30": "", "2009-06-30": "", "2009-03-31": "", "2008-12-31": "", "2008-09-30": "", "2008-06-30": "", "2008-03-31": "", "2007-12-31": "", "2007-09-30": "", "2007-06-30": "", "2007-03-31": "", "2006-12-31": "", "2006-09-30": "", "2006-06-30": "", "2006-03-31": "", "2005-12-31": "", "2005-09-30": "", "2005-06-30": "", "2005-03-31": ""}, "Pre-Tax Profit Margin": {"2020-09-30": "10.40430", "2020-06-30": "8.66850", "2020-03-31": "-0.27890", "2019-12-31": "18.33670", "2019-09-30": "8.44240", "2019-06-30": "14.44600", "2019-03-31": "10.35640", "2018-12-31": "20.37680", "2018-09-30": "15.97360", "2018-06-30": "13.87790", "2018-03-31": "5.95640", "2017-12-31": "19.82080", "2017-09-30": "16.00270", "2017-06-30": "12.66530", "2017-03-31": "7.84360", "2016-12-31": "22.89280", "2016-09-30": "16.97180", "2016-06-30": "15.06570", "2016-03-31": "5.53410", "2015-12-31": "23.11630", "2015-09-30": "18.78110", "2015-06-30": "20.29500", "2015-03-31": "15.31900", "2014-12-31": "29.41980", "2014-09-30": "19.47140", "2014-06-30": "22.23980", "2014-03-31": "14.31460", "2013-12-31": "28.17550", "2013-09-30": "21.30430", "2013-06-30": "16.62650", "2013-03-31": "15.40500", "2012-12-31": "30.60610", "2012-09-30": "20.50350", "2012-06-30": "20.01710", "2012-03-31": "15.54740", "2011-12-31": "24.66930", "2011-09-30": "19.21860", "2011-06-30": "18.31920", "2011-03-31": "15.51190", "2010-12-31": "23.97130", "2010-09-30": "19.26990", "2010-06-30": "19.28430", "2010-03-31": "15.37820", "2009-12-31": "23.43290", "2009-09-30": "18.55640", "2009-06-30": "18.33120", "2009-03-31": "14.37980", "2008-12-31": "21.50630", "2008-09-30": "15.39400", "2008-06-30": "14.22070", "2008-03-31": "13.05200", "2007-12-31": "19.01550", "2007-09-30": "13.59920", "2007-06-30": "13.21300", "2007-03-31": "11.70730", "2006-12-31": "18.33350", "2006-09-30": "14.03370", "2006-06-30": "13.19780", "2006-03-31": "11.81080", "2005-12-31": "18.70060", "2005-09-30": "13.53990", "2005-06-30": "12.27210", "2005-03-31": "8.77420"}, "Net Profit Margin": {"2020-09-30": "9.66970", "2020-06-30": "7.50980", "2020-03-31": "6.68720", "2019-12-31": "16.85340", "2019-09-30": "9.27450", "2019-06-30": "13.03690", "2019-03-31": "8.75040", "2018-12-31": "8.96600", "2018-09-30": "14.36340", "2018-06-30": "12.01820", "2018-03-31": "8.80350", "2017-12-31": "-4.67570", "2017-09-30": "14.23280", "2017-06-30": "12.08460", "2017-03-31": "9.63920", "2016-12-31": "20.67430", "2016-09-30": "14.83930", "2016-06-30": "12.37280", "2016-03-31": "10.77930", "2015-12-31": "20.23300", "2015-09-30": "15.30080", "2015-06-30": "16.57140", "2015-03-31": "11.88360", "2014-12-31": "22.73880", "2014-09-30": "0.08040", "2014-06-30": "17.20380", "2014-03-31": "10.72140", "2013-12-31": "23.16370", "2013-09-30": "17.31510", "2013-06-30": "12.94340", "2013-03-31": "12.95280", "2012-12-31": "21.07980", "2012-09-30": "15.45240", "2012-06-30": "15.05260", "2012-03-31": "12.42650", "2011-12-31": "18.61560", "2011-09-30": "14.67680", "2011-06-30": "13.74030", "2011-03-31": "11.63490", "2010-12-31": "18.11630", "2010-09-30": "14.78720", "2010-06-30": "14.27250", "2010-03-31": "11.37950", "2009-12-31": "17.67470", "2009-09-30": "13.63830", "2009-06-30": "13.34620", "2009-03-31": "10.57070", "2008-12-31": "16.38900", "2008-09-30": "11.16120", "2008-06-30": "10.30950", "2008-03-31": "9.46450", "2007-12-31": "13.69780", "2007-09-30": "9.78900", "2007-06-30": "9.50280", "2007-03-31": "8.37080", "2006-12-31": "13.48160", "2006-09-30": "9.82450", "2006-06-30": "9.23710", "2006-03-31": "8.26760", "2005-12-31": "13.04700", "2005-09-30": "7.04170", "2005-06-30": "8.21280", "2005-03-31": "6.12010"}, "Asset Turnover": {"2020-09-30": "0.11390", "2020-06-30": "0.11750", "2020-03-31": "0.11450", "2019-12-31": "0.14310", "2019-09-30": "0.12050", "2019-06-30": "0.12390", "2019-03-31": "0.13890", "2018-12-31": "0.17640", "2018-09-30": "0.15380", "2018-06-30": "0.16450", "2018-03-31": "0.15220", "2017-12-31": "0.17980", "2017-09-30": "0.15750", "2017-06-30": "0.16010", "2017-03-31": "0.15450", "2016-12-31": "0.18530", "2016-09-30": "0.16630", "2016-06-30": "0.17140", "2016-03-31": "0.15720", "2015-12-31": "0.19960", "2015-09-30": "0.17750", "2015-06-30": "0.18460", "2015-03-31": "0.17490", "2014-12-31": "0.20560", "2014-09-30": "0.18840", "2014-06-30": "0.19340", "2014-03-31": "0.18130", "2013-12-31": "0.21150", "2013-09-30": "0.19800", "2013-06-30": "0.21640", "2013-03-31": "0.19960", "2012-12-31": "0.23210", "2012-09-30": "0.21370", "2012-06-30": "0.22650", "2012-03-31": "0.21390", "2011-12-31": "0.25320", "2011-09-30": "0.23740", "2011-06-30": "0.23500", "2011-03-31": "0.21780", "2010-12-31": "0.25580", "2010-09-30": "0.22650", "2010-06-30": "0.22940", "2010-03-31": "0.21730", "2009-12-31": "0.24980", "2009-09-30": "0.22730", "2009-06-30": "0.22430", "2009-03-31": "0.21300", "2008-12-31": "0.24660", "2008-09-30": "0.21830", "2008-06-30": "0.22180", "2008-03-31": "0.20110", "2007-12-31": "0.23970", "2007-09-30": "0.22210", "2007-06-30": "0.23180", "2007-03-31": "0.21680", "2006-12-31": "0.25440", "2006-09-30": "0.21710", "2006-06-30": "0.21170", "2006-03-31": "0.20160", "2005-12-31": "0.23100", "2005-09-30": "0.21310", "2005-06-30": "0.21540", "2005-03-31": "0.21840"}, "Inventory Turnover Ratio": {"2020-09-30": "4.68450", "2020-06-30": "5.04230", "2020-03-31": "5.40200", "2019-12-31": "6.59480", "2019-09-30": "5.66120", "2019-06-30": "5.81660", "2019-03-31": "5.72500", "2018-12-31": "6.58260", "2018-09-30": "5.25730", "2018-06-30": "6.20210", "2018-03-31": "6.17570", "2017-12-31": "7.26090", "2017-09-30": "5.94450", "2017-06-30": "6.43450", "2017-03-31": "6.34560", "2016-12-31": "6.86090", "2016-09-30": "5.90690", "2016-06-30": "6.25280", "2016-03-31": "5.91600", "2015-12-31": "6.86780", "2015-09-30": "6.10290", "2015-06-30": "5.45140", "2015-03-31": "5.14620", "2014-12-31": "5.35000", "2014-09-30": "4.89090", "2014-06-30": "5.13430", "2014-03-31": "4.72640", "2013-12-31": "5.30430", "2013-09-30": "4.77850", "2013-06-30": "5.35450", "2013-03-31": "5.25820", "2012-12-31": "5.44030", "2012-09-30": "5.03290", "2012-06-30": "4.89560", "2012-03-31": "4.92160", "2011-12-31": "5.68900", "2011-09-30": "5.25120", "2011-06-30": "5.55070", "2011-03-31": "5.39390", "2010-12-31": "6.03760", "2010-09-30": "5.04750", "2010-06-30": "4.97650", "2010-03-31": "5.10340", "2009-12-31": "5.64720", "2009-09-30": "5.08170", "2009-06-30": "4.70790", "2009-03-31": "4.45130", "2008-12-31": "5.20920", "2008-09-30": "4.78100", "2008-06-30": "5.21950", "2008-03-31": "4.81560", "2007-12-31": "5.96730", "2007-09-30": "4.96080", "2007-06-30": "4.85740", "2007-03-31": "4.52030", "2006-12-31": "5.17970", "2006-09-30": "4.18690", "2006-06-30": "4.13890", "2006-03-31": "4.25740", "2005-12-31": "4.80890", "2005-09-30": "3.88780", "2005-06-30": "4.15490", "2005-03-31": "4.28860"}, "Receiveable Turnover": {"2020-09-30": "2.50070", "2020-06-30": "2.42290", "2020-03-31": "2.05680", "2019-12-31": "2.26760", "2019-09-30": "2.08920", "2019-06-30": "2.08390", "2019-03-31": "2.37420", "2018-12-31": "2.66180", "2018-09-30": "2.39300", "2018-06-30": "2.34390", "2018-03-31": "2.12290", "2017-12-31": "2.27490", "2017-09-30": "2.11030", "2017-06-30": "2.05310", "2017-03-31": "1.90960", "2016-12-31": "2.12630", "2016-09-30": "2.09800", "2016-06-30": "2.04180", "2016-03-31": "1.85280", "2015-12-31": "2.31360", "2015-09-30": "2.16190", "2015-06-30": "1.88830", "2015-03-31": "1.69670", "2014-12-31": "2.01010", "2014-09-30": "2.11470", "2014-06-30": "2.09890", "2014-03-31": "1.96220", "2013-12-31": "2.21570", "2013-09-30": "2.02100", "2013-06-30": "2.04710", "2013-03-31": "1.94180", "2012-12-31": "2.20660", "2012-09-30": "2.09050", "2012-06-30": "2.17120", "2012-03-31": "2.11220", "2011-12-31": "2.32910", "2011-09-30": "2.41260", "2011-06-30": "2.28580", "2011-03-31": "2.17900", "2010-12-31": "2.42460", "2010-09-30": "2.22590", "2010-06-30": "2.32790", "2010-03-31": "2.19190", "2009-12-31": "2.29240", "2009-09-30": "2.20700", "2009-06-30": "2.16480", "2009-03-31": "2.06560", "2008-12-31": "2.23600", "2008-09-30": "2.29460", "2008-06-30": "2.23760", "2008-03-31": "2.01650", "2007-12-31": "2.30930", "2007-09-30": "2.13970", "2007-06-30": "2.18150", "2007-03-31": "1.99000", "2006-12-31": "2.23420", "2006-09-30": "2.19950", "2006-06-30": "2.13080", "2006-03-31": "2.11040", "2005-12-31": "2.28760", "2005-09-30": "1.97700", "2005-06-30": "1.91340", "2005-03-31": "2.03700"}, "Days Sales In Receivables": {"2020-09-30": "35.98980", "2020-06-30": "37.14620", "2020-03-31": "43.75790", "2019-12-31": "39.68910", "2019-09-30": "43.07800", "2019-06-30": "43.18930", "2019-03-31": "37.90670", "2018-12-31": "33.81200", "2018-09-30": "37.61040", "2018-06-30": "38.39720", "2018-03-31": "42.39510", "2017-12-31": "39.56220", "2017-09-30": "42.64820", "2017-06-30": "43.83590", "2017-03-31": "47.12920", "2016-12-31": "42.32740", "2016-09-30": "42.89820", "2016-06-30": "44.07950", "2016-03-31": "48.57420", "2015-12-31": "38.90020", "2015-09-30": "41.62970", "2015-06-30": "47.66160", "2015-03-31": "53.04440", "2014-12-31": "44.77420", "2014-09-30": "42.55880", "2014-06-30": "42.87980", "2014-03-31": "45.86620", "2013-12-31": "40.61920", "2013-09-30": "44.53340", "2013-06-30": "43.96370", "2013-03-31": "46.34950", "2012-12-31": "40.78640", "2012-09-30": "43.05250", "2012-06-30": "41.45170", "2012-03-31": "42.60890", "2011-12-31": "38.64210", "2011-09-30": "37.30470", "2011-06-30": "39.37370", "2011-03-31": "41.30410", "2010-12-31": "37.11900", "2010-09-30": "40.43340", "2010-06-30": "38.66090", "2010-03-31": "41.06050", "2009-12-31": "39.26080", "2009-09-30": "40.77990", "2009-06-30": "41.57420", "2009-03-31": "43.57190", "2008-12-31": "40.25110", "2008-09-30": "39.22340", "2008-06-30": "40.22150", "2008-03-31": "44.63270", "2007-12-31": "38.97320", "2007-09-30": "42.06150", "2007-06-30": "41.25570", "2007-03-31": "45.22680", "2006-12-31": "40.28370", "2006-09-30": "40.91920", "2006-06-30": "42.23710", "2006-03-31": "42.64530", "2005-12-31": "39.34250", "2005-09-30": "45.52460", "2005-06-30": "47.03680", "2005-03-31": "44.18280"}, "ROE - Return On Equity": {"2020-09-30": "7.95910", "2020-06-30": "6.58350", "2020-03-31": "5.84290", "2019-12-31": "17.49040", "2019-09-30": "9.24510", "2019-06-30": "14.05830", "2019-03-31": "9.59290", "2018-12-31": "11.54160", "2018-09-30": "13.51540", "2018-06-30": "12.88070", "2018-03-31": "9.15800", "2017-12-31": "-5.94110", "2017-09-30": "13.79760", "2017-06-30": "12.57480", "2017-03-31": "9.50240", "2016-12-31": "24.49980", "2016-09-30": "16.63270", "2016-06-30": "15.76460", "2016-03-31": "13.37580", "2015-12-31": "30.92980", "2015-09-30": "22.02070", "2015-06-30": "25.48420", "2015-03-31": "19.65170", "2014-12-31": "45.90100", "2014-09-30": "24.00140", "2014-06-30": "24.27340", "2014-03-31": "15.11440", "2013-12-31": "28.27860", "2013-09-30": "20.68670", "2013-06-30": "18.03950", "2013-03-31": "15.78020", "2012-12-31": "32.80490", "2012-09-30": "17.64430", "2012-06-30": "18.87370", "2012-03-31": "14.75730", "2011-12-31": "27.12630", "2011-09-30": "17.15520", "2011-06-30": "15.78560", "2011-03-31": "12.57080", "2010-12-31": "22.69120", "2010-09-30": "16.05240", "2010-06-30": "15.98510", "2010-03-31": "11.74370", "2009-12-31": "21.15140", "2009-09-30": "17.37860", "2009-06-30": "20.05300", "2009-03-31": "16.76040", "2008-12-31": "32.58010", "2008-09-30": "10.26200", "2008-06-30": "9.78280", "2008-03-31": "8.07200", "2007-12-31": "13.88180", "2007-09-30": "11.49560", "2007-06-30": "13.48850", "2007-03-31": "6.63090", "2006-12-31": "12.15180", "2006-09-30": "6.48800", "2006-06-30": "6.02700", "2006-03-31": "5.21810", "2005-12-31": "9.72870", "2005-09-30": "5.01410", "2005-06-30": "6.14440", "2005-03-31": "4.70250"}, "Return On Tangible Equity": {"2020-09-30": "-3.33050", "2020-06-30": "-2.64900", "2020-03-31": "-2.25910", "2019-12-31": "-6.99410", "2019-09-30": "-3.01620", "2019-06-30": "-12.34930", "2019-03-31": "-7.03930", "2018-12-31": "-8.71470", "2018-09-30": "-13.63660", "2018-06-30": "-11.34200", "2018-03-31": "-7.62650", "2017-12-31": "4.61740", "2017-09-30": "-12.97720", "2017-06-30": "-10.52730", "2017-03-31": "-7.86280", "2016-12-31": "-20.03110", "2016-09-30": "-11.83100", "2016-06-30": "-9.75430", "2016-03-31": "-8.53410", "2015-12-31": "-21.15820", "2015-09-30": "-15.11300", "2015-06-30": "-17.95680", "2015-03-31": "-11.73930", "2014-12-31": "-25.47820", "2014-09-30": "-17.25600", "2014-06-30": "-24.09860", "2014-03-31": "-13.92250", "2013-12-31": "-53.47190", "2013-09-30": "-27.82150", "2013-06-30": "-22.43390", "2013-03-31": "-22.60660", "2012-12-31": "-44.32740", "2012-09-30": "-37.59470", "2012-06-30": "-35.83900", "2012-03-31": "-29.70460", "2011-12-31": "-58.58680", "2011-09-30": "-68.93520", "2011-06-30": "-65.39350", "2011-03-31": "-48.06110", "2010-12-31": "-96.45940", "2010-09-30": "-105.83900", "2010-06-30": "-178.72230", "2010-03-31": "-191.53170", "2009-12-31": "9255.77000", "2009-09-30": "-99.96890", "2009-06-30": "-53.09720", "2009-03-31": "-32.32850", "2008-12-31": "-58.86420", "2008-09-30": "50.33870", "2008-06-30": "51.54740", "2008-03-31": "33.21400", "2007-12-31": "32.72340", "2007-09-30": "52.00350", "2007-06-30": "154.26620", "2007-03-31": "14.69560", "2006-12-31": "25.75470", "2006-09-30": "9.95880", "2006-06-30": "9.37500", "2006-03-31": "8.17420", "2005-12-31": "14.64040", "2005-09-30": "7.90650", "2005-06-30": "9.66130", "2005-03-31": "7.18300"}, "ROA - Return On Assets": {"2020-09-30": "1.10170", "2020-06-30": "0.88330", "2020-03-31": "0.76660", "2019-12-31": "2.41150", "2019-09-30": "1.11820", "2019-06-30": "1.61590", "2019-03-31": "1.21670", "2018-12-31": "1.58370", "2018-09-30": "2.20670", "2018-06-30": "1.97500", "2018-03-31": "1.33700", "2017-12-31": "-0.84000", "2017-09-30": "2.24110", "2017-06-30": "1.93540", "2017-03-31": "1.49200", "2016-12-31": "3.83590", "2016-09-30": "2.46870", "2016-06-30": "2.12190", "2016-03-31": "1.69620", "2015-12-31": "4.03730", "2015-09-30": "2.72620", "2015-06-30": "3.12790", "2015-03-31": "2.15550", "2014-12-31": "4.70280", "2014-09-30": "2.90550", "2014-06-30": "3.41960", "2014-03-31": "2.06280", "2013-12-31": "5.13690", "2013-09-30": "3.51220", "2013-06-30": "2.80150", "2013-03-31": "2.58580", "2012-12-31": "5.22430", "2012-09-30": "3.30200", "2012-06-30": "3.40940", "2012-03-31": "2.65890", "2011-12-31": "4.71430", "2011-09-30": "3.48500", "2011-06-30": "3.22890", "2011-03-31": "2.53450", "2010-12-31": "4.63460", "2010-09-30": "3.34880", "2010-06-30": "3.27310", "2010-03-31": "2.47220", "2009-12-31": "4.41470", "2009-09-30": "3.10010", "2009-06-30": "2.99360", "2009-03-31": "2.25120", "2008-12-31": "4.04110", "2008-09-30": "2.43640", "2008-06-30": "2.28650", "2008-03-31": "1.90360", "2007-12-31": "3.28150", "2007-09-30": "2.17480", "2007-06-30": "2.20380", "2007-03-31": "1.81460", "2006-12-31": "3.35550", "2006-09-30": "2.13340", "2006-06-30": "1.95590", "2006-03-31": "1.66690", "2005-12-31": "3.04500", "2005-09-30": "1.50090", "2005-06-30": "1.79030", "2005-03-31": "1.34130"}, "ROI - Return On Investment": {"2020-09-30": "2.22070", "2020-06-30": "1.78890", "2020-03-31": "1.61510", "2019-12-31": "4.88770", "2019-09-30": "2.20440", "2019-06-30": "3.27860", "2019-03-31": "2.82780", "2018-12-31": "3.71950", "2018-09-30": "4.81510", "2018-06-30": "4.25140", "2018-03-31": "2.85350", "2017-12-31": "-1.82930", "2017-09-30": "4.46270", "2017-06-30": "4.15270", "2017-03-31": "3.31450", "2016-12-31": "8.49440", "2016-09-30": "5.41330", "2016-06-30": "4.51130", "2016-03-31": "3.64390", "2015-12-31": "9.32250", "2015-09-30": "6.49960", "2015-06-30": "7.47410", "2015-03-31": "5.18420", "2014-12-31": "11.73280", "2014-09-30": "7.31740", "2014-06-30": "8.25100", "2014-03-31": "4.92140", "2013-12-31": "11.62320", "2013-09-30": "8.53650", "2013-06-30": "7.30280", "2013-03-31": "6.90880", "2012-12-31": "14.45950", "2012-09-30": "8.31110", "2012-06-30": "8.56180", "2012-03-31": "6.58960", "2011-12-31": "12.73760", "2011-09-30": "8.26180", "2011-06-30": "8.11970", "2011-03-31": "6.43010", "2010-12-31": "11.67980", "2010-09-30": "8.10930", "2010-06-30": "8.02270", "2010-03-31": "5.98560", "2009-12-31": "10.77050", "2009-09-30": "8.22500", "2009-06-30": "8.53860", "2009-03-31": "6.59500", "2008-12-31": "12.20190", "2008-09-30": "6.17250", "2008-06-30": "5.55380", "2008-03-31": "4.76390", "2007-12-31": "7.67240", "2007-09-30": "6.00680", "2007-06-30": "7.30560", "2007-03-31": "4.38070", "2006-12-31": "8.19180", "2006-09-30": "4.65980", "2006-06-30": "4.26390", "2006-03-31": "3.55420", "2005-12-31": "6.63600", "2005-09-30": "3.18440", "2005-06-30": "3.87980", "2005-03-31": "2.99340"}, "Book Value Per Share": {"2020-09-30": "23.94240", "2020-06-30": "23.22980", "2020-03-31": "22.66940", "2019-12-31": "23.65550", "2019-09-30": "20.43280", "2019-06-30": "20.06600", "2019-03-31": "18.73020", "2018-12-31": "18.96850", "2018-09-30": "21.91700", "2018-06-30": "20.43020", "2018-03-31": "19.92440", "2017-12-31": "19.22080", "2017-09-30": "21.34070", "2017-06-30": "19.89830", "2017-03-31": "19.63600", "2016-12-31": "19.44460", "2016-09-30": "18.04590", "2016-06-30": "16.62300", "2016-03-31": "15.70060", "2015-12-31": "14.93590", "2015-09-30": "13.86440", "2015-06-30": "14.12620", "2015-03-31": "12.47950", "2014-12-31": "12.12890", "2014-09-30": "14.54540", "2014-06-30": "17.55530", "2014-03-31": "16.53850", "2013-12-31": "21.74620", "2013-09-30": "18.42610", "2013-06-30": "16.32520", "2013-03-31": "17.32870", "2012-12-31": "16.98990", "2012-09-30": "19.17460", "2012-06-30": "17.99390", "2012-03-31": "18.01760", "2011-12-31": "17.39710", "2011-09-30": "18.98660", "2011-06-30": "19.43430", "2011-03-31": "18.80450", "2010-12-31": "18.86980", "2010-09-30": "18.00240", "2010-06-30": "16.78930", "2010-03-31": "17.27220", "2009-12-31": "17.43230", "2009-09-30": "14.07810", "2009-06-30": "11.80350", "2009-03-31": "10.36250", "2008-12-31": "10.14420", "2008-09-30": "20.48370", "2008-06-30": "20.86150", "2008-03-31": "20.91620", "2007-12-31": "20.55250", "2007-09-30": "14.91120", "2007-06-30": "12.31690", "2007-03-31": "18.72880", "2006-12-31": "18.92220", "2006-09-30": "22.73570", "2006-06-30": "22.04500", "2006-03-31": "21.11140", "2005-12-31": "21.02820", "2005-09-30": "19.14190", "2005-06-30": "18.87890", "2005-03-31": "18.54580"}, "Operating Cash Flow Per Share": {"2020-09-30": 4.7513, "2020-06-30": 3.9966, "2020-03-31": "5.00110", "2019-12-31": 3.8651, "2019-09-30": 4.0342, "2019-06-30": 3.32, "2019-03-31": "5.32390", "2018-12-31": 4.4804, "2018-09-30": 4.6586, "2018-06-30": 2.5275, "2018-03-31": "4.97300", "2017-12-31": 6.0637, "2017-09-30": 3.8794, "2017-06-30": 3.7252, "2017-03-31": "4.17280", "2016-12-31": 4.1302, "2016-09-30": 4.3319, "2016-06-30": 3.6235, "2016-03-31": "5.73410", "2015-12-31": 5.5782, "2015-09-30": 4.3856, "2015-06-30": 3.957, "2015-03-31": "3.63800", "2014-12-31": 5.8671, "2014-09-30": 3.9639, "2014-06-30": 3.6774, "2014-03-31": "3.19260", "2013-12-31": 5.8798, "2013-09-30": 3.4845, "2013-06-30": 2.9081, "2013-03-31": "3.57920", "2012-12-31": 5.4309, "2012-09-30": 4.01, "2012-06-30": 3.8557, "2012-03-31": "3.65440", "2011-12-31": 5.7689, "2011-09-30": 3.9738, "2011-06-30": 3.5499, "2011-03-31": "3.05810", "2010-12-31": 5.165, "2010-09-30": 3.6943, "2010-06-30": 2.9688, "2010-03-31": "3.35730", "2009-12-31": 4.7819, "2009-09-30": 3.8777, "2009-06-30": 3.5769, "2009-03-31": "3.25010", "2008-12-31": 4.7474, "2008-09-30": 2.7791, "2008-06-30": 3.0516, "2008-03-31": "2.97720", "2007-12-31": 3.2627, "2007-09-30": 3.3626, "2007-06-30": 2.441, "2007-03-31": "1.98060", "2006-12-31": 3.3553, "2006-09-30": 2.6734, "2006-06-30": 1.6795, "2006-03-31": "1.95940", "2005-12-31": 3.2924, "2005-09-30": 2.6683, "2005-06-30": 1.9497, "2005-03-31": "1.25260"}, "Free Cash Flow Per Share": {"2020-09-30": 4.0192, "2020-06-30": 3.383, "2020-03-31": "4.34860", "2019-12-31": 3.3152, "2019-09-30": 3.4547, "2019-06-30": 3.0028, "2019-03-31": "4.81150", "2018-12-31": 3.6913, "2018-09-30": 3.7764, "2018-06-30": 1.5932, "2018-03-31": "4.14420", "2017-12-31": 5.1842, "2017-09-30": 3.1767, "2017-06-30": 3.0729, "2017-03-31": "3.45330", "2016-12-31": 3.3171, "2016-09-30": 3.5887, "2016-06-30": 2.759, "2016-03-31": "4.87660", "2015-12-31": 4.7192, "2015-09-30": 3.5398, "2015-06-30": 3.2126, "2015-03-31": "2.82170", "2014-12-31": 5.0378, "2014-09-30": 3.0562, "2014-06-30": 2.8554, "2014-03-31": "2.44860", "2013-12-31": 5.0284, "2013-09-30": 2.6442, "2013-06-30": 2.1783, "2013-03-31": "3.05340", "2012-12-31": 4.7318, "2012-09-30": 3.218, "2012-06-30": 2.8859, "2012-03-31": "2.93730", "2011-12-31": 5.0267, "2011-09-30": 3.2448, "2011-06-30": 2.8755, "2011-03-31": "2.32020", "2010-12-31": 4.4356, "2010-09-30": 2.9941, "2010-06-30": 2.3193, "2010-03-31": "2.78370", "2009-12-31": 4.0431, "2009-09-30": 3.2681, "2009-06-30": 3.0454, "2009-03-31": "2.80620", "2008-12-31": 4.1262, "2008-09-30": 2.0727, "2008-06-30": 2.3472, "2008-03-31": "2.25590", "2007-12-31": 2.4949, "2007-09-30": 2.5553, "2007-06-30": 1.8089, "2007-03-31": "1.37840", "2006-12-31": 2.6336, "2006-09-30": 1.9589, "2006-06-30": 1.0774, "2006-03-31": "1.46670", "2005-12-31": 3.13, "2005-09-30": 2.1473, "2005-06-30": 1.4038, "2005-03-31": "0.80150"}}, "revenue": {"IBM Annual Revenue (Millions of US $)": {"2020": "$73,620", "2019": "$77,147", "2018": "$79,591", "2017": "$79,139", "2016": "$79,919", "2015": "$81,741", "2014": "$92,793", "2013": "$98,367", "2012": "$102,874", "2011": "$106,916", "2010": "$99,870", "2009": "$95,758", "2008": "$103,630", "2007": "$98,786", "2006": "$91,424", "2005": "$91,134"}, "IBM Quarterly Revenue (Millions of US $)": {"2020-12-31": "$20,367", "2020-09-30": "$17,560", "2020-06-30": "$18,123", "2020-03-31": "$17,571", "2019-12-31": "$21,776", "2019-09-30": "$18,028", "2019-06-30": "$19,161", "2019-03-31": "$18,182", "2018-12-31": "$21,760", "2018-09-30": "$18,756", "2018-06-30": "$20,003", "2018-03-31": "$19,072", "2017-12-31": "$22,542", "2017-09-30": "$19,153", "2017-06-30": "$19,289", "2017-03-31": "$18,155", "2016-12-31": "$21,771", "2016-09-30": "$19,226", "2016-06-30": "$20,238", "2016-03-31": "$18,684", "2015-12-31": "$22,058", "2015-09-30": "$19,280", "2015-06-30": "$20,813", "2015-03-31": "$19,590", "2014-12-31": "$24,113", "2014-09-30": "$22,397", "2014-06-30": "$24,047", "2014-03-31": "$22,236", "2013-12-31": "$26,697", "2013-09-30": "$23,338", "2013-06-30": "$24,924", "2013-03-31": "$23,408", "2012-12-31": "$27,671", "2012-09-30": "$24,747", "2012-06-30": "$25,783", "2012-03-31": "$24,673", "2011-12-31": "$29,486", "2011-09-30": "$26,157", "2011-06-30": "$26,666", "2011-03-31": "$24,607", "2010-12-31": "$29,018", "2010-09-30": "$24,271", "2010-06-30": "$23,724", "2010-03-31": "$22,857", "2009-12-31": "$27,231", "2009-09-30": "$23,566", "2009-06-30": "$23,250", "2009-03-31": "$21,711", "2008-12-31": "$27,006", "2008-09-30": "$25,302", "2008-06-30": "$26,820", "2008-03-31": "$24,502", "2007-12-31": "$28,866", "2007-09-30": "$24,119", "2007-06-30": "$23,772", "2007-03-31": "$22,029", "2006-12-31": "$26,258", "2006-09-30": "$22,617", "2006-06-30": "$21,890", "2006-03-31": "$20,659", "2005-12-31": "$24,427", "2005-09-30": "$21,529", "2005-06-30": "$22,270", "2005-03-31": "$22,908"}}, "gross-profit": {"IBM Annual Gross Profit (Millions of US $)": {"2020": "$35,575", "2019": "$36,489", "2018": "$36,937", "2017": "$36,943", "2016": "$38,517", "2015": "$40,684", "2014": "$46,407", "2013": "$48,684", "2012": "$50,361", "2011": "$50,138", "2010": "$46,013", "2009": "$43,786", "2008": "$45,661", "2007": "$41,729", "2006": "$38,295", "2005": "$36,532"}, "IBM Quarterly Gross Profit (Millions of US $)": {"2020-12-31": "$10,523", "2020-09-30": "$8,430", "2020-06-30": "$8,699", "2020-03-31": "$7,923", "2019-12-31": "$11,099", "2019-09-30": "$8,336", "2019-06-30": "$9,011", "2019-03-31": "$8,043", "2018-12-31": "$10,688", "2018-09-30": "$8,804", "2018-06-30": "$9,199", "2018-03-31": "$8,246", "2017-12-31": "$11,048", "2017-09-30": "$8,982", "2017-06-30": "$8,968", "2017-03-31": "$7,945", "2016-12-31": "$11,116", "2016-09-30": "$9,013", "2016-06-30": "$9,702", "2016-03-31": "$8,686", "2015-12-31": "$11,406", "2015-09-30": "$9,436", "2015-06-30": "$10,390", "2015-03-31": "$9,452", "2014-12-31": "$12,862", "2014-09-30": "$10,874", "2014-06-30": "$12,043", "2014-03-31": "$10,628", "2013-12-31": "$14,444", "2013-09-30": "$11,430", "2013-06-30": "$12,132", "2013-03-31": "$10,678", "2012-12-31": "$15,229", "2012-09-30": "$11,732", "2012-06-30": "$12,281", "2012-03-31": "$11,119", "2011-12-31": "$14,723", "2011-09-30": "$12,173", "2011-06-30": "$12,384", "2011-03-31": "$10,858", "2010-12-31": "$14,226", "2010-09-30": "$11,001", "2010-06-30": "$10,810", "2010-03-31": "$9,976", "2009-12-31": "$13,147", "2009-09-30": "$10,628", "2009-06-30": "$10,581", "2009-03-31": "$9,430", "2008-12-31": "$12,936", "2008-09-30": "$10,959", "2008-06-30": "$11,600", "2008-03-31": "$10,166", "2007-12-31": "$12,969", "2007-09-30": "$9,956", "2007-06-30": "$9,938", "2007-03-31": "$8,866", "2006-12-31": "$11,703", "2006-09-30": "$9,491", "2006-06-30": "$9,014", "2006-03-31": "$8,087", "2005-12-31": "$10,765", "2005-09-30": "$8,738", "2005-06-30": "$8,775", "2005-03-31": "$8,254"}}, "operating-income": {"IBM Annual Operating Income (Millions of US $)": {"2020": "$6,160", "2019": "$9,896", "2018": "$12,192", "2017": "$11,673", "2016": "$11,922", "2015": "$15,007", "2014": "$17,790", "2013": "$19,490", "2012": "$21,082", "2011": "$20,286", "2010": "$18,150", "2009": "$17,014", "2008": "$15,938", "2007": "$13,516", "2006": "$11,929", "2005": "$9,376"}, "IBM Quarterly Operating Income (Millions of US $)": {"2020-12-31": "$1,680", "2020-09-30": "$2,268", "2020-06-30": "$1,869", "2020-03-31": "$343", "2019-12-31": "$4,070", "2019-09-30": "$1,759", "2019-06-30": "$2,148", "2019-03-31": "$1,919", "2018-12-31": "$4,629", "2018-09-30": "$3,189", "2018-06-30": "$2,978", "2018-03-31": "$1,396", "2017-12-31": "$4,655", "2017-09-30": "$3,085", "2017-06-30": "$2,499", "2017-03-31": "$1,434", "2016-12-31": "$4,934", "2016-09-30": "$2,884", "2016-06-30": "$2,888", "2016-03-31": "$1,216", "2015-12-31": "$4,886", "2015-09-30": "$3,418", "2015-06-30": "$3,911", "2015-03-31": "$2,792", "2014-12-31": "$5,508", "2014-09-30": "$4,239", "2014-06-30": "$5,089", "2014-03-31": "$2,954", "2013-12-31": "$7,315", "2013-09-30": "$4,814", "2013-06-30": "$3,904", "2013-03-31": "$3,457", "2012-12-31": "$8,303", "2012-09-30": "$4,290", "2012-06-30": "$4,857", "2012-03-31": "$3,632", "2011-12-31": "$7,091", "2011-09-30": "$4,965", "2011-06-30": "$4,785", "2011-03-31": "$3,445", "2010-12-31": "$6,698", "2010-09-30": "$4,388", "2010-06-30": "$4,274", "2010-03-31": "$2,790", "2009-12-31": "$6,127", "2009-09-30": "$4,169", "2009-06-30": "$4,032", "2009-03-31": "$2,686", "2008-12-31": "$5,574", "2008-09-30": "$3,736", "2008-06-30": "$3,651", "2008-03-31": "$2,977", "2007-12-31": "$5,367", "2007-09-30": "$3,108", "2007-06-30": "$2,773", "2007-03-31": "$2,268", "2006-12-31": "$4,497", "2006-09-30": "$2,827", "2006-06-30": "$2,576", "2006-03-31": "$2,029", "2005-12-31": "$4,054", "2005-09-30": "$2,659", "2005-06-30": "$801", "2005-03-31": "$1,862"}}, "ebitda": {"IBM Annual EBITDA (Millions of US $)": {"2019": "$15,955", "2018": "$16,672", "2017": "$16,214", "2016": "$16,303", "2015": "$18,862", "2014": "$22,282", "2013": "$24,168", "2012": "$25,758", "2011": "$25,101", "2010": "$22,981", "2009": "$22,008", "2008": "$21,388", "2007": "$18,717", "2006": "$16,912", "2005": "$14,564"}, "IBM Quarterly EBITDA (Millions of US $)": {"2020-09-30": "$3,951", "2020-06-30": "$3,548", "2020-03-31": "$1,977", "2019-12-31": "$5,720", "2019-09-30": "$3,428", "2019-06-30": "$3,442", "2019-03-31": "$3,365", "2018-12-31": "$5,741", "2018-09-30": "$4,327", "2018-06-30": "$4,094", "2018-03-31": "$2,510", "2017-12-31": "$5,804", "2017-09-30": "$4,261", "2017-06-30": "$3,616", "2017-03-31": "$2,533", "2016-12-31": "$6,061", "2016-09-30": "$4,011", "2016-06-30": "$3,991", "2016-03-31": "$2,240", "2015-12-31": "$5,876", "2015-09-30": "$4,354", "2015-06-30": "$4,872", "2015-03-31": "$3,760", "2014-12-31": "$6,554", "2014-09-30": "$5,378", "2014-06-30": "$6,255", "2014-03-31": "$4,095", "2013-12-31": "$8,529", "2013-09-30": "$5,989", "2013-06-30": "$5,040", "2013-03-31": "$4,610", "2012-12-31": "$9,455", "2012-09-30": "$5,481", "2012-06-30": "$6,033", "2012-03-31": "$4,789", "2011-12-31": "$8,279", "2011-09-30": "$6,157", "2011-06-30": "$5,992", "2011-03-31": "$4,673", "2010-12-31": "$7,933", "2010-09-30": "$5,591", "2010-06-30": "$5,457", "2010-03-31": "$4,000", "2009-12-31": "$7,392", "2009-09-30": "$5,427", "2009-06-30": "$5,274", "2009-03-31": "$3,915", "2008-12-31": "$6,895", "2008-09-30": "$5,115", "2008-06-30": "$5,054", "2008-03-31": "$4,324", "2007-12-31": "$6,704", "2007-09-30": "$4,448", "2007-06-30": "$4,057", "2007-03-31": "$3,508", "2006-12-31": "$5,797", "2006-09-30": "$4,055", "2006-06-30": "$3,823", "2006-03-31": "$3,237", "2005-12-31": "$5,383", "2005-09-30": "$3,898", "2005-06-30": "$2,139", "2005-03-31": "$3,144"}}, "net-income": {"IBM Annual Net Income (Millions of US $)": {"2020": "$5,590", "2019": "$9,431", "2018": "$8,728", "2017": "$5,753", "2016": "$11,872", "2015": "$13,190", "2014": "$12,022", "2013": "$16,483", "2012": "$16,604", "2011": "$15,855", "2010": "$14,833", "2009": "$13,425", "2008": "$12,334", "2007": "$10,418", "2006": "$9,492", "2005": "$7,934"}, "IBM Quarterly Net Income (Millions of US $)": {"2020-12-31": "$1,356", "2020-09-30": "$1,698", "2020-06-30": "$1,361", "2020-03-31": "$1,175", "2019-12-31": "$3,670", "2019-09-30": "$1,672", "2019-06-30": "$2,498", "2019-03-31": "$1,591", "2018-12-31": "$1,951", "2018-09-30": "$2,694", "2018-06-30": "$2,404", "2018-03-31": "$1,679", "2017-12-31": "$-1,054", "2017-09-30": "$2,726", "2017-06-30": "$2,331", "2017-03-31": "$1,750", "2016-12-31": "$4,501", "2016-09-30": "$2,853", "2016-06-30": "$2,504", "2016-03-31": "$2,014", "2015-12-31": "$4,463", "2015-09-30": "$2,950", "2015-06-30": "$3,449", "2015-03-31": "$2,328", "2014-12-31": "$5,483", "2014-09-30": "$18", "2014-06-30": "$4,137", "2014-03-31": "$2,384", "2013-12-31": "$6,184", "2013-09-30": "$4,041", "2013-06-30": "$3,226", "2013-03-31": "$3,032", "2012-12-31": "$5,833", "2012-09-30": "$3,824", "2012-06-30": "$3,881", "2012-03-31": "$3,066", "2011-12-31": "$5,489", "2011-09-30": "$3,839", "2011-06-30": "$3,664", "2011-03-31": "$2,863", "2010-12-31": "$5,257", "2010-09-30": "$3,589", "2010-06-30": "$3,386", "2010-03-31": "$2,601", "2009-12-31": "$4,813", "2009-09-30": "$3,214", "2009-06-30": "$3,103", "2009-03-31": "$2,295", "2008-12-31": "$4,426", "2008-09-30": "$2,824", "2008-06-30": "$2,765", "2008-03-31": "$2,319", "2007-12-31": "$3,954", "2007-09-30": "$2,361", "2007-06-30": "$2,259", "2007-03-31": "$1,844", "2006-12-31": "$3,540", "2006-09-30": "$2,222", "2006-06-30": "$2,022", "2006-03-31": "$1,708", "2005-12-31": "$3,187", "2005-09-30": "$1,516", "2005-06-30": "$1,829", "2005-03-31": "$1,402"}}, "eps-earnings-per-share-diluted": {"IBM Annual EPS": {"2020": "$6.23", "2019": "$10.56", "2018": "$9.52", "2017": "$6.14", "2016": "$12.38", "2015": "$13.42", "2014": "$11.90", "2013": "$14.94", "2012": "$14.37", "2011": "$13.06", "2010": "$11.52", "2009": "$10.01", "2008": "$8.89", "2007": "$7.15", "2006": "$6.11", "2005": "$4.87"}, "IBM Quarterly EPS": {"2020-12-31": "$1.51", "2020-09-30": "$1.89", "2020-06-30": "$1.52", "2020-03-31": "$1.31", "2019-12-31": "$4.10", "2019-09-30": "$1.87", "2019-06-30": "$2.81", "2019-03-31": "$1.78", "2018-12-31": "$2.16", "2018-09-30": "$2.94", "2018-06-30": "$2.61", "2018-03-31": "$1.81", "2017-12-31": "$-1.11", "2017-09-30": "$2.92", "2017-06-30": "$2.48", "2017-03-31": "$1.85", "2016-12-31": "$4.70", "2016-09-30": "$2.98", "2016-06-30": "$2.61", "2016-03-31": "$2.09", "2015-12-31": "$4.56", "2015-09-30": "$3.01", "2015-06-30": "$3.50", "2015-03-31": "$2.35", "2014-12-31": "$5.47", "2014-09-30": "$0.02", "2014-06-30": "$4.12", "2014-03-31": "$2.29", "2013-12-31": "$5.65", "2013-09-30": "$3.68", "2013-06-30": "$2.91", "2013-03-31": "$2.70", "2012-12-31": "$5.09", "2012-09-30": "$3.33", "2012-06-30": "$3.34", "2012-03-31": "$2.61", "2011-12-31": "$4.56", "2011-09-30": "$3.19", "2011-06-30": "$3.00", "2011-03-31": "$2.31", "2010-12-31": "$4.12", "2010-09-30": "$2.82", "2010-06-30": "$2.61", "2010-03-31": "$1.97", "2009-12-31": "$3.59", "2009-09-30": "$2.40", "2009-06-30": "$2.32", "2009-03-31": "$1.70", "2008-12-31": "$3.24", "2008-09-30": "$2.04", "2008-06-30": "$1.97", "2008-03-31": "$1.64", "2007-12-31": "$2.71", "2007-09-30": "$1.68", "2007-06-30": "$1.55", "2007-03-31": "$1.21", "2006-12-31": "$2.28", "2006-09-30": "$1.45", "2006-06-30": "$1.30", "2006-03-31": "$1.08", "2005-12-31": "$1.97", "2005-09-30": "$0.94", "2005-06-30": "$1.12", "2005-03-31": "$0.84"}}, "shares-outstanding": {"IBM Annual Shares Outstanding (Millions of Shares)": {"2020": "897", "2019": "893", "2018": "916", "2017": "937", "2016": "959", "2015": "983", "2014": "1,010", "2013": "1,103", "2012": "1,155", "2011": "1,214", "2010": "1,287", "2009": "1,341", "2008": "1,388", "2007": "1,457", "2006": "1,554", "2005": "1,628"}, "IBM Quarterly Shares Outstanding (Millions of Shares)": {"2020-12-31": "899", "2020-09-30": "897", "2020-06-30": "895", "2020-03-31": "895", "2019-12-31": "893", "2019-09-30": "893", "2019-06-30": "891", "2019-03-31": "894", "2018-12-31": "916", "2018-09-30": "915", "2018-06-30": "919", "2018-03-31": "925", "2017-12-31": "937", "2017-09-30": "933", "2017-06-30": "940", "2017-03-31": "948", "2016-12-31": "959", "2016-09-30": "957", "2016-06-30": "961", "2016-03-31": "964", "2015-12-31": "983", "2015-09-30": "979", "2015-06-30": "987", "2015-03-31": "992", "2014-12-31": "1,010", "2014-09-30": "998", "2014-06-30": "1,005", "2014-03-31": "1,042", "2013-12-31": "1,103", "2013-09-30": "1,099", "2013-06-30": "1,109", "2013-03-31": "1,124", "2012-12-31": "1,155", "2012-09-30": "1,149", "2012-06-30": "1,162", "2012-03-31": "1,174", "2011-12-31": "1,214", "2011-09-30": "1,205", "2011-06-30": "1,221", "2011-03-31": "1,240", "2010-12-31": "1,287", "2010-09-30": "1,273", "2010-06-30": "1,297", "2010-03-31": "1,322", "2009-12-31": "1,341", "2009-09-30": "1,338", "2009-06-30": "1,337", "2009-03-31": "1,350", "2008-12-31": "1,388", "2008-09-30": "1,384", "2008-06-30": "1,402", "2008-03-31": "1,411", "2007-12-31": "1,457", "2007-09-30": "1,406", "2007-06-30": "1,461", "2007-03-31": "1,523", "2006-12-31": "1,554", "2006-09-30": "1,534", "2006-06-30": "1,560", "2006-03-31": "1,587", "2005-12-31": "1,628", "2005-09-30": "1,617", "2005-06-30": "1,628", "2005-03-31": "1,661"}}, "total-assets": {"IBM Annual Total Assets (Millions of US $)": {"2019": "$152,186", "2018": "$123,382", "2017": "$125,356", "2016": "$117,470", "2015": "$110,495", "2014": "$117,271", "2013": "$126,223", "2012": "$119,213", "2011": "$116,433", "2010": "$113,452", "2009": "$109,022", "2008": "$109,524", "2007": "$120,431", "2006": "$103,234", "2005": "$105,748"}, "IBM Quarterly Total Assets (Millions of US $)": {"2020-09-30": "$154,128", "2020-06-30": "$154,200", "2020-03-31": "$153,403", "2019-12-31": "$152,186", "2019-09-30": "$149,620", "2019-06-30": "$154,652", "2019-03-31": "$130,926", "2018-12-31": "$123,382", "2018-09-30": "$121,990", "2018-06-30": "$121,622", "2018-03-31": "$125,285", "2017-12-31": "$125,356", "2017-09-30": "$121,636", "2017-06-30": "$120,495", "2017-03-31": "$117,495", "2016-12-31": "$117,470", "2016-09-30": "$115,606", "2016-06-30": "$118,056", "2016-03-31": "$118,856", "2015-12-31": "$110,495", "2015-09-30": "$108,649", "2015-06-30": "$112,729", "2015-03-31": "$112,037", "2014-12-31": "$117,271", "2014-09-30": "$118,911", "2014-06-30": "$124,314", "2014-03-31": "$122,646", "2013-12-31": "$126,223", "2013-09-30": "$117,845", "2013-06-30": "$115,153", "2013-03-31": "$117,258", "2012-12-31": "$119,213", "2012-09-30": "$115,778", "2012-06-30": "$113,832", "2012-03-31": "$115,347", "2011-12-31": "$116,433", "2011-09-30": "$110,158", "2011-06-30": "$113,474", "2011-03-31": "$112,960", "2010-12-31": "$113,452", "2010-09-30": "$107,174", "2010-06-30": "$103,420", "2010-03-31": "$105,208", "2009-12-31": "$109,022", "2009-09-30": "$103,675", "2009-06-30": "$103,655", "2009-03-31": "$101,944", "2008-12-31": "$109,524", "2008-09-30": "$115,910", "2008-06-30": "$120,928", "2008-03-31": "$121,823", "2007-12-31": "$120,431", "2007-09-30": "$108,609", "2007-06-30": "$102,548", "2007-03-31": "$101,619", "2006-12-31": "$103,234", "2006-09-30": "$104,155", "2006-06-30": "$103,377", "2006-03-31": "$102,468", "2005-12-31": "$105,748", "2005-09-30": "$101,009", "2005-06-30": "$103,388", "2005-03-31": "$104,899"}}, "cash-on-hand": {"IBM Annual Cash on Hand (Millions of US $)": {"2019": "$9,009", "2018": "$12,222", "2017": "$12,842", "2016": "$8,527", "2015": "$8,194", "2014": "$8,476", "2013": "$11,066", "2012": "$11,129", "2011": "$11,922", "2010": "$11,651", "2009": "$13,974", "2008": "$12,907", "2007": "$16,146", "2006": "$10,656", "2005": "$13,686"}, "IBM Quarterly Cash on Hand (Millions of US $)": {"2020-09-30": "$15,753", "2020-06-30": "$14,251", "2020-03-31": "$12,017", "2019-12-31": "$9,009", "2019-09-30": "$10,958", "2019-06-30": "$46,408", "2019-03-31": "$18,143", "2018-12-31": "$12,222", "2018-09-30": "$14,663", "2018-06-30": "$11,926", "2018-03-31": "$13,155", "2017-12-31": "$12,842", "2017-09-30": "$11,515", "2017-06-30": "$12,295", "2017-03-31": "$10,695", "2016-12-31": "$8,527", "2016-09-30": "$9,968", "2016-06-30": "$10,617", "2016-03-31": "$14,869", "2015-12-31": "$8,194", "2015-09-30": "$9,568", "2015-06-30": "$8,760", "2015-03-31": "$8,804", "2014-12-31": "$8,476", "2014-09-30": "$9,565", "2014-06-30": "$9,720", "2014-03-31": "$9,704", "2013-12-31": "$11,066", "2013-09-30": "$10,232", "2013-06-30": "$10,357", "2013-03-31": "$11,992", "2012-12-31": "$11,129", "2012-09-30": "$12,254", "2012-06-30": "$11,187", "2012-03-31": "$12,335", "2011-12-31": "$11,922", "2011-09-30": "$11,303", "2011-06-30": "$11,764", "2011-03-31": "$13,245", "2010-12-31": "$11,651", "2010-09-30": "$11,086", "2010-06-30": "$12,241", "2010-03-31": "$13,977", "2009-12-31": "$13,974", "2009-09-30": "$11,512", "2009-06-30": "$12,526", "2009-03-31": "$12,295", "2008-12-31": "$12,907", "2008-09-30": "$9,756", "2008-06-30": "$9,847", "2008-03-31": "$12,027", "2007-12-31": "$16,146", "2007-09-30": "$13,823", "2007-06-30": "$10,189", "2007-03-31": "$10,782", "2006-12-31": "$10,656", "2006-09-30": "$10,901", "2006-06-30": "$9,990", "2006-03-31": "$12,302", "2005-12-31": "$13,686", "2005-09-30": "$8,254", "2005-06-30": "$8,659", "2005-03-31": "$8,651"}}, "long-term-debt": {"IBM Annual Long Term Debt (Millions of US $)": {"2019": "$54,102", "2018": "$35,605", "2017": "$39,837", "2016": "$34,655", "2015": "$33,428", "2014": "$34,991", "2013": "$32,856", "2012": "$24,088", "2011": "$22,857", "2010": "$21,846", "2009": "$21,932", "2008": "$22,689", "2007": "$23,039", "2006": "$13,780", "2005": "$15,425"}, "IBM Quarterly Long Term Debt (Millions of US $)": {"2020-09-30": "$55,129", "2020-06-30": "$55,449", "2020-03-31": "$52,685", "2019-12-31": "$54,102", "2019-09-30": "$57,797", "2019-06-30": "$58,445", "2019-03-31": "$39,727", "2018-12-31": "$35,605", "2018-09-30": "$35,989", "2018-06-30": "$37,851", "2018-03-31": "$40,410", "2017-12-31": "$39,837", "2017-09-30": "$41,327", "2017-06-30": "$37,612", "2017-03-31": "$34,441", "2016-12-31": "$34,655", "2016-09-30": "$35,563", "2016-06-30": "$39,638", "2016-03-31": "$40,254", "2015-12-31": "$33,428", "2015-09-30": "$32,122", "2015-06-30": "$33,339", "2015-03-31": "$34,295", "2014-12-31": "$34,991", "2014-09-30": "$32,821", "2014-06-30": "$34,008", "2014-03-31": "$34,668", "2013-12-31": "$32,856", "2013-09-30": "$28,478", "2013-06-30": "$26,292", "2013-03-31": "$24,672", "2012-12-31": "$24,088", "2012-09-30": "$24,333", "2012-06-30": "$24,766", "2012-03-31": "$25,760", "2011-12-31": "$22,857", "2011-09-30": "$24,089", "2011-06-30": "$21,915", "2011-03-31": "$21,749", "2010-12-31": "$21,846", "2010-09-30": "$21,899", "2010-06-30": "$21,017", "2010-03-31": "$21,305", "2009-12-31": "$21,932", "2009-09-30": "$20,583", "2009-06-30": "$20,868", "2009-03-31": "$21,106", "2008-12-31": "$22,689", "2008-09-30": "$18,232", "2008-06-30": "$21,522", "2008-03-31": "$19,951", "2007-12-31": "$23,039", "2007-09-30": "$18,775", "2007-06-30": "$14,179", "2007-03-31": "$14,285", "2006-12-31": "$13,780", "2006-09-30": "$13,436", "2006-06-30": "$13,872", "2006-03-31": "$15,325", "2005-12-31": "$15,425", "2005-09-30": "$17,372", "2005-06-30": "$17,584", "2005-03-31": "$17,083"}}, "total-liabilities": {"IBM Annual Total Liabilities (Millions of US $)": {"2019": "$131,202", "2018": "$106,452", "2017": "$107,631", "2016": "$99,078", "2015": "$96,071", "2014": "$105,257", "2013": "$103,294", "2012": "$100,229", "2011": "$96,197", "2010": "$90,279", "2009": "$86,267", "2008": "$95,939", "2007": "$91,962", "2006": "$74,728", "2005": "$72,650"}, "IBM Quarterly Total Liabilities (Millions of US $)": {"2020-09-30": "$132,794", "2020-06-30": "$133,512", "2020-03-31": "$133,275", "2019-12-31": "$131,202", "2019-09-30": "$131,524", "2019-06-30": "$136,876", "2019-03-31": "$114,319", "2018-12-31": "$106,452", "2018-09-30": "$102,071", "2018-06-30": "$102,974", "2018-03-31": "$106,995", "2017-12-31": "$107,631", "2017-09-30": "$101,879", "2017-06-30": "$101,951", "2017-03-31": "$99,047", "2016-12-31": "$99,078", "2016-09-30": "$98,447", "2016-06-30": "$102,167", "2016-03-31": "$103,784", "2015-12-31": "$96,071", "2015-09-30": "$95,198", "2015-06-30": "$98,892", "2015-03-31": "$99,747", "2014-12-31": "$105,257", "2014-09-30": "$104,515", "2014-06-30": "$106,801", "2014-03-31": "$105,906", "2013-12-31": "$103,294", "2013-09-30": "$97,837", "2013-06-30": "$97,269", "2013-03-31": "$98,044", "2012-12-31": "$100,229", "2012-09-30": "$94,112", "2012-06-30": "$93,269", "2012-03-31": "$94,563", "2011-12-31": "$96,197", "2011-09-30": "$87,781", "2011-06-30": "$90,263", "2011-03-31": "$90,185", "2010-12-31": "$90,279", "2010-09-30": "$84,815", "2010-06-30": "$82,244", "2010-03-31": "$83,059", "2009-12-31": "$86,267", "2009-09-30": "$85,182", "2009-06-30": "$88,182", "2009-03-31": "$88,252", "2008-12-31": "$95,939", "2008-09-30": "$88,391", "2008-06-30": "$92,663", "2008-03-31": "$93,095", "2007-12-31": "$91,962", "2007-09-30": "$88,062", "2007-06-30": "$85,792", "2007-03-31": "$73,811", "2006-12-31": "$74,728", "2006-09-30": "$69,907", "2006-06-30": "$69,828", "2006-03-31": "$69,737", "2005-12-31": "$72,650", "2005-09-30": "$70,774", "2005-06-30": "$73,263", "2005-03-31": "$74,979"}}, "total-share-holder-equity": {"IBM Annual Share Holder Equity (Millions of US $)": {"2019": "$20,985", "2018": "$16,929", "2017": "$17,725", "2016": "$18,392", "2015": "$14,424", "2014": "$12,014", "2013": "$22,929", "2012": "$18,984", "2011": "$20,236", "2010": "$23,172", "2009": "$22,755", "2008": "$13,584", "2007": "$28,470", "2006": "$28,506", "2005": "$33,098"}, "IBM Quarterly Share Holder Equity (Millions of US $)": {"2020-09-30": "$21,334", "2020-06-30": "$20,688", "2020-03-31": "$20,128", "2019-12-31": "$20,985", "2019-09-30": "$18,096", "2019-06-30": "$17,776", "2019-03-31": "$16,607", "2018-12-31": "$16,929", "2018-09-30": "$19,918", "2018-06-30": "$18,648", "2018-03-31": "$18,290", "2017-12-31": "$17,725", "2017-09-30": "$19,757", "2017-06-30": "$18,544", "2017-03-31": "$18,448", "2016-12-31": "$18,392", "2016-09-30": "$17,159", "2016-06-30": "$15,889", "2016-03-31": "$15,072", "2015-12-31": "$14,424", "2015-09-30": "$13,450", "2015-06-30": "$13,837", "2015-03-31": "$12,289", "2014-12-31": "$12,014", "2014-09-30": "$14,395", "2014-06-30": "$17,513", "2014-03-31": "$16,740", "2013-12-31": "$22,929", "2013-09-30": "$20,008", "2013-06-30": "$17,883", "2013-03-31": "$19,214", "2012-12-31": "$18,984", "2012-09-30": "$21,666", "2012-06-30": "$20,563", "2012-03-31": "$20,783", "2011-12-31": "$20,236", "2011-09-30": "$22,378", "2011-06-30": "$23,210", "2011-03-31": "$22,776", "2010-12-31": "$23,172", "2010-09-30": "$22,359", "2010-06-30": "$21,176", "2010-03-31": "$22,149", "2009-12-31": "$22,755", "2009-09-30": "$18,493", "2009-06-30": "$15,473", "2009-03-31": "$13,693", "2008-12-31": "$13,584", "2008-09-30": "$27,519", "2008-06-30": "$28,264", "2008-03-31": "$28,728", "2007-12-31": "$28,470", "2007-09-30": "$20,547", "2007-06-30": "$16,756", "2007-03-31": "$27,809", "2006-12-31": "$28,506", "2006-09-30": "$34,248", "2006-06-30": "$33,549", "2006-03-31": "$32,731", "2005-12-31": "$33,098", "2005-09-30": "$30,235", "2005-06-30": "$30,125", "2005-03-31": "$29,920"}}, "profit-margins": {"current": "7.59%"}, "gross margin": {"2020-12-31": "48.32%", "2020-09-30": "48.18%", "2020-06-30": "47.76%", "2020-03-31": "47.52%", "2019-12-31": "47.30%", "2019-09-30": "46.77%", "2019-06-30": "46.94%", "2019-03-31": "46.68%", "2018-12-31": "46.41%", "2018-09-30": "46.40%", "2018-06-30": "46.40%", "2018-03-31": "46.52%", "2017-12-31": "46.68%", "2017-09-30": "47.23%", "2017-06-30": "47.22%", "2017-03-31": "47.58%", "2016-12-31": "48.20%", "2016-09-30": "48.38%", "2016-06-30": "48.88%", "2016-03-31": "49.38%", "2015-12-31": "49.77%", "2015-09-30": "50.29%", "2015-06-30": "50.14%", "2015-03-31": "50.17%", "2014-12-31": "50.01%", "2014-09-30": "50.32%", "2014-06-30": "50.40%", "2014-03-31": "50.04%", "2013-12-31": "49.49%", "2013-09-30": "49.80%", "2013-06-30": "49.40%", "2013-03-31": "49.13%", "2012-12-31": "48.95%", "2012-09-30": "47.62%", "2012-06-30": "47.40%", "2012-03-31": "47.11%", "2011-12-31": "46.89%", "2011-09-30": "46.63%", "2011-06-30": "46.35%", "2011-03-31": "46.15%", "2010-12-31": "46.07%", "2010-09-30": "45.81%", "2010-06-30": "45.76%", "2010-03-31": "45.75%", "2009-12-31": "45.73%", "2009-09-30": "45.61%", "2009-06-30": "45.14%", "2009-03-31": "44.55%", "2008-12-31": "44.06%", "2008-09-30": "43.32%", "2008-06-30": "42.85%", "2008-03-31": "42.49%", "2007-12-31": "42.24%", "2007-09-30": "42.07%", "2007-06-30": "42.25%", "2007-03-31": "42.11%", "2006-12-31": "41.89%", "2006-09-30": "41.70%", "2006-06-30": "41.36%", "2006-03-31": "40.91%", "2005-12-31": "40.09%"}, "operating margin": {"2020-12-31": "8.37%", "2020-09-30": "11.40%", "2020-06-30": "10.65%", "2020-03-31": "10.87%", "2019-12-31": "12.83%", "2019-09-30": "13.55%", "2019-06-30": "15.26%", "2019-03-31": "16.16%", "2018-12-31": "15.32%", "2018-09-30": "15.20%", "2018-06-30": "15.00%", "2018-03-31": "14.53%", "2017-12-31": "14.75%", "2017-09-30": "15.25%", "2017-06-30": "14.98%", "2017-03-31": "15.29%", "2016-12-31": "14.92%", "2016-09-30": "14.80%", "2016-06-30": "15.46%", "2016-03-31": "16.62%", "2015-12-31": "18.36%", "2015-09-30": "18.65%", "2015-06-30": "18.93%", "2015-03-31": "19.55%", "2014-12-31": "19.17%", "2014-09-30": "20.55%", "2014-06-30": "20.94%", "2014-03-31": "19.53%", "2013-12-31": "19.81%", "2013-09-30": "20.61%", "2013-06-30": "19.81%", "2013-03-31": "20.58%", "2012-12-31": "20.49%", "2012-09-30": "18.98%", "2012-06-30": "19.36%", "2012-03-31": "19.14%", "2011-12-31": "18.97%", "2011-09-30": "18.69%", "2011-06-30": "18.47%", "2011-03-31": "18.51%", "2010-12-31": "18.17%", "2010-09-30": "17.92%", "2010-06-30": "17.83%", "2010-03-31": "17.66%", "2009-12-31": "17.77%", "2009-09-30": "17.23%", "2009-06-30": "16.48%", "2009-03-31": "15.52%", "2008-12-31": "15.38%", "2008-09-30": "14.91%", "2008-06-30": "14.48%", "2008-03-31": "14.05%", "2007-12-31": "13.68%", "2007-09-30": "13.15%", "2007-06-30": "13.06%", "2007-03-31": "13.11%", "2006-12-31": "13.05%", "2006-09-30": "12.82%", "2006-06-30": "12.79%", "2006-03-31": "10.74%", "2005-12-31": "10.29%"}, "ebitda margin": {"2020-09-30": "20.25%", "2020-06-30": "19.43%", "2020-03-31": "19.03%", "2019-12-31": "20.68%", "2019-09-30": "20.71%", "2019-06-30": "21.67%", "2019-03-31": "22.27%", "2018-12-31": "20.95%", "2018-09-30": "20.82%", "2018-06-30": "20.64%", "2018-03-31": "20.22%", "2017-12-31": "20.49%", "2017-09-30": "21.02%", "2017-06-30": "20.68%", "2017-03-31": "20.90%", "2016-12-31": "20.40%", "2016-09-30": "20.10%", "2016-06-30": "20.51%", "2016-03-31": "21.45%", "2015-12-31": "23.08%", "2015-09-30": "23.32%", "2015-06-30": "23.66%", "2015-03-31": "24.35%", "2014-12-31": "24.01%", "2014-09-30": "25.43%", "2014-06-30": "25.82%", "2014-03-31": "24.34%", "2013-12-31": "24.57%", "2013-09-30": "25.26%", "2013-06-30": "24.40%", "2013-03-31": "25.17%", "2012-12-31": "25.04%", "2012-09-30": "23.48%", "2012-06-30": "23.81%", "2012-03-31": "23.57%", "2011-12-31": "23.48%", "2011-09-30": "23.26%", "2011-06-30": "23.13%", "2011-03-31": "23.28%", "2010-12-31": "23.01%", "2010-09-30": "22.88%", "2010-06-30": "22.88%", "2010-03-31": "22.80%", "2009-12-31": "22.98%", "2009-09-30": "22.52%", "2009-06-30": "21.79%", "2009-03-31": "20.80%", "2008-12-31": "20.64%", "2008-09-30": "20.09%", "2008-06-30": "19.68%", "2008-03-31": "19.29%", "2007-12-31": "18.95%", "2007-09-30": "18.52%", "2007-06-30": "18.40%", "2007-03-31": "18.52%", "2006-12-31": "18.50%", "2006-09-30": "18.41%", "2006-06-30": "18.46%", "2006-03-31": "16.49%", "2005-12-31": "15.98%"}, "pre tax profit margin": {"2020-12-31": "6.30%", "2020-09-30": "9.79%", "2020-06-30": "9.32%", "2020-03-31": "10.76%", "2019-12-31": "13.18%", "2019-09-30": "13.75%", "2019-06-30": "15.52%", "2019-03-31": "15.36%", "2018-12-31": "14.25%", "2018-09-30": "14.15%", "2018-06-30": "14.17%", "2018-03-31": "13.88%", "2017-12-31": "14.41%", "2017-09-30": "15.21%", "2017-06-30": "15.44%", "2017-03-31": "16.02%", "2016-12-31": "15.43%", "2016-09-30": "15.52%", "2016-06-30": "15.95%", "2016-03-31": "17.29%", "2015-12-31": "19.51%", "2015-09-30": "21.41%", "2015-06-30": "21.49%", "2015-03-31": "21.97%", "2014-12-31": "21.54%", "2014-09-30": "21.40%", "2014-06-30": "21.83%", "2014-03-31": "20.39%", "2013-12-31": "20.58%", "2013-09-30": "21.33%", "2013-06-30": "21.13%", "2013-03-31": "21.96%", "2012-12-31": "21.91%", "2012-09-30": "20.39%", "2012-06-30": "20.07%", "2012-03-31": "19.65%", "2011-12-31": "19.64%", "2011-09-30": "19.43%", "2011-06-30": "19.45%", "2011-03-31": "19.71%", "2010-12-31": "19.75%", "2010-09-30": "19.52%", "2010-06-30": "19.35%", "2010-03-31": "19.12%", "2009-12-31": "18.94%", "2009-09-30": "18.39%", "2009-06-30": "17.57%", "2009-03-31": "16.50%", "2008-12-31": "16.13%", "2008-09-30": "15.54%", "2008-06-30": "15.13%", "2008-03-31": "14.92%", "2007-12-31": "14.67%", "2007-09-30": "14.36%", "2007-06-30": "14.48%", "2007-03-31": "14.50%", "2006-12-31": "14.57%", "2006-09-30": "14.59%", "2006-06-30": "14.48%", "2006-03-31": "14.24%", "2005-12-31": "13.42%"}, "net profit margin": {"2020-12-31": "7.59%", "2020-09-30": "10.53%", "2020-06-30": "10.43%", "2020-03-31": "11.78%", "2019-12-31": "12.22%", "2019-09-30": "10.00%", "2019-06-30": "11.22%", "2019-03-31": "10.98%", "2018-12-31": "10.97%", "2018-09-30": "7.12%", "2018-06-30": "7.13%", "2018-03-31": "7.10%", "2017-12-31": "7.27%", "2017-09-30": "14.43%", "2017-06-30": "14.58%", "2017-03-31": "14.62%", "2016-12-31": "14.86%", "2016-09-30": "14.75%", "2016-06-30": "14.87%", "2016-03-31": "15.93%", "2015-12-31": "16.14%", "2015-09-30": "16.96%", "2015-06-30": "12.98%", "2015-03-31": "13.27%", "2014-12-31": "12.96%", "2014-09-30": "13.34%", "2014-06-30": "17.39%", "2014-03-31": "16.29%", "2013-12-31": "16.76%", "2013-09-30": "16.24%", "2013-06-30": "15.80%", "2013-03-31": "16.31%", "2012-12-31": "16.14%", "2012-09-30": "15.53%", "2012-06-30": "15.34%", "2012-03-31": "15.01%", "2011-12-31": "14.83%", "2011-09-30": "14.68%", "2011-06-30": "14.70%", "2011-03-31": "14.85%", "2010-12-31": "14.85%", "2010-09-30": "14.67%", "2010-06-30": "14.39%", "2010-03-31": "14.17%", "2009-12-31": "14.02%", "2009-09-30": "13.65%", "2009-06-30": "13.00%", "2009-03-31": "12.21%", "2008-12-31": "11.90%", "2008-09-30": "11.24%", "2008-06-30": "10.93%", "2008-03-31": "10.76%", "2007-12-31": "10.55%", "2007-09-30": "10.40%", "2007-06-30": "10.42%", "2007-03-31": "10.38%", "2006-12-31": "10.38%", "2006-09-30": "10.20%", "2006-06-30": "9.53%", "2006-03-31": "9.27%", "2005-12-31": "8.71%"}, "pe ratio": {"current": "14.05", "2021-02-05": "25.80", "2020-12-31": "26.67", "2020-09-30": "13.59", "2020-06-30": "13.34", "2020-03-31": "10.55", "2019-12-31": "12.05", "2019-09-30": "15.87", "2019-06-30": "13.23", "2019-03-31": "13.66", "2018-12-31": "10.84", "2018-09-30": "21.77", "2018-06-30": "19.96", "2018-03-31": "22.15", "2017-12-31": "21.78", "2017-09-30": "10.41", "2017-06-30": "10.87", "2017-03-31": "12.05", "2016-12-31": "11.18", "2016-09-30": "10.71", "2016-06-30": "10.13", "2016-03-31": "9.33", "2015-12-31": "8.23", "2015-09-30": "8.04", "2015-06-30": "11.30", "2015-03-31": "10.49", "2014-12-31": "10.47", "2014-09-30": "12.08", "2014-06-30": "8.81", "2014-03-31": "10.08", "2013-12-31": "9.50", "2013-09-30": "9.72", "2013-06-30": "10.23", "2013-03-31": "11.02", "2012-12-31": "9.92", "2012-09-30": "11.09", "2012-06-30": "10.51", "2012-03-31": "11.45", "2011-12-31": "10.28", "2011-09-30": "10.08", "2011-06-30": "10.14", "2011-03-31": "9.91", "2010-12-31": "9.14", "2010-09-30": "8.77", "2010-06-30": "8.35", "2010-03-31": "8.87", "2009-12-31": "9.26", "2009-09-30": "8.69", "2009-06-30": "7.83", "2009-03-31": "7.50", "2008-12-31": "6.52", "2008-09-30": "9.52", "2008-06-30": "10.05", "2008-03-31": "10.26", "2007-12-31": "10.18", "2007-09-30": "11.86", "2007-06-30": "10.93", "2007-03-31": "10.14", "2006-12-31": "10.64"}, "price sales": {"2021-02-05": "1.48", "2020-12-31": "1.53", "2020-09-30": "1.43", "2020-06-30": "1.39", "2020-03-31": "1.24", "2019-12-31": "1.47", "2019-09-30": "1.59", "2019-06-30": "1.49", "2019-03-31": "1.50", "2018-12-31": "1.19", "2018-09-30": "1.56", "2018-06-30": "1.42", "2018-03-31": "1.57", "2017-12-31": "1.58", "2017-09-30": "1.50", "2017-06-30": "1.59", "2017-03-31": "1.77", "2016-12-31": "1.67", "2016-09-30": "1.58", "2016-06-30": "1.51", "2016-03-31": "1.49", "2015-12-31": "1.33", "2015-09-30": "1.37", "2015-06-30": "1.48", "2015-03-31": "1.40", "2014-12-31": "1.36", "2014-09-30": "1.60", "2014-06-30": "1.54", "2014-03-31": "1.65", "2013-12-31": "1.61", "2013-09-30": "1.58", "2013-06-30": "1.62", "2013-03-31": "1.81", "2012-12-31": "1.61", "2012-09-30": "1.73", "2012-06-30": "1.62", "2012-03-31": "1.73", "2011-12-31": "1.54", "2011-09-30": "1.49", "2011-06-30": "1.50", "2011-03-31": "1.48", "2010-12-31": "1.37", "2010-09-30": "1.29", "2010-06-30": "1.20", "2010-03-31": "1.26", "2009-12-31": "1.30", "2009-09-30": "1.19", "2009-06-30": "1.03", "2009-03-31": "0.93", "2008-12-31": "0.79", "2008-09-30": "1.08", "2008-06-30": "1.11", "2008-03-31": "1.12", "2007-12-31": "1.09", "2007-09-30": "1.24", "2007-06-30": "1.14", "2007-03-31": "1.06", "2006-12-31": "1.11"}, "price book": {"current": "5.24", "2021-02-05": "5.09", "2020-09-30": "5.01", "2020-06-30": "5.06", "2020-03-31": "4.70", "2019-12-31": "5.39", "2019-09-30": "6.69", "2019-06-30": "6.38", "2019-03-31": "6.91", "2018-12-31": "5.44", "2018-09-30": "6.18", "2018-06-30": "6.06", "2018-03-31": "6.75", "2017-12-31": "6.92", "2017-09-30": "5.84", "2017-06-30": "6.57", "2017-03-31": "7.46", "2016-12-31": "7.13", "2016-09-30": "7.29", "2016-06-30": "7.49", "2016-03-31": "7.84", "2015-12-31": "7.41", "2015-09-30": "8.33", "2015-06-30": "9.10", "2015-03-31": "10.09", "2014-12-31": "10.30", "2014-09-30": "10.10", "2014-06-30": "7.94", "2014-03-31": "8.90", "2013-12-31": "6.56", "2013-09-30": "7.60", "2013-06-30": "8.81", "2013-03-31": "9.22", "2012-12-31": "8.41", "2012-09-30": "8.04", "2012-06-30": "8.04", "2012-03-31": "8.53", "2011-12-31": "7.76", "2011-09-30": "6.73", "2011-06-30": "6.42", "2011-03-31": "6.28", "2010-12-31": "5.61", "2010-09-30": "5.35", "2010-06-30": "5.26", "2010-03-31": "5.28", "2009-12-31": "5.32", "2009-09-30": "5.99", "2009-06-30": "6.20", "2009-03-31": "6.52", "2008-12-31": "5.76", "2008-09-30": "3.94", "2008-06-30": "3.91", "2008-03-31": "3.77", "2007-12-31": "3.59", "2007-09-30": "5.37", "2007-06-30": "5.79", "2007-03-31": "3.40", "2006-12-31": "3.45", "2006-09-30": "2.42", "2006-06-30": "2.33", "2006-03-31": "2.60"}, "price fcf": {"2021-02-05": "", "2020-09-30": "$15.07", "2020-06-30": "$14.50", "2020-03-31": "$14.12", "2019-12-31": "$14.58", "2019-09-30": "$14.96", "2019-06-30": "$15.28", "2019-03-31": "$13.87", "2018-12-31": "$13.21", "2018-09-30": "$14.70", "2018-06-30": "$14.10", "2018-03-31": "$15.58", "2017-12-31": "$14.89", "2017-09-30": "$13.02", "2017-06-30": "$13.43", "2017-03-31": "$13.12", "2016-12-31": "$14.54", "2016-09-30": "$15.94", "2016-06-30": "$15.89", "2016-03-31": "$16.35", "2015-12-31": "$14.29", "2015-09-30": "$14.61", "2015-06-30": "$14.13", "2015-03-31": "$13.77", "2014-12-31": "$13.40", "2014-09-30": "$13.39", "2014-06-30": "$12.98", "2014-03-31": "$12.30", "2013-12-31": "$12.90", "2013-09-30": "$12.61", "2013-06-30": "$13.18", "2013-03-31": "$13.89", "2012-12-31": "$13.77", "2012-09-30": "$14.07", "2012-06-30": "$14.09", "2012-03-31": "$14.08", "2011-12-31": "$13.47", "2011-09-30": "$12.88", "2011-06-30": "$12.63", "2011-03-31": "$12.07", "2010-12-31": "$12.53", "2010-09-30": "$12.14", "2010-06-30": "$12.41", "2010-03-31": "$13.14", "2009-12-31": "$13.16", "2009-09-30": "$13.25", "2009-06-30": "$12.05", "2009-03-31": "$11.35", "2008-12-31": "$10.80", "2008-09-30": "$9.17", "2008-06-30": "$9.65", "2008-03-31": "$9.12", "2007-12-31": "$8.24", "2007-09-30": "$8.38", "2007-06-30": "$7.78", "2007-03-31": "$7.05", "2006-12-31": "$7.14"}, "net worth": {"value": "$108.52B"}, "current ratio": {"2020-12-31": "0.98", "2020-09-30": "1.05", "2020-06-30": "1.04", "2020-03-31": "0.96", "2019-12-31": "1.02", "2019-09-30": "1.09", "2019-06-30": "1.83", "2019-03-31": "1.36", "2018-12-31": "1.29", "2018-09-30": "1.31", "2018-06-30": "1.32", "2018-03-31": "1.38", "2017-12-31": "1.33", "2017-09-30": "1.41", "2017-06-30": "1.25", "2017-03-31": "1.18", "2016-12-31": "1.21", "2016-09-30": "1.20", "2016-06-30": "1.30", "2016-03-31": "1.37", "2015-12-31": "1.24", "2015-09-30": "1.25", "2015-06-30": "1.27", "2015-03-31": "1.30", "2014-12-31": "1.20", "2014-09-30": "1.12", "2014-06-30": "1.14", "2014-03-31": "1.17", "2013-12-31": "1.28", "2013-09-30": "1.21", "2013-06-30": "1.17", "2013-03-31": "1.16", "2012-12-31": "1.13", "2012-09-30": "1.22", "2012-06-30": "1.22", "2012-03-31": "1.28", "2011-12-31": "1.21", "2011-09-30": "1.26", "2011-06-30": "1.18", "2011-03-31": "1.18", "2010-12-31": "1.19", "2010-09-30": "1.26", "2010-06-30": "1.28", "2010-03-31": "1.32", "2009-12-31": "1.36", "2009-09-30": "1.32", "2009-06-30": "1.22", "2009-03-31": "1.18", "2008-12-31": "1.16", "2008-09-30": "0.99", "2008-06-30": "1.04", "2008-03-31": "1.03", "2007-12-31": "1.20", "2007-09-30": "1.04", "2007-06-30": "0.88", "2007-03-31": "1.16", "2006-12-31": "1.11", "2006-09-30": "1.16", "2006-06-30": "1.16", "2006-03-31": "1.25", "2005-12-31": "1.30", "2005-09-30": "1.31", "2005-06-30": "1.26", "2005-03-31": "1.22"}, "quick ratio": {"2020-12-31": "0.94", "2020-09-30": "1.00", "2020-06-30": "0.99", "2020-03-31": "0.91", "2019-12-31": "0.98", "2019-09-30": "1.04", "2019-06-30": "1.79", "2019-03-31": "1.31", "2018-12-31": "1.24", "2018-09-30": "1.26", "2018-06-30": "1.27", "2018-03-31": "1.33", "2017-12-31": "1.29", "2017-09-30": "1.36", "2017-06-30": "1.21", "2017-03-31": "1.13", "2016-12-31": "1.17", "2016-09-30": "1.15", "2016-06-30": "1.25", "2016-03-31": "1.33", "2015-12-31": "1.20", "2015-09-30": "1.20", "2015-06-30": "1.22", "2015-03-31": "1.24", "2014-12-31": "1.14", "2014-09-30": "1.06", "2014-06-30": "1.08", "2014-03-31": "1.11", "2013-12-31": "1.22", "2013-09-30": "1.15", "2013-06-30": "1.11", "2013-03-31": "1.11", "2012-12-31": "1.08", "2012-09-30": "1.15", "2012-06-30": "1.15", "2012-03-31": "1.21", "2011-12-31": "1.15", "2011-09-30": "1.19", "2011-06-30": "1.11", "2011-03-31": "1.11", "2010-12-31": "1.13", "2010-09-30": "1.18", "2010-06-30": "1.21", "2010-03-31": "1.25", "2009-12-31": "1.29", "2009-09-30": "1.24", "2009-06-30": "1.15", "2009-03-31": "1.10", "2008-12-31": "1.09", "2008-09-30": "0.92", "2008-06-30": "0.97", "2008-03-31": "0.97", "2007-12-31": "1.14", "2007-09-30": "0.97", "2007-06-30": "0.82", "2007-03-31": "1.08", "2006-12-31": "1.04", "2006-09-30": "1.08", "2006-06-30": "1.07", "2006-03-31": "1.16", "2005-12-31": "1.22", "2005-09-30": "1.20", "2005-06-30": "1.16", "2005-03-31": "1.12"}, "debt equity ratio": {"current": "2.62", "2020-12-31": "6.53", "2020-09-30": "6.23", "2020-06-30": "6.45", "2020-03-31": "6.62", "2019-12-31": "6.25", "2019-09-30": "7.27", "2019-06-30": "7.70", "2019-03-31": "6.88", "2018-12-31": "6.29", "2018-09-30": "5.13", "2018-06-30": "5.52", "2018-03-31": "5.85", "2017-12-31": "6.07", "2017-09-30": "5.16", "2017-06-30": "5.50", "2017-03-31": "5.37", "2016-12-31": "5.39", "2016-09-30": "5.74", "2016-06-30": "6.43", "2016-03-31": "6.89", "2015-12-31": "6.66", "2015-09-30": "7.08", "2015-06-30": "7.15", "2015-03-31": "8.12", "2014-12-31": "8.76", "2014-09-30": "7.26", "2014-06-30": "6.10", "2014-03-31": "6.33", "2013-12-31": "4.51", "2013-09-30": "4.89", "2013-06-30": "5.44", "2013-03-31": "5.10", "2012-12-31": "5.28", "2012-09-30": "4.34", "2012-06-30": "4.54", "2012-03-31": "4.55", "2011-12-31": "4.75", "2011-09-30": "3.92", "2011-06-30": "3.89", "2011-03-31": "3.96", "2010-12-31": "3.90", "2010-09-30": "3.79", "2010-06-30": "3.88", "2010-03-31": "3.75", "2009-12-31": "3.79", "2009-09-30": "4.61", "2009-06-30": "5.70", "2009-03-31": "6.45", "2008-12-31": "7.06", "2008-09-30": "3.21", "2008-06-30": "3.28", "2008-03-31": "3.24", "2007-12-31": "3.23", "2007-09-30": "4.29", "2007-06-30": "5.12", "2007-03-31": "2.65", "2006-12-31": "2.62", "2006-09-30": "2.04", "2006-06-30": "2.08", "2006-03-31": "2.13", "2005-12-31": "2.20", "2005-09-30": "2.34", "2005-06-30": "2.43", "2005-03-31": "2.51"}, "return on equity": {"2020-12-31": "26.98%", "2020-09-30": "38.03%", "2020-06-30": "39.44%", "2020-03-31": "46.84%", "2019-12-31": "51.35%", "2019-09-30": "44.44%", "2019-06-30": "49.05%", "2019-03-31": "47.93%", "2018-12-31": "47.32%", "2018-09-30": "30.69%", "2018-06-30": "30.93%", "2018-03-31": "30.58%", "2017-12-31": "30.90%", "2017-09-30": "60.20%", "2017-06-30": "63.05%", "2017-03-31": "66.44%", "2016-12-31": "71.40%", "2016-09-30": "75.68%", "2016-06-30": "81.11%", "2016-03-31": "90.70%", "2015-12-31": "97.70%", "2015-09-30": "110.18%", "2015-06-30": "85.87%", "2015-03-31": "85.15%", "2014-12-31": "79.27%", "2014-09-30": "71.10%", "2014-06-30": "86.78%", "2014-03-31": "81.67%", "2013-12-31": "82.38%", "2013-09-30": "84.81%", "2013-06-30": "81.88%", "2013-03-31": "82.41%", "2012-12-31": "81.00%", "2012-09-30": "78.13%", "2012-06-30": "77.54%", "2012-03-31": "74.16%", "2011-12-31": "71.58%", "2011-09-30": "68.27%", "2011-06-30": "67.19%", "2011-03-31": "67.48%", "2010-12-31": "66.77%", "2010-09-30": "65.08%", "2010-06-30": "66.28%", "2010-03-31": "69.64%", "2009-12-31": "76.26%", "2009-09-30": "85.16%", "2009-06-30": "72.00%", "2009-03-31": "59.28%", "2008-12-31": "50.29%", "2008-09-30": "42.00%", "2008-06-30": "43.01%", "2008-03-31": "46.11%", "2007-12-31": "44.53%", "2007-09-30": "42.74%", "2007-06-30": "36.77%", "2007-03-31": "31.03%", "2006-12-31": "29.42%", "2006-09-30": "27.36%", "2006-06-30": "26.03%", "2006-03-31": "26.12%", "2005-12-31": "25.72%"}, "return on assets": {"2020-12-31": "3.62%", "2020-09-30": "5.15%", "2020-06-30": "5.17%", "2020-03-31": "5.91%", "2019-12-31": "6.42%", "2019-09-30": "5.52%", "2019-06-30": "6.58%", "2019-03-31": "6.94%", "2018-12-31": "7.09%", "2018-09-30": "4.63%", "2018-06-30": "4.66%", "2018-03-31": "4.61%", "2017-12-31": "4.74%", "2017-09-30": "9.48%", "2017-06-30": "9.71%", "2017-03-31": "9.91%", "2016-12-31": "10.10%", "2016-09-30": "10.22%", "2016-06-30": "10.46%", "2016-03-31": "11.43%", "2015-12-31": "11.89%", "2015-09-30": "12.61%", "2015-06-30": "9.79%", "2015-03-31": "10.13%", "2014-12-31": "9.95%", "2014-09-30": "10.34%", "2014-06-30": "13.64%", "2014-03-31": "13.14%", "2013-12-31": "13.84%", "2013-09-30": "13.74%", "2013-06-30": "13.62%", "2013-03-31": "14.22%", "2012-12-31": "14.31%", "2012-09-30": "14.10%", "2012-06-30": "14.28%", "2012-03-31": "14.10%", "2011-12-31": "14.00%", "2011-09-30": "13.89%", "2011-06-30": "13.75%", "2011-03-31": "13.82%", "2010-12-31": "13.82%", "2010-09-30": "13.55%", "2010-06-30": "13.30%", "2010-03-31": "13.03%", "2009-12-31": "12.84%", "2009-09-30": "12.45%", "2009-06-30": "11.74%", "2009-03-31": "10.98%", "2008-12-31": "10.54%", "2008-09-30": "9.90%", "2008-06-30": "9.66%", "2008-03-31": "9.61%", "2007-12-31": "9.62%", "2007-09-30": "9.62%", "2007-06-30": "9.59%", "2007-03-31": "9.34%", "2006-12-31": "9.19%", "2006-09-30": "8.79%", "2006-06-30": "8.18%", "2006-03-31": "7.99%", "2005-12-31": "7.65%"}, "return on investments": {"2020-12-31": "8.20%", "2020-09-30": "11.38%", "2020-06-30": "10.72%", "2020-03-31": "11.09%", "2019-12-31": "13.96%", "2019-09-30": "16.02%", "2019-06-30": "19.73%", "2019-03-31": "22.99%", "2018-12-31": "21.81%", "2018-09-30": "21.37%", "2018-06-30": "20.72%", "2018-03-31": "19.93%", "2017-12-31": "20.51%", "2017-09-30": "21.42%", "2017-06-30": "21.88%", "2017-03-31": "22.67%", "2016-12-31": "22.01%", "2016-09-30": "22.46%", "2016-06-30": "24.30%", "2016-03-31": "27.42%", "2015-12-31": "32.07%", "2015-09-30": "33.55%", "2015-06-30": "35.00%", "2015-03-31": "36.66%", "2014-12-31": "36.09%", "2014-09-30": "38.07%", "2014-06-30": "38.94%", "2014-03-31": "38.00%", "2013-12-31": "40.53%", "2013-09-30": "45.60%", "2013-06-30": "45.06%", "2013-03-31": "46.91%", "2012-12-31": "46.60%", "2012-09-30": "43.92%", "2012-06-30": "45.30%", "2012-03-31": "45.19%", "2011-12-31": "45.28%", "2011-09-30": "43.93%", "2011-06-30": "43.18%", "2011-03-31": "42.74%", "2010-12-31": "41.50%", "2010-09-30": "40.27%", "2010-06-30": "40.99%", "2010-03-31": "41.86%", "2009-12-31": "43.93%", "2009-09-30": "44.95%", "2009-06-30": "41.86%", "2009-03-31": "37.57%", "2008-12-31": "35.32%", "2008-09-30": "32.15%", "2008-06-30": "31.91%", "2008-03-31": "33.38%", "2007-12-31": "32.99%", "2007-09-30": "32.71%", "2007-06-30": "30.34%", "2007-03-31": "27.12%", "2006-12-31": "25.73%", "2006-09-30": "23.97%", "2006-06-30": "23.63%", "2006-03-31": "19.89%", "2005-12-31": "19.65%"}, "return on tangible equity": {"2020-09-30": "-15.28%", "2020-06-30": "-14.91%", "2020-03-31": "-20.01%", "2019-12-31": "-25.01%", "2019-09-30": "-25.55%", "2019-06-30": "-41.09%", "2019-03-31": "-40.20%", "2018-12-31": "-40.93%", "2018-09-30": "-26.72%", "2018-06-30": "-26.47%", "2018-03-31": "-25.85%", "2017-12-31": "-26.07%", "2017-09-30": "-51.43%", "2017-06-30": "-50.23%", "2017-03-31": "-49.09%", "2016-12-31": "-49.51%", "2016-09-30": "-50.09%", "2016-06-30": "-53.03%", "2016-03-31": "-61.36%", "2015-12-31": "-65.22%", "2015-09-30": "-69.78%", "2015-06-30": "-55.10%", "2015-03-31": "-59.92%", "2014-12-31": "-62.07%", "2014-09-30": "-74.89%", "2014-06-30": "-106.64%", "2014-03-31": "-106.36%", "2013-12-31": "-120.32%", "2013-09-30": "-113.77%", "2013-06-30": "-122.40%", "2013-03-31": "-136.77%", "2012-12-31": "-146.38%", "2012-09-30": "-159.83%", "2012-06-30": "-180.37%", "2012-03-31": "-208.10%", "2011-12-31": "-239.34%", "2011-09-30": "-276.76%", "2011-06-30": "-301.40%", "2011-03-31": "-361.71%", "2010-12-31": "-490.59%", "2010-09-30": "-873.25%", "2010-06-30": "-873.83%", "2010-03-31": "-529.90%", "2009-12-31": "-333.42%", "2009-09-30": "-220.26%", "2009-06-30": "-340.64%", "2009-03-31": "-1351.26%", "2008-12-31": "472.70%", "2008-09-30": "157.99%", "2008-06-30": "157.42%", "2008-03-31": "173.83%", "2007-12-31": "136.04%", "2007-09-30": "125.03%", "2007-06-30": "79.28%", "2007-03-31": "55.11%", "2006-12-31": "48.54%", "2006-09-30": "42.13%", "2006-06-30": "40.33%", "2006-03-31": "40.58%", "2005-12-31": "39.71%"}, "dividend yield history": {"last payout": "$6.52", "last yield": "5.35%"}}