{"ticker": "ICE", "price": {"title": "Intercontinental Exchange Historical Annual Stock Price Data", "value": 111.3, "historical": {"2020": {"Average Stock Price": "96.1924", "Year Open": "92.6700", "Year High": "115.2900", "Year Low": "66.8500", "Year Close": "115.2900", "Annual % Change": "24.57%"}, "2019": {"Average Stock Price": "85.3035", "Year Open": "75.3300", "Year High": "94.8900", "Year Low": "72.1500", "Year Close": "92.5500", "Annual % Change": "22.86%"}, "2018": {"Average Stock Price": "74.4368", "Year Open": "69.8500", "Year High": "81.7200", "Year Low": "67.0000", "Year Close": "75.3300", "Annual % Change": "6.76%"}, "2017": {"Average Stock Price": "63.6153", "Year Open": "56.2200", "Year High": "72.0700", "Year Low": "56.2200", "Year Close": "70.5600", "Annual % Change": "25.06%"}, "2016": {"Average Stock Price": "52.2972", "Year Open": "50.2780", "Year High": "59.6600", "Year Low": "45.9940", "Year Close": "56.4200", "Annual % Change": "10.08%"}, "2015": {"Average Stock Price": "47.0357", "Year Open": "43.5280", "Year High": "52.8280", "Year Low": "40.9740", "Year Close": "51.2520", "Annual % Change": "16.86%"}, "2014": {"Average Stock Price": "40.5740", "Year Open": "44.9200", "Year High": "45.5640", "Year Low": "36.6900", "Year Close": "43.8580", "Annual % Change": "-2.50%"}, "2013": {"Average Stock Price": "35.1710", "Year Open": "24.9840", "Year High": "45.2120", "Year Low": "24.9840", "Year Close": "44.9840", "Annual % Change": "81.67%"}, "2012": {"Average Stock Price": "26.1463", "Year Open": "23.7140", "Year High": "28.4740", "Year Low": "22.4300", "Year Close": "24.7620", "Annual % Change": "2.70%"}, "2011": {"Average Stock Price": "24.1966", "Year Open": "23.8300", "Year High": "26.9440", "Year Low": "20.7820", "Year Close": "24.1100", "Annual % Change": "1.17%"}, "2010": {"Average Stock Price": "22.0306", "Year Open": "22.5740", "Year High": "25.3880", "Year Low": "18.7840", "Year Close": "23.8300", "Annual % Change": "6.10%"}, "2009": {"Average Stock Price": "18.0725", "Year Open": "16.9140", "Year High": "23.9480", "Year Low": "10.1840", "Year Close": "22.4600", "Annual % Change": "36.22%"}, "2008": {"Average Stock Price": "22.2634", "Year Open": "37.1000", "Year High": "37.1000", "Year Low": "10.1380", "Year Close": "16.4880", "Annual % Change": "-57.17%"}, "2007": {"Average Stock Price": "29.7206", "Year Open": "23.1440", "Year High": "38.9000", "Year Low": "23.1440", "Year Close": "38.5000", "Annual % Change": "78.41%"}, "2006": {"Average Stock Price": "13.6686", "Year Open": "7.5720", "Year High": "22.6420", "Year Low": "7.3800", "Year Close": "21.5800", "Annual % Change": "196.84%"}, "2005": {"Average Stock Price": "7.0275", "Year Open": "7.8500", "Year High": "7.8500", "Year Low": "6.3940", "Year Close": "7.2700", "Annual % Change": "0.00%"}}}, "market cap": {"value": "$63.62B"}, "income statement": {"Revenue": {"2020-12-31": "6036.00000", "2019-12-31": "5202.00000", "2018-12-31": "4979.00000", "2017-12-31": "4638.00000", "2016-12-31": "4512.00000", "2015-12-31": "3338.00000", "2014-12-31": "3092.00000", "2013-12-31": "1598.00000", "2012-12-31": "1363.00000", "2011-12-31": "1327.00000", "2010-12-31": "1149.94400", "2009-12-31": "994.78800", "2008-12-31": "813.07800", "2007-12-31": "574.29300", "2006-12-31": "313.79900", "2005-12-31": "155.86500"}, "Cost Of Goods Sold": {"2020-12-31": "144.00000", "2019-12-31": "125.00000", "2018-12-31": "131.00000", "2017-12-31": "121.00000", "2016-12-31": "137.00000", "2015-12-31": "139.00000", "2014-12-31": "181.00000", "2013-12-31": "54.00000", "2012-12-31": "33.00000", "2011-12-31": "35.00000", "2010-12-31": "32.59700", "2009-12-31": "35.55700", "2008-12-31": "29.70500", "2007-12-31": "23.04700", "2006-12-31": "11.39500", "2005-12-31": "10.12400"}, "Gross Profit": {"2020-12-31": "5892.00000", "2019-12-31": "5077.00000", "2018-12-31": "4848.00000", "2017-12-31": "4517.00000", "2016-12-31": "4375.00000", "2015-12-31": "3199.00000", "2014-12-31": "2911.00000", "2013-12-31": "1544.00000", "2012-12-31": "1330.00000", "2011-12-31": "1292.00000", "2010-12-31": "1117.34700", "2009-12-31": "959.23100", "2008-12-31": "783.37300", "2007-12-31": "551.24600", "2006-12-31": "302.40400", "2005-12-31": "145.74100"}, "Research And Development Expenses": {"2020-12-31": "", "2019-12-31": "", "2018-12-31": "", "2017-12-31": "", "2016-12-31": "", "2015-12-31": "", "2014-12-31": "", "2013-12-31": "", "2012-12-31": "", "2011-12-31": "", "2010-12-31": "", "2009-12-31": "", "2008-12-31": "", "2007-12-31": "", "2006-12-31": "", "2005-12-31": ""}, "SG&A Expenses": {"2020-12-31": "1373.00000", "2019-12-31": "1203.00000", "2018-12-31": "1145.00000", "2017-12-31": "1101.00000", "2016-12-31": "1069.00000", "2015-12-31": "727.00000", "2014-12-31": "735.00000", "2013-12-31": "353.00000", "2012-12-31": "288.00000", "2011-12-31": "284.00000", "2010-12-31": "272.29300", "2009-12-31": "270.24900", "2008-12-31": "227.59200", "2007-12-31": "153.86100", "2006-12-31": "75.01600", "2005-12-31": "53.14800"}, "Other Operating Income Or Expenses": {"2020-12-31": "-549.00000", "2019-12-31": "-469.00000", "2018-12-31": "-432.00000", "2017-12-31": "-397.00000", "2016-12-31": "-374.00000", "2015-12-31": "-203.00000", "2014-12-31": "-188.00000", "2013-12-31": "-63.00000", "2012-12-31": "-46.00000", "2011-12-31": "-48.00000", "2010-12-31": "-44.50600", "2009-12-31": "-38.27700", "2008-12-31": "", "2007-12-31": "", "2006-12-31": "-9.03900", "2005-12-31": "-21.30500"}, "Operating Expenses": {"2020-12-31": "3003.00000", "2019-12-31": "2529.00000", "2018-12-31": "2396.00000", "2017-12-31": "2259.00000", "2016-12-31": "2340.00000", "2015-12-31": "1588.00000", "2014-12-31": "1644.00000", "2013-12-31": "808.00000", "2012-12-31": "536.00000", "2011-12-31": "534.00000", "2010-12-31": "497.62500", "2009-12-31": "482.16900", "2008-12-31": "319.54400", "2007-12-31": "220.73000", "2006-12-31": "109.16400", "2005-12-31": "99.66000"}, "Operating Income": {"2020-12-31": "3033.00000", "2019-12-31": "2673.00000", "2018-12-31": "2583.00000", "2017-12-31": "2379.00000", "2016-12-31": "2172.00000", "2015-12-31": "1750.00000", "2014-12-31": "1448.00000", "2013-12-31": "790.00000", "2012-12-31": "827.00000", "2011-12-31": "793.00000", "2010-12-31": "652.31900", "2009-12-31": "512.61900", "2008-12-31": "493.53400", "2007-12-31": "353.56300", "2006-12-31": "204.63500", "2005-12-31": "56.20500"}, "Total Non-Operating Income/Expense": {"2020-12-31": "-267.00000", "2019-12-31": "-192.00000", "2018-12-31": "-63.00000", "2017-12-31": "147.00000", "2016-12-31": "-129.00000", "2015-12-31": "-97.00000", "2014-12-31": "-41.00000", "2013-12-31": "-286.00000", "2012-12-31": "-37.00000", "2011-12-31": "-33.00000", "2010-12-31": "-42.84600", "2009-12-31": "-18.91400", "2008-12-31": "-20.03800", "2007-12-31": "4.87100", "2006-12-31": "7.90800", "2005-12-31": "3.79000"}, "Pre-Tax Income": {"2020-12-31": "2766.00000", "2019-12-31": "2481.00000", "2018-12-31": "2520.00000", "2017-12-31": "2526.00000", "2016-12-31": "2043.00000", "2015-12-31": "1653.00000", "2014-12-31": "1407.00000", "2013-12-31": "504.00000", "2012-12-31": "790.00000", "2011-12-31": "760.00000", "2010-12-31": "609.47300", "2009-12-31": "493.70500", "2008-12-31": "473.49600", "2007-12-31": "358.43400", "2006-12-31": "212.54300", "2005-12-31": "59.99500"}, "Income Taxes": {"2020-12-31": "658.00000", "2019-12-31": "521.00000", "2018-12-31": "500.00000", "2017-12-31": "-28.00000", "2016-12-31": "586.00000", "2015-12-31": "358.00000", "2014-12-31": "402.00000", "2013-12-31": "184.00000", "2012-12-31": "228.00000", "2011-12-31": "238.00000", "2010-12-31": "201.70600", "2009-12-31": "179.55100", "2008-12-31": "172.52400", "2007-12-31": "117.82200", "2006-12-31": "69.27500", "2005-12-31": "19.58500"}, "Income After Taxes": {"2020-12-31": "2108.00000", "2019-12-31": "1960.00000", "2018-12-31": "2020.00000", "2017-12-31": "2554.00000", "2016-12-31": "1457.00000", "2015-12-31": "1295.00000", "2014-12-31": "1005.00000", "2013-12-31": "320.00000", "2012-12-31": "562.00000", "2011-12-31": "522.00000", "2010-12-31": "407.76700", "2009-12-31": "314.15400", "2008-12-31": "300.97200", "2007-12-31": "240.61200", "2006-12-31": "143.26800", "2005-12-31": "40.41000"}, "Other Income": {"2020-12-31": "", "2019-12-31": "", "2018-12-31": "", "2017-12-31": "", "2016-12-31": "", "2015-12-31": "", "2014-12-31": "", "2013-12-31": "", "2012-12-31": "", "2011-12-31": "", "2010-12-31": "", "2009-12-31": "", "2008-12-31": "", "2007-12-31": "", "2006-12-31": "", "2005-12-31": ""}, "Income From Continuous Operations": {"2020-12-31": "2108.00000", "2019-12-31": "1960.00000", "2018-12-31": "2020.00000", "2017-12-31": "2554.00000", "2016-12-31": "1457.00000", "2015-12-31": "1295.00000", "2014-12-31": "1005.00000", "2013-12-31": "320.00000", "2012-12-31": "562.00000", "2011-12-31": "522.00000", "2010-12-31": "407.76700", "2009-12-31": "314.15400", "2008-12-31": "300.97200", "2007-12-31": "240.61200", "2006-12-31": "143.26800", "2005-12-31": "40.41000"}, "Income From Discontinued Operations": {"2020-12-31": "", "2019-12-31": "", "2018-12-31": "", "2017-12-31": "", "2016-12-31": "", "2015-12-31": "", "2014-12-31": "11.00000", "2013-12-31": "-50.00000", "2012-12-31": "", "2011-12-31": "", "2010-12-31": "", "2009-12-31": "", "2008-12-31": "", "2007-12-31": "", "2006-12-31": "", "2005-12-31": ""}, "Net Income": {"2020-12-31": "2089.00000", "2019-12-31": "1933.00000", "2018-12-31": "1988.00000", "2017-12-31": "2526.00000", "2016-12-31": "1430.00000", "2015-12-31": "1274.00000", "2014-12-31": "981.00000", "2013-12-31": "254.00000", "2012-12-31": "552.00000", "2011-12-31": "510.00000", "2010-12-31": "398.29800", "2009-12-31": "315.98800", "2008-12-31": "300.97200", "2007-12-31": "240.61200", "2006-12-31": "143.26800", "2005-12-31": "-20.90900"}, "EBITDA": {"2020-12-31": "3784.00000", "2019-12-31": "3335.00000", "2018-12-31": "3169.00000", "2017-12-31": "2914.00000", "2016-12-31": "2782.00000", "2015-12-31": "2101.00000", "2014-12-31": "1726.00000", "2013-12-31": "939.00000", "2012-12-31": "958.00000", "2011-12-31": "923.00000", "2010-12-31": "779.51400", "2009-12-31": "629.54600", "2008-12-31": "557.42500", "2007-12-31": "386.96200", "2006-12-31": "218.49600", "2005-12-31": "71.39600"}, "EBIT": {"2020-12-31": "3033.00000", "2019-12-31": "2673.00000", "2018-12-31": "2583.00000", "2017-12-31": "2379.00000", "2016-12-31": "2172.00000", "2015-12-31": "1750.00000", "2014-12-31": "1448.00000", "2013-12-31": "790.00000", "2012-12-31": "827.00000", "2011-12-31": "793.00000", "2010-12-31": "652.31900", "2009-12-31": "512.61900", "2008-12-31": "493.53400", "2007-12-31": "353.56300", "2006-12-31": "204.63500", "2005-12-31": "56.20500"}, "Basic Shares Outstanding": {"2020-12-31": "552.00000", "2019-12-31": "561.00000", "2018-12-31": "575.00000", "2017-12-31": "589.00000", "2016-12-31": "595.00000", "2015-12-31": "556.00000", "2014-12-31": "570.00000", "2013-12-31": "390.00000", "2012-12-31": "365.00000", "2011-12-31": "365.00000", "2010-12-31": "368.12000", "2009-12-31": "364.92500", "2008-12-31": "355.92000", "2007-12-31": "344.92500", "2006-12-31": "282.37000", "2005-12-31": "266.09000"}, "Shares Outstanding": {"2020-12-31": "555.00000", "2019-12-31": "565.00000", "2018-12-31": "579.00000", "2017-12-31": "594.00000", "2016-12-31": "599.00000", "2015-12-31": "559.00000", "2014-12-31": "573.00000", "2013-12-31": "395.00000", "2012-12-31": "365.00000", "2011-12-31": "370.00000", "2010-12-31": "372.38000", "2009-12-31": "370.45000", "2008-12-31": "360.82000", "2007-12-31": "354.90000", "2006-12-31": "297.99500", "2005-12-31": "266.09000"}, "Basic EPS": {"2020-12-31": "3.79000", "2019-12-31": "3.44000", "2018-12-31": "3.46000", "2017-12-31": "4.29000", "2016-12-31": "2.40000", "2015-12-31": "2.29000", "2014-12-31": "1.72000", "2013-12-31": "0.64800", "2012-12-31": "1.51800", "2011-12-31": "1.39400", "2010-12-31": "1.08200", "2009-12-31": "0.86600", "2008-12-31": "0.84600", "2007-12-31": "0.69800", "2006-12-31": "0.50800", "2005-12-31": "-0.07800"}, "EPS - Earnings Per Share": {"2020-12-31": "3.77000", "2019-12-31": "3.42000", "2018-12-31": "3.43000", "2017-12-31": "4.25000", "2016-12-31": "2.39000", "2015-12-31": "2.28000", "2014-12-31": "1.71000", "2013-12-31": "0.64200", "2012-12-31": "1.50400", "2011-12-31": "1.38000", "2010-12-31": "1.07000", "2009-12-31": "0.85400", "2008-12-31": "0.83400", "2007-12-31": "0.67800", "2006-12-31": "0.48000", "2005-12-31": "-0.07800"}}, "income statement, quarterly": {"Revenue": {"2020-12-31": "1671.00000", "2020-09-30": "1411.00000", "2020-06-30": "1395.00000", "2020-03-31": "1559.00000", "2019-12-31": "1298.00000", "2019-09-30": "1336.00000", "2019-06-30": "1298.00000", "2019-03-31": "1270.00000", "2018-12-31": "1308.00000", "2018-09-30": "1200.00000", "2018-06-30": "1246.00000", "2018-03-31": "1225.00000", "2017-12-31": "1146.00000", "2017-09-30": "1146.00000", "2017-06-30": "1180.00000", "2017-03-31": "1166.00000", "2016-12-31": "1151.00000", "2016-09-30": "1078.00000", "2016-06-30": "1129.00000", "2016-03-31": "1154.00000", "2015-12-31": "875.00000", "2015-09-30": "816.00000", "2015-06-30": "797.00000", "2015-03-31": "850.00000", "2014-12-31": "800.00000", "2014-09-30": "745.00000", "2014-06-30": "750.00000", "2014-03-31": "797.00000", "2013-12-31": "536.00000", "2013-09-30": "338.00000", "2013-06-30": "372.00000", "2013-03-31": "352.00000", "2012-12-31": "323.40600", "2012-09-30": "323.18700", "2012-06-30": "351.21300", "2012-03-31": "365.19400", "2011-12-31": "326.72400", "2011-09-30": "340.77800", "2011-06-30": "325.21800", "2011-03-31": "334.28000", "2010-12-31": "285.02290", "2010-09-30": "287.14600", "2010-06-30": "296.15500", "2010-03-31": "281.62000", "2009-12-31": "256.55410", "2009-09-30": "256.26400", "2009-06-30": "250.41700", "2009-03-31": "231.55300", "2008-12-31": "207.26000", "2008-09-30": "201.44400", "2008-06-30": "197.16000", "2008-03-31": "207.21400", "2007-12-31": "159.29610", "2007-09-30": "151.73500", "2007-06-30": "136.65400", "2007-03-31": "126.60800", "2006-12-31": "95.26400", "2006-09-30": "94.66200", "2006-06-30": "73.59100", "2006-03-31": "50.28200", "2005-12-31": "41.26200", "2005-09-30": "45.24500", "2005-06-30": "37.53000", "2005-03-31": "31.82800"}, "Cost Of Goods Sold": {"2020-12-31": "44.00000", "2020-09-30": "37.00000", "2020-06-30": "34.00000", "2020-03-31": "29.00000", "2019-12-31": "28.00000", "2019-09-30": "35.00000", "2019-06-30": "29.00000", "2019-03-31": "33.00000", "2018-12-31": "40.00000", "2018-09-30": "32.00000", "2018-06-30": "29.00000", "2018-03-31": "30.00000", "2017-12-31": "27.00000", "2017-09-30": "30.00000", "2017-06-30": "32.00000", "2017-03-31": "32.00000", "2016-12-31": "36.00000", "2016-09-30": "32.00000", "2016-06-30": "37.00000", "2016-03-31": "32.00000", "2015-12-31": "37.00000", "2015-09-30": "37.00000", "2015-06-30": "32.00000", "2015-03-31": "33.00000", "2014-12-31": "31.00000", "2014-09-30": "47.00000", "2014-06-30": "49.00000", "2014-03-31": "54.00000", "2013-12-31": "31.00000", "2013-09-30": "7.00000", "2013-06-30": "8.00000", "2013-03-31": "8.00000", "2012-12-31": "7.25900", "2012-09-30": "7.81300", "2012-06-30": "8.52600", "2012-03-31": "9.40200", "2011-12-31": "10.03000", "2011-09-30": "8.74300", "2011-06-30": "8.42200", "2011-03-31": "7.80500", "2010-12-31": "7.75700", "2010-09-30": "8.26200", "2010-06-30": "8.02900", "2010-03-31": "8.54900", "2009-12-31": "9.64900", "2009-09-30": "9.86600", "2009-06-30": "8.81300", "2009-03-31": "7.22900", "2008-12-31": "6.71600", "2008-09-30": "9.08900", "2008-06-30": "6.92800", "2008-03-31": "6.97200", "2007-12-31": "4.82000", "2007-09-30": "6.65000", "2007-06-30": "6.71400", "2007-03-31": "4.86300", "2006-12-31": "2.67200", "2006-09-30": "2.79800", "2006-06-30": "3.23500", "2006-03-31": "2.69000", "2005-12-31": "1.94900", "2005-09-30": "2.42400", "2005-06-30": "2.55100", "2005-03-31": "3.20000"}, "Gross Profit": {"2020-12-31": "1627.00000", "2020-09-30": "1374.00000", "2020-06-30": "1361.00000", "2020-03-31": "1530.00000", "2019-12-31": "1270.00000", "2019-09-30": "1301.00000", "2019-06-30": "1269.00000", "2019-03-31": "1237.00000", "2018-12-31": "1268.00000", "2018-09-30": "1168.00000", "2018-06-30": "1217.00000", "2018-03-31": "1195.00000", "2017-12-31": "1119.00000", "2017-09-30": "1116.00000", "2017-06-30": "1148.00000", "2017-03-31": "1134.00000", "2016-12-31": "1115.00000", "2016-09-30": "1046.00000", "2016-06-30": "1092.00000", "2016-03-31": "1122.00000", "2015-12-31": "838.00000", "2015-09-30": "779.00000", "2015-06-30": "765.00000", "2015-03-31": "817.00000", "2014-12-31": "769.00000", "2014-09-30": "698.00000", "2014-06-30": "701.00000", "2014-03-31": "743.00000", "2013-12-31": "505.00000", "2013-09-30": "331.00000", "2013-06-30": "364.00000", "2013-03-31": "344.00000", "2012-12-31": "316.14700", "2012-09-30": "315.37400", "2012-06-30": "342.68700", "2012-03-31": "355.79200", "2011-12-31": "316.69400", "2011-09-30": "332.03500", "2011-06-30": "316.79600", "2011-03-31": "326.47500", "2010-12-31": "277.26600", "2010-09-30": "278.88400", "2010-06-30": "288.12600", "2010-03-31": "273.07100", "2009-12-31": "246.90510", "2009-09-30": "246.39800", "2009-06-30": "241.60400", "2009-03-31": "224.32400", "2008-12-31": "200.54400", "2008-09-30": "192.35500", "2008-06-30": "190.23200", "2008-03-31": "200.24200", "2007-12-31": "154.47600", "2007-09-30": "145.08500", "2007-06-30": "129.94000", "2007-03-31": "121.74500", "2006-12-31": "92.59200", "2006-09-30": "91.86400", "2006-06-30": "70.35600", "2006-03-31": "47.59200", "2005-12-31": "39.31300", "2005-09-30": "42.82100", "2005-06-30": "34.97900", "2005-03-31": "28.62800"}, "Research And Development Expenses": {"2020-12-31": "", "2020-09-30": "", "2020-06-30": "", "2020-03-31": "", "2019-12-31": "", "2019-09-30": "", "2019-06-30": "", "2019-03-31": "", "2018-12-31": "", "2018-09-30": "", "2018-06-30": "", "2018-03-31": "", "2017-12-31": "", "2017-09-30": "", "2017-06-30": "", "2017-03-31": "", "2016-12-31": "", "2016-09-30": "", "2016-06-30": "", "2016-03-31": "", "2015-12-31": "", "2015-09-30": "", "2015-06-30": "", "2015-03-31": "", "2014-12-31": "", "2014-09-30": "", "2014-06-30": "", "2014-03-31": "", "2013-12-31": "", "2013-09-30": "", "2013-06-30": "", "2013-03-31": "", "2012-12-31": "", "2012-09-30": "", "2012-06-30": "", "2012-03-31": "", "2011-12-31": "", "2011-09-30": "", "2011-06-30": "", "2011-03-31": "", "2010-12-31": "", "2010-09-30": "", "2010-06-30": "", "2010-03-31": "", "2009-12-31": "", "2009-09-30": "", "2009-06-30": "", "2009-03-31": "", "2008-12-31": "", "2008-09-30": "", "2008-06-30": "", "2008-03-31": "", "2007-12-31": "", "2007-09-30": "", "2007-06-30": "", "2007-03-31": "", "2006-12-31": "", "2006-09-30": "", "2006-06-30": "", "2006-03-31": "", "2005-12-31": "", "2005-09-30": "", "2005-06-30": "", "2005-03-31": ""}, "SG&A Expenses": {"2020-12-31": "392.00000", "2020-09-30": "341.00000", "2020-06-30": "313.00000", "2020-03-31": "327.00000", "2019-12-31": "319.00000", "2019-09-30": "294.00000", "2019-06-30": "300.00000", "2019-03-31": "290.00000", "2018-12-31": "304.00000", "2018-09-30": "288.00000", "2018-06-30": "280.00000", "2018-03-31": "273.00000", "2017-12-31": "267.00000", "2017-09-30": "272.00000", "2017-06-30": "274.00000", "2017-03-31": "288.00000", "2016-12-31": "278.00000", "2016-09-30": "267.00000", "2016-06-30": "266.00000", "2016-03-31": "258.00000", "2015-12-31": "200.00000", "2015-09-30": "174.00000", "2015-06-30": "173.00000", "2015-03-31": "180.00000", "2014-12-31": "183.00000", "2014-09-30": "181.00000", "2014-06-30": "191.00000", "2014-03-31": "180.00000", "2013-12-31": "132.00000", "2013-09-30": "70.00000", "2013-06-30": "76.00000", "2013-03-31": "75.00000", "2012-12-31": "64.82400", "2012-09-30": "69.93400", "2012-06-30": "74.24200", "2012-03-31": "79.00000", "2011-12-31": "70.58500", "2011-09-30": "72.02200", "2011-06-30": "70.69300", "2011-03-31": "70.70000", "2010-12-31": "22.80900", "2010-09-30": "88.56800", "2010-06-30": "80.41900", "2010-03-31": "80.49700", "2009-12-31": "35.56100", "2009-09-30": "78.54100", "2009-06-30": "78.53500", "2009-03-31": "77.61200", "2008-12-31": "77.16100", "2008-09-30": "58.81200", "2008-06-30": "46.60300", "2008-03-31": "45.01600", "2007-12-31": "50.07500", "2007-09-30": "35.17900", "2007-06-30": "34.71900", "2007-03-31": "33.88800", "2006-12-31": "21.84200", "2006-09-30": "20.00400", "2006-06-30": "17.43300", "2006-03-31": "15.73700", "2005-12-31": "13.86100", "2005-09-30": "13.68400", "2005-06-30": "13.34100", "2005-03-31": "12.26200"}, "Other Operating Income Or Expenses": {"2020-12-31": "-161.00000", "2020-09-30": "-131.00000", "2020-06-30": "-126.00000", "2020-03-31": "-131.00000", "2019-12-31": "-123.00000", "2019-09-30": "-126.00000", "2019-06-30": "-113.00000", "2019-03-31": "-107.00000", "2018-12-31": "-112.00000", "2018-09-30": "-107.00000", "2018-06-30": "-108.00000", "2018-03-31": "-105.00000", "2017-12-31": "-103.00000", "2017-09-30": "-99.00000", "2017-06-30": "-97.00000", "2017-03-31": "-98.00000", "2016-12-31": "-97.00000", "2016-09-30": "-93.00000", "2016-06-30": "-92.00000", "2016-03-31": "-92.00000", "2015-12-31": "-56.00000", "2015-09-30": "-49.00000", "2015-06-30": "-47.00000", "2015-03-31": "-51.00000", "2014-12-31": "-53.00000", "2014-09-30": "-45.00000", "2014-06-30": "-43.00000", "2014-03-31": "-47.00000", "2013-12-31": "-27.00000", "2013-09-30": "-13.00000", "2013-06-30": "-12.00000", "2013-03-31": "-11.00000", "2012-12-31": "-11.46500", "2012-09-30": "-11.07300", "2012-06-30": "-11.76000", "2012-03-31": "-11.70200", "2011-12-31": "-12.11400", "2011-09-30": "-12.31600", "2011-06-30": "-12.04500", "2011-03-31": "-11.52500", "2010-12-31": "", "2010-09-30": "", "2010-06-30": "", "2010-03-31": "", "2009-12-31": "", "2009-09-30": "", "2009-06-30": "", "2009-03-31": "", "2008-12-31": "", "2008-09-30": "", "2008-06-30": "", "2008-03-31": "", "2007-12-31": "", "2007-09-30": "", "2007-06-30": "", "2007-03-31": "-1.70500", "2006-12-31": "-2.67600", "2006-09-30": "-3.15100", "2006-06-30": "-2.19800", "2006-03-31": "-1.01400", "2005-12-31": "-0.88800", "2005-09-30": "-0.60300", "2005-06-30": "-19.81400", "2005-03-31": ""}, "Operating Expenses": {"2020-12-31": "891.00000", "2020-09-30": "784.00000", "2020-06-30": "651.00000", "2020-03-31": "677.00000", "2019-12-31": "676.00000", "2019-09-30": "630.00000", "2019-06-30": "618.00000", "2019-03-31": "605.00000", "2018-12-31": "632.00000", "2018-09-30": "598.00000", "2018-06-30": "591.00000", "2018-03-31": "575.00000", "2017-12-31": "554.00000", "2017-09-30": "550.00000", "2017-06-30": "571.00000", "2017-03-31": "584.00000", "2016-12-31": "588.00000", "2016-09-30": "604.00000", "2016-06-30": "578.00000", "2016-03-31": "570.00000", "2015-12-31": "457.00000", "2015-09-30": "376.00000", "2015-06-30": "367.00000", "2015-03-31": "388.00000", "2014-12-31": "400.00000", "2014-09-30": "415.00000", "2014-06-30": "423.00000", "2014-03-31": "406.00000", "2013-12-31": "373.00000", "2013-09-30": "136.00000", "2013-06-30": "147.00000", "2013-03-31": "152.00000", "2012-12-31": "131.05500", "2012-09-30": "129.13600", "2012-06-30": "135.79700", "2012-03-31": "140.01200", "2011-12-31": "131.97800", "2011-09-30": "136.72900", "2011-06-30": "134.33600", "2011-03-31": "130.95700", "2010-12-31": "126.37200", "2010-09-30": "135.58800", "2010-06-30": "117.86000", "2010-03-31": "117.80500", "2009-12-31": "132.68400", "2009-09-30": "116.27500", "2009-06-30": "115.45600", "2009-03-31": "117.75400", "2008-12-31": "109.93300", "2008-09-30": "82.30200", "2008-06-30": "64.37500", "2008-03-31": "62.93400", "2007-12-31": "62.76900", "2007-09-30": "50.87100", "2007-06-30": "60.12500", "2007-03-31": "46.96500", "2006-12-31": "31.08000", "2006-09-30": "29.28000", "2006-06-30": "26.17500", "2006-03-31": "22.62900", "2005-12-31": "20.35300", "2005-09-30": "20.38400", "2005-06-30": "39.50300", "2005-03-31": "19.42000"}, "Operating Income": {"2020-12-31": "780.00000", "2020-09-30": "627.00000", "2020-06-30": "744.00000", "2020-03-31": "882.00000", "2019-12-31": "622.00000", "2019-09-30": "706.00000", "2019-06-30": "680.00000", "2019-03-31": "665.00000", "2018-12-31": "676.00000", "2018-09-30": "602.00000", "2018-06-30": "655.00000", "2018-03-31": "650.00000", "2017-12-31": "592.00000", "2017-09-30": "596.00000", "2017-06-30": "609.00000", "2017-03-31": "582.00000", "2016-12-31": "563.00000", "2016-09-30": "474.00000", "2016-06-30": "551.00000", "2016-03-31": "584.00000", "2015-12-31": "418.00000", "2015-09-30": "440.00000", "2015-06-30": "430.00000", "2015-03-31": "462.00000", "2014-12-31": "400.00000", "2014-09-30": "330.00000", "2014-06-30": "327.00000", "2014-03-31": "391.00000", "2013-12-31": "163.00000", "2013-09-30": "202.00000", "2013-06-30": "225.00000", "2013-03-31": "200.00000", "2012-12-31": "192.35100", "2012-09-30": "194.05100", "2012-06-30": "215.41600", "2012-03-31": "225.18200", "2011-12-31": "194.74600", "2011-09-30": "204.04900", "2011-06-30": "190.88200", "2011-03-31": "203.32300", "2010-12-31": "158.65100", "2010-09-30": "151.55800", "2010-06-30": "178.29500", "2010-03-31": "163.81500", "2009-12-31": "123.87010", "2009-09-30": "139.98900", "2009-06-30": "134.96100", "2009-03-31": "113.79900", "2008-12-31": "97.32700", "2008-09-30": "119.14200", "2008-06-30": "132.78500", "2008-03-31": "144.28000", "2007-12-31": "96.52710", "2007-09-30": "100.86400", "2007-06-30": "76.52900", "2007-03-31": "79.64300", "2006-12-31": "64.18400", "2006-09-30": "65.38200", "2006-06-30": "47.41600", "2006-03-31": "27.65300", "2005-12-31": "20.90900", "2005-09-30": "24.86100", "2005-06-30": "-1.97300", "2005-03-31": "12.40800"}, "Total Non-Operating Income/Expense": {"2020-12-31": "-106.00000", "2020-09-30": "-44.00000", "2020-06-30": "-71.00000", "2020-03-31": "-46.00000", "2019-12-31": "-35.00000", "2019-09-30": "-66.00000", "2019-06-30": "-52.00000", "2019-03-31": "-39.00000", "2018-12-31": "62.00000", "2018-09-30": "-48.00000", "2018-06-30": "-44.00000", "2018-03-31": "-33.00000", "2017-12-31": "79.00000", "2017-09-30": "-33.00000", "2017-06-30": "-42.00000", "2017-03-31": "143.00000", "2016-12-31": "-19.00000", "2016-09-30": "-31.00000", "2016-06-30": "-35.00000", "2016-03-31": "-44.00000", "2015-12-31": "-27.00000", "2015-09-30": "-17.00000", "2015-06-30": "-32.00000", "2015-03-31": "-21.00000", "2014-12-31": "12.00000", "2014-09-30": "-17.00000", "2014-06-30": "-7.00000", "2014-03-31": "-29.00000", "2013-12-31": "-260.00000", "2013-09-30": "-9.00000", "2013-06-30": "-8.00000", "2013-03-31": "-9.00000", "2012-12-31": "-8.64900", "2012-09-30": "-9.39200", "2012-06-30": "-8.85200", "2012-03-31": "-10.10700", "2011-12-31": "-10.77700", "2011-09-30": "-7.99800", "2011-06-30": "-7.19400", "2011-03-31": "-7.03100", "2010-12-31": "-8.97000", "2010-09-30": "-4.31700", "2010-06-30": "-22.47900", "2010-03-31": "-7.08000", "2009-12-31": "5.53100", "2009-09-30": "-2.58300", "2009-06-30": "-17.13900", "2009-03-31": "-4.72300", "2008-12-31": "-16.17100", "2008-09-30": "-0.86000", "2008-06-30": "-1.14600", "2008-03-31": "-1.86100", "2007-12-31": "-0.43800", "2007-09-30": "-1.59000", "2007-06-30": "-1.32200", "2007-03-31": "8.22100", "2006-12-31": "3.21600", "2006-09-30": "2.73100", "2006-06-30": "0.85300", "2006-03-31": "1.10800", "2005-12-31": "0.91000", "2005-09-30": "0.71500", "2005-06-30": "1.17300", "2005-03-31": "0.99200"}, "Pre-Tax Income": {"2020-12-31": "674.00000", "2020-09-30": "583.00000", "2020-06-30": "673.00000", "2020-03-31": "836.00000", "2019-12-31": "587.00000", "2019-09-30": "640.00000", "2019-06-30": "628.00000", "2019-03-31": "626.00000", "2018-12-31": "738.00000", "2018-09-30": "554.00000", "2018-06-30": "611.00000", "2018-03-31": "617.00000", "2017-12-31": "671.00000", "2017-09-30": "563.00000", "2017-06-30": "567.00000", "2017-03-31": "725.00000", "2016-12-31": "544.00000", "2016-09-30": "443.00000", "2016-06-30": "516.00000", "2016-03-31": "540.00000", "2015-12-31": "391.00000", "2015-09-30": "423.00000", "2015-06-30": "398.00000", "2015-03-31": "441.00000", "2014-12-31": "412.00000", "2014-09-30": "313.00000", "2014-06-30": "320.00000", "2014-03-31": "362.00000", "2013-12-31": "-97.00000", "2013-09-30": "193.00000", "2013-06-30": "217.00000", "2013-03-31": "191.00000", "2012-12-31": "183.70200", "2012-09-30": "184.65900", "2012-06-30": "206.56400", "2012-03-31": "215.07500", "2011-12-31": "183.96900", "2011-09-30": "196.05100", "2011-06-30": "183.68800", "2011-03-31": "196.29200", "2010-12-31": "149.68100", "2010-09-30": "147.24100", "2010-06-30": "155.81600", "2010-03-31": "156.73500", "2009-12-31": "129.40100", "2009-09-30": "137.40600", "2009-06-30": "117.82200", "2009-03-31": "109.07600", "2008-12-31": "81.15600", "2008-09-30": "118.28200", "2008-06-30": "131.63900", "2008-03-31": "142.41900", "2007-12-31": "96.08900", "2007-09-30": "99.27400", "2007-06-30": "75.20700", "2007-03-31": "87.86400", "2006-12-31": "67.40000", "2006-09-30": "68.11300", "2006-06-30": "48.26900", "2006-03-31": "28.76100", "2005-12-31": "41.26200", "2005-09-30": "25.57600", "2005-06-30": "-0.80000", "2005-03-31": "13.40000"}, "Income Taxes": {"2020-12-31": "146.00000", "2020-09-30": "189.00000", "2020-06-30": "145.00000", "2020-03-31": "178.00000", "2019-12-31": "134.00000", "2019-09-30": "103.00000", "2019-06-30": "150.00000", "2019-03-31": "134.00000", "2018-12-31": "119.00000", "2018-09-30": "89.00000", "2018-06-30": "149.00000", "2018-03-31": "143.00000", "2017-12-31": "-568.00000", "2017-09-30": "186.00000", "2017-06-30": "140.00000", "2017-03-31": "214.00000", "2016-12-31": "177.00000", "2016-09-30": "93.00000", "2016-06-30": "153.00000", "2016-03-31": "163.00000", "2015-12-31": "18.00000", "2015-09-30": "113.00000", "2015-06-30": "109.00000", "2015-03-31": "118.00000", "2014-12-31": "118.00000", "2014-09-30": "90.00000", "2014-06-30": "93.00000", "2014-03-31": "101.00000", "2013-12-31": "23.00000", "2013-09-30": "48.00000", "2013-06-30": "59.00000", "2013-03-31": "54.00000", "2012-12-31": "50.88600", "2012-09-30": "50.55200", "2012-06-30": "61.26600", "2012-03-31": "65.29600", "2011-12-31": "53.44300", "2011-09-30": "59.10300", "2011-06-30": "59.31600", "2011-03-31": "66.13800", "2010-12-31": "47.87200", "2010-09-30": "47.32800", "2010-06-30": "53.28900", "2010-03-31": "53.21700", "2009-12-31": "46.40900", "2009-09-30": "50.52400", "2009-06-30": "45.76400", "2009-03-31": "36.85400", "2008-12-31": "32.30100", "2008-09-30": "43.31900", "2008-06-30": "46.77500", "2008-03-31": "50.12900", "2007-12-31": "31.43700", "2007-09-30": "32.59300", "2007-06-30": "21.51400", "2007-03-31": "32.27800", "2006-12-31": "18.40900", "2006-09-30": "24.46700", "2006-06-30": "17.30200", "2006-03-31": "9.09700", "2005-12-31": "6.95900", "2005-09-30": "8.75500", "2005-06-30": "-0.65900", "2005-03-31": "4.53000"}, "Income After Taxes": {"2020-12-31": "528.00000", "2020-09-30": "394.00000", "2020-06-30": "528.00000", "2020-03-31": "658.00000", "2019-12-31": "453.00000", "2019-09-30": "537.00000", "2019-06-30": "478.00000", "2019-03-31": "492.00000", "2018-12-31": "619.00000", "2018-09-30": "465.00000", "2018-06-30": "462.00000", "2018-03-31": "474.00000", "2017-12-31": "1239.00000", "2017-09-30": "377.00000", "2017-06-30": "427.00000", "2017-03-31": "511.00000", "2016-12-31": "367.00000", "2016-09-30": "350.00000", "2016-06-30": "363.00000", "2016-03-31": "377.00000", "2015-12-31": "373.00000", "2015-09-30": "310.00000", "2015-06-30": "289.00000", "2015-03-31": "323.00000", "2014-12-31": "294.00000", "2014-09-30": "223.00000", "2014-06-30": "227.00000", "2014-03-31": "261.00000", "2013-12-31": "-120.00000", "2013-09-30": "145.00000", "2013-06-30": "158.00000", "2013-03-31": "137.00000", "2012-12-31": "132.81600", "2012-09-30": "134.10700", "2012-06-30": "145.29800", "2012-03-31": "149.77900", "2011-12-31": "130.52600", "2011-09-30": "136.94800", "2011-06-30": "124.37200", "2011-03-31": "130.15400", "2010-12-31": "101.80900", "2010-09-30": "99.91300", "2010-06-30": "102.52700", "2010-03-31": "103.51800", "2009-12-31": "82.99200", "2009-09-30": "86.88200", "2009-06-30": "72.05800", "2009-03-31": "72.22200", "2008-12-31": "48.85500", "2008-09-30": "74.96300", "2008-06-30": "84.86400", "2008-03-31": "92.29000", "2007-12-31": "64.65200", "2007-09-30": "66.68100", "2007-06-30": "53.69300", "2007-03-31": "55.58600", "2006-12-31": "48.99100", "2006-09-30": "43.64600", "2006-06-30": "30.96700", "2006-03-31": "19.66400", "2005-12-31": "41.26200", "2005-09-30": "16.82100", "2005-06-30": "-0.14100", "2005-03-31": "8.87000"}, "Other Income": {"2020-12-31": "", "2020-09-30": "", "2020-06-30": "", "2020-03-31": "", "2019-12-31": "", "2019-09-30": "", "2019-06-30": "", "2019-03-31": "", "2018-12-31": "", "2018-09-30": "", "2018-06-30": "", "2018-03-31": "", "2017-12-31": "", "2017-09-30": "", "2017-06-30": "", "2017-03-31": "", "2016-12-31": "", "2016-09-30": "", "2016-06-30": "", "2016-03-31": "", "2015-12-31": "", "2015-09-30": "", "2015-06-30": "", "2015-03-31": "", "2014-12-31": "", "2014-09-30": "", "2014-06-30": "", "2014-03-31": "", "2013-12-31": "", "2013-09-30": "", "2013-06-30": "", "2013-03-31": "", "2012-12-31": "", "2012-09-30": "", "2012-06-30": "", "2012-03-31": "", "2011-12-31": "", "2011-09-30": "", "2011-06-30": "", "2011-03-31": "", "2010-12-31": "", "2010-09-30": "", "2010-06-30": "", "2010-03-31": "", "2009-12-31": "", "2009-09-30": "", "2009-06-30": "", "2009-03-31": "", "2008-12-31": "", "2008-09-30": "", "2008-06-30": "", "2008-03-31": "", "2007-12-31": "", "2007-09-30": "", "2007-06-30": "", "2007-03-31": "", "2006-12-31": "", "2006-09-30": "", "2006-06-30": "", "2006-03-31": "", "2005-12-31": "", "2005-09-30": "", "2005-06-30": "", "2005-03-31": ""}, "Income From Continuous Operations": {"2020-12-31": "528.00000", "2020-09-30": "394.00000", "2020-06-30": "528.00000", "2020-03-31": "658.00000", "2019-12-31": "453.00000", "2019-09-30": "537.00000", "2019-06-30": "478.00000", "2019-03-31": "492.00000", "2018-12-31": "619.00000", "2018-09-30": "465.00000", "2018-06-30": "462.00000", "2018-03-31": "474.00000", "2017-12-31": "1239.00000", "2017-09-30": "377.00000", "2017-06-30": "427.00000", "2017-03-31": "511.00000", "2016-12-31": "367.00000", "2016-09-30": "350.00000", "2016-06-30": "363.00000", "2016-03-31": "377.00000", "2015-12-31": "373.00000", "2015-09-30": "310.00000", "2015-06-30": "289.00000", "2015-03-31": "323.00000", "2014-12-31": "294.00000", "2014-09-30": "223.00000", "2014-06-30": "227.00000", "2014-03-31": "261.00000", "2013-12-31": "-120.00000", "2013-09-30": "145.00000", "2013-06-30": "158.00000", "2013-03-31": "137.00000", "2012-12-31": "132.81600", "2012-09-30": "134.10700", "2012-06-30": "145.29800", "2012-03-31": "149.77900", "2011-12-31": "130.52600", "2011-09-30": "136.94800", "2011-06-30": "124.37200", "2011-03-31": "130.15400", "2010-12-31": "101.80900", "2010-09-30": "99.91300", "2010-06-30": "102.52700", "2010-03-31": "103.51800", "2009-12-31": "82.99200", "2009-09-30": "86.88200", "2009-06-30": "72.05800", "2009-03-31": "72.22200", "2008-12-31": "48.85500", "2008-09-30": "74.96300", "2008-06-30": "84.86400", "2008-03-31": "92.29000", "2007-12-31": "64.65200", "2007-09-30": "66.68100", "2007-06-30": "53.69300", "2007-03-31": "55.58600", "2006-12-31": "48.99100", "2006-09-30": "43.64600", "2006-06-30": "30.96700", "2006-03-31": "19.66400", "2005-12-31": "14.86000", "2005-09-30": "16.82100", "2005-06-30": "-0.14100", "2005-03-31": "8.87000"}, "Income From Discontinued Operations": {"2020-12-31": "", "2020-09-30": "", "2020-06-30": "", "2020-03-31": "", "2019-12-31": "", "2019-09-30": "", "2019-06-30": "", "2019-03-31": "", "2018-12-31": "", "2018-09-30": "", "2018-06-30": "", "2018-03-31": "", "2017-12-31": "", "2017-09-30": "", "2017-06-30": "", "2017-03-31": "", "2016-12-31": "", "2016-09-30": "", "2016-06-30": "", "2016-03-31": "", "2015-12-31": "", "2015-09-30": "", "2015-06-30": "", "2015-03-31": "", "2014-12-31": "", "2014-09-30": "-10.00000", "2014-06-30": "8.00000", "2014-03-31": "13.00000", "2013-12-31": "", "2013-09-30": "", "2013-06-30": "0.00000", "2013-03-31": "", "2012-12-31": "", "2012-09-30": "", "2012-06-30": "", "2012-03-31": "", "2011-12-31": "", "2011-09-30": "", "2011-06-30": "", "2011-03-31": "", "2010-12-31": "", "2010-09-30": "", "2010-06-30": "", "2010-03-31": "", "2009-12-31": "", "2009-09-30": "", "2009-06-30": "", "2009-03-31": "", "2008-12-31": "", "2008-09-30": "", "2008-06-30": "", "2008-03-31": "", "2007-12-31": "", "2007-09-30": "", "2007-06-30": "", "2007-03-31": "", "2006-12-31": "", "2006-09-30": "", "2006-06-30": "", "2006-03-31": "", "2005-12-31": "0.00000", "2005-09-30": "", "2005-06-30": "", "2005-03-31": ""}, "Net Income": {"2020-12-31": "526.00000", "2020-09-30": "390.00000", "2020-06-30": "523.00000", "2020-03-31": "650.00000", "2019-12-31": "448.00000", "2019-09-30": "529.00000", "2019-06-30": "472.00000", "2019-03-31": "484.00000", "2018-12-31": "611.00000", "2018-09-30": "458.00000", "2018-06-30": "455.00000", "2018-03-31": "464.00000", "2017-12-31": "1233.00000", "2017-09-30": "371.00000", "2017-06-30": "419.00000", "2017-03-31": "503.00000", "2016-12-31": "360.00000", "2016-09-30": "344.00000", "2016-06-30": "357.00000", "2016-03-31": "369.00000", "2015-12-31": "370.00000", "2015-09-30": "306.00000", "2015-06-30": "283.00000", "2015-03-31": "315.00000", "2014-12-31": "288.00000", "2014-09-30": "206.00000", "2014-06-30": "226.00000", "2014-03-31": "261.00000", "2013-12-31": "-176.00000", "2013-09-30": "141.00000", "2013-06-30": "154.00000", "2013-03-31": "135.00000", "2012-12-31": "129.89600", "2012-09-30": "131.08200", "2012-06-30": "143.15700", "2012-03-31": "147.86500", "2011-12-31": "127.10000", "2011-09-30": "132.63100", "2011-06-30": "121.36500", "2011-03-31": "128.90400", "2010-12-31": "99.13200", "2010-09-30": "96.31500", "2010-06-30": "101.68800", "2010-03-31": "101.16300", "2009-12-31": "84.25400", "2009-09-30": "87.45400", "2009-06-30": "72.05800", "2009-03-31": "72.22200", "2008-12-31": "48.85500", "2008-09-30": "74.96300", "2008-06-30": "84.86400", "2008-03-31": "92.29000", "2007-12-31": "64.65200", "2007-09-30": "66.68100", "2007-06-30": "53.69300", "2007-03-31": "55.58600", "2006-12-31": "48.99100", "2006-09-30": "43.64600", "2006-06-30": "30.96700", "2006-03-31": "19.66400", "2005-12-31": "14.86000", "2005-09-30": "2.75600", "2005-06-30": "-6.73500", "2005-03-31": "8.87000"}, "EBITDA": {"2020-12-31": "1037.00000", "2020-09-30": "807.00000", "2020-06-30": "901.00000", "2020-03-31": "1039.00000", "2019-12-31": "811.00000", "2019-09-30": "864.00000", "2019-06-30": "837.00000", "2019-03-31": "823.00000", "2018-12-31": "833.00000", "2018-09-30": "750.00000", "2018-06-30": "798.00000", "2018-03-31": "788.00000", "2017-12-31": "723.00000", "2017-09-30": "724.00000", "2017-06-30": "751.00000", "2017-03-31": "716.00000", "2016-12-31": "703.00000", "2016-09-30": "655.00000", "2016-06-30": "697.00000", "2016-03-31": "727.00000", "2015-12-31": "516.00000", "2015-09-30": "534.00000", "2015-06-30": "512.00000", "2015-03-31": "539.00000", "2014-12-31": "476.00000", "2014-09-30": "399.00000", "2014-06-30": "394.00000", "2014-03-31": "457.00000", "2013-12-31": "212.00000", "2013-09-30": "237.00000", "2013-06-30": "258.00000", "2013-03-31": "232.00000", "2012-12-31": "223.24890", "2012-09-30": "227.96000", "2012-06-30": "248.57200", "2012-03-31": "258.21900", "2011-12-31": "221.11100", "2011-09-30": "238.59200", "2011-06-30": "225.24700", "2011-03-31": "238.05000", "2010-12-31": "193.65700", "2010-09-30": "184.75200", "2010-06-30": "207.55300", "2010-03-31": "193.55200", "2009-12-31": "154.22010", "2009-09-30": "169.37000", "2009-06-30": "164.20400", "2009-03-31": "141.75200", "2008-12-31": "124.14800", "2008-09-30": "134.06200", "2008-06-30": "143.81200", "2008-03-31": "155.40300", "2007-12-31": "106.31200", "2007-09-30": "109.92900", "2007-06-30": "84.43100", "2007-03-31": "86.29000", "2006-12-31": "68.12300", "2006-09-30": "68.73300", "2006-06-30": "50.76100", "2006-03-31": "30.87900", "2005-12-31": "26.24900", "2005-09-30": "28.55800", "2005-06-30": "1.84800", "2005-03-31": "16.39000"}, "EBIT": {"2020-12-31": "780.00000", "2020-09-30": "627.00000", "2020-06-30": "744.00000", "2020-03-31": "882.00000", "2019-12-31": "622.00000", "2019-09-30": "706.00000", "2019-06-30": "680.00000", "2019-03-31": "665.00000", "2018-12-31": "676.00000", "2018-09-30": "602.00000", "2018-06-30": "655.00000", "2018-03-31": "650.00000", "2017-12-31": "592.00000", "2017-09-30": "596.00000", "2017-06-30": "609.00000", "2017-03-31": "582.00000", "2016-12-31": "563.00000", "2016-09-30": "474.00000", "2016-06-30": "551.00000", "2016-03-31": "584.00000", "2015-12-31": "418.00000", "2015-09-30": "440.00000", "2015-06-30": "430.00000", "2015-03-31": "462.00000", "2014-12-31": "400.00000", "2014-09-30": "330.00000", "2014-06-30": "327.00000", "2014-03-31": "391.00000", "2013-12-31": "163.00000", "2013-09-30": "202.00000", "2013-06-30": "225.00000", "2013-03-31": "200.00000", "2012-12-31": "192.35100", "2012-09-30": "194.05100", "2012-06-30": "215.41600", "2012-03-31": "225.18200", "2011-12-31": "194.74600", "2011-09-30": "204.04900", "2011-06-30": "190.88200", "2011-03-31": "203.32300", "2010-12-31": "158.65100", "2010-09-30": "151.55800", "2010-06-30": "178.29500", "2010-03-31": "163.81500", "2009-12-31": "123.87000", "2009-09-30": "139.98900", "2009-06-30": "134.96100", "2009-03-31": "113.79900", "2008-12-31": "97.32700", "2008-09-30": "119.14200", "2008-06-30": "132.78500", "2008-03-31": "144.28000", "2007-12-31": "96.52700", "2007-09-30": "100.86400", "2007-06-30": "76.52900", "2007-03-31": "79.64300", "2006-12-31": "64.18400", "2006-09-30": "65.38200", "2006-06-30": "47.41600", "2006-03-31": "27.65300", "2005-12-31": "41.26200", "2005-09-30": "24.86100", "2005-06-30": "-1.97300", "2005-03-31": "12.40800"}, "Basic Shares Outstanding": {"2020-12-31": "552.00000", "2020-09-30": "548.00000", "2020-06-30": "546.00000", "2020-03-31": "552.00000", "2019-12-31": "561.00000", "2019-09-30": "559.00000", "2019-06-30": "563.00000", "2019-03-31": "568.00000", "2018-12-31": "575.00000", "2018-09-30": "572.00000", "2018-06-30": "578.00000", "2018-03-31": "582.00000", "2017-12-31": "589.00000", "2017-09-30": "588.00000", "2017-06-30": "591.00000", "2017-03-31": "594.00000", "2016-12-31": "595.00000", "2016-09-30": "596.00000", "2016-06-30": "595.00000", "2016-03-31": "595.00000", "2015-12-31": "556.00000", "2015-09-30": "550.00000", "2015-06-30": "555.00000", "2015-03-31": "560.00000", "2014-12-31": "570.00000", "2014-09-30": "570.00000", "2014-06-30": "575.00000", "2014-03-31": "575.00000", "2013-12-31": "390.00000", "2013-09-30": "365.00000", "2013-06-30": "365.00000", "2013-03-31": "365.00000", "2012-12-31": "365.00000", "2012-09-30": "363.94500", "2012-06-30": "363.77500", "2012-03-31": "363.20500", "2011-12-31": "365.00000", "2011-09-30": "365.69500", "2011-06-30": "367.18500", "2011-03-31": "367.16500", "2010-12-31": "368.12000", "2010-09-30": "368.29500", "2010-06-30": "369.80000", "2010-03-31": "368.38000", "2009-12-31": "364.92500", "2009-09-30": "365.68500", "2009-06-30": "364.46000", "2009-03-31": "363.35500", "2008-12-31": "355.92000", "2008-09-30": "357.41500", "2008-06-30": "352.98000", "2008-03-31": "351.80500", "2007-12-31": "344.92500", "2007-09-30": "347.19500", "2007-06-30": "346.02500", "2007-03-31": "337.67000", "2006-12-31": "282.37000", "2006-09-30": "283.96000", "2006-06-30": "279.35500", "2006-03-31": "277.66500", "2005-12-31": "271.03000", "2005-09-30": "264.57500", "2005-06-30": "264.36500", "2005-03-31": "264.33000"}, "Shares Outstanding": {"2020-12-31": "555.00000", "2020-09-30": "551.00000", "2020-06-30": "549.00000", "2020-03-31": "555.00000", "2019-12-31": "565.00000", "2019-09-30": "563.00000", "2019-06-30": "566.00000", "2019-03-31": "570.00000", "2018-12-31": "579.00000", "2018-09-30": "576.00000", "2018-06-30": "581.00000", "2018-03-31": "586.00000", "2017-12-31": "594.00000", "2017-09-30": "592.00000", "2017-06-30": "595.00000", "2017-03-31": "599.00000", "2016-12-31": "599.00000", "2016-09-30": "600.00000", "2016-06-30": "599.00000", "2016-03-31": "598.00000", "2015-12-31": "559.00000", "2015-09-30": "555.00000", "2015-06-30": "560.00000", "2015-03-31": "560.00000", "2014-12-31": "573.00000", "2014-09-30": "570.00000", "2014-06-30": "580.00000", "2014-03-31": "580.00000", "2013-12-31": "395.00000", "2013-09-30": "370.00000", "2013-06-30": "365.00000", "2013-03-31": "365.00000", "2012-12-31": "365.00000", "2012-09-30": "367.05500", "2012-06-30": "366.71500", "2012-03-31": "366.26000", "2011-12-31": "370.00000", "2011-09-30": "369.18000", "2011-06-30": "370.69000", "2011-03-31": "371.00500", "2010-12-31": "372.38000", "2010-09-30": "372.21500", "2010-06-30": "373.81500", "2010-03-31": "372.63500", "2009-12-31": "370.45000", "2009-09-30": "371.02000", "2009-06-30": "370.37000", "2009-03-31": "368.03000", "2008-12-31": "360.82000", "2008-09-30": "362.12000", "2008-06-30": "357.01500", "2008-03-31": "356.74000", "2007-12-31": "354.90000", "2007-09-30": "356.73500", "2007-06-30": "356.14000", "2007-03-31": "348.79000", "2006-12-31": "297.99500", "2006-09-30": "298.06000", "2006-06-30": "296.04500", "2006-03-31": "294.86000", "2005-12-31": "271.03000", "2005-09-30": "271.00000", "2005-06-30": "264.36500", "2005-03-31": "265.31500"}, "Basic EPS": {"2020-12-31": "0.94000", "2020-09-30": "0.71000", "2020-06-30": "0.96000", "2020-03-31": "1.18000", "2019-12-31": "0.80000", "2019-09-30": "0.95000", "2019-06-30": "0.84000", "2019-03-31": "0.85000", "2018-12-31": "1.07000", "2018-09-30": "0.80000", "2018-06-30": "0.79000", "2018-03-31": "0.80000", "2017-12-31": "2.10000", "2017-09-30": "0.63000", "2017-06-30": "0.71000", "2017-03-31": "0.85000", "2016-12-31": "0.60000", "2016-09-30": "0.58000", "2016-06-30": "0.60000", "2016-03-31": "0.62000", "2015-12-31": "0.66400", "2015-09-30": "0.55400", "2015-06-30": "0.51000", "2015-03-31": "0.56200", "2014-12-31": "0.51000", "2014-09-30": "0.36200", "2014-06-30": "0.39200", "2014-03-31": "0.45600", "2013-12-31": "-0.53400", "2013-09-30": "0.38800", "2013-06-30": "0.42200", "2013-03-31": "0.37200", "2012-12-31": "0.35600", "2012-09-30": "0.36000", "2012-06-30": "0.39400", "2012-03-31": "0.40800", "2011-12-31": "0.35000", "2011-09-30": "0.36200", "2011-06-30": "0.33000", "2011-03-31": "0.35200", "2010-12-31": "0.27200", "2010-09-30": "0.26200", "2010-06-30": "0.27400", "2010-03-31": "0.27400", "2009-12-31": "0.23000", "2009-09-30": "0.24000", "2009-06-30": "0.19800", "2009-03-31": "0.19800", "2008-12-31": "0.13400", "2008-09-30": "0.21000", "2008-06-30": "0.24000", "2008-03-31": "0.26200", "2007-12-31": "0.18600", "2007-09-30": "0.19200", "2007-06-30": "0.15600", "2007-03-31": "0.16400", "2006-12-31": "0.17400", "2006-09-30": "0.15400", "2006-06-30": "0.11000", "2006-03-31": "0.07000", "2005-12-31": "-0.09600", "2005-09-30": "0.01000", "2005-06-30": "-0.02600", "2005-03-31": "0.03400"}, "EPS - Earnings Per Share": {"2020-12-31": "0.94000", "2020-09-30": "0.71000", "2020-06-30": "0.95000", "2020-03-31": "1.17000", "2019-12-31": "0.79000", "2019-09-30": "0.94000", "2019-06-30": "0.84000", "2019-03-31": "0.85000", "2018-12-31": "1.07000", "2018-09-30": "0.79000", "2018-06-30": "0.78000", "2018-03-31": "0.79000", "2017-12-31": "2.07000", "2017-09-30": "0.63000", "2017-06-30": "0.71000", "2017-03-31": "0.84000", "2016-12-31": "0.60000", "2016-09-30": "0.57000", "2016-06-30": "0.60000", "2016-03-31": "0.62000", "2015-12-31": "0.66000", "2015-09-30": "0.55200", "2015-06-30": "0.50800", "2015-03-31": "0.56000", "2014-12-31": "0.50600", "2014-09-30": "0.36000", "2014-06-30": "0.39000", "2014-03-31": "0.45400", "2013-12-31": "-0.53000", "2013-09-30": "0.38400", "2013-06-30": "0.41800", "2013-03-31": "0.37000", "2012-12-31": "0.35200", "2012-09-30": "0.35800", "2012-06-30": "0.39000", "2012-03-31": "0.40400", "2011-12-31": "0.34400", "2011-09-30": "0.36000", "2011-06-30": "0.32800", "2011-03-31": "0.34800", "2010-12-31": "0.26800", "2010-09-30": "0.25800", "2010-06-30": "0.27200", "2010-03-31": "0.27200", "2009-12-31": "0.22800", "2009-09-30": "0.23600", "2009-06-30": "0.19400", "2009-03-31": "0.19600", "2008-12-31": "0.13000", "2008-09-30": "0.20800", "2008-06-30": "0.23800", "2008-03-31": "0.25800", "2007-12-31": "0.18200", "2007-09-30": "0.18600", "2007-06-30": "0.15000", "2007-03-31": "0.16000", "2006-12-31": "0.16400", "2006-09-30": "0.14600", "2006-06-30": "0.10400", "2006-03-31": "0.06600", "2005-12-31": "-0.09600", "2005-09-30": "0.01000", "2005-06-30": "-0.02600", "2005-03-31": "0.03400"}}, "balance sheet": {"Cash On Hand": {"2020-12-31": "1583.00000", "2019-12-31": "1784.00000", "2018-12-31": "1542.00000", "2017-12-31": "1304.00000", "2016-12-31": "1109.00000", "2015-12-31": "1313.00000", "2014-12-31": "2181.00000", "2013-12-31": "1312.00000", "2012-12-31": "1699.00000", "2011-12-31": "875.93100", "2010-12-31": "696.90500", "2009-12-31": "636.44000", "2008-12-31": "317.66500", "2007-12-31": "280.17600", "2006-12-31": "297.80400", "2005-12-31": "143.76100"}, "Receivables": {"2020-12-31": "1230.00000", "2019-12-31": "988.00000", "2018-12-31": "953.00000", "2017-12-31": "903.00000", "2016-12-31": "777.00000", "2015-12-31": "700.00000", "2014-12-31": "508.00000", "2013-12-31": "546.00000", "2012-12-31": "127.00000", "2011-12-31": "136.33100", "2010-12-31": "114.45600", "2009-12-31": "109.06800", "2008-12-31": "81.24800", "2007-12-31": "52.01800", "2006-12-31": "32.12100", "2005-12-31": "14.77300"}, "Inventory": {"2020-12-31": "", "2019-12-31": "", "2018-12-31": "", "2017-12-31": "", "2016-12-31": "", "2015-12-31": "", "2014-12-31": "", "2013-12-31": "", "2012-12-31": "", "2011-12-31": "", "2010-12-31": "", "2009-12-31": "", "2008-12-31": "", "2007-12-31": "", "2006-12-31": "", "2005-12-31": ""}, "Pre-Paid Expenses": {"2020-12-31": "323.00000", "2019-12-31": "220.00000", "2018-12-31": "242.00000", "2017-12-31": "133.00000", "2016-12-31": "97.00000", "2015-12-31": "131.00000", "2014-12-31": "85.00000", "2013-12-31": "195.00000", "2012-12-31": "41.00000", "2011-12-31": "37.29800", "2010-12-31": "52.13600", "2009-12-31": "24.10500", "2008-12-31": "35.85500", "2007-12-31": "17.84800", "2006-12-31": "7.29400", "2005-12-31": "5.48100"}, "Other Current Assets": {"2020-12-31": "84083.00000", "2019-12-31": "64987.00000", "2018-12-31": "63955.00000", "2017-12-31": "51222.00000", "2016-12-31": "55150.00000", "2015-12-31": "51169.00000", "2014-12-31": "47458.00000", "2013-12-31": "42216.00000", "2012-12-31": "31883.00000", "2011-12-31": "31555.83000", "2010-12-31": "22712.28000", "2009-12-31": "18690.24000", "2008-12-31": "12117.82000", "2007-12-31": "792.05200", "2006-12-31": "3.69800", "2005-12-31": ""}, "Total Current Assets": {"2020-12-31": "87219.00000", "2019-12-31": "67979.00000", "2018-12-31": "66692.00000", "2017-12-31": "53562.00000", "2016-12-31": "57133.00000", "2015-12-31": "53313.00000", "2014-12-31": "50232.00000", "2013-12-31": "44269.00000", "2012-12-31": "33750.00000", "2011-12-31": "32605.39000", "2010-12-31": "23575.78000", "2009-12-31": "19459.85000", "2008-12-31": "12552.59000", "2007-12-31": "1142.09400", "2006-12-31": "340.91700", "2005-12-31": "164.01500"}, "Property, Plant, And Equipment": {"2020-12-31": "1713.00000", "2019-12-31": "1536.00000", "2018-12-31": "1241.00000", "2017-12-31": "1246.00000", "2016-12-31": "1129.00000", "2015-12-31": "1037.00000", "2014-12-31": "874.00000", "2013-12-31": "889.00000", "2012-12-31": "144.00000", "2011-12-31": "130.96200", "2010-12-31": "94.50300", "2009-12-31": "91.73500", "2008-12-31": "88.95200", "2007-12-31": "63.52400", "2006-12-31": "26.28000", "2005-12-31": "20.34800"}, "Long-Term Investments": {"2020-12-31": "", "2019-12-31": "", "2018-12-31": "", "2017-12-31": "", "2016-12-31": "432.00000", "2015-12-31": "299.00000", "2014-12-31": "379.00000", "2013-12-31": "324.00000", "2012-12-31": "391.00000", "2011-12-31": "451.13600", "2010-12-31": "", "2009-12-31": "23.49200", "2008-12-31": "35.78900", "2007-12-31": "38.77800", "2006-12-31": "38.73800", "2005-12-31": "3.97000"}, "Goodwill And Intangible Assets": {"2020-12-31": "35699.00000", "2019-12-31": "23600.00000", "2018-12-31": "23547.00000", "2017-12-31": "22485.00000", "2016-12-31": "22711.00000", "2015-12-31": "22837.00000", "2014-12-31": "16315.00000", "2013-12-31": "18512.00000", "2012-12-31": "2737.00000", "2011-12-31": "2757.35800", "2010-12-31": "2806.87300", "2009-12-31": "2168.29100", "2008-12-31": "2163.67100", "2007-12-31": "1547.40900", "2006-12-31": "81.12600", "2005-12-31": "76.05400"}, "Other Long-Term Assets": {"2020-12-31": "1569.00000", "2019-12-31": "1378.00000", "2018-12-31": "1311.00000", "2017-12-31": "971.00000", "2016-12-31": "598.00000", "2015-12-31": "501.00000", "2014-12-31": "454.00000", "2013-12-31": "428.00000", "2012-12-31": "193.00000", "2011-12-31": "203.01700", "2010-12-31": "165.10500", "2009-12-31": "141.50600", "2008-12-31": "118.58100", "2007-12-31": "4.54000", "2006-12-31": "6.15000", "2005-12-31": "1.38300"}, "Total Long-Term Assets": {"2020-12-31": "38981.00000", "2019-12-31": "26514.00000", "2018-12-31": "26099.00000", "2017-12-31": "24702.00000", "2016-12-31": "24870.00000", "2015-12-31": "24674.00000", "2014-12-31": "18022.00000", "2013-12-31": "20153.00000", "2012-12-31": "3465.00000", "2011-12-31": "3542.47300", "2010-12-31": "3066.48100", "2009-12-31": "2425.02400", "2008-12-31": "2406.99300", "2007-12-31": "1654.25100", "2006-12-31": "152.29400", "2005-12-31": "101.75500"}, "Total Assets": {"2020-12-31": "126200.00000", "2019-12-31": "94493.00000", "2018-12-31": "92791.00000", "2017-12-31": "78264.00000", "2016-12-31": "82003.00000", "2015-12-31": "77987.00000", "2014-12-31": "68254.00000", "2013-12-31": "64422.00000", "2012-12-31": "37215.00000", "2011-12-31": "36147.86000", "2010-12-31": "26642.26000", "2009-12-31": "21884.88000", "2008-12-31": "14959.58000", "2007-12-31": "2796.34500", "2006-12-31": "493.21100", "2005-12-31": "265.77000"}, "Total Current Liabilities": {"2020-12-31": "87999.00000", "2019-12-31": "68816.00000", "2018-12-31": "66108.00000", "2017-12-31": "54175.00000", "2016-12-31": "58617.00000", "2015-12-31": "54743.00000", "2014-12-31": "50436.00000", "2013-12-31": "44321.00000", "2012-12-31": "32246.00000", "2011-12-31": "31800.31000", "2010-12-31": "23127.38000", "2009-12-31": "18967.83000", "2008-12-31": "12311.64000", "2007-12-31": "910.96100", "2006-12-31": "37.89900", "2005-12-31": "26.39400"}, "Long Term Debt": {"2020-12-31": "14126.00000", "2019-12-31": "5250.00000", "2018-12-31": "6490.00000", "2017-12-31": "4267.00000", "2016-12-31": "3871.00000", "2015-12-31": "4717.00000", "2014-12-31": "2235.00000", "2013-12-31": "3923.00000", "2012-12-31": "969.00000", "2011-12-31": "837.50000", "2010-12-31": "325.75000", "2009-12-31": "208.50000", "2008-12-31": "332.50000", "2007-12-31": "184.37500", "2006-12-31": "", "2005-12-31": ""}, "Other Non-Current Liabilities": {"2020-12-31": "565.00000", "2019-12-31": "468.00000", "2018-12-31": "554.00000", "2017-12-31": "539.00000", "2016-12-31": "767.00000", "2015-12-31": "815.00000", "2014-12-31": "998.00000", "2013-12-31": "3475.00000", "2012-12-31": "107.00000", "2011-12-31": "111.82000", "2010-12-31": "104.11100", "2009-12-31": "93.79400", "2008-12-31": "108.95800", "2007-12-31": "106.67700", "2006-12-31": "0.84400", "2005-12-31": "1.30300"}, "Total Long Term Liabilities": {"2020-12-31": "18667.00000", "2019-12-31": "8391.00000", "2018-12-31": "9452.00000", "2017-12-31": "7104.00000", "2016-12-31": "7632.00000", "2015-12-31": "8404.00000", "2014-12-31": "5426.00000", "2013-12-31": "7720.00000", "2012-12-31": "1292.00000", "2011-12-31": "1185.20900", "2010-12-31": "698.11000", "2009-12-31": "483.39600", "2008-12-31": "635.75900", "2007-12-31": "408.52800", "2006-12-31": "0.84400", "2005-12-31": "6.75300"}, "Total Liabilities": {"2020-12-31": "106666.00000", "2019-12-31": "77207.00000", "2018-12-31": "75560.00000", "2017-12-31": "61279.00000", "2016-12-31": "66249.00000", "2015-12-31": "63147.00000", "2014-12-31": "55862.00000", "2013-12-31": "52041.00000", "2012-12-31": "33538.00000", "2011-12-31": "32985.52000", "2010-12-31": "23825.49000", "2009-12-31": "19451.23000", "2008-12-31": "12947.40000", "2007-12-31": "1319.48900", "2006-12-31": "38.74300", "2005-12-31": "33.14700"}, "Common Stock Net": {"2020-12-31": "6.00000", "2019-12-31": "6.00000", "2018-12-31": "6.00000", "2017-12-31": "6.00000", "2016-12-31": "6.00000", "2015-12-31": "6.00000", "2014-12-31": "1.00000", "2013-12-31": "1.00000", "2012-12-31": "1.00000", "2011-12-31": "0.79200", "2010-12-31": "0.78500", "2009-12-31": "0.77600", "2008-12-31": "0.76500", "2007-12-31": "0.71000", "2006-12-31": "0.59600", "2005-12-31": "0.57100"}, "Retained Earnings (Accumulated Deficit)": {"2020-12-31": "11039.00000", "2019-12-31": "9629.00000", "2018-12-31": "8317.00000", "2017-12-31": "6858.00000", "2016-12-31": "4789.00000", "2015-12-31": "4148.00000", "2014-12-31": "3210.00000", "2013-12-31": "2482.00000", "2012-12-31": "2509.00000", "2011-12-31": "1957.09600", "2010-12-31": "1447.42300", "2009-12-31": "1049.12500", "2008-12-31": "732.75200", "2007-12-31": "431.70800", "2006-12-31": "191.17900", "2005-12-31": "47.91100"}, "Comprehensive Income": {"2020-12-31": "-192.00000", "2019-12-31": "-243.00000", "2018-12-31": "-315.00000", "2017-12-31": "-223.00000", "2016-12-31": "-344.00000", "2015-12-31": "-188.00000", "2014-12-31": "-46.00000", "2013-12-31": "125.00000", "2012-12-31": "-52.00000", "2011-12-31": "-21.25300", "2010-12-31": "37.74000", "2009-12-31": "24.55800", "2008-12-31": "19.89000", "2007-12-31": "30.65500", "2006-12-31": "27.41100", "2005-12-31": "18.97900"}, "Other Share Holders Equity": {"2020-12-31": "", "2019-12-31": "", "2018-12-31": "", "2017-12-31": "", "2016-12-31": "", "2015-12-31": "", "2014-12-31": "", "2013-12-31": "", "2012-12-31": "", "2011-12-31": "", "2010-12-31": "", "2009-12-31": "", "2008-12-31": "", "2007-12-31": "", "2006-12-31": "", "2005-12-31": ""}, "Share Holder Equity": {"2020-12-31": "19534.00000", "2019-12-31": "17286.00000", "2018-12-31": "17231.00000", "2017-12-31": "16985.00000", "2016-12-31": "15754.00000", "2015-12-31": "14840.00000", "2014-12-31": "12392.00000", "2013-12-31": "12381.00000", "2012-12-31": "3677.00000", "2011-12-31": "3162.34100", "2010-12-31": "2816.76500", "2009-12-31": "2433.64700", "2008-12-31": "2012.18000", "2007-12-31": "1476.85600", "2006-12-31": "454.46800", "2005-12-31": "232.62300"}, "Total Liabilities And Share Holders Equity": {"2020-12-31": "126200.00000", "2019-12-31": "94493.00000", "2018-12-31": "92791.00000", "2017-12-31": "78264.00000", "2016-12-31": "82003.00000", "2015-12-31": "77987.00000", "2014-12-31": "68254.00000", "2013-12-31": "64422.00000", "2012-12-31": "37215.00000", "2011-12-31": "36147.86000", "2010-12-31": "26642.26000", "2009-12-31": "21884.88000", "2008-12-31": "14959.58000", "2007-12-31": "2796.34500", "2006-12-31": "493.21100", "2005-12-31": "265.77000"}}, "balance sheet, quarterly": {"Cash On Hand": {"2020-12-31": "1583.00000", "2020-09-30": "1603.00000", "2020-06-30": "1873.00000", "2020-03-31": "1582.00000", "2019-12-31": "1784.00000", "2019-09-30": "1600.00000", "2019-06-30": "1717.00000", "2019-03-31": "1521.00000", "2018-12-31": "1542.00000", "2018-09-30": "1332.00000", "2018-06-30": "1349.00000", "2018-03-31": "1327.00000", "2017-12-31": "1304.00000", "2017-09-30": "1197.00000", "2017-06-30": "1184.00000", "2017-03-31": "1124.00000", "2016-12-31": "1109.00000", "2016-09-30": "1111.00000", "2016-06-30": "1136.00000", "2016-03-31": "1150.00000", "2015-12-31": "1313.00000", "2015-09-30": "1066.00000", "2015-06-30": "1061.00000", "2015-03-31": "2123.00000", "2014-12-31": "2181.00000", "2014-09-30": "2193.00000", "2014-06-30": "2401.00000", "2014-03-31": "1310.00000", "2013-12-31": "1312.00000", "2013-09-30": "1735.43500", "2013-06-30": "1631.87400", "2013-03-31": "1527.19900", "2012-12-31": "1699.00000", "2012-09-30": "1321.74600", "2012-06-30": "1163.39500", "2012-03-31": "1022.09600", "2011-12-31": "875.93100", "2011-09-30": "560.68000", "2011-06-30": "827.39400", "2011-03-31": "769.55500", "2010-12-31": "696.90500", "2010-09-30": "620.64100", "2010-06-30": "1019.95200", "2010-03-31": "695.12800", "2009-12-31": "636.44000", "2009-09-30": "470.03500", "2009-06-30": "391.04500", "2009-03-31": "310.50900", "2008-12-31": "317.66500", "2008-09-30": "279.02400", "2008-06-30": "398.26300", "2008-03-31": "294.79900", "2007-12-31": "280.17600", "2007-09-30": "210.04100", "2007-06-30": "248.39800", "2007-03-31": "195.09200", "2006-12-31": "297.80400", "2006-09-30": "263.87400", "2006-06-30": "202.73300", "2006-03-31": "155.03300", "2005-12-31": "143.76100", "2005-09-30": "", "2005-06-30": "", "2005-03-31": ""}, "Receivables": {"2020-12-31": "1230.00000", "2020-09-30": "1310.00000", "2020-06-30": "1279.00000", "2020-03-31": "1569.00000", "2019-12-31": "988.00000", "2019-09-30": "1056.00000", "2019-06-30": "1062.00000", "2019-03-31": "1181.00000", "2018-12-31": "953.00000", "2018-09-30": "1020.00000", "2018-06-30": "1049.00000", "2018-03-31": "1167.00000", "2017-12-31": "903.00000", "2017-09-30": "897.00000", "2017-06-30": "912.00000", "2017-03-31": "999.00000", "2016-12-31": "777.00000", "2016-09-30": "789.00000", "2016-06-30": "862.00000", "2016-03-31": "941.00000", "2015-12-31": "700.00000", "2015-09-30": "490.00000", "2015-06-30": "541.00000", "2015-03-31": "608.00000", "2014-12-31": "508.00000", "2014-09-30": "446.00000", "2014-06-30": "432.00000", "2014-03-31": "544.00000", "2013-12-31": "546.00000", "2013-09-30": "175.82600", "2013-06-30": "185.78400", "2013-03-31": "186.95500", "2012-12-31": "127.00000", "2012-09-30": "148.89700", "2012-06-30": "175.18600", "2012-03-31": "178.84400", "2011-12-31": "136.33100", "2011-09-30": "159.21900", "2011-06-30": "165.75800", "2011-03-31": "165.24400", "2010-12-31": "114.45600", "2010-09-30": "166.43200", "2010-06-30": "135.94200", "2010-03-31": "140.57800", "2009-12-31": "109.06800", "2009-09-30": "169.97800", "2009-06-30": "119.61300", "2009-03-31": "110.64700", "2008-12-31": "81.24800", "2008-09-30": "98.69400", "2008-06-30": "78.37600", "2008-03-31": "74.52400", "2007-12-31": "52.01800", "2007-09-30": "71.55100", "2007-06-30": "81.83600", "2007-03-31": "77.85300", "2006-12-31": "32.12100", "2006-09-30": "36.69900", "2006-06-30": "29.60400", "2006-03-31": "20.75700", "2005-12-31": "14.77300", "2005-09-30": "", "2005-06-30": "", "2005-03-31": ""}, "Inventory": {"2020-12-31": "", "2020-09-30": "", "2020-06-30": "", "2020-03-31": "", "2019-12-31": "", "2019-09-30": "", "2019-06-30": "", "2019-03-31": "", "2018-12-31": "", "2018-09-30": "", "2018-06-30": "", "2018-03-31": "", "2017-12-31": "", "2017-09-30": "", "2017-06-30": "", "2017-03-31": "", "2016-12-31": "", "2016-09-30": "", "2016-06-30": "", "2016-03-31": "", "2015-12-31": "", "2015-09-30": "", "2015-06-30": "", "2015-03-31": "", "2014-12-31": "", "2014-09-30": "", "2014-06-30": "", "2014-03-31": "", "2013-12-31": "", "2013-09-30": "", "2013-06-30": "", "2013-03-31": "", "2012-12-31": "", "2012-09-30": "", "2012-06-30": "", "2012-03-31": "", "2011-12-31": "", "2011-09-30": "", "2011-06-30": "", "2011-03-31": "", "2010-12-31": "", "2010-09-30": "", "2010-06-30": "", "2010-03-31": "", "2009-12-31": "", "2009-09-30": "", "2009-06-30": "", "2009-03-31": "", "2008-12-31": "", "2008-09-30": "", "2008-06-30": "", "2008-03-31": "", "2007-12-31": "", "2007-09-30": "", "2007-06-30": "", "2007-03-31": "", "2006-12-31": "", "2006-09-30": "", "2006-06-30": "", "2006-03-31": "", "2005-12-31": "", "2005-09-30": "", "2005-06-30": "", "2005-03-31": ""}, "Pre-Paid Expenses": {"2020-12-31": "323.00000", "2020-09-30": "324.00000", "2020-06-30": "323.00000", "2020-03-31": "239.00000", "2019-12-31": "220.00000", "2019-09-30": "227.00000", "2019-06-30": "240.00000", "2019-03-31": "219.00000", "2018-12-31": "242.00000", "2018-09-30": "179.00000", "2018-06-30": "171.00000", "2018-03-31": "161.00000", "2017-12-31": "133.00000", "2017-09-30": "744.00000", "2017-06-30": "767.00000", "2017-03-31": "596.00000", "2016-12-31": "97.00000", "2016-09-30": "112.00000", "2016-06-30": "131.00000", "2016-03-31": "134.00000", "2015-12-31": "131.00000", "2015-09-30": "188.00000", "2015-06-30": "180.00000", "2015-03-31": "155.00000", "2014-12-31": "85.00000", "2014-09-30": "212.00000", "2014-06-30": "486.00000", "2014-03-31": "574.00000", "2013-12-31": "195.00000", "2013-09-30": "37.65400", "2013-06-30": "39.45900", "2013-03-31": "30.58300", "2012-12-31": "41.00000", "2012-09-30": "33.06400", "2012-06-30": "33.15700", "2012-03-31": "36.38500", "2011-12-31": "37.29800", "2011-09-30": "42.94100", "2011-06-30": "48.34700", "2011-03-31": "46.11800", "2010-12-31": "52.13600", "2010-09-30": "34.02900", "2010-06-30": "26.99200", "2010-03-31": "25.83700", "2009-12-31": "24.10500", "2009-09-30": "26.63400", "2009-06-30": "29.79100", "2009-03-31": "25.52400", "2008-12-31": "35.85500", "2008-09-30": "26.66200", "2008-06-30": "20.56300", "2008-03-31": "19.50600", "2007-12-31": "17.84800", "2007-09-30": "15.58600", "2007-06-30": "13.21500", "2007-03-31": "16.04900", "2006-12-31": "7.29400", "2006-09-30": "7.12000", "2006-06-30": "10.09600", "2006-03-31": "6.14500", "2005-12-31": "5.48100", "2005-09-30": "", "2005-06-30": "", "2005-03-31": ""}, "Other Current Assets": {"2020-12-31": "84083.00000", "2020-09-30": "85900.00000", "2020-06-30": "93960.00000", "2020-03-31": "108863.00000", "2019-12-31": "64987.00000", "2019-09-30": "65988.00000", "2019-06-30": "61353.00000", "2019-03-31": "64564.00000", "2018-12-31": "63955.00000", "2018-09-30": "58764.00000", "2018-06-30": "54991.00000", "2018-03-31": "53979.00000", "2017-12-31": "51222.00000", "2017-09-30": "52401.00000", "2017-06-30": "53585.00000", "2017-03-31": "52354.00000", "2016-12-31": "55150.00000", "2016-09-30": "49832.00000", "2016-06-30": "48501.00000", "2016-03-31": "52329.00000", "2015-12-31": "51169.00000", "2015-09-30": "46308.00000", "2015-06-30": "43351.00000", "2015-03-31": "45600.00000", "2014-12-31": "47458.00000", "2014-09-30": "46527.00000", "2014-06-30": "46872.00000", "2014-03-31": "42826.00000", "2013-12-31": "42216.00000", "2013-09-30": "43440.69000", "2013-06-30": "35328.09000", "2013-03-31": "33630.45000", "2012-12-31": "31883.00000", "2012-09-30": "32530.79000", "2012-06-30": "34686.71000", "2012-03-31": "31269.46000", "2011-12-31": "31555.83000", "2011-09-30": "34460.11000", "2011-06-30": "26890.05000", "2011-03-31": "24526.01000", "2010-12-31": "22712.28000", "2010-09-30": "24330.93000", "2010-06-30": "23879.03000", "2010-03-31": "20556.60000", "2009-12-31": "18690.24000", "2009-09-30": "16427.94000", "2009-06-30": "17844.30000", "2009-03-31": "12691.20000", "2008-12-31": "12117.82000", "2008-09-30": "1343.89300", "2008-06-30": "781.65100", "2008-03-31": "945.51100", "2007-12-31": "792.05200", "2007-09-30": "749.56100", "2007-06-30": "699.43100", "2007-03-31": "653.44400", "2006-12-31": "3.69800", "2006-09-30": "3.69800", "2006-06-30": "", "2006-03-31": "", "2005-12-31": "", "2005-09-30": "", "2005-06-30": "", "2005-03-31": ""}, "Total Current Assets": {"2020-12-31": "87219.00000", "2020-09-30": "89137.00000", "2020-06-30": "97435.00000", "2020-03-31": "112253.00000", "2019-12-31": "67979.00000", "2019-09-30": "68871.00000", "2019-06-30": "64372.00000", "2019-03-31": "67485.00000", "2018-12-31": "66692.00000", "2018-09-30": "61295.00000", "2018-06-30": "57560.00000", "2018-03-31": "56634.00000", "2017-12-31": "53562.00000", "2017-09-30": "55239.00000", "2017-06-30": "56448.00000", "2017-03-31": "55073.00000", "2016-12-31": "57133.00000", "2016-09-30": "51844.00000", "2016-06-30": "50630.00000", "2016-03-31": "54554.00000", "2015-12-31": "53313.00000", "2015-09-30": "48052.00000", "2015-06-30": "45133.00000", "2015-03-31": "48486.00000", "2014-12-31": "50232.00000", "2014-09-30": "49378.00000", "2014-06-30": "50191.00000", "2014-03-31": "45254.00000", "2013-12-31": "44269.00000", "2013-09-30": "45389.61000", "2013-06-30": "37185.21000", "2013-03-31": "35375.18000", "2012-12-31": "33750.00000", "2012-09-30": "34034.50000", "2012-06-30": "36058.45000", "2012-03-31": "32506.78000", "2011-12-31": "32605.39000", "2011-09-30": "35222.95000", "2011-06-30": "27931.55000", "2011-03-31": "25506.92000", "2010-12-31": "23575.78000", "2010-09-30": "25152.03000", "2010-06-30": "25061.92000", "2010-03-31": "21418.14000", "2009-12-31": "19459.85000", "2009-09-30": "17094.59000", "2009-06-30": "18384.75000", "2009-03-31": "13137.88000", "2008-12-31": "12552.59000", "2008-09-30": "1748.27300", "2008-06-30": "1278.85300", "2008-03-31": "1334.34000", "2007-12-31": "1142.09400", "2007-09-30": "1046.73900", "2007-06-30": "1042.88000", "2007-03-31": "942.43800", "2006-12-31": "340.91700", "2006-09-30": "311.39100", "2006-06-30": "242.43300", "2006-03-31": "181.93500", "2005-12-31": "164.01500", "2005-09-30": "", "2005-06-30": "", "2005-03-31": ""}, "Property, Plant, And Equipment": {"2020-12-31": "1713.00000", "2020-09-30": "1693.00000", "2020-06-30": "1510.00000", "2020-03-31": "1503.00000", "2019-12-31": "1536.00000", "2019-09-30": "1505.00000", "2019-06-30": "1525.00000", "2019-03-31": "1538.00000", "2018-12-31": "1241.00000", "2018-09-30": "1206.00000", "2018-06-30": "1220.00000", "2018-03-31": "1235.00000", "2017-12-31": "1246.00000", "2017-09-30": "1192.00000", "2017-06-30": "1161.00000", "2017-03-31": "1132.00000", "2016-12-31": "1129.00000", "2016-09-30": "1080.00000", "2016-06-30": "1048.00000", "2016-03-31": "1018.00000", "2015-12-31": "1037.00000", "2015-09-30": "904.00000", "2015-06-30": "911.00000", "2015-03-31": "879.00000", "2014-12-31": "874.00000", "2014-09-30": "839.00000", "2014-06-30": "845.00000", "2014-03-31": "898.00000", "2013-12-31": "889.00000", "2013-09-30": "201.67300", "2013-06-30": "164.90100", "2013-03-31": "154.82400", "2012-12-31": "144.00000", "2012-09-30": "140.92600", "2012-06-30": "137.67800", "2012-03-31": "133.24700", "2011-12-31": "130.96200", "2011-09-30": "99.11400", "2011-06-30": "99.45800", "2011-03-31": "94.78200", "2010-12-31": "94.50300", "2010-09-30": "95.34100", "2010-06-30": "93.54900", "2010-03-31": "91.09100", "2009-12-31": "91.73500", "2009-09-30": "86.59000", "2009-06-30": "87.08000", "2009-03-31": "86.90500", "2008-12-31": "88.95200", "2008-09-30": "76.24200", "2008-06-30": "64.37600", "2008-03-31": "62.68300", "2007-12-31": "63.52400", "2007-09-30": "60.76800", "2007-06-30": "57.19900", "2007-03-31": "50.69100", "2006-12-31": "26.28000", "2006-09-30": "22.39500", "2006-06-30": "23.88700", "2006-03-31": "21.55600", "2005-12-31": "20.34800", "2005-09-30": "", "2005-06-30": "", "2005-03-31": ""}, "Long-Term Investments": {"2020-12-31": "", "2020-09-30": "", "2020-06-30": "", "2020-03-31": "404.00000", "2019-12-31": "", "2019-09-30": "", "2019-06-30": "", "2019-03-31": "", "2018-12-31": "", "2018-09-30": "", "2018-06-30": "", "2018-03-31": "", "2017-12-31": "", "2017-09-30": "", "2017-06-30": "", "2017-03-31": "", "2016-12-31": "432.00000", "2016-09-30": "416.00000", "2016-06-30": "427.00000", "2016-03-31": "352.00000", "2015-12-31": "299.00000", "2015-09-30": "253.00000", "2015-06-30": "341.00000", "2015-03-31": "309.00000", "2014-12-31": "379.00000", "2014-09-30": "496.00000", "2014-06-30": "557.00000", "2014-03-31": "384.00000", "2013-12-31": "324.00000", "2013-09-30": "329.96200", "2013-06-30": "329.54700", "2013-03-31": "375.67800", "2012-12-31": "391.00000", "2012-09-30": "414.52900", "2012-06-30": "381.17000", "2012-03-31": "523.26200", "2011-12-31": "451.13600", "2011-09-30": "400.21700", "2011-06-30": "", "2011-03-31": "", "2010-12-31": "", "2010-09-30": "", "2010-06-30": "33.00000", "2010-03-31": "24.74700", "2009-12-31": "23.49200", "2009-09-30": "45.71100", "2009-06-30": "47.73400", "2009-03-31": "29.16100", "2008-12-31": "35.78900", "2008-09-30": "53.42500", "2008-06-30": "44.83800", "2008-03-31": "48.15300", "2007-12-31": "38.77800", "2007-09-30": "38.75800", "2007-06-30": "38.74500", "2007-03-31": "38.74500", "2006-12-31": "38.73800", "2006-09-30": "", "2006-06-30": "", "2006-03-31": "8.61800", "2005-12-31": "3.97000", "2005-09-30": "", "2005-06-30": "", "2005-03-31": ""}, "Goodwill And Intangible Assets": {"2020-12-31": "35699.00000", "2020-09-30": "35750.00000", "2020-06-30": "23683.00000", "2020-03-31": "23739.00000", "2019-12-31": "23600.00000", "2019-09-30": "23640.00000", "2019-06-30": "23754.00000", "2019-03-31": "23504.00000", "2018-12-31": "23547.00000", "2018-09-30": "23379.00000", "2018-06-30": "22707.00000", "2018-03-31": "22840.00000", "2017-12-31": "22485.00000", "2017-09-30": "22072.00000", "2017-06-30": "22104.00000", "2017-03-31": "22658.00000", "2016-12-31": "22711.00000", "2016-09-30": "22368.00000", "2016-06-30": "22539.00000", "2016-03-31": "22734.00000", "2015-12-31": "22837.00000", "2015-09-30": "16160.00000", "2015-06-30": "16232.00000", "2015-03-31": "16228.00000", "2014-12-31": "16315.00000", "2014-09-30": "16225.00000", "2014-06-30": "16540.00000", "2014-03-31": "18892.00000", "2013-12-31": "18512.00000", "2013-09-30": "2765.52100", "2013-06-30": "2737.11700", "2013-03-31": "2754.44300", "2012-12-31": "2737.00000", "2012-09-30": "2753.42200", "2012-06-30": "2729.78500", "2012-03-31": "2761.13100", "2011-12-31": "2757.35800", "2011-09-30": "2774.27800", "2011-06-30": "2838.57100", "2011-03-31": "2847.89900", "2010-12-31": "2806.87300", "2010-09-30": "2812.63700", "2010-06-30": "2123.00200", "2010-03-31": "2140.51300", "2009-12-31": "2168.29100", "2009-09-30": "2195.07500", "2009-06-30": "2208.97600", "2009-03-31": "2229.70700", "2008-12-31": "2163.67100", "2008-09-30": "2172.70400", "2008-06-30": "1595.29800", "2008-03-31": "1599.01600", "2007-12-31": "1547.40900", "2007-09-30": "1526.31600", "2007-06-30": "1399.81400", "2007-03-31": "1251.40600", "2006-12-31": "81.12600", "2006-09-30": "81.15900", "2006-06-30": "81.19200", "2006-03-31": "76.65400", "2005-12-31": "76.05400", "2005-09-30": "", "2005-06-30": "", "2005-03-31": ""}, "Other Long-Term Assets": {"2020-12-31": "1569.00000", "2020-09-30": "1500.00000", "2020-06-30": "1432.00000", "2020-03-31": "1002.00000", "2019-12-31": "1378.00000", "2019-09-30": "1323.00000", "2019-06-30": "1279.00000", "2019-03-31": "1330.00000", "2018-12-31": "1311.00000", "2018-09-30": "1362.00000", "2018-06-30": "1360.00000", "2018-03-31": "1353.00000", "2017-12-31": "971.00000", "2017-09-30": "615.00000", "2017-06-30": "611.00000", "2017-03-31": "600.00000", "2016-12-31": "598.00000", "2016-09-30": "588.00000", "2016-06-30": "580.00000", "2016-03-31": "502.00000", "2015-12-31": "501.00000", "2015-09-30": "487.00000", "2015-06-30": "487.00000", "2015-03-31": "526.00000", "2014-12-31": "454.00000", "2014-09-30": "348.00000", "2014-06-30": "349.00000", "2014-03-31": "493.00000", "2013-12-31": "428.00000", "2013-09-30": "198.14700", "2013-06-30": "196.95600", "2013-03-31": "198.41100", "2012-12-31": "193.00000", "2012-09-30": "196.71200", "2012-06-30": "197.68100", "2012-03-31": "199.67700", "2011-12-31": "203.01700", "2011-09-30": "170.17200", "2011-06-30": "171.29000", "2011-03-31": "172.88800", "2010-12-31": "165.10500", "2010-09-30": "158.21300", "2010-06-30": "138.41400", "2010-03-31": "139.30000", "2009-12-31": "141.50600", "2009-09-30": "139.77200", "2009-06-30": "135.48300", "2009-03-31": "141.24800", "2008-12-31": "118.58100", "2008-09-30": "110.22700", "2008-06-30": "12.69300", "2008-03-31": "8.74300", "2007-12-31": "4.54000", "2007-09-30": "11.63500", "2007-06-30": "9.60700", "2007-03-31": "11.65300", "2006-12-31": "6.15000", "2006-09-30": "5.90500", "2006-06-30": "2.70800", "2006-03-31": "2.93300", "2005-12-31": "1.38300", "2005-09-30": "", "2005-06-30": "", "2005-03-31": ""}, "Total Long-Term Assets": {"2020-12-31": "38981.00000", "2020-09-30": "38943.00000", "2020-06-30": "26625.00000", "2020-03-31": "26648.00000", "2019-12-31": "26514.00000", "2019-09-30": "26468.00000", "2019-06-30": "26558.00000", "2019-03-31": "26372.00000", "2018-12-31": "26099.00000", "2018-09-30": "25947.00000", "2018-06-30": "25287.00000", "2018-03-31": "25428.00000", "2017-12-31": "24702.00000", "2017-09-30": "23879.00000", "2017-06-30": "23876.00000", "2017-03-31": "24390.00000", "2016-12-31": "24870.00000", "2016-09-30": "24452.00000", "2016-06-30": "24594.00000", "2016-03-31": "24606.00000", "2015-12-31": "24674.00000", "2015-09-30": "17804.00000", "2015-06-30": "17971.00000", "2015-03-31": "17942.00000", "2014-12-31": "18022.00000", "2014-09-30": "17908.00000", "2014-06-30": "18291.00000", "2014-03-31": "20667.00000", "2013-12-31": "20153.00000", "2013-09-30": "3495.30300", "2013-06-30": "3428.52100", "2013-03-31": "3483.35600", "2012-12-31": "3465.00000", "2012-09-30": "3505.58900", "2012-06-30": "3446.31400", "2012-03-31": "3617.31700", "2011-12-31": "3542.47300", "2011-09-30": "3443.78100", "2011-06-30": "3109.31900", "2011-03-31": "3115.56900", "2010-12-31": "3066.48100", "2010-09-30": "3066.19100", "2010-06-30": "2387.96500", "2010-03-31": "2395.65100", "2009-12-31": "2425.02400", "2009-09-30": "2467.14800", "2009-06-30": "2479.27300", "2009-03-31": "2487.02100", "2008-12-31": "2406.99300", "2008-09-30": "2412.59800", "2008-06-30": "1717.20500", "2008-03-31": "1718.59500", "2007-12-31": "1654.25100", "2007-09-30": "1637.47700", "2007-06-30": "1505.36500", "2007-03-31": "1352.49500", "2006-12-31": "152.29400", "2006-09-30": "109.45900", "2006-06-30": "107.78700", "2006-03-31": "109.76100", "2005-12-31": "101.75500", "2005-09-30": "", "2005-06-30": "", "2005-03-31": ""}, "Total Assets": {"2020-12-31": "126200.00000", "2020-09-30": "128080.00000", "2020-06-30": "124060.00000", "2020-03-31": "138901.00000", "2019-12-31": "94493.00000", "2019-09-30": "95339.00000", "2019-06-30": "90930.00000", "2019-03-31": "93857.00000", "2018-12-31": "92791.00000", "2018-09-30": "87242.00000", "2018-06-30": "82847.00000", "2018-03-31": "82062.00000", "2017-12-31": "78264.00000", "2017-09-30": "79118.00000", "2017-06-30": "80324.00000", "2017-03-31": "79463.00000", "2016-12-31": "82003.00000", "2016-09-30": "76296.00000", "2016-06-30": "75224.00000", "2016-03-31": "79160.00000", "2015-12-31": "77987.00000", "2015-09-30": "65856.00000", "2015-06-30": "63104.00000", "2015-03-31": "66428.00000", "2014-12-31": "68254.00000", "2014-09-30": "67286.00000", "2014-06-30": "68482.00000", "2014-03-31": "65921.00000", "2013-12-31": "64422.00000", "2013-09-30": "48884.91000", "2013-06-30": "40613.73000", "2013-03-31": "38858.54000", "2012-12-31": "37215.00000", "2012-09-30": "37540.09000", "2012-06-30": "39504.77000", "2012-03-31": "36124.10000", "2011-12-31": "36147.86000", "2011-09-30": "38666.73000", "2011-06-30": "31040.87000", "2011-03-31": "28622.49000", "2010-12-31": "26642.26000", "2010-09-30": "28218.22000", "2010-06-30": "27449.88000", "2010-03-31": "23813.79000", "2009-12-31": "21884.88000", "2009-09-30": "19561.74000", "2009-06-30": "20864.02000", "2009-03-31": "15624.91000", "2008-12-31": "14959.58000", "2008-09-30": "4160.87100", "2008-06-30": "2996.05800", "2008-03-31": "3052.93500", "2007-12-31": "2796.34500", "2007-09-30": "2684.21600", "2007-06-30": "2548.24500", "2007-03-31": "2294.93300", "2006-12-31": "493.21100", "2006-09-30": "420.85000", "2006-06-30": "350.22000", "2006-03-31": "291.69600", "2005-12-31": "265.77000", "2005-09-30": "0.00000", "2005-06-30": "0.00000", "2005-03-31": "0.00000"}, "Total Current Liabilities": {"2020-12-31": "87999.00000", "2020-09-30": "89686.00000", "2020-06-30": "96193.00000", "2020-03-31": "113526.00000", "2019-12-31": "68816.00000", "2019-09-30": "68534.00000", "2019-06-30": "64131.00000", "2019-03-31": "67035.00000", "2018-12-31": "66108.00000", "2018-09-30": "61065.00000", "2018-06-30": "58894.00000", "2018-03-31": "57946.00000", "2017-12-31": "54175.00000", "2017-09-30": "54600.00000", "2017-06-30": "56819.00000", "2017-03-31": "56006.00000", "2016-12-31": "58617.00000", "2016-09-30": "52354.00000", "2016-06-30": "51438.00000", "2016-03-31": "55636.00000", "2015-12-31": "54743.00000", "2015-09-30": "48458.00000", "2015-06-30": "45580.00000", "2015-03-31": "48798.00000", "2014-12-31": "50436.00000", "2014-09-30": "49337.00000", "2014-06-30": "49670.00000", "2014-03-31": "45403.00000", "2013-12-31": "44321.00000", "2013-09-30": "44145.81000", "2013-06-30": "35644.80000", "2013-03-31": "33909.63000", "2012-12-31": "32246.00000", "2012-09-30": "32810.34000", "2012-06-30": "34955.55000", "2012-03-31": "31550.50000", "2011-12-31": "31800.31000", "2011-09-30": "34928.70000", "2011-06-30": "27373.04000", "2011-03-31": "24985.66000", "2010-12-31": "23127.38000", "2010-09-30": "24779.64000", "2010-06-30": "24158.74000", "2010-03-31": "20829.16000", "2009-12-31": "18967.83000", "2009-09-30": "16687.39000", "2009-06-30": "18076.45000", "2009-03-31": "12911.22000", "2008-12-31": "12311.64000", "2008-09-30": "1558.31300", "2008-06-30": "912.49500", "2008-03-31": "1054.54000", "2007-12-31": "910.96100", "2007-09-30": "872.70800", "2007-06-30": "871.96200", "2007-03-31": "758.81700", "2006-12-31": "37.89900", "2006-09-30": "35.31600", "2006-06-30": "25.69200", "2006-03-31": "28.24900", "2005-12-31": "26.39400", "2005-09-30": "", "2005-06-30": "", "2005-03-31": ""}, "Long Term Debt": {"2020-12-31": "14126.00000", "2020-09-30": "14869.00000", "2020-06-30": "7703.00000", "2020-03-31": "5252.00000", "2019-12-31": "5250.00000", "2019-09-30": "6496.00000", "2019-06-30": "6494.00000", "2019-03-31": "6492.00000", "2018-12-31": "6490.00000", "2018-09-30": "6488.00000", "2018-06-30": "4271.00000", "2018-03-31": "4269.00000", "2017-12-31": "4267.00000", "2017-09-30": "4865.00000", "2017-06-30": "3874.00000", "2017-03-31": "3872.00000", "2016-12-31": "3871.00000", "2016-09-30": "4720.00000", "2016-06-30": "4719.00000", "2016-03-31": "4718.00000", "2015-12-31": "4717.00000", "2015-09-30": "2247.00000", "2015-06-30": "2247.00000", "2015-03-31": "2247.00000", "2014-12-31": "2235.00000", "2014-09-30": "2247.00000", "2014-06-30": "2248.00000", "2014-03-31": "3584.00000", "2013-12-31": "3923.00000", "2013-09-30": "341.76500", "2013-06-30": "753.97100", "2013-03-31": "861.67600", "2012-12-31": "969.00000", "2012-09-30": "800.00000", "2012-06-30": "812.50000", "2012-03-31": "825.00000", "2011-12-31": "837.50000", "2011-09-30": "370.00000", "2011-06-30": "190.00000", "2011-03-31": "260.00000", "2010-12-31": "325.75000", "2010-09-30": "391.50000", "2010-06-30": "367.25000", "2010-03-31": "183.00000", "2009-12-31": "208.50000", "2009-09-30": "234.00000", "2009-06-30": "259.50000", "2009-03-31": "280.00000", "2008-12-31": "332.50000", "2008-09-30": "345.00000", "2008-06-30": "162.50000", "2008-03-31": "175.00000", "2007-12-31": "184.37500", "2007-09-30": "193.75000", "2007-06-30": "203.12500", "2007-03-31": "212.50000", "2006-12-31": "", "2006-09-30": "", "2006-06-30": "", "2006-03-31": "", "2005-12-31": "", "2005-09-30": "", "2005-06-30": "", "2005-03-31": ""}, "Other Non-Current Liabilities": {"2020-12-31": "565.00000", "2020-09-30": "497.00000", "2020-06-30": "484.00000", "2020-03-31": "477.00000", "2019-12-31": "468.00000", "2019-09-30": "484.00000", "2019-06-30": "493.00000", "2019-03-31": "515.00000", "2018-12-31": "554.00000", "2018-09-30": "560.00000", "2018-06-30": "558.00000", "2018-03-31": "549.00000", "2017-12-31": "539.00000", "2017-09-30": "645.00000", "2017-06-30": "783.00000", "2017-03-31": "776.00000", "2016-12-31": "767.00000", "2016-09-30": "803.00000", "2016-06-30": "801.00000", "2016-03-31": "799.00000", "2015-12-31": "815.00000", "2015-09-30": "871.00000", "2015-06-30": "892.00000", "2015-03-31": "976.00000", "2014-12-31": "998.00000", "2014-09-30": "778.00000", "2014-06-30": "827.00000", "2014-03-31": "889.00000", "2013-12-31": "3475.00000", "2013-09-30": "118.88000", "2013-06-30": "115.50800", "2013-03-31": "110.11000", "2012-12-31": "107.00000", "2012-09-30": "107.75500", "2012-06-30": "108.94100", "2012-03-31": "108.26900", "2011-12-31": "111.82000", "2011-09-30": "116.22900", "2011-06-30": "126.09100", "2011-03-31": "133.59200", "2010-12-31": "104.11100", "2010-09-30": "88.97200", "2010-06-30": "88.22400", "2010-03-31": "89.66500", "2009-12-31": "93.79400", "2009-09-30": "94.13100", "2009-06-30": "102.67500", "2009-03-31": "114.82500", "2008-12-31": "108.95800", "2008-09-30": "105.31000", "2008-06-30": "107.77300", "2008-03-31": "109.39500", "2007-12-31": "106.67700", "2007-09-30": "105.29600", "2007-06-30": "108.15500", "2007-03-31": "16.01600", "2006-12-31": "0.84400", "2006-09-30": "1.77000", "2006-06-30": "1.40100", "2006-03-31": "1.31800", "2005-12-31": "1.30300", "2005-09-30": "", "2005-06-30": "", "2005-03-31": ""}, "Total Long Term Liabilities": {"2020-12-31": "18667.00000", "2020-09-30": "19342.00000", "2020-06-30": "10873.00000", "2020-03-31": "8410.00000", "2019-12-31": "8391.00000", "2019-09-30": "9620.00000", "2019-06-30": "9653.00000", "2019-03-31": "9692.00000", "2018-12-31": "9452.00000", "2018-09-30": "9323.00000", "2018-06-30": "7113.00000", "2018-03-31": "7110.00000", "2017-12-31": "7104.00000", "2017-09-30": "8499.00000", "2017-06-30": "7572.00000", "2017-03-31": "7670.00000", "2016-12-31": "7632.00000", "2016-09-30": "8398.00000", "2016-06-30": "8456.00000", "2016-03-31": "8444.00000", "2015-12-31": "8404.00000", "2015-09-30": "5028.00000", "2015-06-30": "5081.00000", "2015-03-31": "5305.00000", "2014-12-31": "5426.00000", "2014-09-30": "5306.00000", "2014-06-30": "5533.00000", "2014-03-31": "7572.00000", "2013-12-31": "7720.00000", "2013-09-30": "668.43100", "2013-06-30": "1090.05400", "2013-03-31": "1201.39300", "2012-12-31": "1292.00000", "2012-09-30": "1123.78300", "2012-06-30": "1141.89200", "2012-03-31": "1165.70300", "2011-12-31": "1185.20900", "2011-09-30": "726.89800", "2011-06-30": "581.30800", "2011-03-31": "665.12900", "2010-12-31": "698.11000", "2010-09-30": "717.42300", "2010-06-30": "616.95000", "2010-03-31": "439.72700", "2009-12-31": "483.39600", "2009-09-30": "536.89100", "2009-06-30": "556.68200", "2009-03-31": "587.58800", "2008-12-31": "635.75900", "2008-09-30": "647.98300", "2008-06-30": "385.58400", "2008-03-31": "403.90900", "2007-12-31": "408.52800", "2007-09-30": "425.11900", "2007-06-30": "370.32100", "2007-03-31": "296.01900", "2006-12-31": "0.84400", "2006-09-30": "6.10100", "2006-06-30": "7.88500", "2006-03-31": "6.78600", "2005-12-31": "6.75300", "2005-09-30": "", "2005-06-30": "", "2005-03-31": ""}, "Total Liabilities": {"2020-12-31": "106666.00000", "2020-09-30": "109028.00000", "2020-06-30": "107066.00000", "2020-03-31": "121936.00000", "2019-12-31": "77207.00000", "2019-09-30": "78154.00000", "2019-06-30": "73784.00000", "2019-03-31": "76727.00000", "2018-12-31": "75560.00000", "2018-09-30": "70388.00000", "2018-06-30": "66007.00000", "2018-03-31": "65056.00000", "2017-12-31": "61279.00000", "2017-09-30": "63099.00000", "2017-06-30": "64391.00000", "2017-03-31": "63676.00000", "2016-12-31": "66249.00000", "2016-09-30": "60752.00000", "2016-06-30": "59894.00000", "2016-03-31": "64080.00000", "2015-12-31": "63147.00000", "2015-09-30": "53486.00000", "2015-06-30": "50661.00000", "2015-03-31": "54103.00000", "2014-12-31": "55862.00000", "2014-09-30": "54643.00000", "2014-06-30": "55203.00000", "2014-03-31": "52975.00000", "2013-12-31": "52041.00000", "2013-09-30": "44814.24000", "2013-06-30": "36734.85000", "2013-03-31": "35111.03000", "2012-12-31": "33538.00000", "2012-09-30": "33934.13000", "2012-06-30": "36097.44000", "2012-03-31": "32716.20000", "2011-12-31": "32985.52000", "2011-09-30": "35655.60000", "2011-06-30": "27954.34000", "2011-03-31": "25650.79000", "2010-12-31": "23825.49000", "2010-09-30": "25497.07000", "2010-06-30": "24775.69000", "2010-03-31": "21268.89000", "2009-12-31": "19451.23000", "2009-09-30": "17224.28000", "2009-06-30": "18633.13000", "2009-03-31": "13498.80000", "2008-12-31": "12947.40000", "2008-09-30": "2206.29600", "2008-06-30": "1298.07900", "2008-03-31": "1458.44900", "2007-12-31": "1319.48900", "2007-09-30": "1297.82700", "2007-06-30": "1242.28300", "2007-03-31": "1054.83600", "2006-12-31": "38.74300", "2006-09-30": "41.41700", "2006-06-30": "33.57700", "2006-03-31": "35.03500", "2005-12-31": "33.14700", "2005-09-30": "", "2005-06-30": "", "2005-03-31": ""}, "Common Stock Net": {"2020-12-31": "6.00000", "2020-09-30": "6.00000", "2020-06-30": "6.00000", "2020-03-31": "6.00000", "2019-12-31": "6.00000", "2019-09-30": "6.00000", "2019-06-30": "6.00000", "2019-03-31": "6.00000", "2018-12-31": "6.00000", "2018-09-30": "6.00000", "2018-06-30": "6.00000", "2018-03-31": "6.00000", "2017-12-31": "6.00000", "2017-09-30": "6.00000", "2017-06-30": "6.00000", "2017-03-31": "6.00000", "2016-12-31": "6.00000", "2016-09-30": "1.00000", "2016-06-30": "1.00000", "2016-03-31": "1.00000", "2015-12-31": "6.00000", "2015-09-30": "1.00000", "2015-06-30": "1.00000", "2015-03-31": "1.00000", "2014-12-31": "1.00000", "2014-09-30": "1.00000", "2014-06-30": "1.00000", "2014-03-31": "1.00000", "2013-12-31": "1.00000", "2013-09-30": "0.80400", "2013-06-30": "0.80400", "2013-03-31": "0.80300", "2012-12-31": "1.00000", "2012-09-30": "0.79800", "2012-06-30": "0.79700", "2012-03-31": "0.79700", "2011-12-31": "0.79200", "2011-09-30": "0.79100", "2011-06-30": "0.78900", "2011-03-31": "0.78700", "2010-12-31": "0.78500", "2010-09-30": "0.78300", "2010-06-30": "0.78200", "2010-03-31": "0.78100", "2009-12-31": "0.77600", "2009-09-30": "0.77300", "2009-06-30": "0.77200", "2009-03-31": "0.76800", "2008-12-31": "0.76500", "2008-09-30": "0.76400", "2008-06-30": "0.71600", "2008-03-31": "0.71500", "2007-12-31": "0.71000", "2007-09-30": "0.70700", "2007-06-30": "0.70500", "2007-03-31": "0.70300", "2006-12-31": "0.59600", "2006-09-30": "0.58800", "2006-06-30": "0.57900", "2006-03-31": "0.57200", "2005-12-31": "0.57100", "2005-09-30": "", "2005-06-30": "", "2005-03-31": ""}, "Retained Earnings (Accumulated Deficit)": {"2020-12-31": "11039.00000", "2020-09-30": "10682.00000", "2020-06-30": "10462.00000", "2020-03-31": "10103.00000", "2019-12-31": "9629.00000", "2019-09-30": "9335.00000", "2019-06-30": "8961.00000", "2019-03-31": "8644.00000", "2018-12-31": "8317.00000", "2018-09-30": "7818.00000", "2018-06-30": "7498.00000", "2018-03-31": "7182.00000", "2017-12-31": "6858.00000", "2017-09-30": "5718.00000", "2017-06-30": "5468.00000", "2017-03-31": "5171.00000", "2016-12-31": "4789.00000", "2016-09-30": "4911.00000", "2016-06-30": "4669.00000", "2016-03-31": "4415.00000", "2015-12-31": "4148.00000", "2015-09-30": "3863.00000", "2015-06-30": "3641.00000", "2015-03-31": "3441.00000", "2014-12-31": "3210.00000", "2014-09-30": "3000.00000", "2014-06-30": "2878.00000", "2014-03-31": "2704.00000", "2013-12-31": "2482.00000", "2013-09-30": "2938.75200", "2013-06-30": "2797.43700", "2013-03-31": "2644.11400", "2012-12-31": "2509.00000", "2012-09-30": "2379.20000", "2012-06-30": "2248.11800", "2012-03-31": "2104.96100", "2011-12-31": "1957.09600", "2011-09-30": "1830.32300", "2011-06-30": "1697.69200", "2011-03-31": "1576.32700", "2010-12-31": "1447.42300", "2010-09-30": "1348.29100", "2010-06-30": "1251.97600", "2010-03-31": "1150.28800", "2009-12-31": "1049.12500", "2009-09-30": "964.87100", "2009-06-30": "877.41700", "2009-03-31": "805.35900", "2008-12-31": "732.75200", "2008-09-30": "683.82500", "2008-06-30": "608.86200", "2008-03-31": "523.99800", "2007-12-31": "431.70800", "2007-09-30": "367.05600", "2007-06-30": "300.37500", "2007-03-31": "246.66800", "2006-12-31": "191.17900", "2006-09-30": "142.18700", "2006-06-30": "98.54200", "2006-03-31": "67.57500", "2005-12-31": "47.91100", "2005-09-30": "", "2005-06-30": "", "2005-03-31": ""}, "Comprehensive Income": {"2020-12-31": "-192.00000", "2020-09-30": "-273.00000", "2020-06-30": "-321.00000", "2020-03-31": "-333.00000", "2019-12-31": "-243.00000", "2019-09-30": "-348.00000", "2019-06-30": "-309.00000", "2019-03-31": "-290.00000", "2018-12-31": "-315.00000", "2018-09-30": "-274.00000", "2018-06-30": "-265.00000", "2018-03-31": "-190.00000", "2017-12-31": "-223.00000", "2017-09-30": "-322.00000", "2017-06-30": "-367.00000", "2017-03-31": "-427.00000", "2016-12-31": "-344.00000", "2016-09-30": "-316.00000", "2016-06-30": "-258.00000", "2016-03-31": "-208.00000", "2015-12-31": "-188.00000", "2015-09-30": "-191.00000", "2015-06-30": "-68.00000", "2015-03-31": "-153.00000", "2014-12-31": "-46.00000", "2014-09-30": "244.00000", "2014-06-30": "582.00000", "2014-03-31": "464.00000", "2013-12-31": "125.00000", "2013-09-30": "-117.45200", "2013-06-30": "-158.44800", "2013-03-31": "-110.43900", "2012-12-31": "-52.00000", "2012-09-30": "-27.10400", "2012-06-30": "-81.48100", "2012-03-31": "70.94800", "2011-12-31": "-21.25300", "2011-09-30": "-74.67100", "2011-06-30": "58.07800", "2011-03-31": "60.27400", "2010-12-31": "37.74000", "2010-09-30": "54.34000", "2010-06-30": "24.97800", "2010-03-31": "18.46800", "2009-12-31": "24.55800", "2009-09-30": "29.32100", "2009-06-30": "28.70500", "2009-03-31": "18.03000", "2008-12-31": "19.89000", "2008-09-30": "27.22800", "2008-06-30": "29.06000", "2008-03-31": "28.63000", "2007-12-31": "30.65500", "2007-09-30": "28.68500", "2007-06-30": "27.46900", "2007-03-31": "27.39500", "2006-12-31": "27.41100", "2006-09-30": "27.26600", "2006-06-30": "28.06800", "2006-03-31": "20.20300", "2005-12-31": "18.97900", "2005-09-30": "", "2005-06-30": "", "2005-03-31": ""}, "Other Share Holders Equity": {"2020-12-31": "", "2020-09-30": "", "2020-06-30": "", "2020-03-31": "", "2019-12-31": "", "2019-09-30": "", "2019-06-30": "", "2019-03-31": "", "2018-12-31": "", "2018-09-30": "", "2018-06-30": "", "2018-03-31": "", "2017-12-31": "", "2017-09-30": "", "2017-06-30": "", "2017-03-31": "", "2016-12-31": "", "2016-09-30": "", "2016-06-30": "", "2016-03-31": "", "2015-12-31": "", "2015-09-30": "", "2015-06-30": "", "2015-03-31": "", "2014-12-31": "", "2014-09-30": "", "2014-06-30": "", "2014-03-31": "", "2013-12-31": "", "2013-09-30": "", "2013-06-30": "", "2013-03-31": "", "2012-12-31": "", "2012-09-30": "", "2012-06-30": "", "2012-03-31": "", "2011-12-31": "", "2011-09-30": "", "2011-06-30": "", "2011-03-31": "", "2010-12-31": "", "2010-09-30": "", "2010-06-30": "", "2010-03-31": "", "2009-12-31": "", "2009-09-30": "", "2009-06-30": "", "2009-03-31": "", "2008-12-31": "", "2008-09-30": "", "2008-06-30": "", "2008-03-31": "", "2007-12-31": "", "2007-09-30": "", "2007-06-30": "", "2007-03-31": "", "2006-12-31": "", "2006-09-30": "", "2006-06-30": "", "2006-03-31": "", "2005-12-31": "", "2005-09-30": "", "2005-06-30": "", "2005-03-31": ""}, "Share Holder Equity": {"2020-12-31": "19534.00000", "2020-09-30": "19052.00000", "2020-06-30": "16994.00000", "2020-03-31": "16965.00000", "2019-12-31": "17286.00000", "2019-09-30": "17185.00000", "2019-06-30": "17146.00000", "2019-03-31": "17130.00000", "2018-12-31": "17231.00000", "2018-09-30": "16854.00000", "2018-06-30": "16840.00000", "2018-03-31": "17006.00000", "2017-12-31": "16985.00000", "2017-09-30": "16019.00000", "2017-06-30": "15933.00000", "2017-03-31": "15787.00000", "2016-12-31": "15754.00000", "2016-09-30": "15544.00000", "2016-06-30": "15330.00000", "2016-03-31": "15080.00000", "2015-12-31": "14840.00000", "2015-09-30": "12370.00000", "2015-06-30": "12443.00000", "2015-03-31": "12325.00000", "2014-12-31": "12392.00000", "2014-09-30": "12643.00000", "2014-06-30": "13279.00000", "2014-03-31": "12946.00000", "2013-12-31": "12381.00000", "2013-09-30": "4070.67000", "2013-06-30": "3878.87500", "2013-03-31": "3747.51400", "2012-12-31": "3677.00000", "2012-09-30": "3605.95900", "2012-06-30": "3407.32700", "2012-03-31": "3407.89700", "2011-12-31": "3162.34100", "2011-09-30": "3011.13200", "2011-06-30": "3086.53000", "2011-03-31": "2971.70100", "2010-12-31": "2816.76500", "2010-09-30": "2721.15700", "2010-06-30": "2674.18700", "2010-03-31": "2544.90200", "2009-12-31": "2433.64700", "2009-09-30": "2337.46100", "2009-06-30": "2230.89000", "2009-03-31": "2126.10200", "2008-12-31": "2012.18000", "2008-09-30": "1954.57500", "2008-06-30": "1697.97900", "2008-03-31": "1594.48600", "2007-12-31": "1476.85600", "2007-09-30": "1386.38900", "2007-06-30": "1305.96200", "2007-03-31": "1240.09700", "2006-12-31": "454.46800", "2006-09-30": "379.43300", "2006-06-30": "316.64300", "2006-03-31": "256.66100", "2005-12-31": "232.62300", "2005-09-30": "", "2005-06-30": "", "2005-03-31": ""}, "Total Liabilities And Share Holders Equity": {"2020-12-31": "126200.00000", "2020-09-30": "128080.00000", "2020-06-30": "124060.00000", "2020-03-31": "138901.00000", "2019-12-31": "94493.00000", "2019-09-30": "95339.00000", "2019-06-30": "90930.00000", "2019-03-31": "93857.00000", "2018-12-31": "92791.00000", "2018-09-30": "87242.00000", "2018-06-30": "82847.00000", "2018-03-31": "82062.00000", "2017-12-31": "78264.00000", "2017-09-30": "79118.00000", "2017-06-30": "80324.00000", "2017-03-31": "79463.00000", "2016-12-31": "82003.00000", "2016-09-30": "76296.00000", "2016-06-30": "75224.00000", "2016-03-31": "79160.00000", "2015-12-31": "77987.00000", "2015-09-30": "65856.00000", "2015-06-30": "63104.00000", "2015-03-31": "66428.00000", "2014-12-31": "68254.00000", "2014-09-30": "67286.00000", "2014-06-30": "68482.00000", "2014-03-31": "65921.00000", "2013-12-31": "64422.00000", "2013-09-30": "48884.91000", "2013-06-30": "40613.73000", "2013-03-31": "38858.54000", "2012-12-31": "37215.00000", "2012-09-30": "37540.09000", "2012-06-30": "39504.77000", "2012-03-31": "36124.10000", "2011-12-31": "36147.86000", "2011-09-30": "38666.73000", "2011-06-30": "31040.87000", "2011-03-31": "28622.49000", "2010-12-31": "26642.26000", "2010-09-30": "28218.22000", "2010-06-30": "27449.88000", "2010-03-31": "23813.79000", "2009-12-31": "21884.88000", "2009-09-30": "19561.74000", "2009-06-30": "20864.02000", "2009-03-31": "15624.91000", "2008-12-31": "14959.58000", "2008-09-30": "4160.87100", "2008-06-30": "2996.05800", "2008-03-31": "3052.93500", "2007-12-31": "2796.34500", "2007-09-30": "2684.21600", "2007-06-30": "2548.24500", "2007-03-31": "2294.93300", "2006-12-31": "493.21100", "2006-09-30": "420.85000", "2006-06-30": "350.22000", "2006-03-31": "291.69600", "2005-12-31": "265.77000", "2005-09-30": "", "2005-06-30": "", "2005-03-31": ""}}, "cash flow statement": {"Net Income/Loss": {"2020-12-31": "2108.00000", "2019-12-31": "1960.00000", "2018-12-31": "2020.00000", "2017-12-31": "2554.00000", "2016-12-31": "1457.00000", "2015-12-31": "1295.00000", "2014-12-31": "1016.00000", "2013-12-31": "270.00000", "2012-12-31": "562.00000", "2011-12-31": "522.00000", "2010-12-31": "407.76700", "2009-12-31": "314.15400", "2008-12-31": "300.97200", "2007-12-31": "240.61200", "2006-12-31": "143.26800", "2005-12-31": "40.41000"}, "Total Depreciation And Amortization - Cash Flow": {"2020-12-31": "751.00000", "2019-12-31": "662.00000", "2018-12-31": "586.00000", "2017-12-31": "535.00000", "2016-12-31": "610.00000", "2015-12-31": "351.00000", "2014-12-31": "278.00000", "2013-12-31": "149.00000", "2012-12-31": "131.00000", "2011-12-31": "130.00000", "2010-12-31": "127.19500", "2009-12-31": "116.92700", "2008-12-31": "63.89100", "2007-12-31": "33.39900", "2006-12-31": "13.86100", "2005-12-31": "15.19100"}, "Other Non-Cash Items": {"2020-12-31": "151.00000", "2019-12-31": "66.00000", "2018-12-31": "23.00000", "2017-12-31": "-765.00000", "2016-12-31": "238.00000", "2015-12-31": "-14.00000", "2014-12-31": "61.00000", "2013-12-31": "320.00000", "2012-12-31": "24.00000", "2011-12-31": "54.00000", "2010-12-31": "32.04700", "2009-12-31": "33.53100", "2008-12-31": "-8.50100", "2007-12-31": "-50.49300", "2006-12-31": "-37.67400", "2005-12-31": "-0.56800"}, "Total Non-Cash Items": {"2020-12-31": "902.00000", "2019-12-31": "728.00000", "2018-12-31": "609.00000", "2017-12-31": "-230.00000", "2016-12-31": "848.00000", "2015-12-31": "337.00000", "2014-12-31": "339.00000", "2013-12-31": "469.00000", "2012-12-31": "155.00000", "2011-12-31": "184.00000", "2010-12-31": "159.24200", "2009-12-31": "150.45800", "2008-12-31": "55.39000", "2007-12-31": "-17.09400", "2006-12-31": "-23.81300", "2005-12-31": "14.62300"}, "Change In Accounts Receivable": {"2020-12-31": "-149.00000", "2019-12-31": "-30.00000", "2018-12-31": "-44.00000", "2017-12-31": "-135.00000", "2016-12-31": "-65.00000", "2015-12-31": "-45.00000", "2014-12-31": "-43.00000", "2013-12-31": "-35.00000", "2012-12-31": "10.00000", "2011-12-31": "-22.00000", "2010-12-31": "-2.66900", "2009-12-31": "-27.42700", "2008-12-31": "-14.38200", "2007-12-31": "-5.24800", "2006-12-31": "-18.07200", "2005-12-31": "-5.73500"}, "Change In Inventories": {"2020-12-31": "", "2019-12-31": "", "2018-12-31": "", "2017-12-31": "", "2016-12-31": "", "2015-12-31": "", "2014-12-31": "", "2013-12-31": "", "2012-12-31": "", "2011-12-31": "", "2010-12-31": "", "2009-12-31": "", "2008-12-31": "", "2007-12-31": "", "2006-12-31": "", "2005-12-31": ""}, "Change In Accounts Payable": {"2020-12-31": "", "2019-12-31": "", "2018-12-31": "", "2017-12-31": "", "2016-12-31": "", "2015-12-31": "", "2014-12-31": "", "2013-12-31": "", "2012-12-31": "", "2011-12-31": "", "2010-12-31": "", "2009-12-31": "", "2008-12-31": "", "2007-12-31": "-3.40000", "2006-12-31": "16.33500", "2005-12-31": "1.61800"}, "Change In Assets/Liabilities": {"2020-12-31": "20.00000", "2019-12-31": "1.00000", "2018-12-31": "-52.00000", "2017-12-31": "-104.00000", "2016-12-31": "-91.00000", "2015-12-31": "-276.00000", "2014-12-31": "151.00000", "2013-12-31": "10.00000", "2012-12-31": "6.00000", "2011-12-31": "-14.00000", "2010-12-31": "-5.24400", "2009-12-31": "5.97500", "2008-12-31": "-1.96700", "2007-12-31": "-1.09200", "2006-12-31": "-4.82000", "2005-12-31": "-4.09800"}, "Total Change In Assets/Liabilities": {"2020-12-31": "-129.00000", "2019-12-31": "-29.00000", "2018-12-31": "-96.00000", "2017-12-31": "-239.00000", "2016-12-31": "-156.00000", "2015-12-31": "-321.00000", "2014-12-31": "108.00000", "2013-12-31": "-25.00000", "2012-12-31": "16.00000", "2011-12-31": "7.00000", "2010-12-31": "-33.25100", "2009-12-31": "21.98100", "2008-12-31": "18.75000", "2007-12-31": "64.26300", "2006-12-31": "31.23400", "2005-12-31": "-5.22100"}, "Cash Flow From Operating Activities": {"2020-12-31": "2881.00000", "2019-12-31": "2659.00000", "2018-12-31": "2533.00000", "2017-12-31": "2085.00000", "2016-12-31": "2149.00000", "2015-12-31": "1311.00000", "2014-12-31": "1463.00000", "2013-12-31": "714.00000", "2012-12-31": "733.00000", "2011-12-31": "713.00000", "2010-12-31": "533.75800", "2009-12-31": "486.59300", "2008-12-31": "375.11200", "2007-12-31": "287.78100", "2006-12-31": "150.68900", "2005-12-31": "49.81200"}, "Net Change In Property, Plant, And Equipment": {"2020-12-31": "-410.00000", "2019-12-31": "-305.00000", "2018-12-31": "-280.00000", "2017-12-31": "-357.00000", "2016-12-31": "-365.00000", "2015-12-31": "-277.00000", "2014-12-31": "-250.00000", "2013-12-31": "-179.00000", "2012-12-31": "-68.00000", "2011-12-31": "-87.00000", "2010-12-31": "-47.76800", "2009-12-31": "-44.74200", "2008-12-31": "-48.81200", "2007-12-31": "-43.26600", "2006-12-31": "-19.81500", "2005-12-31": "-13.73300"}, "Net Change In Intangible Assets": {"2020-12-31": "", "2019-12-31": "", "2018-12-31": "", "2017-12-31": "", "2016-12-31": "", "2015-12-31": "", "2014-12-31": "", "2013-12-31": "", "2012-12-31": "", "2011-12-31": "", "2010-12-31": "", "2009-12-31": "", "2008-12-31": "", "2007-12-31": "-61.09900", "2006-12-31": "", "2005-12-31": ""}, "Net Acquisitions/Divestitures": {"2020-12-31": "-9446.00000", "2019-12-31": "-352.00000", "2018-12-31": "-1246.00000", "2017-12-31": "776.00000", "2016-12-31": "-425.00000", "2015-12-31": "-3751.00000", "2014-12-31": "1697.00000", "2013-12-31": "-2241.00000", "2012-12-31": "-18.00000", "2011-12-31": "-10.00000", "2010-12-31": "-552.98100", "2009-12-31": "-37.79200", "2008-12-31": "-46.81600", "2007-12-31": "-480.23500", "2006-12-31": "-4.12400", "2005-12-31": ""}, "Net Change In Short-term Investments": {"2020-12-31": "", "2019-12-31": "", "2018-12-31": "", "2017-12-31": "", "2016-12-31": "", "2015-12-31": "1089.00000", "2014-12-31": "", "2013-12-31": "", "2012-12-31": "", "2011-12-31": "", "2010-12-31": "", "2009-12-31": "", "2008-12-31": "", "2007-12-31": "", "2006-12-31": "", "2005-12-31": ""}, "Net Change In Long-Term Investments": {"2020-12-31": "4.00000", "2019-12-31": "69.00000", "2018-12-31": "-229.00000", "2017-12-31": "-327.00000", "2016-12-31": "-70.00000", "2015-12-31": "-60.00000", "2014-12-31": "-1250.00000", "2013-12-31": "-26.00000", "2012-12-31": "", "2011-12-31": "-516.00000", "2010-12-31": "1.31500", "2009-12-31": "3.90100", "2008-12-31": "131.98300", "2007-12-31": "-59.62600", "2006-12-31": "-0.07400", "2005-12-31": "-107.82000"}, "Net Change In Investments - Total": {"2020-12-31": "4.00000", "2019-12-31": "69.00000", "2018-12-31": "-229.00000", "2017-12-31": "-327.00000", "2016-12-31": "-70.00000", "2015-12-31": "1029.00000", "2014-12-31": "-1250.00000", "2013-12-31": "-26.00000", "2012-12-31": "", "2011-12-31": "-516.00000", "2010-12-31": "1.31500", "2009-12-31": "3.90100", "2008-12-31": "131.98300", "2007-12-31": "-59.62600", "2006-12-31": "-0.07400", "2005-12-31": "-107.82000"}, "Investing Activities - Other": {"2020-12-31": "22.00000", "2019-12-31": "-6.00000", "2018-12-31": "", "2017-12-31": "", "2016-12-31": "", "2015-12-31": "-5.00000", "2014-12-31": "-161.00000", "2013-12-31": "-75.00000", "2012-12-31": "-32.00000", "2011-12-31": "-2.00000", "2010-12-31": "-33.64800", "2009-12-31": "-63.64200", "2008-12-31": "-106.10100", "2007-12-31": "6.83800", "2006-12-31": "-3.61500", "2005-12-31": "4.43300"}, "Cash Flow From Investing Activities": {"2020-12-31": "-9830.00000", "2019-12-31": "-594.00000", "2018-12-31": "-1755.00000", "2017-12-31": "92.00000", "2016-12-31": "-860.00000", "2015-12-31": "-3004.00000", "2014-12-31": "36.00000", "2013-12-31": "-2521.00000", "2012-12-31": "-118.00000", "2011-12-31": "-615.00000", "2010-12-31": "-633.08200", "2009-12-31": "-142.27500", "2008-12-31": "-69.74600", "2007-12-31": "-637.38800", "2006-12-31": "-27.62800", "2005-12-31": "-117.12000"}, "Net Long-Term Debt": {"2020-12-31": "8696.00000", "2019-12-31": "370.00000", "2018-12-31": "1330.00000", "2017-12-31": "-275.00000", "2016-12-31": "-949.00000", "2015-12-31": "658.00000", "2014-12-31": "-175.00000", "2013-12-31": "1080.00000", "2012-12-31": "", "2011-12-31": "", "2010-12-31": "", "2009-12-31": "", "2008-12-31": "", "2007-12-31": "", "2006-12-31": "", "2005-12-31": "-0.48200"}, "Net Current Debt": {"2020-12-31": "", "2019-12-31": "", "2018-12-31": "", "2017-12-31": "", "2016-12-31": "", "2015-12-31": "2472.00000", "2014-12-31": "-377.00000", "2013-12-31": "289.00000", "2012-12-31": "245.00000", "2011-12-31": "309.00000", "2010-12-31": "271.00000", "2009-12-31": "-71.87500", "2008-12-31": "157.50000", "2007-12-31": "221.87500", "2006-12-31": "", "2005-12-31": "-25.00000"}, "Debt Issuance/Retirement Net - Total": {"2020-12-31": "8696.00000", "2019-12-31": "370.00000", "2018-12-31": "1330.00000", "2017-12-31": "-275.00000", "2016-12-31": "-949.00000", "2015-12-31": "3130.00000", "2014-12-31": "-552.00000", "2013-12-31": "1369.00000", "2012-12-31": "245.00000", "2011-12-31": "309.00000", "2010-12-31": "271.00000", "2009-12-31": "-71.87500", "2008-12-31": "157.50000", "2007-12-31": "221.87500", "2006-12-31": "", "2005-12-31": "-25.48200"}, "Net Common Equity Issued/Repurchased": {"2020-12-31": "-1247.00000", "2019-12-31": "-1460.00000", "2018-12-31": "-1198.00000", "2017-12-31": "-949.00000", "2016-12-31": "-104.00000", "2015-12-31": "-660.00000", "2014-12-31": "-645.00000", "2013-12-31": "13.00000", "2012-12-31": "-46.00000", "2011-12-31": "-166.00000", "2010-12-31": "-77.62700", "2009-12-31": "12.70400", "2008-12-31": "-294.79000", "2007-12-31": "9.93100", "2006-12-31": "22.29600", "2005-12-31": "56.00500"}, "Net Total Equity Issued/Repurchased": {"2020-12-31": "-1247.00000", "2019-12-31": "-1460.00000", "2018-12-31": "-1198.00000", "2017-12-31": "-949.00000", "2016-12-31": "-104.00000", "2015-12-31": "-660.00000", "2014-12-31": "-645.00000", "2013-12-31": "13.00000", "2012-12-31": "-46.00000", "2011-12-31": "-166.00000", "2010-12-31": "-77.62700", "2009-12-31": "12.70400", "2008-12-31": "-294.79000", "2007-12-31": "9.93100", "2006-12-31": "22.29600", "2005-12-31": "56.00500"}, "Total Common And Preferred Stock Dividends Paid": {"2020-12-31": "-669.00000", "2019-12-31": "-621.00000", "2018-12-31": "-555.00000", "2017-12-31": "-476.00000", "2016-12-31": "-409.00000", "2015-12-31": "-331.00000", "2014-12-31": "-299.00000", "2013-12-31": "-75.00000", "2012-12-31": "", "2011-12-31": "", "2010-12-31": "", "2009-12-31": "", "2008-12-31": "", "2007-12-31": "", "2006-12-31": "", "2005-12-31": ""}, "Financial Activities - Other": {"2020-12-31": "-36.00000", "2019-12-31": "-42.00000", "2018-12-31": "-40.00000", "2017-12-31": "-271.00000", "2016-12-31": "", "2015-12-31": "-163.00000", "2014-12-31": "-177.00000", "2013-12-31": "-188.00000", "2012-12-31": "-27.00000", "2011-12-31": "-38.00000", "2010-12-31": "-23.85300", "2009-12-31": "-15.94100", "2008-12-31": "-3.82900", "2007-12-31": "32.95300", "2006-12-31": "36.04300", "2005-12-31": "-0.19400"}, "Cash Flow From Financial Activities": {"2020-12-31": "6744.00000", "2019-12-31": "-1753.00000", "2018-12-31": "-463.00000", "2017-12-31": "-1971.00000", "2016-12-31": "-1462.00000", "2015-12-31": "1976.00000", "2014-12-31": "-1673.00000", "2013-12-31": "1119.00000", "2012-12-31": "172.00000", "2011-12-31": "105.00000", "2010-12-31": "169.52000", "2009-12-31": "-75.11200", "2008-12-31": "-141.11900", "2007-12-31": "264.75900", "2006-12-31": "58.33900", "2005-12-31": "30.32900"}, "Net Cash Flow": {"2020-12-31": "-197.00000", "2019-12-31": "316.00000", "2018-12-31": "304.00000", "2017-12-31": "218.00000", "2016-12-31": "-197.00000", "2015-12-31": "269.00000", "2014-12-31": "-309.00000", "2013-12-31": "-651.00000", "2012-12-31": "789.00000", "2011-12-31": "201.00000", "2010-12-31": "69.32700", "2009-12-31": "268.94300", "2008-12-31": "163.92500", "2007-12-31": "-84.66000", "2006-12-31": "184.25500", "2005-12-31": "-41.19700"}, "Stock-Based Compensation": {"2020-12-31": "139.00000", "2019-12-31": "139.00000", "2018-12-31": "130.00000", "2017-12-31": "135.00000", "2016-12-31": "124.00000", "2015-12-31": "111.00000", "2014-12-31": "97.00000", "2013-12-31": "64.00000", "2012-12-31": "52.00000", "2011-12-31": "53.00000", "2010-12-31": "49.32000", "2009-12-31": "53.17100", "2008-12-31": "36.38200", "2007-12-31": "23.59500", "2006-12-31": "8.82500", "2005-12-31": "1.65500"}, "Common Stock Dividends Paid": {"2020-12-31": "-669.00000", "2019-12-31": "-621.00000", "2018-12-31": "-555.00000", "2017-12-31": "-476.00000", "2016-12-31": "-409.00000", "2015-12-31": "-331.00000", "2014-12-31": "-299.00000", "2013-12-31": "-75.00000", "2012-12-31": "0.00000", "2011-12-31": "", "2010-12-31": "", "2009-12-31": "", "2008-12-31": "", "2007-12-31": "", "2006-12-31": "", "2005-12-31": ""}}, "cash flow statement, quarterly": {"Net Income/Loss": {"2020-12-31": 528, "2020-09-30": 394, "2020-06-30": 528, "2020-03-31": "658.00000", "2019-12-31": 453, "2019-09-30": 537, "2019-06-30": 478, "2019-03-31": "492.00000", "2018-12-31": 619, "2018-09-30": 465, "2018-06-30": 462, "2018-03-31": "474.00000", "2017-12-31": 1239, "2017-09-30": 377, "2017-06-30": 427, "2017-03-31": "511.00000", "2016-12-31": 367, "2016-09-30": 350, "2016-06-30": 363, "2016-03-31": "377.00000", "2015-12-31": 373, "2015-09-30": 310, "2015-06-30": 289, "2015-03-31": "323.00000", "2014-12-31": 294, "2014-09-30": 213, "2014-06-30": 235, "2014-03-31": "274.00000", "2013-12-31": -170, "2013-09-30": 145, "2013-06-30": 158, "2013-03-31": "137.00000", "2012-12-31": 132.816, "2012-09-30": 134.107, "2012-06-30": 145.298, "2012-03-31": "149.77900", "2011-12-31": 130.526, "2011-09-30": 136.948, "2011-06-30": 124.372, "2011-03-31": "130.15400", "2010-12-31": 101.809, "2010-09-30": 99.913, "2010-06-30": 102.527, "2010-03-31": "103.51800", "2009-12-31": 82.992, "2009-09-30": 86.882, "2009-06-30": 72.058, "2009-03-31": "72.22200", "2008-12-31": 48.855, "2008-09-30": 74.963, "2008-06-30": 84.864, "2008-03-31": "92.29000", "2007-12-31": 64.652, "2007-09-30": 66.681, "2007-06-30": 53.693, "2007-03-31": "55.58600", "2006-12-31": 48.992, "2006-09-30": 43.645, "2006-06-30": 30.967, "2006-03-31": "19.66400", "2005-12-31": 14.86, "2005-09-30": 16.821, "2005-06-30": -0.141, "2005-03-31": "8.87000"}, "Total Depreciation And Amortization - Cash Flow": {"2020-12-31": 257, "2020-09-30": 180, "2020-06-30": 157, "2020-03-31": "157.00000", "2019-12-31": 189, "2019-09-30": 158, "2019-06-30": 157, "2019-03-31": "158.00000", "2018-12-31": 157, "2018-09-30": 148, "2018-06-30": 143, "2018-03-31": "138.00000", "2017-12-31": 131, "2017-09-30": 128, "2017-06-30": 142, "2017-03-31": "134.00000", "2016-12-31": 140, "2016-09-30": 181, "2016-06-30": 146, "2016-03-31": "143.00000", "2015-12-31": 98, "2015-09-30": 94, "2015-06-30": 82, "2015-03-31": "77.00000", "2014-12-31": 76, "2014-09-30": 69, "2014-06-30": 67, "2014-03-31": "66.00000", "2013-12-31": 49, "2013-09-30": 35, "2013-06-30": 33, "2013-03-31": "32.00000", "2012-12-31": 30.898, "2012-09-30": 33.909, "2012-06-30": 33.156, "2012-03-31": "33.03700", "2011-12-31": 26.365, "2011-09-30": 34.543, "2011-06-30": 34.365, "2011-03-31": "34.72700", "2010-12-31": 35.006, "2010-09-30": 33.194, "2010-06-30": 29.258, "2010-03-31": "29.73700", "2009-12-31": 30.35, "2009-09-30": 29.381, "2009-06-30": 29.243, "2009-03-31": "27.95300", "2008-12-31": 26.821, "2008-09-30": 14.92, "2008-06-30": 11.027, "2008-03-31": "11.12300", "2007-12-31": 9.785, "2007-09-30": 9.065, "2007-06-30": 7.902, "2007-03-31": "6.64700", "2006-12-31": 3.939, "2006-09-30": 3.351, "2006-06-30": 3.345, "2006-03-31": "3.22600", "2005-12-31": 5.34, "2005-09-30": 3.697, "2005-06-30": 3.821, "2005-03-31": "3.98200"}, "Other Non-Cash Items": {"2020-12-31": 27, "2020-09-30": 63, "2020-06-30": 34, "2020-03-31": "27.00000", "2019-12-31": 52, "2019-09-30": 18, "2019-06-30": 16, "2019-03-31": "-20.00000", "2018-12-31": -57, "2018-09-30": 30, "2018-06-30": 26, "2018-03-31": "24.00000", "2017-12-31": -798, "2017-09-30": 97, "2017-06-30": 51, "2017-03-31": "-115.00000", "2016-12-31": 126, "2016-09-30": -1, "2016-06-30": 51, "2016-03-31": "62.00000", "2015-12-31": -14, "2015-09-30": 8, "2015-06-30": 7, "2015-03-31": "-15.00000", "2014-12-31": 80, "2014-09-30": 0, "2014-06-30": -1, "2014-03-31": "-18.00000", "2013-12-31": 314, "2013-09-30": -2, "2013-06-30": 4, "2013-03-31": "4.00000", "2012-12-31": 10.163, "2012-09-30": 2.182, "2012-06-30": 5.912, "2012-03-31": "5.74300", "2011-12-31": 22.997, "2011-09-30": 17.919, "2011-06-30": 3.939, "2011-03-31": "9.14500", "2010-12-31": 6.249, "2010-09-30": 2.725, "2010-06-30": 19.758, "2010-03-31": "3.31500", "2009-12-31": 9.104, "2009-09-30": 12.929, "2009-06-30": 16.543, "2009-03-31": "-5.04500", "2008-12-31": 14.719, "2008-09-30": 0.504, "2008-06-30": -0.503, "2008-03-31": "-23.22100", "2007-12-31": -8.141, "2007-09-30": -1.226, "2007-06-30": 0.684, "2007-03-31": "-41.81000", "2006-12-31": -17.085, "2006-09-30": -12.587, "2006-06-30": -7.884, "2006-03-31": "-0.11800", "2005-12-31": -0.607, "2005-09-30": -0.07, "2005-06-30": -0.016, "2005-03-31": "0.12500"}, "Total Non-Cash Items": {"2020-12-31": 284, "2020-09-30": 243, "2020-06-30": 191, "2020-03-31": "184.00000", "2019-12-31": 241, "2019-09-30": 176, "2019-06-30": 173, "2019-03-31": "138.00000", "2018-12-31": 100, "2018-09-30": 178, "2018-06-30": 169, "2018-03-31": "162.00000", "2017-12-31": -667, "2017-09-30": 225, "2017-06-30": 193, "2017-03-31": "19.00000", "2016-12-31": 266, "2016-09-30": 180, "2016-06-30": 197, "2016-03-31": "205.00000", "2015-12-31": 84, "2015-09-30": 102, "2015-06-30": 89, "2015-03-31": "62.00000", "2014-12-31": 156, "2014-09-30": 69, "2014-06-30": 66, "2014-03-31": "48.00000", "2013-12-31": 363, "2013-09-30": 33, "2013-06-30": 37, "2013-03-31": "36.00000", "2012-12-31": 41.061, "2012-09-30": 36.091, "2012-06-30": 39.068, "2012-03-31": "38.78000", "2011-12-31": 49.362, "2011-09-30": 52.462, "2011-06-30": 38.304, "2011-03-31": "43.87200", "2010-12-31": 41.255, "2010-09-30": 35.919, "2010-06-30": 49.016, "2010-03-31": "33.05200", "2009-12-31": 39.454, "2009-09-30": 42.31, "2009-06-30": 45.786, "2009-03-31": "22.90800", "2008-12-31": 41.54, "2008-09-30": 15.424, "2008-06-30": 10.524, "2008-03-31": "-12.09800", "2007-12-31": 1.644, "2007-09-30": 7.839, "2007-06-30": 8.586, "2007-03-31": "-35.16300", "2006-12-31": -13.146, "2006-09-30": -9.236, "2006-06-30": -4.539, "2006-03-31": "3.10800", "2005-12-31": 5.301, "2005-09-30": 3.627, "2005-06-30": 3.805, "2005-03-31": "4.10700"}, "Change In Accounts Receivable": {"2020-12-31": 79, "2020-09-30": 77, "2020-06-30": 295, "2020-03-31": "-600.00000", "2019-12-31": 67, "2019-09-30": -1, "2019-06-30": 131, "2019-03-31": "-227.00000", "2018-12-31": 75, "2018-09-30": 29, "2018-06-30": 111, "2018-03-31": "-259.00000", "2017-12-31": 18, "2017-09-30": 17, "2017-06-30": 70, "2017-03-31": "-240.00000", "2016-12-31": 23, "2016-09-30": 69, "2016-06-30": 72, "2016-03-31": "-229.00000", "2015-12-31": 17, "2015-09-30": 29, "2015-06-30": 31, "2015-03-31": "-122.00000", "2014-12-31": 78, "2014-09-30": -14, "2014-06-30": -107, "2014-03-31": "", "2013-12-31": 13, "2013-09-30": 9, "2013-06-30": 3, "2013-03-31": "-60.00000", "2012-12-31": 20.972, "2012-09-30": 26.812, "2012-06-30": 4.044, "2012-03-31": "-41.82800", "2011-12-31": 23.211, "2011-09-30": 6.338, "2011-06-30": -1.018, "2011-03-31": "-50.53100", "2010-12-31": 19.524, "2010-09-30": 4.435, "2010-06-30": 4.561, "2010-03-31": "-31.18900", "2009-12-31": 24.026, "2009-09-30": -12.717, "2009-06-30": -9.06, "2009-03-31": "-29.67600", "2008-12-31": 16.284, "2008-09-30": -4.168, "2008-06-30": -3.92, "2008-03-31": "-22.57800", "2007-12-31": 9.153, "2007-09-30": 1.494, "2007-06-30": -9.563, "2007-03-31": "-6.33200", "2006-12-31": 4.26, "2006-09-30": -7.949, "2006-06-30": -8.406, "2006-03-31": "-5.97700", "2005-12-31": 1.67, "2005-09-30": -0.361, "2005-06-30": -4.295, "2005-03-31": "-2.74900"}, "Change In Inventories": {"2020-12-31": 0, "2020-09-30": 0, "2020-06-30": 0, "2020-03-31": "", "2019-12-31": 0, "2019-09-30": 0, "2019-06-30": 0, "2019-03-31": "", "2018-12-31": 0, "2018-09-30": 0, "2018-06-30": 0, "2018-03-31": "", "2017-12-31": 0, "2017-09-30": 0, "2017-06-30": 0, "2017-03-31": "", "2016-12-31": 0, "2016-09-30": 0, "2016-06-30": 0, "2016-03-31": "", "2015-12-31": 0, "2015-09-30": 0, "2015-06-30": 0, "2015-03-31": "", "2014-12-31": 0, "2014-09-30": 0, "2014-06-30": 0, "2014-03-31": "", "2013-12-31": 0, "2013-09-30": 0, "2013-06-30": 0, "2013-03-31": "", "2012-12-31": 0, "2012-09-30": 0, "2012-06-30": 0, "2012-03-31": "", "2011-12-31": 0, "2011-09-30": 0, "2011-06-30": 0, "2011-03-31": "", "2010-12-31": 0, "2010-09-30": 0, "2010-06-30": 0, "2010-03-31": "", "2009-12-31": 0, "2009-09-30": 0, "2009-06-30": 0, "2009-03-31": "", "2008-12-31": 0, "2008-09-30": 0, "2008-06-30": 0, "2008-03-31": "", "2007-12-31": 0, "2007-09-30": 0, "2007-06-30": 0, "2007-03-31": "", "2006-12-31": 0, "2006-09-30": 0, "2006-06-30": 0, "2006-03-31": "", "2005-12-31": 0, "2005-09-30": 0, "2005-06-30": 0, "2005-03-31": ""}, "Change In Accounts Payable": {"2020-12-31": 0, "2020-09-30": 0, "2020-06-30": 0, "2020-03-31": "", "2019-12-31": 0, "2019-09-30": 0, "2019-06-30": 0, "2019-03-31": "", "2018-12-31": 0, "2018-09-30": 0, "2018-06-30": 0, "2018-03-31": "", "2017-12-31": 0, "2017-09-30": 0, "2017-06-30": 0, "2017-03-31": "", "2016-12-31": 0, "2016-09-30": 0, "2016-06-30": 0, "2016-03-31": "", "2015-12-31": 0, "2015-09-30": 0, "2015-06-30": 0, "2015-03-31": "", "2014-12-31": 0, "2014-09-30": 0, "2014-06-30": 49, "2014-03-31": "-49.00000", "2013-12-31": 0, "2013-09-30": 0, "2013-06-30": 0, "2013-03-31": "", "2012-12-31": 0, "2012-09-30": 0, "2012-06-30": 0, "2012-03-31": "", "2011-12-31": 0, "2011-09-30": 0, "2011-06-30": 0, "2011-03-31": "", "2010-12-31": 0, "2010-09-30": 0, "2010-06-30": 0, "2010-03-31": "", "2009-12-31": 0, "2009-09-30": 0, "2009-06-30": 0, "2009-03-31": "", "2008-12-31": 0, "2008-09-30": 0, "2008-06-30": 0, "2008-03-31": "", "2007-12-31": -3.4, "2007-09-30": 0, "2007-06-30": 0, "2007-03-31": "", "2006-12-31": 16.335, "2006-09-30": 0, "2006-06-30": 0, "2006-03-31": "", "2005-12-31": 0.624, "2005-09-30": 0.61, "2005-06-30": -0.43, "2005-03-31": "0.81400"}, "Change In Assets/Liabilities": {"2020-12-31": 175, "2020-09-30": -277, "2020-06-30": -156, "2020-03-31": "278.00000", "2019-12-31": 16, "2019-09-30": -212, "2019-06-30": -54, "2019-03-31": "251.00000", "2018-12-31": 4, "2018-09-30": -173, "2018-06-30": -79, "2018-03-31": "196.00000", "2017-12-31": 85, "2017-09-30": -308, "2017-06-30": -202, "2017-03-31": "321.00000", "2016-12-31": -15, "2016-09-30": -194, "2016-06-30": -126, "2016-03-31": "244.00000", "2015-12-31": -53, "2015-09-30": -321, "2015-06-30": -104, "2015-03-31": "202.00000", "2014-12-31": 13, "2014-09-30": -182, "2014-06-30": 56, "2014-03-31": "264.00000", "2013-12-31": 2, "2013-09-30": -82, "2013-06-30": 46, "2013-03-31": "44.00000", "2012-12-31": -4.382, "2012-09-30": 0.295, "2012-06-30": 1.779, "2012-03-31": "8.30800", "2011-12-31": -1.438, "2011-09-30": -3.6, "2011-06-30": -8.458, "2011-03-31": "-0.50400", "2010-12-31": 0.269, "2010-09-30": -3.132, "2010-06-30": -0.377, "2010-03-31": "-2.00400", "2009-12-31": 1.319, "2009-09-30": -1.409, "2009-06-30": -5.301, "2009-03-31": "11.36600", "2008-12-31": -3.007, "2008-09-30": 3.466, "2008-06-30": -3.038, "2008-03-31": "0.61200", "2007-12-31": 1.083, "2007-09-30": 1.811, "2007-06-30": -2.249, "2007-03-31": "-1.73700", "2006-12-31": 1.266, "2006-09-30": -2.056, "2006-06-30": -3.272, "2006-03-31": "-0.75800", "2005-12-31": 1.134, "2005-09-30": -1.742, "2005-06-30": -2.706, "2005-03-31": "-0.78400"}, "Total Change In Assets/Liabilities": {"2020-12-31": 254, "2020-09-30": -200, "2020-06-30": 139, "2020-03-31": "-322.00000", "2019-12-31": 83, "2019-09-30": -213, "2019-06-30": 77, "2019-03-31": "24.00000", "2018-12-31": 79, "2018-09-30": -144, "2018-06-30": 32, "2018-03-31": "-63.00000", "2017-12-31": 103, "2017-09-30": -291, "2017-06-30": -132, "2017-03-31": "81.00000", "2016-12-31": 8, "2016-09-30": -125, "2016-06-30": -54, "2016-03-31": "15.00000", "2015-12-31": -36, "2015-09-30": -292, "2015-06-30": -73, "2015-03-31": "80.00000", "2014-12-31": 91, "2014-09-30": -196, "2014-06-30": -2, "2014-03-31": "215.00000", "2013-12-31": -41, "2013-09-30": 2, "2013-06-30": 37, "2013-03-31": "-23.00000", "2012-12-31": -13.591, "2012-09-30": 36.947, "2012-06-30": -4.441, "2012-03-31": "-2.91500", "2011-12-31": -7.673, "2011-09-30": 30.308, "2011-06-30": 3.035, "2011-03-31": "-18.67000", "2010-12-31": 12.123, "2010-09-30": -16.58, "2010-06-30": 6.216, "2010-03-31": "-35.01000", "2009-12-31": 61.028, "2009-09-30": -9.212, "2009-06-30": -2.425, "2009-03-31": "-27.41000", "2008-12-31": -14.705, "2008-09-30": 17.483, "2008-06-30": 16.819, "2008-03-31": "-0.84700", "2007-12-31": 35.896, "2007-09-30": 16.265, "2007-06-30": 1.694, "2007-03-31": "10.40800", "2006-12-31": 23.229, "2006-09-30": 14.335, "2006-06-30": -2.995, "2006-03-31": "-3.33500", "2005-12-31": 2.379, "2005-09-30": -7.192, "2005-06-30": 4.249, "2005-03-31": "-4.65600"}, "Cash Flow From Operating Activities": {"2020-12-31": 1066, "2020-09-30": 437, "2020-06-30": 858, "2020-03-31": "520.00000", "2019-12-31": 777, "2019-09-30": 500, "2019-06-30": 728, "2019-03-31": "654.00000", "2018-12-31": 798, "2018-09-30": 499, "2018-06-30": 663, "2018-03-31": "573.00000", "2017-12-31": 675, "2017-09-30": 311, "2017-06-30": 488, "2017-03-31": "611.00000", "2016-12-31": 641, "2016-09-30": 405, "2016-06-30": 506, "2016-03-31": "597.00000", "2015-12-31": 421, "2015-09-30": 120, "2015-06-30": 305, "2015-03-31": "465.00000", "2014-12-31": 541, "2014-09-30": 86, "2014-06-30": 299, "2014-03-31": "537.00000", "2013-12-31": 152, "2013-09-30": 180, "2013-06-30": 232, "2013-03-31": "150.00000", "2012-12-31": 160.286, "2012-09-30": 207.145, "2012-06-30": 179.925, "2012-03-31": "185.64400", "2011-12-31": 172.215, "2011-09-30": 219.718, "2011-06-30": 165.711, "2011-03-31": "155.35600", "2010-12-31": 155.187, "2010-09-30": 119.252, "2010-06-30": 157.759, "2010-03-31": "101.56000", "2009-12-31": 183.474, "2009-09-30": 119.98, "2009-06-30": 115.419, "2009-03-31": "67.72000", "2008-12-31": 75.69, "2008-09-30": 107.87, "2008-06-30": 112.207, "2008-03-31": "79.34500", "2007-12-31": 102.192, "2007-09-30": 90.785, "2007-06-30": 63.973, "2007-03-31": "30.83100", "2006-12-31": 59.075, "2006-09-30": 48.744, "2006-06-30": 23.433, "2006-03-31": "19.43700", "2005-12-31": 20.32, "2005-09-30": 13.256, "2005-06-30": 7.913, "2005-03-31": "8.32100"}, "Net Change In Property, Plant, And Equipment": {"2020-12-31": -142, "2020-09-30": -124, "2020-06-30": -85, "2020-03-31": "-59.00000", "2019-12-31": -102, "2019-09-30": -69, "2019-06-30": -69, "2019-03-31": "-65.00000", "2018-12-31": -119, "2018-09-30": -53, "2018-06-30": -57, "2018-03-31": "-51.00000", "2017-12-31": -117, "2017-09-30": -90, "2017-06-30": -84, "2017-03-31": "-66.00000", "2016-12-31": -111, "2016-09-30": -97, "2016-06-30": -101, "2016-03-31": "-56.00000", "2015-12-31": -85, "2015-09-30": -56, "2015-06-30": -76, "2015-03-31": "-60.00000", "2014-12-31": -89, "2014-09-30": -63, "2014-06-30": -53, "2014-03-31": "-45.00000", "2013-12-31": -75, "2013-09-30": -54, "2013-06-30": -26, "2013-03-31": "-24.00000", "2012-12-31": -18.05, "2012-09-30": -16.926, "2012-06-30": -17.851, "2012-03-31": "-15.17300", "2011-12-31": -44.409, "2011-09-30": -12.762, "2011-06-30": -17.368, "2011-03-31": "-12.46100", "2010-12-31": -10.741, "2010-09-30": -12.753, "2010-06-30": -13.526, "2010-03-31": "-10.74800", "2009-12-31": -16.177, "2009-09-30": -10.144, "2009-06-30": -10.492, "2009-03-31": "-7.92900", "2008-12-31": -19.193, "2008-09-30": -14.551, "2008-06-30": -8.669, "2008-03-31": "-6.39900", "2007-12-31": -8.954, "2007-09-30": -9.349, "2007-06-30": -12.222, "2007-03-31": "-12.74100", "2006-12-31": -6.725, "2006-09-30": -5.514, "2006-06-30": -4.258, "2006-03-31": "-3.31800", "2005-12-31": -4.942, "2005-09-30": -5.408, "2005-06-30": -1.817, "2005-03-31": "-1.56300"}, "Net Change In Intangible Assets": {"2020-12-31": 0, "2020-09-30": 0, "2020-06-30": 0, "2020-03-31": "", "2019-12-31": 0, "2019-09-30": 0, "2019-06-30": 0, "2019-03-31": "", "2018-12-31": 0, "2018-09-30": 0, "2018-06-30": 0, "2018-03-31": "", "2017-12-31": 0, "2017-09-30": 0, "2017-06-30": 0, "2017-03-31": "", "2016-12-31": 0, "2016-09-30": 0, "2016-06-30": 0, "2016-03-31": "", "2015-12-31": 0, "2015-09-30": 0, "2015-06-30": 0, "2015-03-31": "", "2014-12-31": 0, "2014-09-30": 0, "2014-06-30": 0, "2014-03-31": "", "2013-12-31": 0, "2013-09-30": 0, "2013-06-30": 0, "2013-03-31": "", "2012-12-31": 0, "2012-09-30": 0, "2012-06-30": 0, "2012-03-31": "", "2011-12-31": 0, "2011-09-30": 0, "2011-06-30": 0, "2011-03-31": "", "2010-12-31": 0, "2010-09-30": 0, "2010-06-30": 0, "2010-03-31": "", "2009-12-31": 0, "2009-09-30": 0, "2009-06-30": 0, "2009-03-31": "", "2008-12-31": 0, "2008-09-30": 0, "2008-06-30": 0, "2008-03-31": "", "2007-12-31": -2.484, "2007-09-30": -50.161, "2007-06-30": -0.066, "2007-03-31": "-8.38800", "2006-12-31": 0, "2006-09-30": 0, "2006-06-30": 0, "2006-03-31": "", "2005-12-31": 0, "2005-09-30": 0, "2005-06-30": 0, "2005-03-31": ""}, "Net Acquisitions/Divestitures": {"2020-12-31": -7, "2020-09-30": -9188, "2020-06-30": -2, "2020-03-31": "-249.00000", "2019-12-31": 0, "2019-09-30": 0, "2019-06-30": -333, "2019-03-31": "-19.00000", "2018-12-31": -95, "2018-09-30": -746, "2018-06-30": -5, "2018-03-31": "-400.00000", "2017-12-31": 329, "2017-09-30": -1, "2017-06-30": 426, "2017-03-31": "22.00000", "2016-12-31": -425, "2016-09-30": 0, "2016-06-30": 0, "2016-03-31": "", "2015-12-31": -3751, "2015-09-30": 0, "2015-06-30": 0, "2015-03-31": "", "2014-12-31": -308, "2014-09-30": 171, "2014-06-30": 1976, "2014-03-31": "-142.00000", "2013-12-31": -2192, "2013-09-30": 0, "2013-06-30": -5, "2013-03-31": "-44.00000", "2012-12-31": 0.25, "2012-09-30": -18.25, "2012-06-30": 0, "2012-03-31": "", "2011-12-31": -6.8, "2011-09-30": 0, "2011-06-30": 0, "2011-03-31": "-3.20000", "2010-12-31": -0.023, "2010-09-30": -552.958, "2010-06-30": 0, "2010-03-31": "", "2009-12-31": 0.002, "2009-09-30": 0.047, "2009-06-30": 2.001, "2009-03-31": "-39.84200", "2008-12-31": -9.486, "2008-09-30": -7.718, "2008-06-30": 0, "2008-03-31": "-29.61200", "2007-12-31": -24.521, "2007-09-30": -63.594, "2007-06-30": 0.15, "2007-03-31": "-392.27000", "2006-12-31": -4.124, "2006-09-30": 0, "2006-06-30": 0, "2006-03-31": "", "2005-12-31": 0, "2005-09-30": 0, "2005-06-30": 0, "2005-03-31": ""}, "Net Change In Short-term Investments": {"2020-12-31": 0, "2020-09-30": 0, "2020-06-30": 0, "2020-03-31": "", "2019-12-31": 0, "2019-09-30": 0, "2019-06-30": 0, "2019-03-31": "", "2018-12-31": 0, "2018-09-30": 0, "2018-06-30": 0, "2018-03-31": "", "2017-12-31": 0, "2017-09-30": 0, "2017-06-30": 0, "2017-03-31": "", "2016-12-31": 0, "2016-09-30": 0, "2016-06-30": 0, "2016-03-31": "", "2015-12-31": 1089, "2015-09-30": -1084, "2015-06-30": 1084, "2015-03-31": "", "2014-12-31": 0, "2014-09-30": 0, "2014-06-30": 0, "2014-03-31": "", "2013-12-31": 0, "2013-09-30": 0, "2013-06-30": 0, "2013-03-31": "", "2012-12-31": -0.043, "2012-09-30": 0, "2012-06-30": 0.043, "2012-03-31": "", "2011-12-31": 0, "2011-09-30": 0, "2011-06-30": 0, "2011-03-31": "", "2010-12-31": 0, "2010-09-30": 0, "2010-06-30": 0, "2010-03-31": "", "2009-12-31": 0, "2009-09-30": 0, "2009-06-30": 0, "2009-03-31": "", "2008-12-31": 0, "2008-09-30": 0, "2008-06-30": 0, "2008-03-31": "", "2007-12-31": 0, "2007-09-30": 0, "2007-06-30": 0, "2007-03-31": "", "2006-12-31": 0, "2006-09-30": 0, "2006-06-30": 0, "2006-03-31": "", "2005-12-31": 0, "2005-09-30": 0, "2005-06-30": 0, "2005-03-31": ""}, "Net Change In Long-Term Investments": {"2020-12-31": -1, "2020-09-30": 2, "2020-06-30": -3, "2020-03-31": "6.00000", "2019-12-31": 26, "2019-09-30": -41, "2019-06-30": 40, "2019-03-31": "44.00000", "2018-12-31": 76, "2018-09-30": 0, "2018-06-30": -1, "2018-03-31": "-304.00000", "2017-12-31": -327, "2017-09-30": 0, "2017-06-30": 0, "2017-03-31": "", "2016-12-31": -70, "2016-09-30": 0, "2016-06-30": 0, "2016-03-31": "", "2015-12-31": -1084, "2015-09-30": 1084, "2015-06-30": 0, "2015-03-31": "-60.00000", "2014-12-31": 0, "2014-09-30": -1276, "2014-06-30": 22, "2014-03-31": "4.00000", "2013-12-31": 11, "2013-09-30": 0, "2013-06-30": -37, "2013-03-31": "", "2012-12-31": 0, "2012-09-30": 0, "2012-06-30": 0, "2012-03-31": "", "2011-12-31": -0.109, "2011-09-30": -514.244, "2011-06-30": -2.246, "2011-03-31": "0.59900", "2010-12-31": 1.174, "2010-09-30": 0.14, "2010-06-30": 0, "2010-03-31": "0.00100", "2009-12-31": 16.501, "2009-09-30": 7.356, "2009-06-30": -23.327, "2009-03-31": "3.37100", "2008-12-31": -2.012, "2008-09-30": 10.647, "2008-06-30": 52.559, "2008-03-31": "70.78900", "2007-12-31": -40.752, "2007-09-30": 10.925, "2007-06-30": -47.817, "2007-03-31": "18.01800", "2006-12-31": 63.708, "2006-09-30": -44.606, "2006-06-30": 9.154, "2006-03-31": "-28.33000", "2005-12-31": -73.228, "2005-09-30": -40.373, "2005-06-30": 12.429, "2005-03-31": "-6.64800"}, "Net Change In Investments - Total": {"2020-12-31": -1, "2020-09-30": 2, "2020-06-30": -3, "2020-03-31": "6.00000", "2019-12-31": 26, "2019-09-30": -41, "2019-06-30": 40, "2019-03-31": "44.00000", "2018-12-31": 76, "2018-09-30": 0, "2018-06-30": -1, "2018-03-31": "-304.00000", "2017-12-31": -327, "2017-09-30": 0, "2017-06-30": 0, "2017-03-31": "", "2016-12-31": -70, "2016-09-30": 0, "2016-06-30": 0, "2016-03-31": "", "2015-12-31": 5, "2015-09-30": 0, "2015-06-30": 1084, "2015-03-31": "-60.00000", "2014-12-31": 0, "2014-09-30": -1276, "2014-06-30": 22, "2014-03-31": "4.00000", "2013-12-31": 11, "2013-09-30": 0, "2013-06-30": -37, "2013-03-31": "", "2012-12-31": -0.043, "2012-09-30": 0, "2012-06-30": 0.043, "2012-03-31": "", "2011-12-31": -0.109, "2011-09-30": -514.244, "2011-06-30": -2.246, "2011-03-31": "0.59900", "2010-12-31": 1.174, "2010-09-30": 0.14, "2010-06-30": 0, "2010-03-31": "0.00100", "2009-12-31": 16.501, "2009-09-30": 7.356, "2009-06-30": -23.327, "2009-03-31": "3.37100", "2008-12-31": -2.012, "2008-09-30": 10.647, "2008-06-30": 52.559, "2008-03-31": "70.78900", "2007-12-31": -40.752, "2007-09-30": 10.925, "2007-06-30": -47.817, "2007-03-31": "18.01800", "2006-12-31": 63.708, "2006-09-30": -44.606, "2006-06-30": 9.154, "2006-03-31": "-28.33000", "2005-12-31": -73.228, "2005-09-30": -40.373, "2005-06-30": 12.429, "2005-03-31": "-6.64800"}, "Investing Activities - Other": {"2020-12-31": 22, "2020-09-30": 0, "2020-06-30": 0, "2020-03-31": "", "2019-12-31": -6, "2019-09-30": 0, "2019-06-30": 0, "2019-03-31": "", "2018-12-31": 0, "2018-09-30": 0, "2018-06-30": 0, "2018-03-31": "", "2017-12-31": 0, "2017-09-30": 0, "2017-06-30": 0, "2017-03-31": "", "2016-12-31": 52, "2016-09-30": 93, "2016-06-30": -142, "2016-03-31": "-3.00000", "2015-12-31": -19, "2015-09-30": 3, "2015-06-30": -23, "2015-03-31": "34.00000", "2014-12-31": -56, "2014-09-30": 6, "2014-06-30": -51, "2014-03-31": "-60.00000", "2013-12-31": -6, "2013-09-30": -23, "2013-06-30": 2, "2013-03-31": "-48.00000", "2012-12-31": -4.343, "2012-09-30": 0.741, "2012-06-30": -27.698, "2012-03-31": "-0.70000", "2011-12-31": -13.198, "2011-09-30": 8.128, "2011-06-30": 5.869, "2011-03-31": "-2.79900", "2010-12-31": -4.942, "2010-09-30": 620.795, "2010-06-30": -648.946, "2010-03-31": "-0.55500", "2009-12-31": -1.16, "2009-09-30": -7.008, "2009-06-30": 5.741, "2009-03-31": "-61.21500", "2008-12-31": 6.321, "2008-09-30": -104.131, "2008-06-30": -5.744, "2008-03-31": "-2.54700", "2007-12-31": -1.313, "2007-09-30": -4.142, "2007-06-30": 3.614, "2007-03-31": "8.67900", "2006-12-31": -0.529, "2006-09-30": -2.458, "2006-06-30": -0.412, "2006-03-31": "-0.21600", "2005-12-31": -0.879, "2005-09-30": 0.229, "2005-06-30": 5.08, "2005-03-31": ""}, "Cash Flow From Investing Activities": {"2020-12-31": -128, "2020-09-30": -9310, "2020-06-30": -90, "2020-03-31": "-302.00000", "2019-12-31": -82, "2019-09-30": -110, "2019-06-30": -362, "2019-03-31": "-40.00000", "2018-12-31": -138, "2018-09-30": -799, "2018-06-30": -63, "2018-03-31": "-755.00000", "2017-12-31": -115, "2017-09-30": -91, "2017-06-30": 342, "2017-03-31": "-44.00000", "2016-12-31": -554, "2016-09-30": -4, "2016-06-30": -243, "2016-03-31": "-59.00000", "2015-12-31": -3850, "2015-09-30": -53, "2015-06-30": 985, "2015-03-31": "-86.00000", "2014-12-31": -453, "2014-09-30": -1162, "2014-06-30": 1894, "2014-03-31": "-243.00000", "2013-12-31": -2262, "2013-09-30": -77, "2013-06-30": -66, "2013-03-31": "-116.00000", "2012-12-31": -22.186, "2012-09-30": -34.435, "2012-06-30": -45.506, "2012-03-31": "-15.87300", "2011-12-31": -64.516, "2011-09-30": -518.878, "2011-06-30": -13.745, "2011-03-31": "-17.86100", "2010-12-31": -14.532, "2010-09-30": 55.224, "2010-06-30": -662.472, "2010-03-31": "-11.30200", "2009-12-31": -0.834, "2009-09-30": -9.749, "2009-06-30": -26.077, "2009-03-31": "-105.61500", "2008-12-31": -24.37, "2008-09-30": -115.753, "2008-06-30": 38.146, "2008-03-31": "32.23100", "2007-12-31": -78.024, "2007-09-30": -116.321, "2007-06-30": -56.341, "2007-03-31": "-386.70200", "2006-12-31": 52.33, "2006-09-30": -52.578, "2006-06-30": 4.484, "2006-03-31": "-31.86400", "2005-12-31": -79.049, "2005-09-30": -45.552, "2005-06-30": 15.692, "2005-03-31": "-8.21100"}, "Net Long-Term Debt": {"2020-12-31": -2059, "2020-09-30": 10173, "2020-06-30": 79, "2020-03-31": "503.00000", "2019-12-31": -8, "2019-09-30": 31, "2019-06-30": 293, "2019-03-31": "54.00000", "2018-12-31": 1365, "2018-09-30": -847, "2018-06-30": 23, "2018-03-31": "789.00000", "2017-12-31": 170, "2017-09-30": 24, "2017-06-30": -352, "2017-03-31": "-117.00000", "2016-12-31": 57, "2016-09-30": -225, "2016-06-30": -238, "2016-03-31": "-543.00000", "2015-12-31": 1339, "2015-09-30": 237, "2015-06-30": -953, "2015-03-31": "35.00000", "2014-12-31": 593, "2014-09-30": -768, "2014-06-30": 0, "2014-03-31": "", "2013-12-31": 1080, "2013-09-30": 0, "2013-06-30": 0, "2013-03-31": "", "2012-12-31": 0, "2012-09-30": 0, "2012-06-30": 0, "2012-03-31": "", "2011-12-31": 0, "2011-09-30": 0, "2011-06-30": 0, "2011-03-31": "", "2010-12-31": 0, "2010-09-30": 1.484, "2010-06-30": 0.077, "2010-03-31": "-1.56100", "2009-12-31": 0, "2009-09-30": 1.719, "2009-06-30": -0.151, "2009-03-31": "-1.56800", "2008-12-31": 0.124, "2008-09-30": -0.124, "2008-06-30": 0, "2008-03-31": "", "2007-12-31": 0, "2007-09-30": 0, "2007-06-30": 0, "2007-03-31": "", "2006-12-31": 0, "2006-09-30": 0, "2006-06-30": 0, "2006-03-31": "", "2005-12-31": 0, "2005-09-30": 0, "2005-06-30": 0, "2005-03-31": "-0.48200"}, "Net Current Debt": {"2020-12-31": 1258, "2020-09-30": -1258, "2020-06-30": 0, "2020-03-31": "", "2019-12-31": 0, "2019-09-30": 0, "2019-06-30": 0, "2019-03-31": "", "2018-12-31": -1613, "2018-09-30": 1613, "2018-06-30": 0, "2018-03-31": "", "2017-12-31": -135, "2017-09-30": 135, "2017-06-30": 0, "2017-03-31": "", "2016-12-31": 0, "2016-09-30": 0, "2016-06-30": 0, "2016-03-31": "", "2015-12-31": 2472, "2015-09-30": 0, "2015-06-30": 0, "2015-03-31": "", "2014-12-31": -377, "2014-09-30": 1090, "2014-06-30": -929, "2014-03-31": "-161.00000", "2013-12-31": 631, "2013-09-30": -12, "2013-06-30": -108, "2013-03-31": "-222.00000", "2012-12-31": 282.5, "2012-09-30": -12.5, "2012-06-30": -12.5, "2012-03-31": "-12.50000", "2011-12-31": 286, "2011-09-30": 144.25, "2011-06-30": -65.75, "2011-03-31": "-55.50000", "2010-12-31": -55.5, "2010-09-30": 154.5, "2010-06-30": 194.5, "2010-03-31": "-22.50000", "2009-12-31": -22.5, "2009-09-30": -22.5, "2009-06-30": -17.5, "2009-03-31": "-9.37500", "2008-12-31": -9.375, "2008-09-30": 185.625, "2008-06-30": -9.375, "2008-03-31": "-9.37500", "2007-12-31": -9.375, "2007-09-30": -9.375, "2007-06-30": -9.375, "2007-03-31": "250.00000", "2006-12-31": 0, "2006-09-30": 0, "2006-06-30": 0, "2006-03-31": "", "2005-12-31": -13.48, "2005-09-30": 0, "2005-06-30": 0, "2005-03-31": "-12.00000"}, "Debt Issuance/Retirement Net - Total": {"2020-12-31": -801, "2020-09-30": 8915, "2020-06-30": 79, "2020-03-31": "503.00000", "2019-12-31": -8, "2019-09-30": 31, "2019-06-30": 293, "2019-03-31": "54.00000", "2018-12-31": -248, "2018-09-30": 766, "2018-06-30": 23, "2018-03-31": "789.00000", "2017-12-31": 35, "2017-09-30": 159, "2017-06-30": -352, "2017-03-31": "-117.00000", "2016-12-31": 57, "2016-09-30": -225, "2016-06-30": -238, "2016-03-31": "-543.00000", "2015-12-31": 3811, "2015-09-30": 237, "2015-06-30": -953, "2015-03-31": "35.00000", "2014-12-31": 216, "2014-09-30": 322, "2014-06-30": -929, "2014-03-31": "-161.00000", "2013-12-31": 1711, "2013-09-30": -12, "2013-06-30": -108, "2013-03-31": "-222.00000", "2012-12-31": 282.5, "2012-09-30": -12.5, "2012-06-30": -12.5, "2012-03-31": "-12.50000", "2011-12-31": 286, "2011-09-30": 144.25, "2011-06-30": -65.75, "2011-03-31": "-55.50000", "2010-12-31": -55.5, "2010-09-30": 155.984, "2010-06-30": 194.577, "2010-03-31": "-24.06100", "2009-12-31": -22.5, "2009-09-30": -20.781, "2009-06-30": -17.651, "2009-03-31": "-10.94300", "2008-12-31": -9.251, "2008-09-30": 185.501, "2008-06-30": -9.375, "2008-03-31": "-9.37500", "2007-12-31": -9.375, "2007-09-30": -9.375, "2007-06-30": -9.375, "2007-03-31": "250.00000", "2006-12-31": 0, "2006-09-30": 0, "2006-06-30": 0, "2006-03-31": "", "2005-12-31": 12.482, "2005-09-30": 0, "2005-06-30": 0, "2005-03-31": "-12.48200"}, "Net Common Equity Issued/Repurchased": {"2020-12-31": 0, "2020-09-30": -148, "2020-06-30": -400, "2020-03-31": "-699.00000", "2019-12-31": -340, "2019-09-30": -340, "2019-06-30": -340, "2019-03-31": "-440.00000", "2018-12-31": -139, "2018-09-30": -300, "2018-06-30": -459, "2018-03-31": "-300.00000", "2017-12-31": -240, "2017-09-30": -240, "2017-06-30": -240, "2017-03-31": "-229.00000", "2016-12-31": -104, "2016-09-30": 0, "2016-06-30": 0, "2016-03-31": "", "2015-12-31": -55, "2015-09-30": -206, "2015-06-30": -203, "2015-03-31": "-196.00000", "2014-12-31": -207, "2014-09-30": -443, "2014-06-30": 3, "2014-03-31": "2.00000", "2013-12-31": 3, "2013-09-30": 0, "2013-06-30": 6, "2013-03-31": "4.00000", "2012-12-31": -49.67, "2012-09-30": 1.362, "2012-06-30": -2.778, "2012-03-31": "5.08600", "2011-12-31": -47.419, "2011-09-30": -97.974, "2011-06-30": -23.059, "2011-03-31": "2.45200", "2010-12-31": 2.432, "2010-09-30": -89.879, "2010-06-30": 2.852, "2010-03-31": "6.96800", "2009-12-31": 3.369, "2009-09-30": 1.36, "2009-06-30": 7.089, "2009-03-31": "0.88600", "2008-12-31": 1.111, "2008-09-30": -299.508, "2008-06-30": 1.617, "2008-03-31": "1.99000", "2007-12-31": 2.434, "2007-09-30": 2.043, "2007-06-30": 2.074, "2007-03-31": "3.38000", "2006-12-31": 7.574, "2006-09-30": 7.067, "2006-06-30": 6.704, "2006-03-31": "0.95100", "2005-12-31": 55.395, "2005-09-30": 0.488, "2005-06-30": 0.12, "2005-03-31": "0.00200"}, "Net Total Equity Issued/Repurchased": {"2020-12-31": 0, "2020-09-30": -148, "2020-06-30": -400, "2020-03-31": "-699.00000", "2019-12-31": -340, "2019-09-30": -340, "2019-06-30": -340, "2019-03-31": "-440.00000", "2018-12-31": -139, "2018-09-30": -300, "2018-06-30": -459, "2018-03-31": "-300.00000", "2017-12-31": -240, "2017-09-30": -240, "2017-06-30": -240, "2017-03-31": "-229.00000", "2016-12-31": -104, "2016-09-30": 0, "2016-06-30": 0, "2016-03-31": "", "2015-12-31": -55, "2015-09-30": -206, "2015-06-30": -203, "2015-03-31": "-196.00000", "2014-12-31": -207, "2014-09-30": -443, "2014-06-30": 3, "2014-03-31": "2.00000", "2013-12-31": 3, "2013-09-30": 0, "2013-06-30": 6, "2013-03-31": "4.00000", "2012-12-31": -49.67, "2012-09-30": 1.362, "2012-06-30": -2.778, "2012-03-31": "5.08600", "2011-12-31": -47.419, "2011-09-30": -97.974, "2011-06-30": -23.059, "2011-03-31": "2.45200", "2010-12-31": 2.432, "2010-09-30": -89.879, "2010-06-30": 2.852, "2010-03-31": "6.96800", "2009-12-31": 3.369, "2009-09-30": 1.36, "2009-06-30": 7.089, "2009-03-31": "0.88600", "2008-12-31": 1.111, "2008-09-30": -299.508, "2008-06-30": 1.617, "2008-03-31": "1.99000", "2007-12-31": 2.434, "2007-09-30": 2.043, "2007-06-30": 2.074, "2007-03-31": "3.38000", "2006-12-31": 7.574, "2006-09-30": 7.067, "2006-06-30": 6.704, "2006-03-31": "0.95100", "2005-12-31": 55.39, "2005-09-30": 0.488, "2005-06-30": 0.12, "2005-03-31": "0.00200"}, "Total Common And Preferred Stock Dividends Paid": {"2020-12-31": -169, "2020-09-30": -170, "2020-06-30": -164, "2020-03-31": "-166.00000", "2019-12-31": -154, "2019-09-30": -155, "2019-06-30": -155, "2019-03-31": "-157.00000", "2018-12-31": -138, "2018-09-30": -138, "2018-06-30": -139, "2018-03-31": "-140.00000", "2017-12-31": -118, "2017-09-30": -119, "2017-06-30": -119, "2017-03-31": "-120.00000", "2016-12-31": -102, "2016-09-30": -102, "2016-06-30": -103, "2016-03-31": "-102.00000", "2015-12-31": -89, "2015-09-30": -84, "2015-06-30": -85, "2015-03-31": "-73.00000", "2014-12-31": -74, "2014-09-30": -74, "2014-06-30": -75, "2014-03-31": "-76.00000", "2013-12-31": -75, "2013-09-30": 0, "2013-06-30": 0, "2013-03-31": "", "2012-12-31": 0, "2012-09-30": 0, "2012-06-30": 0, "2012-03-31": "", "2011-12-31": 0, "2011-09-30": 0, "2011-06-30": 0, "2011-03-31": "", "2010-12-31": 0, "2010-09-30": 0, "2010-06-30": 0, "2010-03-31": "", "2009-12-31": 0, "2009-09-30": 0, "2009-06-30": 0, "2009-03-31": "", "2008-12-31": 0, "2008-09-30": 0, "2008-06-30": 0, "2008-03-31": "", "2007-12-31": 0, "2007-09-30": 0, "2007-06-30": 0, "2007-03-31": "", "2006-12-31": 0, "2006-09-30": 0, "2006-06-30": 0, "2006-03-31": "", "2005-12-31": 0, "2005-09-30": 0, "2005-06-30": 0, "2005-03-31": ""}, "Financial Activities - Other": {"2020-12-31": 5, "2020-09-30": 1, "2020-06-30": 7, "2020-03-31": "-49.00000", "2019-12-31": 0, "2019-09-30": -5, "2019-06-30": 16, "2019-03-31": "-53.00000", "2018-12-31": 81, "2018-09-30": -46, "2018-06-30": 4, "2018-03-31": "-79.00000", "2017-12-31": -114, "2017-09-30": -13, "2017-06-30": -59, "2017-03-31": "-85.00000", "2016-12-31": 53, "2016-09-30": -8, "2016-06-30": 7, "2016-03-31": "-52.00000", "2015-12-31": 1, "2015-09-30": -4, "2015-06-30": -126, "2015-03-31": "-34.00000", "2014-12-31": 10, "2014-09-30": -138, "2014-06-30": -18, "2014-03-31": "-31.00000", "2013-12-31": -144, "2013-09-30": -10, "2013-06-30": 0, "2013-03-31": "-34.00000", "2012-12-31": -0.099, "2012-09-30": -3.919, "2012-06-30": -4.572, "2012-03-31": "-18.41000", "2011-12-31": -18.898, "2011-09-30": -6.294, "2011-06-30": 1.028, "2011-03-31": "-13.83600", "2010-12-31": -3.327, "2010-09-30": -10.176, "2010-06-30": 2.217, "2010-03-31": "-12.56700", "2009-12-31": -3.357, "2009-09-30": 0.823, "2009-06-30": -8.4, "2009-03-31": "-5.00700", "2008-12-31": -0.852, "2008-09-30": 0.54, "2008-06-30": 4.354, "2008-03-31": "-7.87100", "2007-12-31": 9.432, "2007-09-30": 4.758, "2007-06-30": 5.662, "2007-03-31": "13.10100", "2006-12-31": 15.102, "2006-09-30": 10.789, "2006-06-30": 10.414, "2006-03-31": "-0.26200", "2005-12-31": 3.054, "2005-09-30": -0.259, "2005-06-30": -1.246, "2005-03-31": "-1.73900"}, "Cash Flow From Financial Activities": {"2020-12-31": -965, "2020-09-30": 8598, "2020-06-30": -478, "2020-03-31": "-411.00000", "2019-12-31": -502, "2019-09-30": -469, "2019-06-30": -186, "2019-03-31": "-596.00000", "2018-12-31": -444, "2018-09-30": 282, "2018-06-30": -571, "2018-03-31": "270.00000", "2017-12-31": -437, "2017-09-30": -213, "2017-06-30": -770, "2017-03-31": "-551.00000", "2016-12-31": -96, "2016-09-30": -335, "2016-06-30": -334, "2016-03-31": "-697.00000", "2015-12-31": 3668, "2015-09-30": -57, "2015-06-30": -1367, "2015-03-31": "-268.00000", "2014-12-31": -55, "2014-09-30": -333, "2014-06-30": -1019, "2014-03-31": "-266.00000", "2013-12-31": 1495, "2013-09-30": -22, "2013-06-30": -102, "2013-03-31": "-252.00000", "2012-12-31": 232.731, "2012-09-30": -15.057, "2012-06-30": -19.85, "2012-03-31": "-25.82400", "2011-12-31": 219.683, "2011-09-30": 39.982, "2011-06-30": -87.781, "2011-03-31": "-66.88400", "2010-12-31": -56.395, "2010-09-30": 55.929, "2010-06-30": 199.646, "2010-03-31": "-29.66000", "2009-12-31": -22.488, "2009-09-30": -18.598, "2009-06-30": -18.962, "2009-03-31": "-15.06400", "2008-12-31": -8.992, "2008-09-30": -113.467, "2008-06-30": -3.404, "2008-03-31": "-15.25600", "2007-12-31": 2.491, "2007-09-30": -2.574, "2007-06-30": -1.639, "2007-03-31": "266.48100", "2006-12-31": 22.676, "2006-09-30": 17.856, "2006-06-30": 17.118, "2006-03-31": "0.68900", "2005-12-31": 45.436, "2005-09-30": 0.229, "2005-06-30": -1.126, "2005-03-31": "-14.21900"}, "Net Cash Flow": {"2020-12-31": -20, "2020-09-30": -270, "2020-06-30": 295, "2020-03-31": "-202.00000", "2019-12-31": 199, "2019-09-30": -82, "2019-06-30": 180, "2019-03-31": "19.00000", "2018-12-31": 210, "2018-09-30": -18, "2018-06-30": 22, "2018-03-31": "90.00000", "2017-12-31": 126, "2017-09-30": 11, "2017-06-30": 64, "2017-03-31": "17.00000", "2016-12-31": -28, "2016-09-30": 68, "2016-06-30": -78, "2016-03-31": "-159.00000", "2015-12-31": 234, "2015-09-30": 9, "2015-06-30": -74, "2015-03-31": "100.00000", "2014-12-31": 14, "2014-09-30": -1419, "2014-06-30": 1093, "2014-03-31": "3.00000", "2013-12-31": -576, "2013-09-30": 80, "2013-06-30": 66, "2013-03-31": "-221.00000", "2012-12-31": 370.773, "2012-09-30": 159.158, "2012-06-30": 113.633, "2012-03-31": "145.43600", "2011-12-31": 325.489, "2011-09-30": -259.371, "2011-06-30": 62.417, "2011-03-31": "72.46500", "2010-12-31": 82.594, "2010-09-30": 232.09, "2010-06-30": -305.186, "2010-03-31": "59.82900", "2009-12-31": 160.836, "2009-09-30": 91.17, "2009-06-30": 70.863, "2009-03-31": "-53.92600", "2008-12-31": 41.795, "2008-09-30": -121.131, "2008-06-30": 146.981, "2008-03-31": "96.28000", "2007-12-31": 26.772, "2007-09-30": -28.027, "2007-06-30": 5.988, "2007-03-31": "-89.39300", "2006-12-31": 134.075, "2006-09-30": 16.088, "2006-06-30": 45.896, "2006-03-31": "-11.80400", "2005-12-31": -14.225, "2005-09-30": -31.405, "2005-06-30": 20.211, "2005-03-31": "-15.77100"}, "Stock-Based Compensation": {"2020-12-31": 34, "2020-09-30": 32, "2020-06-30": 32, "2020-03-31": "41.00000", "2019-12-31": 39, "2019-09-30": 36, "2019-06-30": 35, "2019-03-31": "29.00000", "2018-12-31": 37, "2018-09-30": 32, "2018-06-30": 32, "2018-03-31": "29.00000", "2017-12-31": 33, "2017-09-30": 34, "2017-06-30": 34, "2017-03-31": "34.00000", "2016-12-31": 34, "2016-09-30": 30, "2016-06-30": 31, "2016-03-31": "29.00000", "2015-12-31": 32, "2015-09-30": 32, "2015-06-30": 23, "2015-03-31": "24.00000", "2014-12-31": 24, "2014-09-30": 24, "2014-06-30": 29, "2014-03-31": "20.00000", "2013-12-31": 22, "2013-09-30": 12, "2013-06-30": 15, "2013-03-31": "15.00000", "2012-12-31": 12.019, "2012-09-30": 11.678, "2012-06-30": 14.054, "2012-03-31": "14.24900", "2011-12-31": 12.506, "2011-09-30": 13.617, "2011-06-30": 13.17, "2011-03-31": "13.70700", "2010-12-31": 10.852, "2010-09-30": 12.155, "2010-06-30": 14.368, "2010-03-31": "11.94500", "2009-12-31": 17.447, "2009-09-30": 13.931, "2009-06-30": 12.013, "2009-03-31": "9.78000", "2008-12-31": 11.13, "2008-09-30": 7.431, "2008-06-30": 9.935, "2008-03-31": "7.88600", "2007-12-31": 10.925, "2007-09-30": 4.958, "2007-06-30": 3.889, "2007-03-31": "3.82300", "2006-12-31": 2.151, "2006-09-30": 1.883, "2006-06-30": 2.573, "2006-03-31": "2.21800", "2005-12-31": 0.425, "2005-09-30": 0.414, "2005-06-30": 0.411, "2005-03-31": "0.40500"}, "Common Stock Dividends Paid": {"2020-12-31": -169, "2020-09-30": -170, "2020-06-30": -164, "2020-03-31": "-166.00000", "2019-12-31": -154, "2019-09-30": -155, "2019-06-30": -155, "2019-03-31": "-157.00000", "2018-12-31": -138, "2018-09-30": -138, "2018-06-30": -139, "2018-03-31": "-140.00000", "2017-12-31": -118, "2017-09-30": -119, "2017-06-30": -119, "2017-03-31": "-120.00000", "2016-12-31": -102, "2016-09-30": -102, "2016-06-30": -103, "2016-03-31": "-102.00000", "2015-12-31": -89, "2015-09-30": -84, "2015-06-30": -85, "2015-03-31": "-73.00000", "2014-12-31": -74, "2014-09-30": -74, "2014-06-30": -75, "2014-03-31": "-76.00000", "2013-12-31": -75, "2013-09-30": 0, "2013-06-30": 0, "2013-03-31": "", "2012-12-31": 0, "2012-09-30": 0, "2012-06-30": 0, "2012-03-31": "", "2011-12-31": 0, "2011-09-30": 0, "2011-06-30": 0, "2011-03-31": "", "2010-12-31": 0, "2010-09-30": 0, "2010-06-30": 0, "2010-03-31": "", "2009-12-31": 0, "2009-09-30": 0, "2009-06-30": 0, "2009-03-31": "", "2008-12-31": 0, "2008-09-30": 0, "2008-06-30": 0, "2008-03-31": "", "2007-12-31": 0, "2007-09-30": 0, "2007-06-30": 0, "2007-03-31": "", "2006-12-31": 0, "2006-09-30": 0, "2006-06-30": 0, "2006-03-31": "", "2005-12-31": 0, "2005-09-30": 0, "2005-06-30": 0, "2005-03-31": ""}}, "financial ratios": {"Current Ratio": {"2020-12-31": "0.99110", "2019-12-31": "0.98780", "2018-12-31": "1.00880", "2017-12-31": "0.98870", "2016-12-31": "0.97470", "2015-12-31": "0.97390", "2014-12-31": "0.99600", "2013-12-31": "0.99880", "2012-12-31": "1.04660", "2011-12-31": "1.02530", "2010-12-31": "1.01940", "2009-12-31": "1.02590", "2008-12-31": "1.01960", "2007-12-31": "1.25370", "2006-12-31": "8.99540", "2005-12-31": "6.21410"}, "Long-term Debt / Capital": {"2020-12-31": "0.41970", "2019-12-31": "0.23300", "2018-12-31": "0.27360", "2017-12-31": "0.20080", "2016-12-31": "0.19720", "2015-12-31": "0.24120", "2014-12-31": "0.15280", "2013-12-31": "0.24060", "2012-12-31": "0.20860", "2011-12-31": "0.20940", "2010-12-31": "0.10370", "2009-12-31": "0.07890", "2008-12-31": "0.14180", "2007-12-31": "0.11100", "2006-12-31": "", "2005-12-31": ""}, "Debt/Equity Ratio": {"2020-12-31": "0.84660", "2019-12-31": "0.45230", "2018-12-31": "0.43180", "2017-12-31": "0.35910", "2016-12-31": "0.40400", "2015-12-31": "0.49250", "2014-12-31": "0.34510", "2013-12-31": "0.40850", "2012-12-31": "0.30790", "2011-12-31": "0.28060", "2010-12-31": "0.20540", "2009-12-31": "0.12640", "2008-12-31": "0.18850", "2007-12-31": "0.15020", "2006-12-31": "", "2005-12-31": ""}, "Gross Margin": {"2020-12-31": "97.61430", "2019-12-31": "97.59710", "2018-12-31": "97.36900", "2017-12-31": "97.39110", "2016-12-31": "96.96370", "2015-12-31": "95.83580", "2014-12-31": "94.14620", "2013-12-31": "96.62080", "2012-12-31": "97.57890", "2011-12-31": "97.36250", "2010-12-31": "97.16530", "2009-12-31": "96.42570", "2008-12-31": "96.34660", "2007-12-31": "95.98690", "2006-12-31": "96.36870", "2005-12-31": "93.50460"}, "Operating Margin": {"2020-12-31": "50.24850", "2019-12-31": "51.38410", "2018-12-31": "51.87790", "2017-12-31": "51.29370", "2016-12-31": "48.13830", "2015-12-31": "52.42660", "2014-12-31": "46.83050", "2013-12-31": "49.43680", "2012-12-31": "60.67500", "2011-12-31": "59.75890", "2010-12-31": "56.72620", "2009-12-31": "51.53050", "2008-12-31": "60.69950", "2007-12-31": "61.56490", "2006-12-31": "65.21210", "2005-12-31": "36.06010"}, "EBIT Margin": {"2020-12-31": "50.24850", "2019-12-31": "51.38410", "2018-12-31": "51.87790", "2017-12-31": "51.29370", "2016-12-31": "48.13830", "2015-12-31": "52.42660", "2014-12-31": "46.83050", "2013-12-31": "49.43680", "2012-12-31": "60.67500", "2011-12-31": "59.75890", "2010-12-31": "56.72620", "2009-12-31": "51.53050", "2008-12-31": "60.69950", "2007-12-31": "61.56490", "2006-12-31": "65.21210", "2005-12-31": "36.06010"}, "EBITDA Margin": {"2020-12-31": "62.69050", "2019-12-31": "64.11000", "2018-12-31": "63.64730", "2017-12-31": "62.82880", "2016-12-31": "61.65780", "2015-12-31": "62.94190", "2014-12-31": "55.82150", "2013-12-31": "58.76100", "2012-12-31": "70.28610", "2011-12-31": "69.55540", "2010-12-31": "67.78710", "2009-12-31": "63.28440", "2008-12-31": "68.55740", "2007-12-31": "67.38060", "2006-12-31": "69.62930", "2005-12-31": "45.80630"}, "Pre-Tax Profit Margin": {"2020-12-31": "45.82510", "2019-12-31": "47.69320", "2018-12-31": "50.61260", "2017-12-31": "54.46310", "2016-12-31": "45.27930", "2015-12-31": "49.52070", "2014-12-31": "45.50450", "2013-12-31": "31.53940", "2012-12-31": "57.96040", "2011-12-31": "57.27200", "2010-12-31": "53.00020", "2009-12-31": "49.62920", "2008-12-31": "58.23500", "2007-12-31": "62.41310", "2006-12-31": "67.73220", "2005-12-31": "38.49160"}, "Net Profit Margin": {"2020-12-31": "34.60900", "2019-12-31": "37.15880", "2018-12-31": "39.92770", "2017-12-31": "54.46310", "2016-12-31": "31.69330", "2015-12-31": "38.16660", "2014-12-31": "31.72700", "2013-12-31": "15.89490", "2012-12-31": "40.49890", "2011-12-31": "38.43260", "2010-12-31": "34.63630", "2009-12-31": "31.76440", "2008-12-31": "37.01640", "2007-12-31": "41.89710", "2006-12-31": "45.65600", "2005-12-31": "-13.41480"}, "Asset Turnover": {"2020-12-31": "0.04780", "2019-12-31": "0.05510", "2018-12-31": "0.05370", "2017-12-31": "0.05930", "2016-12-31": "0.05500", "2015-12-31": "0.04280", "2014-12-31": "0.04530", "2013-12-31": "0.02480", "2012-12-31": "0.03660", "2011-12-31": "0.03670", "2010-12-31": "0.04320", "2009-12-31": "0.04550", "2008-12-31": "0.05440", "2007-12-31": "0.20540", "2006-12-31": "0.63620", "2005-12-31": "0.58650"}, "Inventory Turnover Ratio": {"2020-12-31": "", "2019-12-31": "", "2018-12-31": "", "2017-12-31": "", "2016-12-31": "", "2015-12-31": "", "2014-12-31": "", "2013-12-31": "", "2012-12-31": "", "2011-12-31": "", "2010-12-31": "", "2009-12-31": "", "2008-12-31": "", "2007-12-31": "", "2006-12-31": "", "2005-12-31": ""}, "Receiveable Turnover": {"2020-12-31": "4.90730", "2019-12-31": "5.26520", "2018-12-31": "5.22460", "2017-12-31": "5.13620", "2016-12-31": "5.80700", "2015-12-31": "4.76860", "2014-12-31": "6.08660", "2013-12-31": "2.92670", "2012-12-31": "10.73230", "2011-12-31": "9.73370", "2010-12-31": "10.04700", "2009-12-31": "9.12080", "2008-12-31": "10.00740", "2007-12-31": "11.04030", "2006-12-31": "9.76930", "2005-12-31": "10.55070"}, "Days Sales In Receivables": {"2020-12-31": "74.37870", "2019-12-31": "69.32330", "2018-12-31": "69.86240", "2017-12-31": "71.06400", "2016-12-31": "62.85570", "2015-12-31": "76.54280", "2014-12-31": "59.96770", "2013-12-31": "124.71210", "2012-12-31": "34.00950", "2011-12-31": "37.49870", "2010-12-31": "36.32910", "2009-12-31": "40.01840", "2008-12-31": "36.47320", "2007-12-31": "33.06080", "2006-12-31": "37.36200", "2005-12-31": "34.59500"}, "ROE - Return On Equity": {"2020-12-31": "10.79140", "2019-12-31": "11.33870", "2018-12-31": "11.72310", "2017-12-31": "15.03680", "2016-12-31": "9.24840", "2015-12-31": "8.72640", "2014-12-31": "8.11010", "2013-12-31": "2.58460", "2012-12-31": "15.28420", "2011-12-31": "16.50680", "2010-12-31": "14.47640", "2009-12-31": "12.90880", "2008-12-31": "14.95750", "2007-12-31": "16.29220", "2006-12-31": "31.52430", "2005-12-31": "17.37150"}, "Return On Tangible Equity": {"2020-12-31": "-13.04050", "2019-12-31": "-31.04210", "2018-12-31": "-31.98230", "2017-12-31": "-46.43640", "2016-12-31": "-20.94290", "2015-12-31": "-16.19360", "2014-12-31": "-25.61820", "2013-12-31": "-5.21940", "2012-12-31": "59.78720", "2011-12-31": "128.89460", "2010-12-31": "4121.94900", "2009-12-31": "118.38990", "2008-12-31": "-198.67290", "2007-12-31": "-341.03740", "2006-12-31": "38.37450", "2005-12-31": "25.80970"}, "ROA - Return On Assets": {"2020-12-31": "1.67040", "2019-12-31": "2.07420", "2018-12-31": "2.17690", "2017-12-31": "3.26330", "2016-12-31": "1.77680", "2015-12-31": "1.66050", "2014-12-31": "1.47240", "2013-12-31": "0.49670", "2012-12-31": "1.51010", "2011-12-31": "1.44410", "2010-12-31": "1.53050", "2009-12-31": "1.43550", "2008-12-31": "2.01190", "2007-12-31": "8.60450", "2006-12-31": "29.04800", "2005-12-31": "15.20490"}, "ROI - Return On Investment": {"2020-12-31": "6.26260", "2019-12-31": "8.69720", "2018-12-31": "8.51570", "2017-12-31": "12.01770", "2016-12-31": "7.42420", "2015-12-31": "6.62170", "2014-12-31": "6.87090", "2013-12-31": "1.96270", "2012-12-31": "12.09640", "2011-12-31": "13.05050", "2010-12-31": "12.97580", "2009-12-31": "11.89010", "2008-12-31": "12.83640", "2007-12-31": "14.48400", "2006-12-31": "31.52430", "2005-12-31": "17.37150"}, "Book Value Per Share": {"2020-12-31": "34.82000", "2019-12-31": "31.20220", "2018-12-31": "30.28300", "2017-12-31": "29.13380", "2016-12-31": "26.47730", "2015-12-31": "24.98320", "2014-12-31": "21.93270", "2013-12-31": "21.53220", "2012-12-31": "10.07400", "2011-12-31": "8.73270", "2010-12-31": "7.68530", "2009-12-31": "6.62320", "2008-12-31": "5.56130", "2007-12-31": "4.23710", "2006-12-31": "1.56380", "2005-12-31": "0.86190"}, "Operating Cash Flow Per Share": {"2020-12-31": 0.4848, "2019-12-31": 0.3314, "2018-12-31": 0.8647, "2017-12-31": -0.0775, "2016-12-31": 1.2423, "2015-12-31": -0.2079, "2014-12-31": 0.7456, "2013-12-31": -0.2006, "2012-12-31": 0.0812, "2011-12-31": 0.4936, "2010-12-31": 0.1199, "2009-12-31": 0.2739, "2008-12-31": 0.2287, "2007-12-31": 0.3052, "2006-12-31": 0.3185, "2005-12-31": 0.1872}, "Free Cash Flow Per Share": {"2020-12-31": 0.2859, "2019-12-31": 0.2752, "2018-12-31": 0.9821, "2017-12-31": -0.0692, "2016-12-31": 1.1286, "2015-12-31": -0.2672, "2014-12-31": 0.7625, "2013-12-31": -0.4675, "2012-12-31": 0.13, "2011-12-31": 0.3868, "2010-12-31": 0.1124, "2009-12-31": 0.2884, "2008-12-31": 0.2153, "2007-12-31": 0.2498, "2006-12-31": 0.3036, "2005-12-31": 0.1356}}, "financial ratios, quarterly": {"Current Ratio": {"2020-12-31": "0.99110", "2020-09-30": "0.99390", "2020-06-30": "1.01290", "2020-03-31": "0.98880", "2019-12-31": "0.98780", "2019-09-30": "1.00490", "2019-06-30": "1.00380", "2019-03-31": "1.00670", "2018-12-31": "1.00880", "2018-09-30": "1.00380", "2018-06-30": "0.97730", "2018-03-31": "0.97740", "2017-12-31": "0.98870", "2017-09-30": "1.01170", "2017-06-30": "0.99350", "2017-03-31": "0.98330", "2016-12-31": "0.97470", "2016-09-30": "0.99030", "2016-06-30": "0.98430", "2016-03-31": "0.98060", "2015-12-31": "0.97390", "2015-09-30": "0.99160", "2015-06-30": "0.99020", "2015-03-31": "0.99360", "2014-12-31": "0.99600", "2014-09-30": "1.00080", "2014-06-30": "1.01050", "2014-03-31": "0.99670", "2013-12-31": "0.99880", "2013-09-30": "1.02820", "2013-06-30": "1.04320", "2013-03-31": "1.04320", "2012-12-31": "1.04660", "2012-09-30": "1.03730", "2012-06-30": "1.03160", "2012-03-31": "1.03030", "2011-12-31": "1.02530", "2011-09-30": "1.00840", "2011-06-30": "1.02040", "2011-03-31": "1.02090", "2010-12-31": "1.01940", "2010-09-30": "1.01500", "2010-06-30": "1.03740", "2010-03-31": "1.02830", "2009-12-31": "1.02590", "2009-09-30": "1.02440", "2009-06-30": "1.01710", "2009-03-31": "1.01760", "2008-12-31": "1.01960", "2008-09-30": "1.12190", "2008-06-30": "1.40150", "2008-03-31": "1.26530", "2007-12-31": "1.25370", "2007-09-30": "1.19940", "2007-06-30": "1.19600", "2007-03-31": "1.24200", "2006-12-31": "8.99540", "2006-09-30": "8.81730", "2006-06-30": "9.43610", "2006-03-31": "6.44040", "2005-12-31": "6.21410", "2005-09-30": "", "2005-06-30": "", "2005-03-31": ""}, "Long-term Debt / Capital": {"2020-12-31": "0.41970", "2020-09-30": "0.43830", "2020-06-30": "0.31190", "2020-03-31": "0.23640", "2019-12-31": "0.23300", "2019-09-30": "0.27430", "2019-06-30": "0.27470", "2019-03-31": "0.27480", "2018-12-31": "0.27360", "2018-09-30": "0.27800", "2018-06-30": "0.20230", "2018-03-31": "0.20070", "2017-12-31": "0.20080", "2017-09-30": "0.23300", "2017-06-30": "0.19560", "2017-03-31": "0.19700", "2016-12-31": "0.19720", "2016-09-30": "0.23290", "2016-06-30": "0.23540", "2016-03-31": "0.23830", "2015-12-31": "0.24120", "2015-09-30": "0.15370", "2015-06-30": "0.15300", "2015-03-31": "0.15420", "2014-12-31": "0.15280", "2014-09-30": "0.15090", "2014-06-30": "0.14480", "2014-03-31": "0.21680", "2013-12-31": "0.24060", "2013-09-30": "0.07750", "2013-06-30": "0.16270", "2013-03-31": "0.18690", "2012-12-31": "0.20860", "2012-09-30": "0.18160", "2012-06-30": "0.19250", "2012-03-31": "0.19490", "2011-12-31": "0.20940", "2011-09-30": "0.10940", "2011-06-30": "0.05800", "2011-03-31": "0.08050", "2010-12-31": "0.10370", "2010-09-30": "0.12580", "2010-06-30": "0.12070", "2010-03-31": "0.06710", "2009-12-31": "0.07890", "2009-09-30": "0.09100", "2009-06-30": "0.10420", "2009-03-31": "0.11640", "2008-12-31": "0.14180", "2008-09-30": "0.15000", "2008-06-30": "0.08730", "2008-03-31": "0.09890", "2007-12-31": "0.11100", "2007-09-30": "0.12260", "2007-06-30": "0.13460", "2007-03-31": "0.14630", "2006-12-31": "", "2006-09-30": "", "2006-06-30": "", "2006-03-31": "", "2005-12-31": "", "2005-09-30": "", "2005-06-30": "", "2005-03-31": ""}, "Debt/Equity Ratio": {"2020-12-31": "0.84660", "2020-09-30": "0.90970", "2020-06-30": "0.49480", "2020-03-31": "0.49060", "2019-12-31": "0.45230", "2019-09-30": "0.45530", "2019-06-30": "0.45470", "2019-03-31": "0.43770", "2018-12-31": "0.43180", "2018-09-30": "0.45600", "2018-06-30": "0.41070", "2018-03-31": "0.40530", "2017-12-31": "0.35910", "2017-09-30": "0.37840", "2017-06-30": "0.37010", "2017-03-31": "0.39580", "2016-12-31": "0.40400", "2016-09-30": "0.40560", "2016-06-30": "0.42600", "2016-03-31": "0.44870", "2015-12-31": "0.49250", "2015-09-30": "0.28290", "2015-06-30": "0.26220", "2015-03-31": "0.34020", "2014-12-31": "0.34510", "2014-09-30": "0.32710", "2014-06-30": "0.29600", "2014-03-31": "0.37700", "2013-12-31": "0.40850", "2013-09-30": "0.19420", "2013-06-30": "0.20700", "2013-03-31": "0.24300", "2012-12-31": "0.30790", "2012-09-30": "0.23570", "2012-06-30": "0.25310", "2012-03-31": "0.25680", "2011-12-31": "0.28060", "2011-09-30": "0.19980", "2011-06-30": "0.14810", "2011-03-31": "0.17600", "2010-12-31": "0.20540", "2010-09-30": "0.23300", "2010-06-30": "0.17930", "2010-03-31": "0.11200", "2009-12-31": "0.12640", "2009-09-30": "0.14120", "2009-06-30": "0.15800", "2009-03-31": "0.17400", "2008-12-31": "0.18850", "2008-09-30": "0.19890", "2008-06-30": "0.11960", "2008-03-31": "0.13330", "2007-12-31": "0.15020", "2007-09-30": "0.16680", "2007-06-30": "0.18430", "2007-03-31": "0.20160", "2006-12-31": "", "2006-09-30": "", "2006-06-30": "", "2006-03-31": "", "2005-12-31": "", "2005-09-30": "", "2005-06-30": "", "2005-03-31": ""}, "Gross Margin": {"2020-12-31": "97.36680", "2020-09-30": "97.37780", "2020-06-30": "97.56270", "2020-03-31": "98.13980", "2019-12-31": "97.84280", "2019-09-30": "97.38020", "2019-06-30": "97.76580", "2019-03-31": "97.40160", "2018-12-31": "96.94190", "2018-09-30": "97.33330", "2018-06-30": "97.67260", "2018-03-31": "97.55100", "2017-12-31": "97.64400", "2017-09-30": "97.38220", "2017-06-30": "97.28810", "2017-03-31": "97.25560", "2016-12-31": "96.87230", "2016-09-30": "97.03150", "2016-06-30": "96.72280", "2016-03-31": "97.22700", "2015-12-31": "95.77140", "2015-09-30": "95.46570", "2015-06-30": "95.98490", "2015-03-31": "96.11770", "2014-12-31": "96.12500", "2014-09-30": "93.69130", "2014-06-30": "93.46670", "2014-03-31": "93.22460", "2013-12-31": "94.21640", "2013-09-30": "97.92900", "2013-06-30": "97.84950", "2013-03-31": "97.72730", "2012-12-31": "97.75550", "2012-09-30": "97.58250", "2012-06-30": "97.57240", "2012-03-31": "97.42550", "2011-12-31": "96.93010", "2011-09-30": "97.43440", "2011-06-30": "97.41040", "2011-03-31": "97.66510", "2010-12-31": "97.27850", "2010-09-30": "97.12270", "2010-06-30": "97.28890", "2010-03-31": "96.96440", "2009-12-31": "96.23900", "2009-09-30": "96.15010", "2009-06-30": "96.48070", "2009-03-31": "96.87800", "2008-12-31": "96.75960", "2008-09-30": "95.48810", "2008-06-30": "96.48610", "2008-03-31": "96.63540", "2007-12-31": "96.97420", "2007-09-30": "95.61740", "2007-06-30": "95.08690", "2007-03-31": "96.15900", "2006-12-31": "97.19520", "2006-09-30": "97.04420", "2006-06-30": "95.60410", "2006-03-31": "94.65020", "2005-12-31": "100.00000", "2005-09-30": "94.64250", "2005-06-30": "93.20280", "2005-03-31": "89.94600"}, "Operating Margin": {"2020-12-31": "46.67860", "2020-09-30": "44.43660", "2020-06-30": "53.33330", "2020-03-31": "56.57470", "2019-12-31": "47.91990", "2019-09-30": "52.84430", "2019-06-30": "52.38830", "2019-03-31": "52.36220", "2018-12-31": "51.68200", "2018-09-30": "50.16670", "2018-06-30": "52.56820", "2018-03-31": "53.06120", "2017-12-31": "51.65790", "2017-09-30": "52.00700", "2017-06-30": "51.61020", "2017-03-31": "49.91420", "2016-12-31": "48.91400", "2016-09-30": "43.97030", "2016-06-30": "48.80430", "2016-03-31": "50.60660", "2015-12-31": "47.77140", "2015-09-30": "53.92160", "2015-06-30": "53.95230", "2015-03-31": "54.35290", "2014-12-31": "50.00000", "2014-09-30": "44.29530", "2014-06-30": "43.60000", "2014-03-31": "49.05900", "2013-12-31": "30.41050", "2013-09-30": "59.76330", "2013-06-30": "60.48390", "2013-03-31": "56.81820", "2012-12-31": "59.47660", "2012-09-30": "60.04300", "2012-06-30": "61.33490", "2012-03-31": "61.66090", "2011-12-31": "59.60570", "2011-09-30": "59.87740", "2011-06-30": "58.69360", "2011-03-31": "60.82420", "2010-12-31": "55.66250", "2010-09-30": "52.78080", "2010-06-30": "60.20330", "2010-03-31": "58.16880", "2009-12-31": "48.28220", "2009-09-30": "54.62690", "2009-06-30": "53.89450", "2009-03-31": "49.14600", "2008-12-31": "46.95890", "2008-09-30": "59.14400", "2008-06-30": "67.34890", "2008-03-31": "69.62850", "2007-12-31": "60.59600", "2007-09-30": "66.47380", "2007-06-30": "56.00200", "2007-03-31": "62.90520", "2006-12-31": "67.37490", "2006-09-30": "69.06890", "2006-06-30": "64.43180", "2006-03-31": "54.99580", "2005-12-31": "50.67380", "2005-09-30": "54.94750", "2005-06-30": "-5.25710", "2005-03-31": "38.98460"}, "EBIT Margin": {"2020-12-31": "46.67860", "2020-09-30": "44.43660", "2020-06-30": "53.33330", "2020-03-31": "56.57470", "2019-12-31": "47.91990", "2019-09-30": "52.84430", "2019-06-30": "52.38830", "2019-03-31": "52.36220", "2018-12-31": "51.68200", "2018-09-30": "50.16670", "2018-06-30": "52.56820", "2018-03-31": "53.06120", "2017-12-31": "51.65790", "2017-09-30": "52.00700", "2017-06-30": "51.61020", "2017-03-31": "49.91420", "2016-12-31": "48.91400", "2016-09-30": "43.97030", "2016-06-30": "48.80430", "2016-03-31": "50.60660", "2015-12-31": "47.77140", "2015-09-30": "53.92160", "2015-06-30": "53.95230", "2015-03-31": "54.35290", "2014-12-31": "50.00000", "2014-09-30": "44.29530", "2014-06-30": "43.60000", "2014-03-31": "49.05900", "2013-12-31": "30.41050", "2013-09-30": "59.76330", "2013-06-30": "60.48390", "2013-03-31": "56.81820", "2012-12-31": "59.47660", "2012-09-30": "60.04300", "2012-06-30": "61.33490", "2012-03-31": "61.66090", "2011-12-31": "59.60570", "2011-09-30": "59.87740", "2011-06-30": "58.69360", "2011-03-31": "60.82420", "2010-12-31": "55.66250", "2010-09-30": "52.78080", "2010-06-30": "60.20330", "2010-03-31": "58.16880", "2009-12-31": "48.28220", "2009-09-30": "54.62690", "2009-06-30": "53.89450", "2009-03-31": "49.14600", "2008-12-31": "46.95890", "2008-09-30": "59.14400", "2008-06-30": "67.34890", "2008-03-31": "69.62850", "2007-12-31": "60.59600", "2007-09-30": "66.47380", "2007-06-30": "56.00200", "2007-03-31": "62.90520", "2006-12-31": "67.37490", "2006-09-30": "69.06890", "2006-06-30": "64.43180", "2006-03-31": "54.99580", "2005-12-31": "100.00000", "2005-09-30": "54.94750", "2005-06-30": "-5.25710", "2005-03-31": "38.98460"}, "EBITDA Margin": {"2020-12-31": "", "2020-09-30": "", "2020-06-30": "", "2020-03-31": "", "2019-12-31": "", "2019-09-30": "", "2019-06-30": "", "2019-03-31": "", "2018-12-31": "", "2018-09-30": "", "2018-06-30": "", "2018-03-31": "", "2017-12-31": "", "2017-09-30": "", "2017-06-30": "", "2017-03-31": "", "2016-12-31": "", "2016-09-30": "", "2016-06-30": "", "2016-03-31": "", "2015-12-31": "", "2015-09-30": "", "2015-06-30": "", "2015-03-31": "", "2014-12-31": "", "2014-09-30": "", "2014-06-30": "", "2014-03-31": "", "2013-12-31": "", "2013-09-30": "", "2013-06-30": "", "2013-03-31": "", "2012-12-31": "", "2012-09-30": "", "2012-06-30": "", "2012-03-31": "", "2011-12-31": "", "2011-09-30": "", "2011-06-30": "", "2011-03-31": "", "2010-12-31": "", "2010-09-30": "", "2010-06-30": "", "2010-03-31": "", "2009-12-31": "", "2009-09-30": "", "2009-06-30": "", "2009-03-31": "", "2008-12-31": "", "2008-09-30": "", "2008-06-30": "", "2008-03-31": "", "2007-12-31": "", "2007-09-30": "", "2007-06-30": "", "2007-03-31": "", "2006-12-31": "", "2006-09-30": "", "2006-06-30": "", "2006-03-31": "", "2005-12-31": "", "2005-09-30": "", "2005-06-30": "", "2005-03-31": ""}, "Pre-Tax Profit Margin": {"2020-12-31": "40.33510", "2020-09-30": "41.31820", "2020-06-30": "48.24370", "2020-03-31": "53.62410", "2019-12-31": "45.22340", "2019-09-30": "47.90420", "2019-06-30": "48.38210", "2019-03-31": "49.29130", "2018-12-31": "56.42200", "2018-09-30": "46.16670", "2018-06-30": "49.03690", "2018-03-31": "50.36740", "2017-12-31": "58.55150", "2017-09-30": "49.12740", "2017-06-30": "48.05090", "2017-03-31": "62.17840", "2016-12-31": "47.26330", "2016-09-30": "41.09460", "2016-06-30": "45.70420", "2016-03-31": "46.79380", "2015-12-31": "44.68570", "2015-09-30": "51.83820", "2015-06-30": "49.93730", "2015-03-31": "51.88240", "2014-12-31": "51.50000", "2014-09-30": "42.01340", "2014-06-30": "42.66670", "2014-03-31": "45.42030", "2013-12-31": "-18.09700", "2013-09-30": "57.10060", "2013-06-30": "58.33330", "2013-03-31": "54.26140", "2012-12-31": "56.80230", "2012-09-30": "57.13690", "2012-06-30": "58.81450", "2012-03-31": "58.89340", "2011-12-31": "56.30720", "2011-09-30": "57.53040", "2011-06-30": "56.48150", "2011-03-31": "58.72080", "2010-12-31": "52.51540", "2010-09-30": "51.27740", "2010-06-30": "52.61300", "2010-03-31": "55.65480", "2009-12-31": "50.43810", "2009-09-30": "53.61890", "2009-06-30": "47.05030", "2009-03-31": "47.10630", "2008-12-31": "39.15660", "2008-09-30": "58.71710", "2008-06-30": "66.76760", "2008-03-31": "68.73040", "2007-12-31": "60.32100", "2007-09-30": "65.42590", "2007-06-30": "55.03460", "2007-03-31": "69.39850", "2006-12-31": "70.75070", "2006-09-30": "71.95390", "2006-06-30": "65.59090", "2006-03-31": "57.19940", "2005-12-31": "100.00000", "2005-09-30": "56.52780", "2005-06-30": "-2.13160", "2005-03-31": "42.10130"}, "Net Profit Margin": {"2020-12-31": "31.47820", "2020-09-30": "27.64000", "2020-06-30": "37.49100", "2020-03-31": "41.69340", "2019-12-31": "34.51460", "2019-09-30": "39.59580", "2019-06-30": "36.36360", "2019-03-31": "38.11020", "2018-12-31": "46.71250", "2018-09-30": "38.16670", "2018-06-30": "36.51690", "2018-03-31": "37.87760", "2017-12-31": "107.59160", "2017-09-30": "32.37350", "2017-06-30": "35.50850", "2017-03-31": "43.13890", "2016-12-31": "31.27720", "2016-09-30": "31.91100", "2016-06-30": "31.62090", "2016-03-31": "31.97570", "2015-12-31": "42.28570", "2015-09-30": "37.50000", "2015-06-30": "35.50820", "2015-03-31": "37.05880", "2014-12-31": "36.00000", "2014-09-30": "27.65100", "2014-06-30": "30.13330", "2014-03-31": "32.74780", "2013-12-31": "-32.83580", "2013-09-30": "41.71600", "2013-06-30": "41.39790", "2013-03-31": "38.35230", "2012-12-31": "40.16500", "2012-09-30": "40.55920", "2012-06-30": "40.76070", "2012-03-31": "40.48940", "2011-12-31": "38.90130", "2011-09-30": "38.92010", "2011-06-30": "37.31810", "2011-03-31": "38.56170", "2010-12-31": "34.78040", "2010-09-30": "33.54220", "2010-06-30": "34.33610", "2010-03-31": "35.92180", "2009-12-31": "32.84060", "2009-09-30": "34.12650", "2009-06-30": "28.77520", "2009-03-31": "31.19030", "2008-12-31": "23.57180", "2008-09-30": "37.21280", "2008-06-30": "43.04320", "2008-03-31": "44.53850", "2007-12-31": "40.58610", "2007-09-30": "43.94570", "2007-06-30": "39.29120", "2007-03-31": "43.90400", "2006-12-31": "51.42660", "2006-09-30": "46.10720", "2006-06-30": "42.07990", "2006-03-31": "39.10740", "2005-12-31": "36.01380", "2005-09-30": "6.09130", "2005-06-30": "-17.94560", "2005-03-31": "27.86860"}, "Asset Turnover": {"2020-12-31": "0.01320", "2020-09-30": "0.01100", "2020-06-30": "0.01120", "2020-03-31": "0.01120", "2019-12-31": "0.01370", "2019-09-30": "0.01400", "2019-06-30": "0.01430", "2019-03-31": "0.01350", "2018-12-31": "0.01410", "2018-09-30": "0.01380", "2018-06-30": "0.01500", "2018-03-31": "0.01490", "2017-12-31": "0.01460", "2017-09-30": "0.01450", "2017-06-30": "0.01470", "2017-03-31": "0.01470", "2016-12-31": "0.01400", "2016-09-30": "0.01410", "2016-06-30": "0.01500", "2016-03-31": "0.01460", "2015-12-31": "0.01120", "2015-09-30": "0.01240", "2015-06-30": "0.01260", "2015-03-31": "0.01280", "2014-12-31": "0.01170", "2014-09-30": "0.01110", "2014-06-30": "0.01100", "2014-03-31": "0.01210", "2013-12-31": "0.00830", "2013-09-30": "0.00690", "2013-06-30": "0.00920", "2013-03-31": "0.00910", "2012-12-31": "0.00870", "2012-09-30": "0.00860", "2012-06-30": "0.00890", "2012-03-31": "0.01010", "2011-12-31": "0.00900", "2011-09-30": "0.00880", "2011-06-30": "0.01050", "2011-03-31": "0.01170", "2010-12-31": "0.01070", "2010-09-30": "0.01020", "2010-06-30": "0.01080", "2010-03-31": "0.01180", "2009-12-31": "0.01170", "2009-09-30": "0.01310", "2009-06-30": "0.01200", "2009-03-31": "0.01480", "2008-12-31": "0.01390", "2008-09-30": "0.04840", "2008-06-30": "0.06580", "2008-03-31": "0.06790", "2007-12-31": "0.05700", "2007-09-30": "0.05650", "2007-06-30": "0.05360", "2007-03-31": "0.05520", "2006-12-31": "0.19320", "2006-09-30": "0.22490", "2006-06-30": "0.21010", "2006-03-31": "0.17240", "2005-12-31": "0.15530", "2005-09-30": "", "2005-06-30": "", "2005-03-31": ""}, "Inventory Turnover Ratio": {"2020-12-31": "", "2020-09-30": "", "2020-06-30": "", "2020-03-31": "", "2019-12-31": "", "2019-09-30": "", "2019-06-30": "", "2019-03-31": "", "2018-12-31": "", "2018-09-30": "", "2018-06-30": "", "2018-03-31": "", "2017-12-31": "", "2017-09-30": "", "2017-06-30": "", "2017-03-31": "", "2016-12-31": "", "2016-09-30": "", "2016-06-30": "", "2016-03-31": "", "2015-12-31": "", "2015-09-30": "", "2015-06-30": "", "2015-03-31": "", "2014-12-31": "", "2014-09-30": "", "2014-06-30": "", "2014-03-31": "", "2013-12-31": "", "2013-09-30": "", "2013-06-30": "", "2013-03-31": "", "2012-12-31": "", "2012-09-30": "", "2012-06-30": "", "2012-03-31": "", "2011-12-31": "", "2011-09-30": "", "2011-06-30": "", "2011-03-31": "", "2010-12-31": "", "2010-09-30": "", "2010-06-30": "", "2010-03-31": "", "2009-12-31": "", "2009-09-30": "", "2009-06-30": "", "2009-03-31": "", "2008-12-31": "", "2008-09-30": "", "2008-06-30": "", "2008-03-31": "", "2007-12-31": "", "2007-09-30": "", "2007-06-30": "", "2007-03-31": "", "2006-12-31": "", "2006-09-30": "", "2006-06-30": "", "2006-03-31": "", "2005-12-31": "", "2005-09-30": "", "2005-06-30": "", "2005-03-31": ""}, "Receiveable Turnover": {"2020-12-31": "1.35850", "2020-09-30": "1.07710", "2020-06-30": "1.09070", "2020-03-31": "0.99360", "2019-12-31": "1.31380", "2019-09-30": "1.26520", "2019-06-30": "1.22220", "2019-03-31": "1.07540", "2018-12-31": "1.37250", "2018-09-30": "1.17650", "2018-06-30": "1.18780", "2018-03-31": "1.04970", "2017-12-31": "1.26910", "2017-09-30": "1.27760", "2017-06-30": "1.29390", "2017-03-31": "1.16720", "2016-12-31": "1.48130", "2016-09-30": "1.36630", "2016-06-30": "1.30970", "2016-03-31": "1.22640", "2015-12-31": "1.25000", "2015-09-30": "1.66530", "2015-06-30": "1.47320", "2015-03-31": "1.39800", "2014-12-31": "1.57480", "2014-09-30": "1.67040", "2014-06-30": "1.73610", "2014-03-31": "1.46510", "2013-12-31": "0.98170", "2013-09-30": "1.92240", "2013-06-30": "2.00230", "2013-03-31": "1.88280", "2012-12-31": "2.54650", "2012-09-30": "2.17050", "2012-06-30": "2.00480", "2012-03-31": "2.04200", "2011-12-31": "2.39660", "2011-09-30": "2.14030", "2011-06-30": "1.96200", "2011-03-31": "2.02290", "2010-12-31": "2.49020", "2010-09-30": "1.72530", "2010-06-30": "2.17850", "2010-03-31": "2.00330", "2009-12-31": "2.35220", "2009-09-30": "1.50760", "2009-06-30": "2.09360", "2009-03-31": "2.09270", "2008-12-31": "2.55100", "2008-09-30": "2.04110", "2008-06-30": "2.51560", "2008-03-31": "2.78050", "2007-12-31": "3.06230", "2007-09-30": "2.12070", "2007-06-30": "1.66990", "2007-03-31": "1.62620", "2006-12-31": "2.96580", "2006-09-30": "2.57940", "2006-06-30": "2.48580", "2006-03-31": "2.42240", "2005-12-31": "2.79310", "2005-09-30": "", "2005-06-30": "", "2005-03-31": ""}, "Days Sales In Receivables": {"2020-12-31": "66.24780", "2020-09-30": "83.55780", "2020-06-30": "82.51610", "2020-03-31": "90.57730", "2019-12-31": "68.50540", "2019-09-30": "71.13770", "2019-06-30": "73.63640", "2019-03-31": "83.69290", "2018-12-31": "65.57340", "2018-09-30": "76.50000", "2018-06-30": "75.77050", "2018-03-31": "85.73880", "2017-12-31": "70.91620", "2017-09-30": "70.44500", "2017-06-30": "69.55930", "2017-03-31": "77.10980", "2016-12-31": "60.75590", "2016-09-30": "65.87200", "2016-06-30": "68.71570", "2016-03-31": "73.38820", "2015-12-31": "72.00000", "2015-09-30": "54.04410", "2015-06-30": "61.09160", "2015-03-31": "64.37650", "2014-12-31": "57.15000", "2014-09-30": "53.87920", "2014-06-30": "51.84000", "2014-03-31": "61.43040", "2013-12-31": "91.67910", "2013-09-30": "46.81760", "2013-06-30": "44.94770", "2013-03-31": "47.80100", "2012-12-31": "35.34260", "2012-09-30": "41.46430", "2012-06-30": "44.89230", "2012-03-31": "44.07510", "2011-12-31": "37.55400", "2011-09-30": "42.05000", "2011-06-30": "45.87150", "2011-03-31": "44.48950", "2010-12-31": "36.14110", "2010-09-30": "52.16470", "2010-06-30": "41.31210", "2010-03-31": "44.92590", "2009-12-31": "38.26140", "2009-09-30": "59.69630", "2009-06-30": "42.98900", "2009-03-31": "43.00630", "2008-12-31": "35.28090", "2008-09-30": "44.09390", "2008-06-30": "35.77720", "2008-03-31": "32.36830", "2007-12-31": "29.38940", "2007-09-30": "42.43970", "2007-06-30": "53.89700", "2007-03-31": "55.34220", "2006-12-31": "30.34610", "2006-09-30": "34.89160", "2006-06-30": "36.20500", "2006-03-31": "37.15310", "2005-12-31": "32.22260", "2005-09-30": "", "2005-06-30": "", "2005-03-31": ""}, "ROE - Return On Equity": {"2020-12-31": "2.70300", "2020-09-30": "2.06800", "2020-06-30": "3.10700", "2020-03-31": "3.87860", "2019-12-31": "2.62060", "2019-09-30": "3.12480", "2019-06-30": "2.78780", "2019-03-31": "2.87220", "2018-12-31": "3.59240", "2018-09-30": "2.75900", "2018-06-30": "2.74350", "2018-03-31": "2.78730", "2017-12-31": "7.29470", "2017-09-30": "2.35350", "2017-06-30": "2.68000", "2017-03-31": "3.23680", "2016-12-31": "2.32960", "2016-09-30": "2.25170", "2016-06-30": "2.36790", "2016-03-31": "2.50000", "2015-12-31": "2.51350", "2015-09-30": "2.50610", "2015-06-30": "2.32260", "2015-03-31": "2.62070", "2014-12-31": "2.37250", "2014-09-30": "1.76380", "2014-06-30": "1.70950", "2014-03-31": "2.01610", "2013-12-31": "-0.96920", "2013-09-30": "3.56210", "2013-06-30": "4.07330", "2013-03-31": "3.65580", "2012-12-31": "3.61210", "2012-09-30": "3.71900", "2012-06-30": "4.26430", "2012-03-31": "4.39510", "2011-12-31": "4.12750", "2011-09-30": "4.54810", "2011-06-30": "4.02950", "2011-03-31": "4.37980", "2010-12-31": "3.61440", "2010-09-30": "3.67170", "2010-06-30": "3.83400", "2010-03-31": "4.06770", "2009-12-31": "3.41020", "2009-09-30": "3.71690", "2009-06-30": "3.23000", "2009-03-31": "3.39690", "2008-12-31": "2.42800", "2008-09-30": "3.83530", "2008-06-30": "4.99790", "2008-03-31": "5.78810", "2007-12-31": "4.37770", "2007-09-30": "4.80970", "2007-06-30": "4.11140", "2007-03-31": "4.48240", "2006-12-31": "10.77990", "2006-09-30": "11.50300", "2006-06-30": "9.77980", "2006-03-31": "7.66150", "2005-12-31": "6.38800", "2005-09-30": "", "2005-06-30": "", "2005-03-31": ""}, "Return On Tangible Equity": {"2020-12-31": "-3.26630", "2020-09-30": "-2.35960", "2020-06-30": "-7.89360", "2020-03-31": "-9.71360", "2019-12-31": "-7.17450", "2019-09-30": "-8.31910", "2019-06-30": "-7.23370", "2019-03-31": "-7.71890", "2018-12-31": "-9.80050", "2018-09-30": "-7.12640", "2018-06-30": "-7.87460", "2018-03-31": "-8.12480", "2017-12-31": "-22.52730", "2017-09-30": "-6.22830", "2017-06-30": "-6.91950", "2017-03-31": "-7.43710", "2016-12-31": "-5.27530", "2016-09-30": "-5.12900", "2016-06-30": "-5.03540", "2016-03-31": "-4.92550", "2015-12-31": "-4.66420", "2015-09-30": "-8.17940", "2015-06-30": "-7.62730", "2015-03-31": "-8.27570", "2014-12-31": "-7.49430", "2014-09-30": "-6.22560", "2014-06-30": "-6.96110", "2014-03-31": "-4.38950", "2013-12-31": "1.95730", "2013-09-30": "11.10980", "2013-06-30": "13.83830", "2013-03-31": "13.79570", "2012-12-31": "14.12940", "2012-09-30": "15.73030", "2012-06-30": "21.44480", "2012-03-31": "23.15810", "2011-12-31": "32.23010", "2011-09-30": "57.81940", "2011-06-30": "50.15850", "2011-03-31": "105.13060", "2010-12-31": "1029.14600", "2010-09-30": "-109.21750", "2010-06-30": "18.60120", "2010-03-31": "25.59860", "2009-12-31": "31.27580", "2009-09-30": "61.01880", "2009-06-30": "328.81350", "2009-03-31": "-69.70930", "2008-12-31": "-32.24940", "2008-09-30": "-34.36640", "2008-06-30": "82.64820", "2008-03-31": "-2037.34900", "2007-12-31": "-91.63610", "2007-09-30": "-47.65420", "2007-06-30": "-57.21030", "2007-03-31": "-491.52170", "2006-12-31": "13.12230", "2006-09-30": "14.63290", "2006-06-30": "13.15220", "2006-03-31": "10.92400", "2005-12-31": "9.49100", "2005-09-30": "", "2005-06-30": "", "2005-03-31": ""}, "ROA - Return On Assets": {"2020-12-31": "0.41840", "2020-09-30": "0.30760", "2020-06-30": "0.42560", "2020-03-31": "0.47370", "2019-12-31": "0.47940", "2019-09-30": "0.56330", "2019-06-30": "0.52570", "2019-03-31": "0.52420", "2018-12-31": "0.66710", "2018-09-30": "0.53300", "2018-06-30": "0.55770", "2018-03-31": "0.57760", "2017-12-31": "1.58310", "2017-09-30": "0.47650", "2017-06-30": "0.53160", "2017-03-31": "0.64310", "2016-12-31": "0.44750", "2016-09-30": "0.45870", "2016-06-30": "0.48260", "2016-03-31": "0.47630", "2015-12-31": "0.47830", "2015-09-30": "0.47070", "2015-06-30": "0.45800", "2015-03-31": "0.48620", "2014-12-31": "0.43070", "2014-09-30": "0.33140", "2014-06-30": "0.33150", "2014-03-31": "0.39590", "2013-12-31": "-0.18630", "2013-09-30": "0.29660", "2013-06-30": "0.38900", "2013-03-31": "0.35260", "2012-12-31": "0.35690", "2012-09-30": "0.35720", "2012-06-30": "0.36780", "2012-03-31": "0.41460", "2011-12-31": "0.36110", "2011-09-30": "0.35420", "2011-06-30": "0.40070", "2011-03-31": "0.45470", "2010-12-31": "0.38210", "2010-09-30": "0.35410", "2010-06-30": "0.37350", "2010-03-31": "0.43470", "2009-12-31": "0.37920", "2009-09-30": "0.44410", "2009-06-30": "0.34540", "2009-03-31": "0.46220", "2008-12-31": "0.32660", "2008-09-30": "1.80160", "2008-06-30": "2.83250", "2008-03-31": "3.02300", "2007-12-31": "2.31200", "2007-09-30": "2.48420", "2007-06-30": "2.10710", "2007-03-31": "2.42210", "2006-12-31": "9.93310", "2006-09-30": "10.37090", "2006-06-30": "8.84220", "2006-03-31": "6.74130", "2005-12-31": "5.59130", "2005-09-30": "", "2005-06-30": "", "2005-03-31": ""}, "ROI - Return On Investment": {"2020-12-31": "1.56860", "2020-09-30": "1.16150", "2020-06-30": "2.13790", "2020-03-31": "2.96170", "2019-12-31": "2.01010", "2019-09-30": "2.26760", "2019-06-30": "2.02200", "2019-03-31": "2.08280", "2018-12-31": "2.60950", "2018-09-30": "1.99210", "2018-06-30": "2.18840", "2018-03-31": "2.22800", "2017-12-31": "5.83000", "2017-09-30": "1.80520", "2017-06-30": "2.15580", "2017-03-31": "2.59930", "2016-12-31": "1.87010", "2016-09-30": "1.72720", "2016-06-30": "1.81060", "2016-03-31": "1.90420", "2015-12-31": "1.90720", "2015-09-30": "2.12080", "2015-06-30": "1.96730", "2015-03-31": "2.21660", "2014-12-31": "2.01000", "2014-09-30": "1.49760", "2014-06-30": "1.46200", "2014-03-31": "1.57890", "2013-12-31": "-0.73600", "2013-09-30": "3.28620", "2013-06-30": "3.41040", "2013-03-31": "2.97230", "2012-12-31": "2.85870", "2012-09-30": "3.04380", "2012-06-30": "3.44320", "2012-03-31": "3.53850", "2011-12-31": "3.26330", "2011-09-30": "4.05040", "2011-06-30": "3.79580", "2011-03-31": "4.02740", "2010-12-31": "3.23970", "2010-09-30": "3.20990", "2010-06-30": "3.37100", "2010-03-31": "3.79480", "2009-12-31": "3.14110", "2009-09-30": "3.37870", "2009-06-30": "2.89340", "2009-03-31": "3.00160", "2008-12-31": "2.08370", "2008-09-30": "3.25990", "2008-06-30": "4.56140", "2008-03-31": "5.21560", "2007-12-31": "3.89180", "2007-09-30": "4.21990", "2007-06-30": "3.55800", "2007-03-31": "3.82670", "2006-12-31": "10.77990", "2006-09-30": "11.50300", "2006-06-30": "9.77980", "2006-03-31": "7.66150", "2005-12-31": "6.38800", "2005-09-30": "", "2005-06-30": "", "2005-03-31": ""}, "Book Value Per Share": {"2020-12-31": "34.82000", "2020-09-30": "33.96080", "2020-06-30": "31.23900", "2020-03-31": "30.95800", "2019-12-31": "31.20220", "2019-09-30": "30.79750", "2019-06-30": "30.56330", "2019-03-31": "30.31860", "2018-12-31": "30.28300", "2018-09-30": "29.51660", "2018-06-30": "29.33800", "2018-03-31": "29.27020", "2017-12-31": "29.13380", "2017-09-30": "27.33620", "2017-06-30": "27.05090", "2017-03-31": "26.62230", "2016-12-31": "26.47730", "2016-09-30": "26.12440", "2016-06-30": "25.76470", "2016-03-31": "25.34450", "2015-12-31": "24.98320", "2015-09-30": "22.49090", "2015-06-30": "22.41980", "2015-03-31": "22.00890", "2014-12-31": "21.93270", "2014-09-30": "22.37700", "2014-06-30": "22.89480", "2014-03-31": "22.51480", "2013-12-31": "21.53220", "2013-09-30": "11.17010", "2013-06-30": "10.65010", "2013-03-31": "10.30090", "2012-12-31": "10.07400", "2012-09-30": "9.90400", "2012-06-30": "9.36630", "2012-03-31": "9.36920", "2011-12-31": "8.73270", "2011-09-30": "8.28260", "2011-06-30": "8.40760", "2011-03-31": "8.08460", "2010-12-31": "7.68530", "2010-09-30": "7.44120", "2010-06-30": "7.22480", "2010-03-31": "6.88620", "2009-12-31": "6.62320", "2009-09-30": "6.38430", "2009-06-30": "6.09890", "2009-03-31": "5.84590", "2008-12-31": "5.56130", "2008-09-30": "5.41310", "2008-06-30": "4.80670", "2008-03-31": "4.52310", "2007-12-31": "4.23710", "2007-09-30": "3.99100", "2007-06-30": "3.77320", "2007-03-31": "3.59390", "2006-12-31": "1.56380", "2006-09-30": "1.32600", "2006-06-30": "1.12380", "2006-03-31": "0.92380", "2005-12-31": "0.86190", "2005-09-30": "", "2005-06-30": "", "2005-03-31": ""}, "Operating Cash Flow Per Share": {"2020-12-31": 1.897, "2020-09-30": 0.784, "2020-06-30": 1.5731, "2020-03-31": "0.93690", "2019-12-31": 1.3634, "2019-09-30": 0.9011, "2019-06-30": 1.2943, "2019-03-31": "1.14740", "2018-12-31": 1.3626, "2018-09-30": 0.8848, "2018-06-30": 1.1496, "2018-03-31": "0.97780", "2017-12-31": 1.1283, "2017-09-30": 0.5347, "2017-06-30": 0.8271, "2017-03-31": "1.02000", "2016-12-31": 1.0743, "2016-09-30": 0.6719, "2016-06-30": 0.8431, "2016-03-31": "0.99830", "2015-12-31": 0.7417, "2015-09-30": 0.2286, "2015-06-30": 0.5446, "2015-03-31": "0.83040", "2014-12-31": 0.9357, "2014-09-30": 0.1761, "2014-06-30": 0.5155, "2014-03-31": "0.92590", "2013-12-31": 0.2887, "2013-09-30": 0.4723, "2013-06-30": 0.6356, "2013-03-31": "0.41100", "2012-12-31": 0.4479, "2012-09-30": 0.5634, "2012-06-30": 0.49, "2012-03-31": "0.50690", "2011-12-31": 0.4622, "2011-09-30": 0.5987, "2011-06-30": 0.4474, "2011-03-31": "0.41870", "2010-12-31": 0.4163, "2010-09-30": 0.3234, "2010-06-30": 0.4212, "2010-03-31": "0.27250", "2009-12-31": 0.4965, "2009-09-30": 0.3225, "2009-06-30": 0.3105, "2009-03-31": "0.18400", "2008-12-31": 0.2127, "2008-09-30": 0.2904, "2008-06-30": 0.3141, "2008-03-31": "0.22240", "2007-12-31": 0.2907, "2007-09-30": 0.254, "2007-06-30": 0.1778, "2007-03-31": "0.08840", "2006-12-31": 0.1983, "2006-09-30": 0.1626, "2006-06-30": 0.0789, "2006-03-31": "0.06590", "2005-12-31": 0.075, "2005-09-30": 0.0474, "2005-06-30": 0.03, "2005-03-31": "0.03140"}, "Free Cash Flow Per Share": {"2020-12-31": 1.6447, "2020-09-30": 0.5599, "2020-06-30": 1.4171, "2020-03-31": "0.83060", "2019-12-31": 1.1842, "2019-09-30": 0.7773, "2019-06-30": 1.1716, "2019-03-31": "1.03330", "2018-12-31": 1.1586, "2018-09-30": 0.7911, "2018-06-30": 1.0507, "2018-03-31": "0.89080", "2017-12-31": 0.9327, "2017-09-30": 0.3814, "2017-06-30": 0.6852, "2017-03-31": "0.90980", "2016-12-31": 0.8883, "2016-09-30": 0.5107, "2016-06-30": 0.6746, "2016-03-31": "0.90470", "2015-12-31": 0.592, "2015-09-30": 0.1256, "2015-06-30": 0.4089, "2015-03-31": "0.72320", "2014-12-31": 0.7818, "2014-09-30": 0.0627, "2014-06-30": 0.4241, "2014-03-31": "0.84830", "2013-12-31": 0.1166, "2013-09-30": 0.3282, "2013-06-30": 0.5644, "2013-03-31": "0.34520", "2012-12-31": 0.3977, "2012-09-30": 0.5174, "2012-06-30": 0.4414, "2012-03-31": "0.46540", "2011-12-31": 0.3424, "2011-09-30": 0.5638, "2011-06-30": 0.4005, "2011-03-31": "0.38520", "2010-12-31": 0.3875, "2010-09-30": 0.2888, "2010-06-30": 0.3851, "2010-03-31": "0.24370", "2009-12-31": 0.4527, "2009-09-30": 0.2953, "2009-06-30": 0.2822, "2009-03-31": "0.16250", "2008-12-31": 0.1592, "2008-09-30": 0.2508, "2008-06-30": 0.2898, "2008-03-31": "0.20450", "2007-12-31": 0.2649, "2007-09-30": 0.228, "2007-06-30": 0.1442, "2007-03-31": "0.05190", "2006-12-31": 0.1757, "2006-09-30": 0.1443, "2006-06-30": 0.0645, "2006-03-31": "0.05470", "2005-12-31": 0.0567, "2005-09-30": 0.0278, "2005-06-30": 0.0231, "2005-03-31": "0.02550"}}, "revenue": {"Intercontinental Exchange Annual Revenue (Millions of US $)": {"2020": "$6,036", "2019": "$5,202", "2018": "$4,979", "2017": "$4,638", "2016": "$4,512", "2015": "$3,338", "2014": "$3,092", "2013": "$1,598", "2012": "$1,363", "2011": "$1,327", "2010": "$1,150", "2009": "$995", "2008": "$813", "2007": "$574", "2006": "$314", "2005": "$156"}, "Intercontinental Exchange Quarterly Revenue (Millions of US $)": {"2020-12-31": "$1,671", "2020-09-30": "$1,411", "2020-06-30": "$1,395", "2020-03-31": "$1,559", "2019-12-31": "$1,298", "2019-09-30": "$1,336", "2019-06-30": "$1,298", "2019-03-31": "$1,270", "2018-12-31": "$1,308", "2018-09-30": "$1,200", "2018-06-30": "$1,246", "2018-03-31": "$1,225", "2017-12-31": "$1,146", "2017-09-30": "$1,146", "2017-06-30": "$1,180", "2017-03-31": "$1,166", "2016-12-31": "$1,151", "2016-09-30": "$1,078", "2016-06-30": "$1,129", "2016-03-31": "$1,154", "2015-12-31": "$875", "2015-09-30": "$816", "2015-06-30": "$797", "2015-03-31": "$850", "2014-12-31": "$800", "2014-09-30": "$745", "2014-06-30": "$750", "2014-03-31": "$797", "2013-12-31": "$536", "2013-09-30": "$338", "2013-06-30": "$372", "2013-03-31": "$352", "2012-12-31": "$323", "2012-09-30": "$323", "2012-06-30": "$351", "2012-03-31": "$365", "2011-12-31": "$327", "2011-09-30": "$341", "2011-06-30": "$325", "2011-03-31": "$334", "2010-12-31": "$285", "2010-09-30": "$287", "2010-06-30": "$296", "2010-03-31": "$282", "2009-12-31": "$257", "2009-09-30": "$256", "2009-06-30": "$250", "2009-03-31": "$232", "2008-12-31": "$207", "2008-09-30": "$201", "2008-06-30": "$197", "2008-03-31": "$207", "2007-12-31": "$159", "2007-09-30": "$152", "2007-06-30": "$137", "2007-03-31": "$127", "2006-12-31": "$95", "2006-09-30": "$95", "2006-06-30": "$74", "2006-03-31": "$50", "2005-12-31": "$41", "2005-09-30": "$45", "2005-06-30": "$38", "2005-03-31": "$32"}}, "gross-profit": {"Intercontinental Exchange Annual Gross Profit (Millions of US $)": {"2020": "$5,892", "2019": "$5,077", "2018": "$4,848", "2017": "$4,517", "2016": "$4,375", "2015": "$3,199", "2014": "$2,911", "2013": "$1,544", "2012": "$1,330", "2011": "$1,292", "2010": "$1,117", "2009": "$959", "2008": "$783", "2007": "$551", "2006": "$302", "2005": "$146"}, "Intercontinental Exchange Quarterly Gross Profit (Millions of US $)": {"2020-12-31": "$1,627", "2020-09-30": "$1,374", "2020-06-30": "$1,361", "2020-03-31": "$1,530", "2019-12-31": "$1,270", "2019-09-30": "$1,301", "2019-06-30": "$1,269", "2019-03-31": "$1,237", "2018-12-31": "$1,268", "2018-09-30": "$1,168", "2018-06-30": "$1,217", "2018-03-31": "$1,195", "2017-12-31": "$1,119", "2017-09-30": "$1,116", "2017-06-30": "$1,148", "2017-03-31": "$1,134", "2016-12-31": "$1,115", "2016-09-30": "$1,046", "2016-06-30": "$1,092", "2016-03-31": "$1,122", "2015-12-31": "$838", "2015-09-30": "$779", "2015-06-30": "$765", "2015-03-31": "$817", "2014-12-31": "$769", "2014-09-30": "$698", "2014-06-30": "$701", "2014-03-31": "$743", "2013-12-31": "$505", "2013-09-30": "$331", "2013-06-30": "$364", "2013-03-31": "$344", "2012-12-31": "$316", "2012-09-30": "$315", "2012-06-30": "$343", "2012-03-31": "$356", "2011-12-31": "$317", "2011-09-30": "$332", "2011-06-30": "$317", "2011-03-31": "$326", "2010-12-31": "$277", "2010-09-30": "$279", "2010-06-30": "$288", "2010-03-31": "$273", "2009-12-31": "$247", "2009-09-30": "$246", "2009-06-30": "$242", "2009-03-31": "$224", "2008-12-31": "$201", "2008-09-30": "$192", "2008-06-30": "$190", "2008-03-31": "$200", "2007-12-31": "$154", "2007-09-30": "$145", "2007-06-30": "$130", "2007-03-31": "$122", "2006-12-31": "$93", "2006-09-30": "$92", "2006-06-30": "$70", "2006-03-31": "$48", "2005-12-31": "$39", "2005-09-30": "$43", "2005-06-30": "$35", "2005-03-31": "$29"}}, "operating-income": {"Intercontinental Exchange Annual Operating Income (Millions of US $)": {"2020": "$3,033", "2019": "$2,673", "2018": "$2,583", "2017": "$2,379", "2016": "$2,172", "2015": "$1,750", "2014": "$1,448", "2013": "$790", "2012": "$827", "2011": "$793", "2010": "$652", "2009": "$513", "2008": "$494", "2007": "$354", "2006": "$205", "2005": "$56"}, "Intercontinental Exchange Quarterly Operating Income (Millions of US $)": {"2020-12-31": "$780", "2020-09-30": "$627", "2020-06-30": "$744", "2020-03-31": "$882", "2019-12-31": "$622", "2019-09-30": "$706", "2019-06-30": "$680", "2019-03-31": "$665", "2018-12-31": "$676", "2018-09-30": "$602", "2018-06-30": "$655", "2018-03-31": "$650", "2017-12-31": "$592", "2017-09-30": "$596", "2017-06-30": "$609", "2017-03-31": "$582", "2016-12-31": "$563", "2016-09-30": "$474", "2016-06-30": "$551", "2016-03-31": "$584", "2015-12-31": "$418", "2015-09-30": "$440", "2015-06-30": "$430", "2015-03-31": "$462", "2014-12-31": "$400", "2014-09-30": "$330", "2014-06-30": "$327", "2014-03-31": "$391", "2013-12-31": "$163", "2013-09-30": "$202", "2013-06-30": "$225", "2013-03-31": "$200", "2012-12-31": "$192", "2012-09-30": "$194", "2012-06-30": "$215", "2012-03-31": "$225", "2011-12-31": "$195", "2011-09-30": "$204", "2011-06-30": "$191", "2011-03-31": "$203", "2010-12-31": "$159", "2010-09-30": "$152", "2010-06-30": "$178", "2010-03-31": "$164", "2009-12-31": "$124", "2009-09-30": "$140", "2009-06-30": "$135", "2009-03-31": "$114", "2008-12-31": "$97", "2008-09-30": "$119", "2008-06-30": "$133", "2008-03-31": "$144", "2007-12-31": "$97", "2007-09-30": "$101", "2007-06-30": "$77", "2007-03-31": "$80", "2006-12-31": "$64", "2006-09-30": "$65", "2006-06-30": "$47", "2006-03-31": "$28", "2005-12-31": "$21", "2005-09-30": "$25", "2005-06-30": "$-2", "2005-03-31": "$12"}}, "ebitda": {"Intercontinental Exchange Annual EBITDA (Millions of US $)": {"2020": "$3,784", "2019": "$3,335", "2018": "$3,169", "2017": "$2,914", "2016": "$2,782", "2015": "$2,101", "2014": "$1,726", "2013": "$939", "2012": "$958", "2011": "$923", "2010": "$780", "2009": "$630", "2008": "$557", "2007": "$387", "2006": "$218", "2005": "$71"}, "Intercontinental Exchange Quarterly EBITDA (Millions of US $)": {"2020-12-31": "$1,037", "2020-09-30": "$807", "2020-06-30": "$901", "2020-03-31": "$1,039", "2019-12-31": "$811", "2019-09-30": "$864", "2019-06-30": "$837", "2019-03-31": "$823", "2018-12-31": "$833", "2018-09-30": "$750", "2018-06-30": "$798", "2018-03-31": "$788", "2017-12-31": "$723", "2017-09-30": "$724", "2017-06-30": "$751", "2017-03-31": "$716", "2016-12-31": "$703", "2016-09-30": "$655", "2016-06-30": "$697", "2016-03-31": "$727", "2015-12-31": "$516", "2015-09-30": "$534", "2015-06-30": "$512", "2015-03-31": "$539", "2014-12-31": "$476", "2014-09-30": "$399", "2014-06-30": "$394", "2014-03-31": "$457", "2013-12-31": "$212", "2013-09-30": "$237", "2013-06-30": "$258", "2013-03-31": "$232", "2012-12-31": "$223", "2012-09-30": "$228", "2012-06-30": "$249", "2012-03-31": "$258", "2011-12-31": "$221", "2011-09-30": "$239", "2011-06-30": "$225", "2011-03-31": "$238", "2010-12-31": "$194", "2010-09-30": "$185", "2010-06-30": "$208", "2010-03-31": "$194", "2009-12-31": "$154", "2009-09-30": "$169", "2009-06-30": "$164", "2009-03-31": "$142", "2008-12-31": "$124", "2008-09-30": "$134", "2008-06-30": "$144", "2008-03-31": "$155", "2007-12-31": "$106", "2007-09-30": "$110", "2007-06-30": "$84", "2007-03-31": "$86", "2006-12-31": "$68", "2006-09-30": "$69", "2006-06-30": "$51", "2006-03-31": "$31", "2005-12-31": "$26", "2005-09-30": "$29", "2005-06-30": "$2", "2005-03-31": "$16"}}, "net-income": {"Intercontinental Exchange Annual Net Income (Millions of US $)": {"2020": "$2,089", "2019": "$1,933", "2018": "$1,988", "2017": "$2,526", "2016": "$1,430", "2015": "$1,274", "2014": "$981", "2013": "$254", "2012": "$552", "2011": "$510", "2010": "$398", "2009": "$316", "2008": "$301", "2007": "$241", "2006": "$143", "2005": "$-21"}, "Intercontinental Exchange Quarterly Net Income (Millions of US $)": {"2020-12-31": "$526", "2020-09-30": "$390", "2020-06-30": "$523", "2020-03-31": "$650", "2019-12-31": "$448", "2019-09-30": "$529", "2019-06-30": "$472", "2019-03-31": "$484", "2018-12-31": "$611", "2018-09-30": "$458", "2018-06-30": "$455", "2018-03-31": "$464", "2017-12-31": "$1,233", "2017-09-30": "$371", "2017-06-30": "$419", "2017-03-31": "$503", "2016-12-31": "$360", "2016-09-30": "$344", "2016-06-30": "$357", "2016-03-31": "$369", "2015-12-31": "$370", "2015-09-30": "$306", "2015-06-30": "$283", "2015-03-31": "$315", "2014-12-31": "$288", "2014-09-30": "$206", "2014-06-30": "$226", "2014-03-31": "$261", "2013-12-31": "$-176", "2013-09-30": "$141", "2013-06-30": "$154", "2013-03-31": "$135", "2012-12-31": "$130", "2012-09-30": "$131", "2012-06-30": "$143", "2012-03-31": "$148", "2011-12-31": "$127", "2011-09-30": "$133", "2011-06-30": "$121", "2011-03-31": "$129", "2010-12-31": "$99", "2010-09-30": "$96", "2010-06-30": "$102", "2010-03-31": "$101", "2009-12-31": "$84", "2009-09-30": "$87", "2009-06-30": "$72", "2009-03-31": "$72", "2008-12-31": "$49", "2008-09-30": "$75", "2008-06-30": "$85", "2008-03-31": "$92", "2007-12-31": "$65", "2007-09-30": "$67", "2007-06-30": "$54", "2007-03-31": "$56", "2006-12-31": "$49", "2006-09-30": "$44", "2006-06-30": "$31", "2006-03-31": "$20", "2005-12-31": "$15", "2005-09-30": "$3", "2005-06-30": "$-7", "2005-03-31": "$9"}}, "eps-earnings-per-share-diluted": {"Intercontinental Exchange Annual EPS": {"2020": "$3.77", "2019": "$3.42", "2018": "$3.43", "2017": "$4.25", "2016": "$2.39", "2015": "$2.28", "2014": "$1.71", "2013": "$0.64", "2012": "$1.50", "2011": "$1.38", "2010": "$1.07", "2009": "$0.85", "2008": "$0.83", "2007": "$0.68", "2006": "$0.48", "2005": "$-0.08"}, "Intercontinental Exchange Quarterly EPS": {"2020-12-31": "$0.94", "2020-09-30": "$0.71", "2020-06-30": "$0.95", "2020-03-31": "$1.17", "2019-12-31": "$0.79", "2019-09-30": "$0.94", "2019-06-30": "$0.84", "2019-03-31": "$0.85", "2018-12-31": "$1.07", "2018-09-30": "$0.79", "2018-06-30": "$0.78", "2018-03-31": "$0.79", "2017-12-31": "$2.07", "2017-09-30": "$0.63", "2017-06-30": "$0.71", "2017-03-31": "$0.84", "2016-12-31": "$0.60", "2016-09-30": "$0.57", "2016-06-30": "$0.60", "2016-03-31": "$0.62", "2015-12-31": "$0.66", "2015-09-30": "$0.55", "2015-06-30": "$0.51", "2015-03-31": "$0.56", "2014-12-31": "$0.51", "2014-09-30": "$0.36", "2014-06-30": "$0.39", "2014-03-31": "$0.45", "2013-12-31": "$-0.53", "2013-09-30": "$0.38", "2013-06-30": "$0.42", "2013-03-31": "$0.37", "2012-12-31": "$0.35", "2012-09-30": "$0.36", "2012-06-30": "$0.39", "2012-03-31": "$0.40", "2011-12-31": "$0.34", "2011-09-30": "$0.36", "2011-06-30": "$0.33", "2011-03-31": "$0.35", "2010-12-31": "$0.27", "2010-09-30": "$0.26", "2010-06-30": "$0.27", "2010-03-31": "$0.27", "2009-12-31": "$0.23", "2009-09-30": "$0.24", "2009-06-30": "$0.19", "2009-03-31": "$0.20", "2008-12-31": "$0.13", "2008-09-30": "$0.21", "2008-06-30": "$0.24", "2008-03-31": "$0.26", "2007-12-31": "$0.18", "2007-09-30": "$0.19", "2007-06-30": "$0.15", "2007-03-31": "$0.16", "2006-12-31": "$0.16", "2006-09-30": "$0.15", "2006-06-30": "$0.10", "2006-03-31": "$0.07", "2005-12-31": "$-0.10", "2005-09-30": "$0.01", "2005-06-30": "$-0.03", "2005-03-31": "$0.03"}}, "shares-outstanding": {"Intercontinental Exchange Annual Shares Outstanding (Millions of Shares)": {"2020": "555", "2019": "565", "2018": "579", "2017": "594", "2016": "599", "2015": "559", "2014": "573", "2013": "395", "2012": "365", "2011": "370", "2010": "372", "2009": "370", "2008": "361", "2007": "355", "2006": "298", "2005": "266"}, "Intercontinental Exchange Quarterly Shares Outstanding (Millions of Shares)": {"2020-12-31": "555", "2020-09-30": "551", "2020-06-30": "549", "2020-03-31": "555", "2019-12-31": "565", "2019-09-30": "563", "2019-06-30": "566", "2019-03-31": "570", "2018-12-31": "579", "2018-09-30": "576", "2018-06-30": "581", "2018-03-31": "586", "2017-12-31": "594", "2017-09-30": "592", "2017-06-30": "595", "2017-03-31": "599", "2016-12-31": "599", "2016-09-30": "600", "2016-06-30": "599", "2016-03-31": "598", "2015-12-31": "559", "2015-09-30": "555", "2015-06-30": "560", "2015-03-31": "560", "2014-12-31": "573", "2014-09-30": "570", "2014-06-30": "580", "2014-03-31": "580", "2013-12-31": "395", "2013-09-30": "370", "2013-06-30": "365", "2013-03-31": "365", "2012-12-31": "365", "2012-09-30": "367", "2012-06-30": "367", "2012-03-31": "366", "2011-12-31": "370", "2011-09-30": "369", "2011-06-30": "371", "2011-03-31": "371", "2010-12-31": "372", "2010-09-30": "372", "2010-06-30": "374", "2010-03-31": "373", "2009-12-31": "370", "2009-09-30": "371", "2009-06-30": "370", "2009-03-31": "368", "2008-12-31": "361", "2008-09-30": "362", "2008-06-30": "357", "2008-03-31": "357", "2007-12-31": "355", "2007-09-30": "357", "2007-06-30": "356", "2007-03-31": "349", "2006-12-31": "298", "2006-09-30": "298", "2006-06-30": "296", "2006-03-31": "295", "2005-12-31": "271", "2005-09-30": "271", "2005-06-30": "264", "2005-03-31": "265"}}, "total-assets": {"Intercontinental Exchange Annual Total Assets (Millions of US $)": {"2020": "$126,200", "2019": "$94,493", "2018": "$92,791", "2017": "$78,264", "2016": "$82,003", "2015": "$77,987", "2014": "$68,254", "2013": "$64,422", "2012": "$37,215", "2011": "$36,148", "2010": "$26,642", "2009": "$21,885", "2008": "$14,960", "2007": "$2,796", "2006": "$493", "2005": "$266"}, "Intercontinental Exchange Quarterly Total Assets (Millions of US $)": {"2020-12-31": "$126,200", "2020-09-30": "$128,080", "2020-06-30": "$124,060", "2020-03-31": "$138,901", "2019-12-31": "$94,493", "2019-09-30": "$95,339", "2019-06-30": "$90,930", "2019-03-31": "$93,857", "2018-12-31": "$92,791", "2018-09-30": "$87,242", "2018-06-30": "$82,847", "2018-03-31": "$82,062", "2017-12-31": "$78,264", "2017-09-30": "$79,118", "2017-06-30": "$80,324", "2017-03-31": "$79,463", "2016-12-31": "$82,003", "2016-09-30": "$76,296", "2016-06-30": "$75,224", "2016-03-31": "$79,160", "2015-12-31": "$77,987", "2015-09-30": "$65,856", "2015-06-30": "$63,104", "2015-03-31": "$66,428", "2014-12-31": "$68,254", "2014-09-30": "$67,286", "2014-06-30": "$68,482", "2014-03-31": "$65,921", "2013-12-31": "$64,422", "2013-09-30": "$48,885", "2013-06-30": "$40,614", "2013-03-31": "$38,859", "2012-12-31": "$37,215", "2012-09-30": "$37,540", "2012-06-30": "$39,505", "2012-03-31": "$36,124", "2011-12-31": "$36,148", "2011-09-30": "$38,667", "2011-06-30": "$31,041", "2011-03-31": "$28,622", "2010-12-31": "$26,642", "2010-09-30": "$28,218", "2010-06-30": "$27,450", "2010-03-31": "$23,814", "2009-12-31": "$21,885", "2009-09-30": "$19,562", "2009-06-30": "$20,864", "2009-03-31": "$15,625", "2008-12-31": "$14,960", "2008-09-30": "$4,161", "2008-06-30": "$2,996", "2008-03-31": "$3,053", "2007-12-31": "$2,796", "2007-09-30": "$2,684", "2007-06-30": "$2,548", "2007-03-31": "$2,295", "2006-12-31": "$493", "2006-09-30": "$421", "2006-06-30": "$350", "2006-03-31": "$292", "2005-12-31": "$266", "2005-09-30": "$0", "2005-06-30": "$0", "2005-03-31": "$0"}}, "cash-on-hand": {"Intercontinental Exchange Annual Cash on Hand (Millions of US $)": {"2020": "$1,583", "2019": "$1,784", "2018": "$1,542", "2017": "$1,304", "2016": "$1,109", "2015": "$1,313", "2014": "$2,181", "2013": "$1,312", "2012": "$1,699", "2011": "$876", "2010": "$697", "2009": "$636", "2008": "$318", "2007": "$280", "2006": "$298", "2005": "$144"}, "Intercontinental Exchange Quarterly Cash on Hand (Millions of US $)": {"2020-12-31": "$1,583", "2020-09-30": "$1,603", "2020-06-30": "$1,873", "2020-03-31": "$1,582", "2019-12-31": "$1,784", "2019-09-30": "$1,600", "2019-06-30": "$1,717", "2019-03-31": "$1,521", "2018-12-31": "$1,542", "2018-09-30": "$1,332", "2018-06-30": "$1,349", "2018-03-31": "$1,327", "2017-12-31": "$1,304", "2017-09-30": "$1,197", "2017-06-30": "$1,184", "2017-03-31": "$1,124", "2016-12-31": "$1,109", "2016-09-30": "$1,111", "2016-06-30": "$1,136", "2016-03-31": "$1,150", "2015-12-31": "$1,313", "2015-09-30": "$1,066", "2015-06-30": "$1,061", "2015-03-31": "$2,123", "2014-12-31": "$2,181", "2014-09-30": "$2,193", "2014-06-30": "$2,401", "2014-03-31": "$1,310", "2013-12-31": "$1,312", "2013-09-30": "$1,735", "2013-06-30": "$1,632", "2013-03-31": "$1,527", "2012-12-31": "$1,699", "2012-09-30": "$1,322", "2012-06-30": "$1,163", "2012-03-31": "$1,022", "2011-12-31": "$876", "2011-09-30": "$561", "2011-06-30": "$827", "2011-03-31": "$770", "2010-12-31": "$697", "2010-09-30": "$621", "2010-06-30": "$1,020", "2010-03-31": "$695", "2009-12-31": "$636", "2009-09-30": "$470", "2009-06-30": "$391", "2009-03-31": "$311", "2008-12-31": "$318", "2008-09-30": "$279", "2008-06-30": "$398", "2008-03-31": "$295", "2007-12-31": "$280", "2007-09-30": "$210", "2007-06-30": "$248", "2007-03-31": "$195", "2006-12-31": "$298", "2006-09-30": "$264", "2006-06-30": "$203", "2006-03-31": "$155", "2005-12-31": "$144", "2005-09-30": "", "2005-06-30": "", "2005-03-31": ""}}, "long-term-debt": {"Intercontinental Exchange Annual Long Term Debt (Millions of US $)": {"2020": "$14,126", "2019": "$5,250", "2018": "$6,490", "2017": "$4,267", "2016": "$3,871", "2015": "$4,717", "2014": "$2,235", "2013": "$3,923", "2012": "$969", "2011": "$838", "2010": "$326", "2009": "$209", "2008": "$333", "2007": "$184", "2006": "$", "2005": "$"}, "Intercontinental Exchange Quarterly Long Term Debt (Millions of US $)": {"2020-12-31": "$14,126", "2020-09-30": "$14,869", "2020-06-30": "$7,703", "2020-03-31": "$5,252", "2019-12-31": "$5,250", "2019-09-30": "$6,496", "2019-06-30": "$6,494", "2019-03-31": "$6,492", "2018-12-31": "$6,490", "2018-09-30": "$6,488", "2018-06-30": "$4,271", "2018-03-31": "$4,269", "2017-12-31": "$4,267", "2017-09-30": "$4,865", "2017-06-30": "$3,874", "2017-03-31": "$3,872", "2016-12-31": "$3,871", "2016-09-30": "$4,720", "2016-06-30": "$4,719", "2016-03-31": "$4,718", "2015-12-31": "$4,717", "2015-09-30": "$2,247", "2015-06-30": "$2,247", "2015-03-31": "$2,247", "2014-12-31": "$2,235", "2014-09-30": "$2,247", "2014-06-30": "$2,248", "2014-03-31": "$3,584", "2013-12-31": "$3,923", "2013-09-30": "$342", "2013-06-30": "$754", "2013-03-31": "$862", "2012-12-31": "$969", "2012-09-30": "$800", "2012-06-30": "$813", "2012-03-31": "$825", "2011-12-31": "$838", "2011-09-30": "$370", "2011-06-30": "$190", "2011-03-31": "$260", "2010-12-31": "$326", "2010-09-30": "$392", "2010-06-30": "$367", "2010-03-31": "$183", "2009-12-31": "$209", "2009-09-30": "$234", "2009-06-30": "$260", "2009-03-31": "$280", "2008-12-31": "$333", "2008-09-30": "$345", "2008-06-30": "$163", "2008-03-31": "$175", "2007-12-31": "$184", "2007-09-30": "$194", "2007-06-30": "$203", "2007-03-31": "$213", "2006-12-31": "", "2006-09-30": "", "2006-06-30": "", "2006-03-31": "", "2005-12-31": "", "2005-09-30": "", "2005-06-30": "", "2005-03-31": ""}}, "total-liabilities": {"Intercontinental Exchange Annual Total Liabilities (Millions of US $)": {"2020": "$106,666", "2019": "$77,207", "2018": "$75,560", "2017": "$61,279", "2016": "$66,249", "2015": "$63,147", "2014": "$55,862", "2013": "$52,041", "2012": "$33,538", "2011": "$32,986", "2010": "$23,825", "2009": "$19,451", "2008": "$12,947", "2007": "$1,319", "2006": "$39", "2005": "$33"}, "Intercontinental Exchange Quarterly Total Liabilities (Millions of US $)": {"2020-12-31": "$106,666", "2020-09-30": "$109,028", "2020-06-30": "$107,066", "2020-03-31": "$121,936", "2019-12-31": "$77,207", "2019-09-30": "$78,154", "2019-06-30": "$73,784", "2019-03-31": "$76,727", "2018-12-31": "$75,560", "2018-09-30": "$70,388", "2018-06-30": "$66,007", "2018-03-31": "$65,056", "2017-12-31": "$61,279", "2017-09-30": "$63,099", "2017-06-30": "$64,391", "2017-03-31": "$63,676", "2016-12-31": "$66,249", "2016-09-30": "$60,752", "2016-06-30": "$59,894", "2016-03-31": "$64,080", "2015-12-31": "$63,147", "2015-09-30": "$53,486", "2015-06-30": "$50,661", "2015-03-31": "$54,103", "2014-12-31": "$55,862", "2014-09-30": "$54,643", "2014-06-30": "$55,203", "2014-03-31": "$52,975", "2013-12-31": "$52,041", "2013-09-30": "$44,814", "2013-06-30": "$36,735", "2013-03-31": "$35,111", "2012-12-31": "$33,538", "2012-09-30": "$33,934", "2012-06-30": "$36,097", "2012-03-31": "$32,716", "2011-12-31": "$32,986", "2011-09-30": "$35,656", "2011-06-30": "$27,954", "2011-03-31": "$25,651", "2010-12-31": "$23,825", "2010-09-30": "$25,497", "2010-06-30": "$24,776", "2010-03-31": "$21,269", "2009-12-31": "$19,451", "2009-09-30": "$17,224", "2009-06-30": "$18,633", "2009-03-31": "$13,499", "2008-12-31": "$12,947", "2008-09-30": "$2,206", "2008-06-30": "$1,298", "2008-03-31": "$1,458", "2007-12-31": "$1,319", "2007-09-30": "$1,298", "2007-06-30": "$1,242", "2007-03-31": "$1,055", "2006-12-31": "$39", "2006-09-30": "$41", "2006-06-30": "$34", "2006-03-31": "$35", "2005-12-31": "$33", "2005-09-30": "", "2005-06-30": "", "2005-03-31": ""}}, "total-share-holder-equity": {"Intercontinental Exchange Annual Share Holder Equity (Millions of US $)": {"2020": "$19,534", "2019": "$17,286", "2018": "$17,231", "2017": "$16,985", "2016": "$15,754", "2015": "$14,840", "2014": "$12,392", "2013": "$12,381", "2012": "$3,677", "2011": "$3,162", "2010": "$2,817", "2009": "$2,434", "2008": "$2,012", "2007": "$1,477", "2006": "$454", "2005": "$233"}, "Intercontinental Exchange Quarterly Share Holder Equity (Millions of US $)": {"2020-12-31": "$19,534", "2020-09-30": "$19,052", "2020-06-30": "$16,994", "2020-03-31": "$16,965", "2019-12-31": "$17,286", "2019-09-30": "$17,185", "2019-06-30": "$17,146", "2019-03-31": "$17,130", "2018-12-31": "$17,231", "2018-09-30": "$16,854", "2018-06-30": "$16,840", "2018-03-31": "$17,006", "2017-12-31": "$16,985", "2017-09-30": "$16,019", "2017-06-30": "$15,933", "2017-03-31": "$15,787", "2016-12-31": "$15,754", "2016-09-30": "$15,544", "2016-06-30": "$15,330", "2016-03-31": "$15,080", "2015-12-31": "$14,840", "2015-09-30": "$12,370", "2015-06-30": "$12,443", "2015-03-31": "$12,325", "2014-12-31": "$12,392", "2014-09-30": "$12,643", "2014-06-30": "$13,279", "2014-03-31": "$12,946", "2013-12-31": "$12,381", "2013-09-30": "$4,071", "2013-06-30": "$3,879", "2013-03-31": "$3,748", "2012-12-31": "$3,677", "2012-09-30": "$3,606", "2012-06-30": "$3,407", "2012-03-31": "$3,408", "2011-12-31": "$3,162", "2011-09-30": "$3,011", "2011-06-30": "$3,087", "2011-03-31": "$2,972", "2010-12-31": "$2,817", "2010-09-30": "$2,721", "2010-06-30": "$2,674", "2010-03-31": "$2,545", "2009-12-31": "$2,434", "2009-09-30": "$2,337", "2009-06-30": "$2,231", "2009-03-31": "$2,126", "2008-12-31": "$2,012", "2008-09-30": "$1,955", "2008-06-30": "$1,698", "2008-03-31": "$1,594", "2007-12-31": "$1,477", "2007-09-30": "$1,386", "2007-06-30": "$1,306", "2007-03-31": "$1,240", "2006-12-31": "$454", "2006-09-30": "$379", "2006-06-30": "$317", "2006-03-31": "$257", "2005-12-31": "$233", "2005-09-30": "", "2005-06-30": "", "2005-03-31": ""}}, "profit-margins": {"current": "25.34%"}, "gross margin": {"2020-12-31": "97.61%", "2020-09-30": "97.74%", "2020-06-30": "97.75%", "2020-03-31": "97.80%", "2019-12-31": "97.60%", "2019-09-30": "97.37%", "2019-06-30": "97.36%", "2019-03-31": "97.33%", "2018-12-31": "97.37%", "2018-09-30": "97.55%", "2018-06-30": "97.56%", "2018-03-31": "97.47%", "2017-12-31": "97.39%", "2017-09-30": "97.20%", "2017-06-30": "97.11%", "2017-03-31": "96.97%", "2016-12-31": "96.96%", "2016-09-30": "96.74%", "2016-06-30": "96.40%", "2016-03-31": "96.21%", "2015-12-31": "95.84%", "2015-09-30": "95.92%", "2015-06-30": "95.52%", "2015-03-31": "94.91%", "2014-12-31": "94.15%", "2014-09-30": "93.60%", "2014-06-30": "94.18%", "2014-03-31": "95.11%", "2013-12-31": "96.62%", "2013-09-30": "97.83%", "2013-06-30": "97.74%", "2013-03-31": "97.70%", "2012-12-31": "97.65%", "2012-09-30": "97.44%", "2012-06-30": "97.40%", "2012-03-31": "97.35%", "2011-12-31": "97.36%", "2011-09-30": "97.43%", "2011-06-30": "97.40%", "2011-03-31": "97.34%", "2010-12-31": "97.13%", "2010-09-30": "96.88%", "2010-06-30": "96.61%", "2010-03-31": "96.46%", "2009-12-31": "96.38%", "2009-09-30": "96.61%", "2009-06-30": "96.52%", "2009-03-31": "96.42%", "2008-12-31": "96.43%", "2008-09-30": "96.34%", "2008-06-30": "96.36%", "2008-03-31": "96.03%", "2007-12-31": "95.83%", "2007-09-30": "95.89%", "2007-06-30": "96.26%", "2007-03-31": "96.42%", "2006-12-31": "96.50%", "2006-09-30": "95.77%", "2006-06-30": "95.24%", "2006-03-31": "94.83%", "2005-12-31": "93.59%"}, "operating margin": {"2020-12-31": "50.25%", "2020-09-30": "50.77%", "2020-06-30": "52.86%", "2020-03-31": "52.63%", "2019-12-31": "51.38%", "2019-09-30": "52.32%", "2019-06-30": "51.67%", "2019-03-31": "51.71%", "2018-12-31": "51.88%", "2018-09-30": "51.88%", "2018-06-30": "52.34%", "2018-03-31": "52.10%", "2017-12-31": "51.29%", "2017-09-30": "50.61%", "2017-06-30": "48.70%", "2017-03-31": "47.97%", "2016-12-31": "48.14%", "2016-09-30": "47.85%", "2016-06-30": "50.15%", "2016-03-31": "51.40%", "2015-12-31": "52.43%", "2015-09-30": "53.08%", "2015-06-30": "50.81%", "2015-03-31": "48.30%", "2014-12-31": "46.83%", "2014-09-30": "42.82%", "2014-06-30": "44.73%", "2014-03-31": "48.02%", "2013-12-31": "49.44%", "2013-09-30": "59.13%", "2013-06-30": "59.20%", "2013-03-31": "59.38%", "2012-12-31": "60.65%", "2012-09-30": "60.69%", "2012-06-30": "60.62%", "2012-03-31": "60.01%", "2011-12-31": "59.76%", "2011-09-30": "58.91%", "2011-06-30": "57.27%", "2011-03-31": "57.57%", "2010-12-31": "56.78%", "2010-09-30": "55.08%", "2010-06-30": "55.55%", "2010-03-31": "53.88%", "2009-12-31": "51.56%", "2009-09-30": "51.43%", "2009-06-30": "52.25%", "2009-03-31": "55.32%", "2008-12-31": "60.71%", "2008-09-30": "64.53%", "2008-06-30": "66.43%", "2008-03-31": "63.97%", "2007-12-31": "61.74%", "2007-09-30": "63.01%", "2007-06-30": "63.00%", "2007-03-31": "65.47%", "2006-12-31": "64.97%", "2006-09-30": "61.92%", "2006-06-30": "57.62%", "2006-03-31": "41.38%", "2005-12-31": "35.90%"}, "ebitda margin": {"2020-12-31": "62.69%", "2020-09-30": "62.83%", "2020-06-30": "64.69%", "2020-03-31": "64.67%", "2019-12-31": "64.11%", "2019-09-30": "64.41%", "2019-06-30": "63.89%", "2019-03-31": "63.77%", "2018-12-31": "63.65%", "2018-09-30": "63.50%", "2018-06-30": "63.68%", "2018-03-31": "63.57%", "2017-12-31": "62.83%", "2017-09-30": "62.33%", "2017-06-30": "61.75%", "2017-03-31": "61.25%", "2016-12-31": "61.66%", "2016-09-30": "61.26%", "2016-06-30": "62.25%", "2016-03-31": "62.85%", "2015-12-31": "62.94%", "2015-09-30": "63.16%", "2015-06-30": "60.34%", "2015-03-31": "57.49%", "2014-12-31": "55.82%", "2014-09-30": "51.70%", "2014-06-30": "53.70%", "2014-03-31": "56.98%", "2013-12-31": "58.76%", "2013-09-30": "68.59%", "2013-06-30": "68.69%", "2013-03-31": "69.09%", "2012-12-31": "70.34%", "2012-09-30": "69.99%", "2012-06-30": "69.87%", "2012-03-31": "69.44%", "2011-12-31": "69.56%", "2011-09-30": "69.73%", "2011-06-30": "68.40%", "2011-03-31": "68.64%", "2010-12-31": "67.91%", "2010-09-30": "66.04%", "2010-06-30": "66.45%", "2010-03-31": "65.17%", "2009-12-31": "63.22%", "2009-09-30": "63.39%", "2009-06-30": "63.37%", "2009-03-31": "64.99%", "2008-12-31": "68.60%", "2008-09-30": "70.55%", "2008-06-30": "72.03%", "2008-03-31": "69.47%", "2007-12-31": "67.13%", "2007-09-30": "68.10%", "2007-06-30": "67.62%", "2007-03-31": "70.08%", "2006-12-31": "69.75%", "2006-09-30": "68.08%", "2006-06-30": "65.24%", "2006-03-31": "50.57%", "2005-12-31": "46.79%"}, "pre tax profit margin": {"2020-12-31": "45.83%", "2020-09-30": "47.31%", "2020-06-30": "48.96%", "2020-03-31": "49.01%", "2019-12-31": "47.69%", "2019-09-30": "50.50%", "2019-06-30": "50.16%", "2019-03-31": "50.34%", "2018-12-31": "50.61%", "2018-09-30": "50.92%", "2018-06-30": "51.69%", "2018-03-31": "51.48%", "2017-12-31": "54.46%", "2017-09-30": "51.67%", "2017-06-30": "49.81%", "2017-03-31": "49.25%", "2016-12-31": "45.28%", "2016-09-30": "44.62%", "2016-06-30": "47.06%", "2016-03-31": "48.11%", "2015-12-31": "49.52%", "2015-09-30": "51.30%", "2015-06-30": "49.00%", "2015-03-31": "47.25%", "2014-12-31": "45.50%", "2014-09-30": "31.75%", "2014-06-30": "32.14%", "2014-03-31": "33.04%", "2013-12-31": "31.54%", "2013-09-30": "56.68%", "2013-06-30": "56.72%", "2013-03-31": "56.86%", "2012-12-31": "58.08%", "2012-09-30": "57.91%", "2012-06-30": "57.95%", "2012-03-31": "57.36%", "2011-12-31": "57.27%", "2011-09-30": "56.50%", "2011-06-30": "55.00%", "2011-03-31": "53.99%", "2010-12-31": "53.04%", "2010-09-30": "52.50%", "2010-06-30": "53.07%", "2010-03-31": "51.77%", "2009-12-31": "49.55%", "2009-09-30": "47.09%", "2009-06-30": "47.87%", "2009-03-31": "52.57%", "2008-12-31": "58.25%", "2008-09-30": "63.87%", "2008-06-30": "65.59%", "2008-03-31": "62.90%", "2007-12-31": "62.26%", "2007-09-30": "64.38%", "2007-06-30": "65.64%", "2007-03-31": "69.31%", "2006-12-31": "67.52%", "2006-09-30": "71.54%", "2006-06-30": "68.57%", "2006-03-31": "54.60%", "2005-12-31": "50.64%"}, "net profit margin": {"2020-12-31": "34.61%", "2020-09-30": "35.51%", "2020-06-30": "38.48%", "2020-03-31": "38.23%", "2019-12-31": "37.16%", "2019-09-30": "40.21%", "2019-06-30": "39.89%", "2019-03-31": "39.97%", "2018-12-31": "39.93%", "2018-09-30": "54.18%", "2018-06-30": "52.97%", "2018-03-31": "52.95%", "2017-12-31": "54.46%", "2017-09-30": "35.60%", "2017-06-30": "35.54%", "2017-03-31": "34.57%", "2016-12-31": "31.69%", "2016-09-30": "33.99%", "2016-06-30": "35.28%", "2016-03-31": "36.46%", "2015-12-31": "38.17%", "2015-09-30": "36.53%", "2015-06-30": "34.21%", "2015-03-31": "32.91%", "2014-12-31": "31.73%", "2014-09-30": "18.28%", "2014-06-30": "18.67%", "2014-03-31": "18.60%", "2013-12-31": "15.89%", "2013-09-30": "40.43%", "2013-06-30": "40.15%", "2013-03-31": "39.96%", "2012-12-31": "40.53%", "2012-09-30": "40.19%", "2012-06-30": "39.81%", "2012-03-31": "38.95%", "2011-12-31": "38.43%", "2011-09-30": "37.51%", "2011-06-30": "36.15%", "2011-03-31": "35.44%", "2010-12-31": "34.61%", "2010-09-30": "34.14%", "2010-06-30": "34.28%", "2010-03-31": "32.92%", "2009-12-31": "31.66%", "2009-09-30": "29.63%", "2009-06-30": "30.11%", "2009-03-31": "33.57%", "2008-12-31": "37.07%", "2008-09-30": "41.49%", "2008-06-30": "43.22%", "2008-03-31": "42.44%", "2007-12-31": "42.09%", "2007-09-30": "44.23%", "2007-06-30": "44.71%", "2007-03-31": "46.04%", "2006-12-31": "45.86%", "2006-09-30": "42.31%", "2006-06-30": "32.86%", "2006-03-31": "17.82%", "2005-12-31": "12.82%"}, "pe ratio": {"current": "25.11", "2021-02-11": "39.33", "2020-12-31": "40.74", "2020-09-30": "27.49", "2020-06-30": "23.60", "2020-03-31": "21.34", "2019-12-31": "26.64", "2019-09-30": "24.54", "2019-06-30": "23.75", "2019-03-31": "21.34", "2018-12-31": "21.40", "2018-09-30": "16.39", "2018-06-30": "16.68", "2018-03-31": "16.71", "2017-12-31": "16.01", "2017-09-30": "23.97", "2017-06-30": "23.34", "2017-03-31": "21.98", "2016-12-31": "22.59", "2016-09-30": "20.91", "2016-06-30": "19.97", "2016-03-31": "18.98", "2015-12-31": "21.11", "2015-09-30": "20.66", "2015-06-30": "21.54", "2015-03-31": "23.86", "2014-12-31": "23.75", "2014-09-30": "43.03", "2014-06-30": "40.37", "2014-03-31": "40.81", "2013-12-31": "51.08", "2013-09-30": "21.72", "2013-06-30": "21.66", "2013-03-31": "20.24", "2012-12-31": "15.02", "2012-09-30": "16.25", "2012-06-30": "16.54", "2012-03-31": "17.44", "2011-12-31": "15.92", "2011-09-30": "16.55", "2011-06-30": "18.93", "2011-03-31": "19.67", "2010-12-31": "20.32", "2010-09-30": "18.59", "2010-06-30": "20.50", "2010-03-31": "22.06", "2009-12-31": "24.05", "2009-09-30": "23.34", "2009-06-30": "28.48", "2009-03-31": "17.51", "2008-12-31": "17.95", "2008-09-30": "16.66", "2008-06-30": "24.13", "2008-03-31": "30.77", "2007-12-31": "51.97", "2007-09-30": "42.13", "2007-06-30": "43.66", "2007-03-31": "38.99", "2006-12-31": "41.19"}, "price sales": {"2021-02-11": "10.19", "2020-12-31": "10.56", "2020-09-30": "9.77", "2020-06-30": "9.09", "2020-03-31": "8.19", "2019-12-31": "9.94", "2019-09-30": "9.92", "2019-06-30": "9.51", "2019-03-31": "8.55", "2018-12-31": "8.56", "2018-09-30": "8.82", "2018-06-30": "8.79", "2018-03-31": "8.82", "2017-12-31": "8.71", "2017-09-30": "8.46", "2017-06-30": "8.25", "2017-03-31": "7.56", "2016-12-31": "7.12", "2016-09-30": "7.11", "2016-06-30": "7.06", "2016-03-31": "6.93", "2015-12-31": "8.05", "2015-09-30": "7.57", "2015-06-30": "7.39", "2015-03-31": "7.87", "2014-12-31": "7.57", "2014-09-30": "6.76", "2014-06-30": "7.05", "2014-03-31": "7.79", "2013-12-31": "9.68", "2013-09-30": "8.75", "2013-06-30": "8.65", "2013-03-31": "8.07", "2012-12-31": "6.07", "2012-09-30": "6.55", "2012-06-30": "6.60", "2012-03-31": "6.81", "2011-12-31": "6.14", "2011-09-30": "6.23", "2011-06-30": "6.86", "2011-03-31": "6.98", "2010-12-31": "7.05", "2010-09-30": "6.34", "2010-06-30": "7.04", "2010-03-31": "7.27", "2009-12-31": "7.62", "2009-09-30": "6.90", "2009-06-30": "8.56", "2009-03-31": "5.88", "2008-12-31": "6.65", "2008-09-30": "6.89", "2008-06-30": "10.36", "2008-03-31": "12.95", "2007-12-31": "21.67", "2007-09-30": "18.58", "2007-06-30": "19.50", "2007-03-31": "17.86", "2006-12-31": "18.64"}, "price book": {"current": "3.25", "2021-02-11": "3.20", "2020-12-31": "3.31", "2020-09-30": "2.94", "2020-06-30": "2.92", "2020-03-31": "2.59", "2019-12-31": "2.93", "2019-09-30": "2.95", "2019-06-30": "2.76", "2019-03-31": "2.46", "2018-12-31": "2.42", "2018-09-30": "2.46", "2018-06-30": "2.43", "2018-03-31": "2.39", "2017-12-31": "2.33", "2017-09-30": "2.41", "2017-06-30": "2.33", "2017-03-31": "2.14", "2016-12-31": "2.03", "2016-09-30": "1.95", "2016-06-30": "1.88", "2016-03-31": "1.75", "2015-12-31": "1.93", "2015-09-30": "1.95", "2015-06-30": "1.86", "2015-03-31": "1.97", "2014-12-31": "1.85", "2014-09-30": "1.61", "2014-06-30": "1.52", "2014-03-31": "1.61", "2013-12-31": "1.91", "2013-09-30": "2.96", "2013-06-30": "3.05", "2013-03-31": "2.89", "2012-12-31": "2.24", "2012-09-30": "2.46", "2012-06-30": "2.65", "2012-03-31": "2.68", "2011-12-31": "2.52", "2011-09-30": "2.61", "2011-06-30": "2.71", "2011-03-31": "2.79", "2010-12-31": "2.83", "2010-09-30": "2.57", "2010-06-30": "2.85", "2010-03-31": "2.97", "2009-12-31": "3.09", "2009-09-30": "2.78", "2009-06-30": "3.42", "2009-03-31": "2.32", "2008-12-31": "2.71", "2008-09-30": "2.72", "2008-06-30": "4.33", "2008-03-31": "5.27", "2007-12-31": "8.29", "2007-09-30": "6.95", "2007-06-30": "7.15", "2007-03-31": "6.21", "2006-12-31": "12.59", "2006-09-30": "10.33", "2006-06-30": "9.41", "2006-03-31": "13.64"}, "price fcf": {"2021-02-11": "", "2020-12-31": "$4.45", "2020-09-30": "$3.99", "2020-06-30": "$4.21", "2020-03-31": "$3.96", "2019-12-31": "$4.17", "2019-09-30": "$4.14", "2019-06-30": "$4.15", "2019-03-31": "$4.03", "2018-12-31": "$3.89", "2018-09-30": "$3.67", "2018-06-30": "$3.26", "2018-03-31": "$2.89", "2017-12-31": "$2.91", "2017-09-30": "$2.86", "2017-06-30": "$2.99", "2017-03-31": "$2.98", "2016-12-31": "$2.98", "2016-09-30": "$2.68", "2016-06-30": "$2.30", "2016-03-31": "$2.03", "2015-12-31": "$1.85", "2015-09-30": "$2.04", "2015-06-30": "$1.98", "2015-03-31": "$1.99", "2014-12-31": "$2.12", "2014-09-30": "$1.45", "2014-06-30": "$1.72", "2014-03-31": "$1.86", "2013-12-31": "$1.35", "2013-09-30": "$1.64", "2013-06-30": "$1.82", "2013-03-31": "$1.70", "2012-12-31": "$1.82", "2012-09-30": "$1.77", "2012-06-30": "$1.81", "2012-03-31": "$1.77", "2011-12-31": "$1.69", "2011-09-30": "$1.74", "2011-06-30": "$1.46", "2011-03-31": "$1.45", "2010-12-31": "$1.31", "2010-09-30": "$1.37", "2010-06-30": "$1.38", "2010-03-31": "$1.27", "2009-12-31": "$1.19", "2009-09-30": "$0.90", "2009-06-30": "$0.85", "2009-03-31": "$0.86", "2008-12-31": "$0.90", "2008-09-30": "$1.01", "2008-06-30": "$0.99", "2008-03-31": "$0.84", "2007-12-31": "$0.69", "2007-09-30": "$0.60", "2007-06-30": "$0.52", "2007-03-31": "$0.44", "2006-12-31": "$0.44"}, "net worth": {"value": "$63.62B"}, "current ratio": {"current": "0.99", "2020-12-31": "0.99", "2020-09-30": "0.99", "2020-06-30": "1.01", "2020-03-31": "0.99", "2019-12-31": "0.99", "2019-09-30": "1.01", "2019-06-30": "1.00", "2019-03-31": "1.01", "2018-12-31": "1.01", "2018-09-30": "1.00", "2018-06-30": "0.98", "2018-03-31": "0.98", "2017-12-31": "0.99", "2017-09-30": "1.01", "2017-06-30": "0.99", "2017-03-31": "0.98", "2016-12-31": "0.98", "2016-09-30": "0.99", "2016-06-30": "0.98", "2016-03-31": "0.98", "2015-12-31": "0.97", "2015-09-30": "0.99", "2015-06-30": "0.99", "2015-03-31": "0.99", "2014-12-31": "1.00", "2014-09-30": "1.00", "2014-06-30": "1.01", "2014-03-31": "1.00", "2013-12-31": "1.00", "2013-09-30": "1.03", "2013-06-30": "1.04", "2013-03-31": "1.04", "2012-12-31": "1.05", "2012-09-30": "1.04", "2012-06-30": "1.03", "2012-03-31": "1.03", "2011-12-31": "1.03", "2011-09-30": "1.01", "2011-06-30": "1.02", "2011-03-31": "1.02", "2010-12-31": "1.02", "2010-09-30": "1.02", "2010-06-30": "1.04", "2010-03-31": "1.03", "2009-12-31": "1.03", "2009-09-30": "1.02", "2009-06-30": "1.02", "2009-03-31": "1.02", "2008-12-31": "1.02", "2008-09-30": "1.12", "2008-06-30": "1.40", "2008-03-31": "1.27", "2007-12-31": "1.25", "2007-09-30": "1.20", "2007-06-30": "1.20", "2007-03-31": "1.24", "2006-12-31": "9.00", "2006-09-30": "8.82", "2006-06-30": "9.44", "2006-03-31": "6.44", "2005-12-31": "6.21", "2005-09-30": "0.00", "2005-06-30": "0.00", "2005-03-31": "0.00"}, "quick ratio": {"2020-12-31": "0.00", "2020-09-30": "0.00", "2020-06-30": "0.00", "2020-03-31": "0.00", "2019-12-31": "0.00", "2019-09-30": "0.00", "2019-06-30": "0.00", "2019-03-31": "0.00", "2018-12-31": "0.00", "2018-09-30": "0.00", "2018-06-30": "0.00", "2018-03-31": "0.00", "2017-12-31": "0.00", "2017-09-30": "0.00", "2017-06-30": "0.00", "2017-03-31": "0.00", "2016-12-31": "0.00", "2016-09-30": "0.00", "2016-06-30": "0.00", "2016-03-31": "0.00", "2015-12-31": "0.00", "2015-09-30": "0.00", "2015-06-30": "0.00", "2015-03-31": "0.00", "2014-12-31": "0.00", "2014-09-30": "0.00", "2014-06-30": "0.00", "2014-03-31": "0.00", "2013-12-31": "0.00", "2013-09-30": "0.00", "2013-06-30": "0.00", "2013-03-31": "0.00", "2012-12-31": "0.00", "2012-09-30": "0.00", "2012-06-30": "0.00", "2012-03-31": "0.00", "2011-12-31": "0.00", "2011-09-30": "0.00", "2011-06-30": "0.00", "2011-03-31": "0.00", "2010-12-31": "0.00", "2010-09-30": "0.00", "2010-06-30": "0.00", "2010-03-31": "0.00", "2009-12-31": "0.00", "2009-09-30": "0.00", "2009-06-30": "0.00", "2009-03-31": "0.00", "2008-12-31": "0.00", "2008-09-30": "0.00", "2008-06-30": "0.00", "2008-03-31": "0.00", "2007-12-31": "0.00", "2007-09-30": "0.00", "2007-06-30": "0.00", "2007-03-31": "0.00", "2006-12-31": "0.00", "2006-09-30": "0.00", "2006-06-30": "0.00", "2006-03-31": "0.00", "2005-12-31": "0.00", "2005-09-30": "0.00", "2005-06-30": "0.00", "2005-03-31": "0.00"}, "debt equity ratio": {"current": "0.72", "2020-12-31": "5.46", "2020-09-30": "5.72", "2020-06-30": "6.30", "2020-03-31": "7.19", "2019-12-31": "4.47", "2019-09-30": "4.55", "2019-06-30": "4.30", "2019-03-31": "4.48", "2018-12-31": "4.39", "2018-09-30": "4.18", "2018-06-30": "3.92", "2018-03-31": "3.83", "2017-12-31": "3.61", "2017-09-30": "3.94", "2017-06-30": "4.04", "2017-03-31": "4.03", "2016-12-31": "4.21", "2016-09-30": "3.91", "2016-06-30": "3.91", "2016-03-31": "4.25", "2015-12-31": "4.26", "2015-09-30": "4.32", "2015-06-30": "4.07", "2015-03-31": "4.39", "2014-12-31": "4.51", "2014-09-30": "4.32", "2014-06-30": "4.16", "2014-03-31": "4.09", "2013-12-31": "4.20", "2013-09-30": "11.01", "2013-06-30": "9.47", "2013-03-31": "9.37", "2012-12-31": "9.12", "2012-09-30": "9.41", "2012-06-30": "10.59", "2012-03-31": "9.60", "2011-12-31": "10.43", "2011-09-30": "11.84", "2011-06-30": "9.06", "2011-03-31": "8.63", "2010-12-31": "8.46", "2010-09-30": "9.37", "2010-06-30": "9.27", "2010-03-31": "8.36", "2009-12-31": "7.99", "2009-09-30": "7.37", "2009-06-30": "8.35", "2009-03-31": "6.35", "2008-12-31": "6.44", "2008-09-30": "1.13", "2008-06-30": "0.76", "2008-03-31": "0.92", "2007-12-31": "0.89", "2007-09-30": "0.94", "2007-06-30": "0.95", "2007-03-31": "0.85", "2006-12-31": "0.09", "2006-09-30": "0.11", "2006-06-30": "0.11", "2006-03-31": "0.14", "2005-12-31": "0.14", "2005-09-30": "0.00", "2005-06-30": "0.00", "2005-03-31": "0.00"}, "return on equity": {"2020-12-31": "11.52%", "2020-09-30": "11.44%", "2020-06-30": "12.57%", "2020-03-31": "12.24%", "2019-12-31": "11.25%", "2019-09-30": "12.21%", "2019-06-30": "11.85%", "2019-03-31": "11.80%", "2018-12-31": "11.71%", "2018-09-30": "15.42%", "2018-06-30": "15.10%", "2018-03-31": "15.09%", "2017-12-31": "15.61%", "2017-09-30": "10.41%", "2017-06-30": "10.32%", "2017-03-31": "10.02%", "2016-12-31": "9.27%", "2016-09-30": "9.47%", "2016-06-30": "9.73%", "2016-03-31": "9.71%", "2015-12-31": "9.80%", "2015-09-30": "9.63%", "2015-06-30": "8.77%", "2015-03-31": "8.18%", "2014-12-31": "7.66%", "2014-09-30": "4.04%", "2014-06-30": "4.24%", "2014-03-31": "4.57%", "2013-12-31": "4.22%", "2013-09-30": "14.57%", "2013-06-30": "14.76%", "2013-03-31": "14.93%", "2012-12-31": "15.66%", "2012-09-30": "16.17%", "2012-06-30": "16.97%", "2012-03-31": "16.70%", "2011-12-31": "16.68%", "2011-09-30": "16.22%", "2011-06-30": "15.35%", "2011-03-31": "15.24%", "2010-12-31": "14.80%", "2010-09-30": "14.77%", "2010-06-30": "14.97%", "2010-03-31": "14.41%", "2009-12-31": "13.80%", "2009-09-30": "12.86%", "2009-06-30": "12.88%", "2009-03-31": "14.43%", "2008-12-31": "16.59%", "2008-09-30": "18.86%", "2008-06-30": "20.08%", "2008-03-31": "19.30%", "2007-12-31": "17.90%", "2007-09-30": "20.61%", "2007-06-30": "24.03%", "2007-03-31": "30.13%", "2006-12-31": "40.94%", "2006-09-30": "37.10%", "2006-06-30": "34.20%", "2006-03-31": "25.31%", "2005-12-31": "34.33%"}, "return on assets": {"2020-12-31": "1.62%", "2020-09-30": "1.66%", "2020-06-30": "1.90%", "2020-03-31": "2.00%", "2019-12-31": "2.06%", "2019-09-30": "2.25%", "2019-06-30": "2.22%", "2019-03-31": "2.25%", "2018-12-31": "2.31%", "2018-09-30": "3.16%", "2018-06-30": "3.13%", "2018-03-31": "3.11%", "2017-12-31": "3.19%", "2017-09-30": "2.06%", "2017-06-30": "2.04%", "2017-03-31": "2.00%", "2016-12-31": "1.83%", "2016-09-30": "1.87%", "2016-06-30": "1.88%", "2016-03-31": "1.86%", "2015-12-31": "1.86%", "2015-09-30": "1.81%", "2015-06-30": "1.65%", "2015-03-31": "1.53%", "2014-12-31": "1.45%", "2014-09-30": "0.78%", "2014-06-30": "0.73%", "2014-03-31": "0.69%", "2013-12-31": "0.53%", "2013-09-30": "1.35%", "2013-06-30": "1.43%", "2013-03-31": "1.41%", "2012-12-31": "1.47%", "2012-09-30": "1.47%", "2012-06-30": "1.46%", "2012-03-31": "1.49%", "2011-12-31": "1.52%", "2011-09-30": "1.54%", "2011-06-30": "1.55%", "2011-03-31": "1.54%", "2010-12-31": "1.50%", "2010-09-30": "1.51%", "2010-06-30": "1.61%", "2010-03-31": "1.60%", "2009-12-31": "1.62%", "2009-09-30": "1.58%", "2009-06-30": "1.93%", "2009-03-31": "2.98%", "2008-12-31": "4.78%", "2008-09-30": "9.75%", "2008-06-30": "10.72%", "2008-03-31": "10.04%", "2007-12-31": "9.38%", "2007-09-30": "11.27%", "2007-06-30": "14.10%", "2007-03-31": "20.23%", "2006-12-31": "37.02%", "2006-09-30": "33.11%", "2006-06-30": "30.40%", "2006-03-31": "22.22%", "2005-12-31": "30.08%"}, "return on investments": {"2020-12-31": "10.60%", "2020-09-30": "11.12%", "2020-06-30": "12.69%", "2020-03-31": "12.56%", "2019-12-31": "11.44%", "2019-09-30": "11.52%", "2019-06-30": "11.12%", "2019-03-31": "11.32%", "2018-12-31": "11.55%", "2018-09-30": "11.49%", "2018-06-30": "11.80%", "2018-03-31": "11.76%", "2017-12-31": "11.66%", "2017-09-30": "11.75%", "2017-06-30": "11.23%", "2017-03-31": "10.90%", "2016-12-31": "10.90%", "2016-09-30": "10.18%", "2016-06-30": "10.77%", "2016-03-31": "10.91%", "2015-12-31": "11.03%", "2015-09-30": "11.84%", "2015-06-30": "11.04%", "2015-03-31": "10.19%", "2014-12-31": "9.41%", "2014-09-30": "7.66%", "2014-06-30": "8.21%", "2014-03-31": "9.37%", "2013-12-31": "10.55%", "2013-09-30": "17.90%", "2013-06-30": "17.73%", "2013-03-31": "17.92%", "2012-12-31": "18.87%", "2012-09-30": "19.67%", "2012-06-30": "21.19%", "2012-03-31": "21.89%", "2011-12-31": "22.84%", "2011-09-30": "23.23%", "2011-06-30": "22.09%", "2011-03-31": "22.09%", "2010-12-31": "21.72%", "2010-09-30": "21.45%", "2010-06-30": "22.07%", "2010-03-31": "21.59%", "2009-12-31": "20.30%", "2009-09-30": "19.81%", "2009-06-30": "19.49%", "2009-03-31": "20.78%", "2008-12-31": "23.83%", "2008-09-30": "25.98%", "2008-06-30": "27.66%", "2008-03-31": "25.71%", "2007-12-31": "22.89%", "2007-09-30": "28.36%", "2007-06-30": "38.62%", "2007-03-31": "70.47%", "2006-12-31": "inf%", "2006-09-30": "inf%", "2006-06-30": "inf%", "2006-03-31": "inf%", "2005-12-31": "inf%"}, "return on tangible equity": {"2020-12-31": "-18.04%", "2020-09-30": "-22.05%", "2020-06-30": "-32.78%", "2020-03-31": "-32.11%", "2019-12-31": "-30.03%", "2019-09-30": "-32.56%", "2019-06-30": "-31.37%", "2019-03-31": "-32.02%", "2018-12-31": "-32.40%", "2018-09-30": "-44.00%", "2018-06-30": "-43.40%", "2018-03-31": "-42.23%", "2017-12-31": "-41.08%", "2017-09-30": "-25.38%", "2017-06-30": "-24.25%", "2017-03-31": "-22.45%", "2016-12-31": "-19.97%", "2016-09-30": "-19.40%", "2016-06-30": "-21.04%", "2016-03-31": "-22.87%", "2015-12-31": "-26.16%", "2015-09-30": "-30.95%", "2015-06-30": "-28.74%", "2015-03-31": "-28.22%", "2014-12-31": "-23.48%", "2014-09-30": "-10.93%", "2014-06-30": "-12.88%", "2014-03-31": "-15.78%", "2013-12-31": "-37.76%", "2013-09-30": "51.14%", "2013-06-30": "56.01%", "2013-03-31": "62.24%", "2012-12-31": "70.81%", "2012-09-30": "85.02%", "2012-06-30": "112.05%", "2012-03-31": "137.67%", "2011-12-31": "201.18%", "2011-09-30": "311.47%", "2011-06-30": "611.68%", "2011-03-31": "286.87%", "2010-12-31": "182.15%", "2010-09-30": "135.70%", "2010-06-30": "109.84%", "2010-03-31": "165.19%", "2009-12-31": "387.69%", "2009-09-30": "-1230.77%", "2009-06-30": "-237.69%", "2009-03-31": "-303.78%", "2008-12-31": "-444.28%", "2008-09-30": "-663.87%", "2008-06-30": "-1093.81%", "2008-03-31": "-358.71%", "2007-12-31": "-306.33%", "2007-09-30": "706.25%", "2007-06-30": "143.46%", "2007-03-31": "80.45%", "2006-12-31": "53.04%", "2006-09-30": "50.57%", "2006-06-30": "48.25%", "2006-03-31": "36.80%", "2005-12-31": "50.96%"}, "dividend yield history": {"last payout": "$1.20", "last yield": "1.06%"}}