{"ticker": "ICUI", "price": {"title": "ICU Medical Historical Annual Stock Price Data", "value": 208.92, "historical": {"2021": {"Average Stock Price": "214.8763", "Year Open": "212.0600", "Year High": "222.5400", "Year Low": "203.2500", "Year Close": "208.9200", "Annual % Change": "-2.60%"}, "2020": {"Average Stock Price": "193.3247", "Year Open": "185.6200", "Year High": "230.8900", "Year Low": "160.0400", "Year Close": "214.4900", "Annual % Change": "14.63%"}, "2019": {"Average Stock Price": "210.2474", "Year Open": "225.8100", "Year High": "257.3800", "Year Low": "151.8800", "Year Close": "187.1200", "Annual % Change": "-18.51%"}, "2018": {"Average Stock Price": "262.1872", "Year Open": "216.1000", "Year High": "309.7500", "Year Low": "213.1300", "Year Close": "229.6300", "Annual % Change": "6.31%"}, "2017": {"Average Stock Price": "170.9345", "Year Open": "147.2000", "Year High": "220.4500", "Year Low": "131.8750", "Year Close": "216.0000", "Annual % Change": "46.59%"}, "2016": {"Average Stock Price": "116.3128", "Year Open": "105.1600", "Year High": "151.7500", "Year Low": "86.4700", "Year Close": "147.3500", "Annual % Change": "30.65%"}, "2015": {"Average Stock Price": "99.7685", "Year Open": "80.4700", "Year High": "123.0900", "Year Low": "80.4700", "Year Close": "112.7800", "Annual % Change": "37.70%"}, "2014": {"Average Stock Price": "64.6979", "Year Open": "62.7900", "Year High": "85.7100", "Year Low": "54.1900", "Year Close": "81.9000", "Annual % Change": "28.55%"}, "2013": {"Average Stock Price": "65.5471", "Year Open": "61.7000", "Year High": "75.9000", "Year Low": "56.0700", "Year Close": "63.7100", "Annual % Change": "4.56%"}, "2012": {"Average Stock Price": "53.3657", "Year Open": "44.6700", "Year High": "62.6100", "Year Low": "44.4100", "Year Close": "60.9300", "Annual % Change": "35.40%"}, "2011": {"Average Stock Price": "41.5204", "Year Open": "36.4200", "Year High": "45.7900", "Year Low": "35.5700", "Year Close": "45.0000", "Annual % Change": "23.29%"}, "2010": {"Average Stock Price": "35.3734", "Year Open": "36.7300", "Year High": "38.3900", "Year Low": "30.7300", "Year Close": "36.5000", "Annual % Change": "0.16%"}, "2009": {"Average Stock Price": "35.5842", "Year Open": "33.0200", "Year High": "43.9500", "Year Low": "26.8100", "Year Close": "36.4400", "Annual % Change": "9.96%"}, "2008": {"Average Stock Price": "28.8864", "Year Open": "36.4400", "Year High": "37.4300", "Year Low": "22.5000", "Year Close": "33.1400", "Annual % Change": "-7.97%"}, "2007": {"Average Stock Price": "39.4442", "Year Open": "40.9800", "Year High": "44.6000", "Year Low": "32.6600", "Year Close": "36.0100", "Annual % Change": "-11.48%"}, "2006": {"Average Stock Price": "40.5031", "Year Open": "40.4100", "Year High": "47.9500", "Year Low": "33.9500", "Year Close": "40.6800", "Annual % Change": "3.75%"}, "2005": {"Average Stock Price": "32.2128", "Year Open": "26.3800", "Year High": "40.0000", "Year Low": "23.2100", "Year Close": "39.2100", "Annual % Change": "43.42%"}, "2004": {"Average Stock Price": "29.7041", "Year Open": "33.7400", "Year High": "40.5000", "Year Low": "21.9800", "Year Close": "27.3400", "Annual % Change": "-20.27%"}, "2003": {"Average Stock Price": "30.5318", "Year Open": "37.3300", "Year High": "37.5000", "Year Low": "22.9500", "Year Close": "34.2900", "Annual % Change": "-8.07%"}, "2002": {"Average Stock Price": "35.1218", "Year Open": "30.0000", "Year High": "43.8900", "Year Low": "25.7500", "Year Close": "37.3000", "Annual % Change": "25.73%"}, "2001": {"Average Stock Price": "24.5944", "Year Open": "19.0000", "Year High": "31.3333", "Year Low": "17.2933", "Year Close": "29.6667", "Annual % Change": "47.69%"}, "2000": {"Average Stock Price": "14.8267", "Year Open": "9.7467", "Year High": "20.2533", "Year Low": "9.5000", "Year Close": "20.0867", "Annual % Change": "97.57%"}, "1999": {"Average Stock Price": "11.3191", "Year Open": "13.5000", "Year High": "14.2533", "Year Low": "7.7533", "Year Close": "10.1667", "Annual % Change": "-30.68%"}, "1998": {"Average Stock Price": "9.9652", "Year Open": "8.3333", "Year High": "14.6667", "Year Low": "7.9200", "Year Close": "14.6667", "Annual % Change": "77.71%"}, "1997": {"Average Stock Price": "6.2504", "Year Open": "5.5000", "Year High": "9.6667", "Year Low": "4.8333", "Year Close": "8.2533", "Annual % Change": "57.11%"}, "1996": {"Average Stock Price": "8.7342", "Year Open": "11.0000", "Year High": "15.6667", "Year Low": "4.4167", "Year Close": "5.2533", "Annual % Change": "-53.65%"}, "1995": {"Average Stock Price": "9.6105", "Year Open": "10.0000", "Year High": "11.3333", "Year Low": "7.1667", "Year Close": "11.3333", "Annual % Change": "9.68%"}, "1994": {"Average Stock Price": "8.9387", "Year Open": "11.1667", "Year High": "12.3333", "Year Low": "6.6667", "Year Close": "10.3333", "Annual % Change": "-4.62%"}, "1993": {"Average Stock Price": "8.9493", "Year Open": "6.5556", "Year High": "11.5000", "Year Low": "6.0000", "Year Close": "10.8333", "Annual % Change": "68.10%"}}}, "market cap": {"value": "$4.38B"}, "income statement": {"Revenue": {"2019-12-31": "1266.20800", "2018-12-31": "1400.04000", "2017-12-31": "1292.61300", "2016-12-31": "379.37200", "2015-12-31": "341.66800", "2014-12-31": "309.26000", "2013-12-31": "313.71600", "2012-12-31": "316.86900", "2011-12-31": "302.19500", "2010-12-31": "282.95900", "2009-12-31": "228.97100", "2008-12-31": "204.72600", "2007-12-31": "188.13800", "2006-12-31": "201.61300", "2005-12-31": "157.53200"}, "Cost Of Goods Sold": {"2019-12-31": "794.34400", "2018-12-31": "830.01200", "2017-12-31": "866.51800", "2016-12-31": "177.97400", "2015-12-31": "160.87100", "2014-12-31": "157.85900", "2013-12-31": "158.98400", "2012-12-31": "160.35900", "2011-12-31": "159.84100", "2010-12-31": "153.98900", "2009-12-31": "122.69500", "2008-12-31": "114.91000", "2007-12-31": "109.89500", "2006-12-31": "120.92900", "2005-12-31": "88.12800"}, "Gross Profit": {"2019-12-31": "471.86400", "2018-12-31": "570.02800", "2017-12-31": "426.09500", "2016-12-31": "201.39800", "2015-12-31": "180.79700", "2014-12-31": "151.40100", "2013-12-31": "154.73200", "2012-12-31": "156.51000", "2011-12-31": "142.35400", "2010-12-31": "128.97000", "2009-12-31": "106.27600", "2008-12-31": "89.81600", "2007-12-31": "78.24300", "2006-12-31": "80.68400", "2005-12-31": "69.40400"}, "Research And Development Expenses": {"2019-12-31": "48.61100", "2018-12-31": "52.86700", "2017-12-31": "51.25300", "2016-12-31": "12.95500", "2015-12-31": "15.71400", "2014-12-31": "18.33200", "2013-12-31": "12.40700", "2012-12-31": "10.63000", "2011-12-31": "8.58800", "2010-12-31": "4.67800", "2009-12-31": "2.64500", "2008-12-31": "4.82200", "2007-12-31": "8.11100", "2006-12-31": "7.65900", "2005-12-31": "4.81700"}, "SG&A Expenses": {"2019-12-31": "276.98200", "2018-12-31": "320.00200", "2017-12-31": "302.16900", "2016-12-31": "89.42600", "2015-12-31": "83.21600", "2014-12-31": "88.93900", "2013-12-31": "89.00600", "2012-12-31": "84.60400", "2011-12-31": "85.28700", "2010-12-31": "76.63600", "2009-12-31": "68.20500", "2008-12-31": "53.61100", "2007-12-31": "45.48400", "2006-12-31": "44.24500", "2005-12-31": "36.99200"}, "Other Operating Income Or Expenses": {"2019-12-31": "41.66300", "2018-12-31": "-62.01300", "2017-12-31": "-8.00000", "2016-12-31": "-0.72800", "2015-12-31": "-4.85100", "2014-12-31": "", "2013-12-31": "", "2012-12-31": "", "2011-12-31": "16.74200", "2010-12-31": "0.00000", "2009-12-31": "", "2008-12-31": "", "2007-12-31": "", "2006-12-31": "2.09300", "2005-12-31": ""}, "Operating Expenses": {"2019-12-31": "1158.84800", "2018-12-31": "1370.28400", "2017-12-31": "1305.90700", "2016-12-31": "296.43100", "2015-12-31": "273.10300", "2014-12-31": "270.22300", "2013-12-31": "261.76700", "2012-12-31": "255.59300", "2011-12-31": "236.97400", "2010-12-31": "235.30300", "2009-12-31": "193.54500", "2008-12-31": "173.34300", "2007-12-31": "163.49000", "2006-12-31": "170.74000", "2005-12-31": "129.93700"}, "Operating Income": {"2019-12-31": "107.36000", "2018-12-31": "29.75590", "2017-12-31": "-13.29400", "2016-12-31": "82.94100", "2015-12-31": "68.56500", "2014-12-31": "39.03700", "2013-12-31": "51.94900", "2012-12-31": "61.27600", "2011-12-31": "65.22100", "2010-12-31": "47.65600", "2009-12-31": "35.42600", "2008-12-31": "31.38300", "2007-12-31": "24.64800", "2006-12-31": "30.87300", "2005-12-31": "27.59500"}, "Total Non-Operating Income/Expense": {"2019-12-31": "7.34700", "2018-12-31": "-7.38200", "2017-12-31": "64.57700", "2016-12-31": "2.22300", "2015-12-31": "1.13400", "2014-12-31": "0.75500", "2013-12-31": "0.76500", "2012-12-31": "0.56300", "2011-12-31": "1.20100", "2010-12-31": "0.12900", "2009-12-31": "1.18100", "2008-12-31": "4.69500", "2007-12-31": "8.69800", "2006-12-31": "4.46200", "2005-12-31": "2.72100"}, "Pre-Tax Income": {"2019-12-31": "114.70700", "2018-12-31": "22.37400", "2017-12-31": "51.28300", "2016-12-31": "85.16400", "2015-12-31": "69.69900", "2014-12-31": "39.79200", "2013-12-31": "52.71400", "2012-12-31": "61.83900", "2011-12-31": "66.42200", "2010-12-31": "47.78500", "2009-12-31": "36.60700", "2008-12-31": "36.07800", "2007-12-31": "33.34600", "2006-12-31": "35.33500", "2005-12-31": "30.31600"}, "Income Taxes": {"2019-12-31": "13.67200", "2018-12-31": "-6.41900", "2017-12-31": "-17.36100", "2016-12-31": "22.08000", "2015-12-31": "24.71400", "2014-12-31": "13.45700", "2013-12-31": "12.29600", "2012-12-31": "20.55800", "2011-12-31": "21.75300", "2010-12-31": "17.86200", "2009-12-31": "11.62600", "2008-12-31": "11.77800", "2007-12-31": "10.33700", "2006-12-31": "10.24000", "2005-12-31": "10.45900"}, "Income After Taxes": {"2019-12-31": "101.03500", "2018-12-31": "28.79300", "2017-12-31": "68.64400", "2016-12-31": "63.08400", "2015-12-31": "44.98500", "2014-12-31": "26.33500", "2013-12-31": "40.41800", "2012-12-31": "41.28100", "2011-12-31": "44.66900", "2010-12-31": "29.92300", "2009-12-31": "24.98100", "2008-12-31": "24.30000", "2007-12-31": "23.00900", "2006-12-31": "25.09500", "2005-12-31": "19.85700"}, "Other Income": {"2019-12-31": "", "2018-12-31": "", "2017-12-31": "", "2016-12-31": "", "2015-12-31": "", "2014-12-31": "", "2013-12-31": "", "2012-12-31": "", "2011-12-31": "", "2010-12-31": "", "2009-12-31": "", "2008-12-31": "", "2007-12-31": "", "2006-12-31": "", "2005-12-31": ""}, "Income From Continuous Operations": {"2019-12-31": "101.03500", "2018-12-31": "28.79300", "2017-12-31": "68.64400", "2016-12-31": "63.08400", "2015-12-31": "44.98500", "2014-12-31": "26.33500", "2013-12-31": "40.41800", "2012-12-31": "41.28100", "2011-12-31": "44.66900", "2010-12-31": "29.92300", "2009-12-31": "24.98100", "2008-12-31": "24.30000", "2007-12-31": "23.07900", "2006-12-31": "25.66000", "2005-12-31": "20.27400"}, "Income From Discontinued Operations": {"2019-12-31": "", "2018-12-31": "", "2017-12-31": "", "2016-12-31": "", "2015-12-31": "", "2014-12-31": "", "2013-12-31": "", "2012-12-31": "", "2011-12-31": "", "2010-12-31": "", "2009-12-31": "", "2008-12-31": "", "2007-12-31": "", "2006-12-31": "", "2005-12-31": ""}, "Net Income": {"2019-12-31": "101.03500", "2018-12-31": "28.79300", "2017-12-31": "68.64400", "2016-12-31": "63.08400", "2015-12-31": "44.98500", "2014-12-31": "26.33500", "2013-12-31": "40.41800", "2012-12-31": "41.28100", "2011-12-31": "44.66900", "2010-12-31": "29.92300", "2009-12-31": "24.98100", "2008-12-31": "24.30000", "2007-12-31": "23.07900", "2006-12-31": "25.66000", "2005-12-31": "20.27400"}, "EBITDA": {"2019-12-31": "192.99300", "2018-12-31": "105.12090", "2017-12-31": "53.42610", "2016-12-31": "103.34600", "2015-12-31": "88.30800", "2014-12-31": "60.67200", "2013-12-31": "74.17000", "2012-12-31": "82.86200", "2011-12-31": "84.80900", "2010-12-31": "66.09300", "2009-12-31": "53.62700", "2008-12-31": "45.69900", "2007-12-31": "36.44400", "2006-12-31": "42.10400", "2005-12-31": "37.29300"}, "EBIT": {"2019-12-31": "107.36000", "2018-12-31": "29.75590", "2017-12-31": "-13.29400", "2016-12-31": "82.94100", "2015-12-31": "68.56500", "2014-12-31": "39.03700", "2013-12-31": "51.94900", "2012-12-31": "61.27600", "2011-12-31": "65.22100", "2010-12-31": "47.65600", "2009-12-31": "35.42600", "2008-12-31": "31.38300", "2007-12-31": "24.64800", "2006-12-31": "30.87300", "2005-12-31": "27.59500"}, "Basic Shares Outstanding": {"2019-12-31": "20.62900", "2018-12-31": "20.39400", "2017-12-31": "19.61400", "2016-12-31": "16.16800", "2015-12-31": "15.84800", "2014-12-31": "15.28200", "2013-12-31": "14.68800", "2012-12-31": "14.22300", "2011-12-31": "13.83500", "2010-12-31": "13.61100", "2009-12-31": "14.72000", "2008-12-31": "14.14400", "2007-12-31": "14.28200", "2006-12-31": "14.41200", "2005-12-31": "13.81100"}, "Shares Outstanding": {"2019-12-31": "21.54500", "2018-12-31": "21.60100", "2017-12-31": "20.85800", "2016-12-31": "17.25400", "2015-12-31": "16.49600", "2014-12-31": "15.64700", "2013-12-31": "15.27400", "2012-12-31": "14.72500", "2011-12-31": "14.16100", "2010-12-31": "13.85500", "2009-12-31": "14.98400", "2008-12-31": "14.56500", "2007-12-31": "15.26500", "2006-12-31": "15.59900", "2005-12-31": "15.04000"}, "Basic EPS": {"2019-12-31": "4.90000", "2018-12-31": "1.41000", "2017-12-31": "3.50000", "2016-12-31": "3.90000", "2015-12-31": "2.84000", "2014-12-31": "1.72000", "2013-12-31": "2.75000", "2012-12-31": "2.90000", "2011-12-31": "3.23000", "2010-12-31": "2.20000", "2009-12-31": "1.70000", "2008-12-31": "1.72000", "2007-12-31": "1.62000", "2006-12-31": "1.78000", "2005-12-31": "1.47000"}, "EPS - Earnings Per Share": {"2019-12-31": "4.69000", "2018-12-31": "1.33000", "2017-12-31": "3.29000", "2016-12-31": "3.66000", "2015-12-31": "2.73000", "2014-12-31": "1.68000", "2013-12-31": "2.65000", "2012-12-31": "2.80000", "2011-12-31": "3.15000", "2010-12-31": "2.16000", "2009-12-31": "1.67000", "2008-12-31": "1.67000", "2007-12-31": "1.51000", "2006-12-31": "1.64000", "2005-12-31": "1.35000"}}, "income statement, quarterly": {"Revenue": {"2020-09-30": "318.56700", "2020-06-30": "303.37900", "2020-03-31": "328.60700", "2019-12-31": "315.52290", "2019-09-30": "307.47100", "2019-06-30": "312.28200", "2019-03-31": "330.93200", "2018-12-31": "340.37810", "2018-09-30": "327.16900", "2018-06-30": "360.46000", "2018-03-31": "372.03300", "2017-12-31": "370.12400", "2017-09-30": "343.23600", "2017-06-30": "331.51400", "2017-03-31": "247.73900", "2016-12-31": "95.68800", "2016-09-30": "97.10800", "2016-06-30": "96.72100", "2016-03-31": "89.85500", "2015-12-31": "90.38700", "2015-09-30": "86.01600", "2015-06-30": "83.78100", "2015-03-31": "81.48400", "2014-12-31": "79.89600", "2014-09-30": "77.45700", "2014-06-30": "78.67700", "2014-03-31": "73.23000", "2013-12-31": "77.94100", "2013-09-30": "82.81500", "2013-06-30": "78.66100", "2013-03-31": "74.29900", "2012-12-31": "82.67200", "2012-09-30": "81.40500", "2012-06-30": "77.28100", "2012-03-31": "75.51100", "2011-12-31": "76.47000", "2011-09-30": "76.45800", "2011-06-30": "77.79600", "2011-03-31": "71.47100", "2010-12-31": "73.99700", "2010-09-30": "75.73700", "2010-06-30": "68.86200", "2010-03-31": "64.36300", "2009-12-31": "67.27200", "2009-09-30": "53.96500", "2009-06-30": "53.39900", "2009-03-31": "54.33500", "2008-12-31": "56.74500", "2008-09-30": "54.73500", "2008-06-30": "48.59200", "2008-03-31": "44.65400", "2007-12-31": "45.54700", "2007-09-30": "44.86800", "2007-06-30": "48.89000", "2007-03-31": "48.83300", "2006-12-31": "52.80700", "2006-09-30": "48.60000", "2006-06-30": "51.42500", "2006-03-31": "48.78100", "2005-12-31": "43.23000", "2005-09-30": "46.52400", "2005-06-30": "40.69300", "2005-03-31": "27.08500"}, "Cost Of Goods Sold": {"2020-09-30": "204.64300", "2020-06-30": "197.09500", "2020-03-31": "207.19200", "2019-12-31": "201.38300", "2019-09-30": "188.91900", "2019-06-30": "208.41300", "2019-03-31": "195.62900", "2018-12-31": "205.73810", "2018-09-30": "192.58200", "2018-06-30": "208.66000", "2018-03-31": "223.03200", "2017-12-31": "232.63400", "2017-09-30": "231.63800", "2017-06-30": "243.45200", "2017-03-31": "158.79400", "2016-12-31": "44.92800", "2016-09-30": "45.83500", "2016-06-30": "46.58900", "2016-03-31": "40.62200", "2015-12-31": "42.13000", "2015-09-30": "39.75100", "2015-06-30": "40.02000", "2015-03-31": "38.97000", "2014-12-31": "40.21100", "2014-09-30": "39.31000", "2014-06-30": "41.13500", "2014-03-31": "37.20300", "2013-12-31": "38.99600", "2013-09-30": "41.86000", "2013-06-30": "40.62300", "2013-03-31": "37.50500", "2012-12-31": "40.90400", "2012-09-30": "40.71000", "2012-06-30": "38.19900", "2012-03-31": "40.54600", "2011-12-31": "40.51700", "2011-09-30": "40.88400", "2011-06-30": "41.59500", "2011-03-31": "36.84500", "2010-12-31": "38.11300", "2010-09-30": "41.70500", "2010-06-30": "36.73500", "2010-03-31": "37.43600", "2009-12-31": "38.40000", "2009-09-30": "28.91600", "2009-06-30": "27.61000", "2009-03-31": "27.76900", "2008-12-31": "30.45100", "2008-09-30": "29.78800", "2008-06-30": "27.78800", "2008-03-31": "26.88300", "2007-12-31": "26.52400", "2007-09-30": "25.50200", "2007-06-30": "28.25200", "2007-03-31": "29.61700", "2006-12-31": "35.39700", "2006-09-30": "29.75000", "2006-06-30": "28.35100", "2006-03-31": "27.43100", "2005-12-31": "24.66000", "2005-09-30": "27.24800", "2005-06-30": "24.36000", "2005-03-31": "11.86000"}, "Gross Profit": {"2020-09-30": "113.92400", "2020-06-30": "106.28400", "2020-03-31": "121.41500", "2019-12-31": "114.14000", "2019-09-30": "118.55200", "2019-06-30": "103.86900", "2019-03-31": "135.30300", "2018-12-31": "134.64010", "2018-09-30": "134.58700", "2018-06-30": "151.80000", "2018-03-31": "149.00100", "2017-12-31": "137.49000", "2017-09-30": "111.59800", "2017-06-30": "88.06200", "2017-03-31": "88.94500", "2016-12-31": "50.76000", "2016-09-30": "51.27300", "2016-06-30": "50.13200", "2016-03-31": "49.23300", "2015-12-31": "48.25700", "2015-09-30": "46.26500", "2015-06-30": "43.76100", "2015-03-31": "42.51400", "2014-12-31": "39.68500", "2014-09-30": "38.14700", "2014-06-30": "37.54200", "2014-03-31": "36.02700", "2013-12-31": "38.94500", "2013-09-30": "40.95500", "2013-06-30": "38.03800", "2013-03-31": "36.79400", "2012-12-31": "41.76800", "2012-09-30": "40.69500", "2012-06-30": "39.08200", "2012-03-31": "34.96500", "2011-12-31": "35.95300", "2011-09-30": "35.57400", "2011-06-30": "36.20100", "2011-03-31": "34.62600", "2010-12-31": "35.88400", "2010-09-30": "34.03200", "2010-06-30": "32.12700", "2010-03-31": "26.92700", "2009-12-31": "28.87200", "2009-09-30": "25.04900", "2009-06-30": "25.78900", "2009-03-31": "26.56600", "2008-12-31": "26.29400", "2008-09-30": "24.94700", "2008-06-30": "20.80400", "2008-03-31": "17.77100", "2007-12-31": "19.02300", "2007-09-30": "19.36600", "2007-06-30": "20.63800", "2007-03-31": "19.21600", "2006-12-31": "17.41000", "2006-09-30": "18.85000", "2006-06-30": "23.07400", "2006-03-31": "21.35000", "2005-12-31": "18.57000", "2005-09-30": "19.27600", "2005-06-30": "16.33300", "2005-03-31": "15.22500"}, "Research And Development Expenses": {"2020-09-30": "10.12600", "2020-06-30": "10.27900", "2020-03-31": "10.74600", "2019-12-31": "12.58700", "2019-09-30": "12.00200", "2019-06-30": "11.19900", "2019-03-31": "12.82300", "2018-12-31": "13.52500", "2018-09-30": "13.18100", "2018-06-30": "13.57500", "2018-03-31": "12.58600", "2017-12-31": "13.87600", "2017-09-30": "12.76900", "2017-06-30": "12.96700", "2017-03-31": "11.64100", "2016-12-31": "2.65400", "2016-09-30": "3.65000", "2016-06-30": "3.33800", "2016-03-31": "3.31300", "2015-12-31": "4.05700", "2015-09-30": "4.22700", "2015-06-30": "3.12200", "2015-03-31": "4.30800", "2014-12-31": "5.08000", "2014-09-30": "5.05500", "2014-06-30": "4.56600", "2014-03-31": "3.63100", "2013-12-31": "3.45800", "2013-09-30": "3.14000", "2013-06-30": "3.90600", "2013-03-31": "1.90300", "2012-12-31": "2.22000", "2012-09-30": "2.98800", "2012-06-30": "2.72900", "2012-03-31": "2.69300", "2011-12-31": "2.16800", "2011-09-30": "1.87700", "2011-06-30": "2.49100", "2011-03-31": "2.05200", "2010-12-31": "1.74100", "2010-09-30": "1.06700", "2010-06-30": "0.95200", "2010-03-31": "0.91800", "2009-12-31": "0.62900", "2009-09-30": "0.66100", "2009-06-30": "0.61700", "2009-03-31": "0.73800", "2008-12-31": "0.49400", "2008-09-30": "0.85700", "2008-06-30": "1.45200", "2008-03-31": "2.01900", "2007-12-31": "1.87100", "2007-09-30": "2.23400", "2007-06-30": "2.15500", "2007-03-31": "1.85100", "2006-12-31": "2.14400", "2006-09-30": "1.61100", "2006-06-30": "2.33500", "2006-03-31": "1.56900", "2005-12-31": "1.78600", "2005-09-30": "1.35300", "2005-06-30": "1.00400", "2005-03-31": "0.67400"}, "SG&A Expenses": {"2020-09-30": "70.85400", "2020-06-30": "67.24200", "2020-03-31": "72.30500", "2019-12-31": "70.64900", "2019-09-30": "65.87600", "2019-06-30": "67.82400", "2019-03-31": "72.63300", "2018-12-31": "76.53100", "2018-09-30": "76.64000", "2018-06-30": "81.81600", "2018-03-31": "85.01500", "2017-12-31": "75.35700", "2017-09-30": "76.82000", "2017-06-30": "85.10600", "2017-03-31": "64.88600", "2016-12-31": "22.59800", "2016-09-30": "22.36200", "2016-06-30": "22.49100", "2016-03-31": "21.97500", "2015-12-31": "22.51800", "2015-09-30": "20.20600", "2015-06-30": "20.31800", "2015-03-31": "20.17400", "2014-12-31": "20.29900", "2014-09-30": "21.84300", "2014-06-30": "24.27800", "2014-03-31": "22.51900", "2013-12-31": "20.55900", "2013-09-30": "22.39900", "2013-06-30": "23.18200", "2013-03-31": "22.86600", "2012-12-31": "20.73100", "2012-09-30": "20.17700", "2012-06-30": "22.80600", "2012-03-31": "20.89000", "2011-12-31": "22.28300", "2011-09-30": "20.41100", "2011-06-30": "19.73000", "2011-03-31": "22.86300", "2010-12-31": "19.26800", "2010-09-30": "18.34100", "2010-06-30": "19.37200", "2010-03-31": "19.65500", "2009-12-31": "19.83900", "2009-09-30": "16.75100", "2009-06-30": "16.50300", "2009-03-31": "15.11200", "2008-12-31": "13.24700", "2008-09-30": "13.57100", "2008-06-30": "13.68500", "2008-03-31": "13.10800", "2007-12-31": "10.49600", "2007-09-30": "11.48500", "2007-06-30": "11.50400", "2007-03-31": "11.99900", "2006-12-31": "10.32800", "2006-09-30": "11.09000", "2006-06-30": "12.23600", "2006-03-31": "10.59100", "2005-12-31": "9.72800", "2005-09-30": "9.63500", "2005-06-30": "9.60600", "2005-03-31": "8.02300"}, "Other Operating Income Or Expenses": {"2020-09-30": "-3.30000", "2020-06-30": "-2.72500", "2020-03-31": "", "2019-12-31": "-1.91500", "2019-09-30": "0.20000", "2019-06-30": "38.46100", "2019-03-31": "4.91700", "2018-12-31": "-12.59600", "2018-09-30": "-18.50000", "2018-06-30": "-6.00000", "2018-03-31": "-24.91700", "2017-12-31": "5.00000", "2017-09-30": "-7.00000", "2017-06-30": "-6.00000", "2017-03-31": "", "2016-12-31": "", "2016-09-30": "", "2016-06-30": "", "2016-03-31": "", "2015-12-31": "-4.13900", "2015-09-30": "6.34700", "2015-06-30": "", "2015-03-31": "-7.05900", "2014-12-31": "", "2014-09-30": "", "2014-06-30": "", "2014-03-31": "", "2013-12-31": "", "2013-09-30": "", "2013-06-30": "", "2013-03-31": "", "2012-12-31": "", "2012-09-30": "", "2012-06-30": "", "2012-03-31": "", "2011-12-31": "14.24200", "2011-09-30": "", "2011-06-30": "", "2011-03-31": "2.50000", "2010-12-31": "", "2010-09-30": "0.00000", "2010-06-30": "0.00000", "2010-03-31": "", "2009-12-31": "", "2009-09-30": "", "2009-06-30": "", "2009-03-31": "", "2008-12-31": "", "2008-09-30": "", "2008-06-30": "", "2008-03-31": "", "2007-12-31": "", "2007-09-30": "", "2007-06-30": "", "2007-03-31": "", "2006-12-31": "", "2006-09-30": "2.09300", "2006-06-30": "", "2006-03-31": "", "2005-12-31": "", "2005-09-30": "", "2005-06-30": "", "2005-03-31": ""}, "Operating Expenses": {"2020-09-30": "293.03700", "2020-06-30": "283.82300", "2020-03-31": "302.55000", "2019-12-31": "297.70000", "2019-09-30": "274.57200", "2019-06-30": "286.01600", "2019-03-31": "300.56000", "2018-12-31": "349.50920", "2018-09-30": "324.91500", "2018-06-30": "328.74100", "2018-03-31": "367.11900", "2017-12-31": "326.80090", "2017-09-30": "346.93800", "2017-06-30": "367.44600", "2017-03-31": "264.72200", "2016-12-31": "81.91700", "2016-09-30": "74.65300", "2016-06-30": "73.95100", "2016-03-31": "65.91000", "2015-12-31": "77.88400", "2015-09-30": "61.24800", "2015-06-30": "63.46000", "2015-03-31": "70.51100", "2014-12-31": "67.84300", "2014-09-30": "69.04800", "2014-06-30": "69.97900", "2014-03-31": "63.35300", "2013-12-31": "64.38300", "2013-09-30": "67.39900", "2013-06-30": "67.71100", "2013-03-31": "62.27400", "2012-12-31": "63.85500", "2012-09-30": "63.87500", "2012-06-30": "63.73400", "2012-03-31": "64.12900", "2011-12-31": "50.72600", "2011-09-30": "63.17200", "2011-06-30": "63.81600", "2011-03-31": "59.26000", "2010-12-31": "59.12200", "2010-09-30": "61.11300", "2010-06-30": "57.05900", "2010-03-31": "58.00900", "2009-12-31": "58.86800", "2009-09-30": "46.32800", "2009-06-30": "44.73000", "2009-03-31": "43.61900", "2008-12-31": "44.19200", "2008-09-30": "44.21600", "2008-06-30": "42.92500", "2008-03-31": "42.01000", "2007-12-31": "38.89100", "2007-09-30": "39.22100", "2007-06-30": "41.91100", "2007-03-31": "43.46700", "2006-12-31": "47.86900", "2006-09-30": "40.35800", "2006-06-30": "42.92200", "2006-03-31": "39.59100", "2005-12-31": "36.17400", "2005-09-30": "38.23600", "2005-06-30": "34.97000", "2005-03-31": "20.55700"}, "Operating Income": {"2020-09-30": "25.53000", "2020-06-30": "19.55600", "2020-03-31": "26.05700", "2019-12-31": "17.82290", "2019-09-30": "32.89900", "2019-06-30": "26.26600", "2019-03-31": "30.37200", "2018-12-31": "-9.13100", "2018-09-30": "2.25400", "2018-06-30": "31.71900", "2018-03-31": "4.91400", "2017-12-31": "43.32310", "2017-09-30": "-3.70200", "2017-06-30": "-35.93200", "2017-03-31": "-16.98300", "2016-12-31": "13.77100", "2016-09-30": "22.45500", "2016-06-30": "22.77000", "2016-03-31": "23.94500", "2015-12-31": "12.50300", "2015-09-30": "24.76800", "2015-06-30": "20.32100", "2015-03-31": "10.97300", "2014-12-31": "12.05300", "2014-09-30": "8.40900", "2014-06-30": "8.69800", "2014-03-31": "9.87700", "2013-12-31": "13.55800", "2013-09-30": "15.41600", "2013-06-30": "10.95000", "2013-03-31": "12.02500", "2012-12-31": "18.81700", "2012-09-30": "17.53000", "2012-06-30": "13.54700", "2012-03-31": "11.38200", "2011-12-31": "25.74400", "2011-09-30": "13.28600", "2011-06-30": "13.98000", "2011-03-31": "12.21100", "2010-12-31": "14.87500", "2010-09-30": "14.62400", "2010-06-30": "11.80300", "2010-03-31": "6.35400", "2009-12-31": "8.40400", "2009-09-30": "7.63700", "2009-06-30": "8.66900", "2009-03-31": "10.71600", "2008-12-31": "12.55300", "2008-09-30": "10.51900", "2008-06-30": "5.66700", "2008-03-31": "2.64400", "2007-12-31": "6.65600", "2007-09-30": "5.64700", "2007-06-30": "6.97900", "2007-03-31": "5.36600", "2006-12-31": "4.93800", "2006-09-30": "8.24200", "2006-06-30": "8.50300", "2006-03-31": "9.19000", "2005-12-31": "7.05600", "2005-09-30": "8.28800", "2005-06-30": "5.72300", "2005-03-31": "6.52800"}, "Total Non-Operating Income/Expense": {"2020-09-30": "0.63600", "2020-06-30": "1.28200", "2020-03-31": "-5.67600", "2019-12-31": "3.09800", "2019-09-30": "-0.14900", "2019-06-30": "1.34000", "2019-03-31": "3.05800", "2018-12-31": "-3.35200", "2018-09-30": "-0.81700", "2018-06-30": "-2.12200", "2018-03-31": "-1.09100", "2017-12-31": "-3.42100", "2017-09-30": "8.41200", "2017-06-30": "-3.24500", "2017-03-31": "62.83100", "2016-12-31": "0.31800", "2016-09-30": "0.57100", "2016-06-30": "1.18700", "2016-03-31": "0.14700", "2015-12-31": "0.13800", "2015-09-30": "0.23000", "2015-06-30": "0.24000", "2015-03-31": "0.52600", "2014-12-31": "0.18300", "2014-09-30": "0.15500", "2014-06-30": "0.20700", "2014-03-31": "0.21000", "2013-12-31": "0.19500", "2013-09-30": "0.19000", "2013-06-30": "0.21200", "2013-03-31": "0.16800", "2012-12-31": "0.12500", "2012-09-30": "0.15800", "2012-06-30": "0.14500", "2012-03-31": "0.13500", "2011-12-31": "0.23500", "2011-09-30": "0.13200", "2011-06-30": "0.43100", "2011-03-31": "0.40300", "2010-12-31": "0.08900", "2010-09-30": "-0.21500", "2010-06-30": "0.06300", "2010-03-31": "0.19200", "2009-12-31": "0.13900", "2009-09-30": "0.41900", "2009-06-30": "0.30500", "2009-03-31": "0.31800", "2008-12-31": "1.00600", "2008-09-30": "0.99400", "2008-06-30": "1.13900", "2008-03-31": "1.55600", "2007-12-31": "1.32200", "2007-09-30": "1.37900", "2007-06-30": "-3.40200", "2007-03-31": "9.39900", "2006-12-31": "1.23700", "2006-09-30": "1.26700", "2006-06-30": "1.19700", "2006-03-31": "0.76100", "2005-12-31": "0.64300", "2005-09-30": "0.50400", "2005-06-30": "0.98600", "2005-03-31": "0.58800"}, "Pre-Tax Income": {"2020-09-30": "26.16600", "2020-06-30": "20.83800", "2020-03-31": "20.38100", "2019-12-31": "20.92100", "2019-09-30": "32.75000", "2019-06-30": "27.60600", "2019-03-31": "33.43000", "2018-12-31": "-12.48300", "2018-09-30": "1.43700", "2018-06-30": "29.59700", "2018-03-31": "3.82300", "2017-12-31": "39.90200", "2017-09-30": "4.71000", "2017-06-30": "-39.17700", "2017-03-31": "45.84800", "2016-12-31": "14.08900", "2016-09-30": "23.02600", "2016-06-30": "23.95700", "2016-03-31": "24.09200", "2015-12-31": "12.64100", "2015-09-30": "24.99800", "2015-06-30": "20.56100", "2015-03-31": "11.49900", "2014-12-31": "12.23600", "2014-09-30": "8.56400", "2014-06-30": "8.90500", "2014-03-31": "10.08700", "2013-12-31": "13.75300", "2013-09-30": "15.60600", "2013-06-30": "11.16200", "2013-03-31": "12.19300", "2012-12-31": "18.94200", "2012-09-30": "17.68800", "2012-06-30": "13.69200", "2012-03-31": "11.51700", "2011-12-31": "25.97900", "2011-09-30": "13.41800", "2011-06-30": "14.41100", "2011-03-31": "12.61400", "2010-12-31": "14.96400", "2010-09-30": "14.40900", "2010-06-30": "11.86600", "2010-03-31": "6.54600", "2009-12-31": "8.54300", "2009-09-30": "8.05600", "2009-06-30": "8.97400", "2009-03-31": "11.03400", "2008-12-31": "13.55900", "2008-09-30": "11.51300", "2008-06-30": "6.80600", "2008-03-31": "4.20000", "2007-12-31": "7.97800", "2007-09-30": "7.02600", "2007-06-30": "3.57700", "2007-03-31": "14.76500", "2006-12-31": "6.17500", "2006-09-30": "9.50900", "2006-06-30": "9.70000", "2006-03-31": "9.95100", "2005-12-31": "7.69900", "2005-09-30": "8.79200", "2005-06-30": "6.70900", "2005-03-31": "7.11600"}, "Income Taxes": {"2020-09-30": "1.18000", "2020-06-30": "1.93000", "2020-03-31": "3.54700", "2019-12-31": "0.28000", "2019-09-30": "6.18700", "2019-06-30": "4.77300", "2019-03-31": "2.43200", "2018-12-31": "-5.12800", "2018-09-30": "1.21800", "2018-06-30": "-1.45700", "2018-03-31": "-1.05200", "2017-12-31": "-9.80300", "2017-09-30": "4.57400", "2017-06-30": "-2.11700", "2017-03-31": "-10.01500", "2016-12-31": "4.57700", "2016-09-30": "4.22000", "2016-06-30": "7.35100", "2016-03-31": "5.93200", "2015-12-31": "7.17800", "2015-09-30": "8.73200", "2015-06-30": "6.99100", "2015-03-31": "1.81300", "2014-12-31": "4.86400", "2014-09-30": "2.13600", "2014-06-30": "3.02700", "2014-03-31": "3.43000", "2013-12-31": "0.42100", "2013-09-30": "4.57200", "2013-06-30": "3.79500", "2013-03-31": "3.50800", "2012-12-31": "6.59900", "2012-09-30": "5.50000", "2012-06-30": "4.54300", "2012-03-31": "3.91600", "2011-12-31": "8.13700", "2011-09-30": "4.15700", "2011-06-30": "4.91800", "2011-03-31": "4.54100", "2010-12-31": "5.98400", "2010-09-30": "5.43400", "2010-06-30": "4.15300", "2010-03-31": "2.29100", "2009-12-31": "2.68900", "2009-09-30": "1.73200", "2009-06-30": "3.23300", "2009-03-31": "3.97200", "2008-12-31": "4.57400", "2008-09-30": "3.86800", "2008-06-30": "2.03400", "2008-03-31": "1.30200", "2007-12-31": "1.96500", "2007-09-30": "2.31900", "2007-06-30": "1.03300", "2007-03-31": "5.02000", "2006-12-31": "-0.54900", "2006-09-30": "3.51800", "2006-06-30": "3.54300", "2006-03-31": "3.72800", "2005-12-31": "2.49800", "2005-09-30": "3.09500", "2005-06-30": "2.09500", "2005-03-31": "2.77100"}, "Income After Taxes": {"2020-09-30": "24.98600", "2020-06-30": "18.90800", "2020-03-31": "16.83400", "2019-12-31": "20.64100", "2019-09-30": "26.56300", "2019-06-30": "22.83300", "2019-03-31": "30.99800", "2018-12-31": "-7.35500", "2018-09-30": "0.21900", "2018-06-30": "31.05400", "2018-03-31": "4.87500", "2017-12-31": "49.70500", "2017-09-30": "0.13600", "2017-06-30": "-37.06000", "2017-03-31": "55.86300", "2016-12-31": "9.51200", "2016-09-30": "18.80600", "2016-06-30": "16.60600", "2016-03-31": "18.16000", "2015-12-31": "5.46300", "2015-09-30": "16.26600", "2015-06-30": "13.57000", "2015-03-31": "9.68600", "2014-12-31": "7.37200", "2014-09-30": "6.42800", "2014-06-30": "5.87800", "2014-03-31": "6.65700", "2013-12-31": "13.33200", "2013-09-30": "11.03400", "2013-06-30": "7.36700", "2013-03-31": "8.68500", "2012-12-31": "12.34300", "2012-09-30": "12.18800", "2012-06-30": "9.14900", "2012-03-31": "7.60100", "2011-12-31": "17.84200", "2011-09-30": "9.26100", "2011-06-30": "9.49300", "2011-03-31": "8.07300", "2010-12-31": "8.98000", "2010-09-30": "8.97500", "2010-06-30": "7.71300", "2010-03-31": "4.25500", "2009-12-31": "5.85400", "2009-09-30": "6.32400", "2009-06-30": "5.74100", "2009-03-31": "7.06200", "2008-12-31": "8.98500", "2008-09-30": "7.64500", "2008-06-30": "4.77200", "2008-03-31": "2.89800", "2007-12-31": "6.01300", "2007-09-30": "4.70700", "2007-06-30": "2.54400", "2007-03-31": "9.74500", "2006-12-31": "6.72400", "2006-09-30": "5.99100", "2006-06-30": "6.15700", "2006-03-31": "6.22300", "2005-12-31": "5.20100", "2005-09-30": "5.69700", "2005-06-30": "4.61400", "2005-03-31": "4.34500"}, "Other Income": {"2020-09-30": "", "2020-06-30": "", "2020-03-31": "", "2019-12-31": "", "2019-09-30": "", "2019-06-30": "", "2019-03-31": "", "2018-12-31": "", "2018-09-30": "", "2018-06-30": "", "2018-03-31": "", "2017-12-31": "", "2017-09-30": "", "2017-06-30": "", "2017-03-31": "", "2016-12-31": "", "2016-09-30": "", "2016-06-30": "", "2016-03-31": "", "2015-12-31": "", "2015-09-30": "", "2015-06-30": "", "2015-03-31": "", "2014-12-31": "", "2014-09-30": "", "2014-06-30": "", "2014-03-31": "", "2013-12-31": "", "2013-09-30": "", "2013-06-30": "", "2013-03-31": "", "2012-12-31": "", "2012-09-30": "", "2012-06-30": "", "2012-03-31": "", "2011-12-31": "", "2011-09-30": "", "2011-06-30": "", "2011-03-31": "", "2010-12-31": "", "2010-09-30": "", "2010-06-30": "", "2010-03-31": "", "2009-12-31": "", "2009-09-30": "", "2009-06-30": "", "2009-03-31": "", "2008-12-31": "", "2008-09-30": "", "2008-06-30": "", "2008-03-31": "", "2007-12-31": "", "2007-09-30": "", "2007-06-30": "", "2007-03-31": "", "2006-12-31": "", "2006-09-30": "", "2006-06-30": "", "2006-03-31": "", "2005-12-31": "", "2005-09-30": "", "2005-06-30": "", "2005-03-31": ""}, "Income From Continuous Operations": {"2020-09-30": "24.98600", "2020-06-30": "18.90800", "2020-03-31": "16.83400", "2019-12-31": "20.64100", "2019-09-30": "26.56300", "2019-06-30": "22.83300", "2019-03-31": "30.99800", "2018-12-31": "-7.35500", "2018-09-30": "0.21900", "2018-06-30": "31.05400", "2018-03-31": "4.87500", "2017-12-31": "49.70500", "2017-09-30": "0.13600", "2017-06-30": "-37.06000", "2017-03-31": "55.86300", "2016-12-31": "9.51200", "2016-09-30": "18.80600", "2016-06-30": "16.60600", "2016-03-31": "18.16000", "2015-12-31": "5.46300", "2015-09-30": "16.26600", "2015-06-30": "13.57000", "2015-03-31": "9.68600", "2014-12-31": "7.37200", "2014-09-30": "6.42800", "2014-06-30": "5.87800", "2014-03-31": "6.65700", "2013-12-31": "13.33200", "2013-09-30": "11.03400", "2013-06-30": "7.36700", "2013-03-31": "8.68500", "2012-12-31": "12.34300", "2012-09-30": "12.18800", "2012-06-30": "9.14900", "2012-03-31": "7.60100", "2011-12-31": "17.84200", "2011-09-30": "9.26100", "2011-06-30": "9.49300", "2011-03-31": "8.07300", "2010-12-31": "8.98000", "2010-09-30": "8.97500", "2010-06-30": "7.71300", "2010-03-31": "4.25500", "2009-12-31": "5.85400", "2009-09-30": "6.32400", "2009-06-30": "5.74100", "2009-03-31": "7.06200", "2008-12-31": "8.98500", "2008-09-30": "7.64500", "2008-06-30": "4.77200", "2008-03-31": "2.89800", "2007-12-31": "6.01300", "2007-09-30": "4.70700", "2007-06-30": "2.54400", "2007-03-31": "9.81500", "2006-12-31": "6.86000", "2006-09-30": "6.14200", "2006-06-30": "6.29200", "2006-03-31": "6.36600", "2005-12-31": "5.31100", "2005-09-30": "5.80700", "2005-06-30": "4.73900", "2005-03-31": "4.41700"}, "Income From Discontinued Operations": {"2020-09-30": "", "2020-06-30": "", "2020-03-31": "", "2019-12-31": "", "2019-09-30": "", "2019-06-30": "", "2019-03-31": "", "2018-12-31": "", "2018-09-30": "", "2018-06-30": "", "2018-03-31": "", "2017-12-31": "", "2017-09-30": "", "2017-06-30": "", "2017-03-31": "", "2016-12-31": "", "2016-09-30": "", "2016-06-30": "", "2016-03-31": "", "2015-12-31": "", "2015-09-30": "", "2015-06-30": "", "2015-03-31": "", "2014-12-31": "", "2014-09-30": "", "2014-06-30": "", "2014-03-31": "", "2013-12-31": "", "2013-09-30": "", "2013-06-30": "", "2013-03-31": "", "2012-12-31": "", "2012-09-30": "", "2012-06-30": "", "2012-03-31": "", "2011-12-31": "", "2011-09-30": "", "2011-06-30": "", "2011-03-31": "", "2010-12-31": "", "2010-09-30": "", "2010-06-30": "", "2010-03-31": "", "2009-12-31": "", "2009-09-30": "", "2009-06-30": "", "2009-03-31": "", "2008-12-31": "", "2008-09-30": "", "2008-06-30": "", "2008-03-31": "", "2007-12-31": "", "2007-09-30": "", "2007-06-30": "", "2007-03-31": "", "2006-12-31": "", "2006-09-30": "", "2006-06-30": "", "2006-03-31": "", "2005-12-31": "", "2005-09-30": "", "2005-06-30": "", "2005-03-31": ""}, "Net Income": {"2020-09-30": "24.98600", "2020-06-30": "18.90800", "2020-03-31": "16.83400", "2019-12-31": "20.64100", "2019-09-30": "26.56300", "2019-06-30": "22.83300", "2019-03-31": "30.99800", "2018-12-31": "-7.35500", "2018-09-30": "0.21900", "2018-06-30": "31.05400", "2018-03-31": "4.87500", "2017-12-31": "49.70500", "2017-09-30": "0.13600", "2017-06-30": "-37.06000", "2017-03-31": "55.86300", "2016-12-31": "9.51200", "2016-09-30": "18.80600", "2016-06-30": "16.60600", "2016-03-31": "18.16000", "2015-12-31": "5.46300", "2015-09-30": "16.26600", "2015-06-30": "13.57000", "2015-03-31": "9.68600", "2014-12-31": "7.37200", "2014-09-30": "6.42800", "2014-06-30": "5.87800", "2014-03-31": "6.65700", "2013-12-31": "13.33200", "2013-09-30": "11.03400", "2013-06-30": "7.36700", "2013-03-31": "8.68500", "2012-12-31": "12.34300", "2012-09-30": "12.18800", "2012-06-30": "9.14900", "2012-03-31": "7.60100", "2011-12-31": "17.84200", "2011-09-30": "9.26100", "2011-06-30": "9.49300", "2011-03-31": "8.07300", "2010-12-31": "8.98000", "2010-09-30": "8.97500", "2010-06-30": "7.71300", "2010-03-31": "4.25500", "2009-12-31": "5.85400", "2009-09-30": "6.32400", "2009-06-30": "5.74100", "2009-03-31": "7.06200", "2008-12-31": "8.98500", "2008-09-30": "7.64500", "2008-06-30": "4.77200", "2008-03-31": "2.89800", "2007-12-31": "6.01300", "2007-09-30": "4.70700", "2007-06-30": "2.54400", "2007-03-31": "9.81500", "2006-12-31": "6.86000", "2006-09-30": "6.14200", "2006-06-30": "6.29200", "2006-03-31": "6.36600", "2005-12-31": "5.31100", "2005-09-30": "5.80700", "2005-06-30": "4.73900", "2005-03-31": "4.41700"}, "EBITDA": {"2020-09-30": "49.58100", "2020-06-30": "43.37500", "2020-03-31": "49.42500", "2019-12-31": "39.96290", "2019-09-30": "54.33600", "2019-06-30": "49.14800", "2019-03-31": "49.54600", "2018-12-31": "10.85200", "2018-09-30": "21.38000", "2018-06-30": "49.45700", "2018-03-31": "23.43200", "2017-12-31": "62.51910", "2017-09-30": "13.91600", "2017-06-30": "-17.62000", "2017-03-31": "-5.38900", "2016-12-31": "18.79900", "2016-09-30": "28.06300", "2016-06-30": "27.21000", "2016-03-31": "29.27400", "2015-12-31": "17.52900", "2015-09-30": "29.23600", "2015-06-30": "24.99800", "2015-03-31": "16.54500", "2014-12-31": "17.44700", "2014-09-30": "13.92400", "2014-06-30": "14.05800", "2014-03-31": "15.24300", "2013-12-31": "19.28300", "2013-09-30": "20.98500", "2013-06-30": "16.49000", "2013-03-31": "17.41200", "2012-12-31": "24.48100", "2012-09-30": "22.93400", "2012-06-30": "18.93100", "2012-03-31": "16.51600", "2011-12-31": "30.84400", "2011-09-30": "18.32300", "2011-06-30": "18.91200", "2011-03-31": "16.73000", "2010-12-31": "19.37100", "2010-09-30": "19.01600", "2010-06-30": "16.21400", "2010-03-31": "11.49200", "2009-12-31": "13.62200", "2009-09-30": "12.12400", "2009-06-30": "13.60100", "2009-03-31": "14.28000", "2008-12-31": "16.15500", "2008-09-30": "14.20500", "2008-06-30": "9.28500", "2008-03-31": "6.05400", "2007-12-31": "10.02400", "2007-09-30": "8.71100", "2007-06-30": "9.77700", "2007-03-31": "7.93200", "2006-12-31": "8.29100", "2006-09-30": "10.94400", "2006-06-30": "11.14800", "2006-03-31": "11.72100", "2005-12-31": "9.81900", "2005-09-30": "11.01100", "2005-06-30": "8.40400", "2005-03-31": "8.05900"}, "EBIT": {"2020-09-30": "25.53000", "2020-06-30": "19.55600", "2020-03-31": "26.05700", "2019-12-31": "17.82290", "2019-09-30": "32.89900", "2019-06-30": "26.26600", "2019-03-31": "30.37200", "2018-12-31": "-9.13110", "2018-09-30": "2.25400", "2018-06-30": "31.71900", "2018-03-31": "4.91400", "2017-12-31": "43.32310", "2017-09-30": "-3.70200", "2017-06-30": "-35.93200", "2017-03-31": "-16.98300", "2016-12-31": "13.77100", "2016-09-30": "22.45500", "2016-06-30": "22.77000", "2016-03-31": "23.94500", "2015-12-31": "12.50300", "2015-09-30": "24.76800", "2015-06-30": "20.32100", "2015-03-31": "10.97300", "2014-12-31": "12.05300", "2014-09-30": "8.40900", "2014-06-30": "8.69800", "2014-03-31": "9.87700", "2013-12-31": "13.55800", "2013-09-30": "15.41600", "2013-06-30": "10.95000", "2013-03-31": "12.02500", "2012-12-31": "18.81700", "2012-09-30": "17.53000", "2012-06-30": "13.54700", "2012-03-31": "11.38200", "2011-12-31": "25.74400", "2011-09-30": "13.28600", "2011-06-30": "13.98000", "2011-03-31": "12.21100", "2010-12-31": "14.87500", "2010-09-30": "14.62400", "2010-06-30": "11.80300", "2010-03-31": "6.35400", "2009-12-31": "8.40400", "2009-09-30": "7.63700", "2009-06-30": "8.66900", "2009-03-31": "10.71600", "2008-12-31": "12.55300", "2008-09-30": "10.51900", "2008-06-30": "5.66700", "2008-03-31": "2.64400", "2007-12-31": "6.65600", "2007-09-30": "5.64700", "2007-06-30": "6.97900", "2007-03-31": "5.36600", "2006-12-31": "4.93800", "2006-09-30": "8.24200", "2006-06-30": "8.50300", "2006-03-31": "9.19000", "2005-12-31": "7.05600", "2005-09-30": "8.28800", "2005-06-30": "5.72300", "2005-03-31": "6.52800"}, "Basic Shares Outstanding": {"2020-09-30": "20.94800", "2020-06-30": "20.88000", "2020-03-31": "20.78000", "2019-12-31": "20.62900", "2019-09-30": "20.66600", "2019-06-30": "20.62200", "2019-03-31": "20.52700", "2018-12-31": "20.39400", "2018-09-30": "20.47400", "2018-06-30": "20.35200", "2018-03-31": "20.25500", "2017-12-31": "19.61400", "2017-09-30": "19.98400", "2017-06-30": "19.82100", "2017-03-31": "18.43900", "2016-12-31": "16.16800", "2016-09-30": "16.20000", "2016-06-30": "16.09100", "2016-03-31": "16.04200", "2015-12-31": "15.84800", "2015-09-30": "15.89400", "2015-06-30": "15.78100", "2015-03-31": "15.69300", "2014-12-31": "15.28200", "2014-09-30": "15.31900", "2014-06-30": "15.24200", "2014-03-31": "15.09700", "2013-12-31": "14.68800", "2013-09-30": "14.68400", "2013-06-30": "14.61700", "2013-03-31": "14.50700", "2012-12-31": "14.22300", "2012-09-30": "14.32100", "2012-06-30": "14.17900", "2012-03-31": "13.95600", "2011-12-31": "13.83500", "2011-09-30": "13.93200", "2011-06-30": "13.85200", "2011-03-31": "13.69200", "2010-12-31": "13.61100", "2010-09-30": "13.48900", "2010-06-30": "13.46900", "2010-03-31": "13.86300", "2009-12-31": "14.72000", "2009-09-30": "14.79600", "2009-06-30": "14.78000", "2009-03-31": "14.73500", "2008-12-31": "14.14400", "2008-09-30": "14.32700", "2008-06-30": "13.96600", "2008-03-31": "13.75200", "2007-12-31": "14.28200", "2007-09-30": "14.34700", "2007-06-30": "14.45640", "2007-03-31": "14.58200", "2006-12-31": "14.41200", "2006-09-30": "14.46700", "2006-06-30": "14.33200", "2006-03-31": "14.21800", "2005-12-31": "13.81100", "2005-09-30": "13.86100", "2005-06-30": "13.81500", "2005-03-31": "13.61400"}, "Shares Outstanding": {"2020-09-30": "21.55600", "2020-06-30": "21.50600", "2020-03-31": "21.50700", "2019-12-31": "21.54500", "2019-09-30": "21.48700", "2019-06-30": "21.52000", "2019-03-31": "21.55100", "2018-12-31": "21.60100", "2018-09-30": "21.63300", "2018-06-30": "21.56900", "2018-03-31": "21.40000", "2017-12-31": "20.85800", "2017-09-30": "21.10600", "2017-06-30": "19.82100", "2017-03-31": "19.54900", "2016-12-31": "17.25400", "2016-09-30": "17.28600", "2016-06-30": "17.00000", "2016-03-31": "16.87000", "2015-12-31": "16.49600", "2015-09-30": "16.57500", "2015-06-30": "16.35200", "2015-03-31": "16.23400", "2014-12-31": "15.64700", "2014-09-30": "15.48800", "2014-06-30": "15.36200", "2014-03-31": "15.39500", "2013-12-31": "15.27400", "2013-09-30": "15.32400", "2013-06-30": "15.21600", "2013-03-31": "15.05300", "2012-12-31": "14.72500", "2012-09-30": "14.82600", "2012-06-30": "14.62000", "2012-03-31": "14.31800", "2011-12-31": "14.16100", "2011-09-30": "14.18400", "2011-06-30": "14.25700", "2011-03-31": "14.05600", "2010-12-31": "13.85500", "2010-09-30": "13.75200", "2010-06-30": "13.65700", "2010-03-31": "14.11100", "2009-12-31": "14.98400", "2009-09-30": "15.14600", "2009-06-30": "15.07100", "2009-03-31": "14.86900", "2008-12-31": "14.56500", "2008-09-30": "14.68500", "2008-06-30": "14.38100", "2008-03-31": "14.37600", "2007-12-31": "15.26500", "2007-09-30": "15.29000", "2007-06-30": "15.53460", "2007-03-31": "16.51500", "2006-12-31": "15.59900", "2006-09-30": "15.70000", "2006-06-30": "15.57100", "2006-03-31": "15.39500", "2005-12-31": "15.04000", "2005-09-30": "15.01200", "2005-06-30": "15.08100", "2005-03-31": "14.76200"}, "Basic EPS": {"2020-09-30": "1.19000", "2020-06-30": "0.91000", "2020-03-31": "0.81000", "2019-12-31": "0.99000", "2019-09-30": "1.29000", "2019-06-30": "1.11000", "2019-03-31": "1.51000", "2018-12-31": "-0.37000", "2018-09-30": "0.01000", "2018-06-30": "1.53000", "2018-03-31": "0.24000", "2017-12-31": "2.33000", "2017-09-30": "0.01000", "2017-06-30": "-1.87000", "2017-03-31": "3.03000", "2016-12-31": "0.58000", "2016-09-30": "1.16000", "2016-06-30": "1.03000", "2016-03-31": "1.13000", "2015-12-31": "0.34000", "2015-09-30": "1.02000", "2015-06-30": "0.86000", "2015-03-31": "0.62000", "2014-12-31": "0.47000", "2014-09-30": "0.42000", "2014-06-30": "0.39000", "2014-03-31": "0.44000", "2013-12-31": "0.90000", "2013-09-30": "0.75000", "2013-06-30": "0.50000", "2013-03-31": "0.60000", "2012-12-31": "0.86000", "2012-09-30": "0.85000", "2012-06-30": "0.65000", "2012-03-31": "0.54000", "2011-12-31": "1.29000", "2011-09-30": "0.66000", "2011-06-30": "0.69000", "2011-03-31": "0.59000", "2010-12-31": "0.65000", "2010-09-30": "0.67000", "2010-06-30": "0.57000", "2010-03-31": "0.31000", "2009-12-31": "0.40000", "2009-09-30": "0.43000", "2009-06-30": "0.39000", "2009-03-31": "0.48000", "2008-12-31": "0.64000", "2008-09-30": "0.53000", "2008-06-30": "0.34000", "2008-03-31": "0.21000", "2007-12-31": "0.44000", "2007-09-30": "0.33000", "2007-06-30": "0.18000", "2007-03-31": "0.67000", "2006-12-31": "0.47000", "2006-09-30": "0.42000", "2006-06-30": "0.44000", "2006-03-31": "0.45000", "2005-12-31": "0.39000", "2005-09-30": "0.42000", "2005-06-30": "0.34000", "2005-03-31": "0.32000"}, "EPS - Earnings Per Share": {"2020-09-30": "1.16000", "2020-06-30": "0.88000", "2020-03-31": "0.78000", "2019-12-31": "0.95000", "2019-09-30": "1.24000", "2019-06-30": "1.06000", "2019-03-31": "1.44000", "2018-12-31": "-0.35000", "2018-09-30": "0.01000", "2018-06-30": "1.44000", "2018-03-31": "0.23000", "2017-12-31": "2.29000", "2017-09-30": "0.01000", "2017-06-30": "-1.87000", "2017-03-31": "2.86000", "2016-12-31": "0.51000", "2016-09-30": "1.09000", "2016-06-30": "0.98000", "2016-03-31": "1.08000", "2015-12-31": "0.32000", "2015-09-30": "0.98000", "2015-06-30": "0.83000", "2015-03-31": "0.60000", "2014-12-31": "0.45000", "2014-09-30": "0.42000", "2014-06-30": "0.38000", "2014-03-31": "0.43000", "2013-12-31": "0.87000", "2013-09-30": "0.72000", "2013-06-30": "0.48000", "2013-03-31": "0.58000", "2012-12-31": "0.82000", "2012-09-30": "0.82000", "2012-06-30": "0.63000", "2012-03-31": "0.53000", "2011-12-31": "1.26000", "2011-09-30": "0.65000", "2011-06-30": "0.67000", "2011-03-31": "0.57000", "2010-12-31": "0.65000", "2010-09-30": "0.65000", "2010-06-30": "0.56000", "2010-03-31": "0.30000", "2009-12-31": "0.40000", "2009-09-30": "0.42000", "2009-06-30": "0.38000", "2009-03-31": "0.47000", "2008-12-31": "0.62000", "2008-09-30": "0.52000", "2008-06-30": "0.33000", "2008-03-31": "0.20000", "2007-12-31": "0.41000", "2007-09-30": "0.31000", "2007-06-30": "0.16000", "2007-03-31": "0.63000", "2006-12-31": "0.44000", "2006-09-30": "0.39000", "2006-06-30": "0.40000", "2006-03-31": "0.41000", "2005-12-31": "0.35000", "2005-09-30": "0.39000", "2005-06-30": "0.31000", "2005-03-31": "0.30000"}}, "balance sheet": {"Cash On Hand": {"2019-12-31": "292.63700", "2018-12-31": "382.11000", "2017-12-31": "300.13300", "2016-12-31": "445.08200", "2015-12-31": "377.39700", "2014-12-31": "346.76400", "2013-12-31": "296.89100", "2012-12-31": "226.15900", "2011-12-31": "159.98500", "2010-12-31": "93.35700", "2009-12-31": "108.13500", "2008-12-31": "111.78900", "2007-12-31": "95.64300", "2006-12-31": "116.91800", "2005-12-31": "86.74200"}, "Receivables": {"2019-12-31": "202.21900", "2018-12-31": "176.29800", "2017-12-31": "211.50300", "2016-12-31": "56.16100", "2015-12-31": "57.84700", "2014-12-31": "39.05100", "2013-12-31": "45.31800", "2012-12-31": "49.12700", "2011-12-31": "43.57100", "2010-12-31": "50.94100", "2009-12-31": "47.77700", "2008-12-31": "38.42300", "2007-12-31": "26.11500", "2006-12-31": "26.53300", "2005-12-31": "23.64400"}, "Inventory": {"2019-12-31": "337.64000", "2018-12-31": "311.16300", "2017-12-31": "288.65700", "2016-12-31": "49.26400", "2015-12-31": "43.63200", "2014-12-31": "36.93300", "2013-12-31": "34.45100", "2012-12-31": "36.33300", "2011-12-31": "40.42300", "2010-12-31": "44.05600", "2009-12-31": "41.32700", "2008-12-31": "17.93000", "2007-12-31": "19.50400", "2006-12-31": "16.31500", "2005-12-31": "15.43500"}, "Pre-Paid Expenses": {"2019-12-31": "49.70100", "2018-12-31": "57.46500", "2017-12-31": "51.88000", "2016-12-31": "18.59000", "2015-12-31": "21.99700", "2014-12-31": "9.78100", "2013-12-31": "13.28500", "2012-12-31": "9.59100", "2011-12-31": "12.34800", "2010-12-31": "11.84400", "2009-12-31": "7.45600", "2008-12-31": "8.01500", "2007-12-31": "7.48600", "2006-12-31": "8.79600", "2005-12-31": "7.29000"}, "Other Current Assets": {"2019-12-31": "", "2018-12-31": "", "2017-12-31": "12.48900", "2016-12-31": "", "2015-12-31": "4.13400", "2014-12-31": "", "2013-12-31": "", "2012-12-31": "", "2011-12-31": "", "2010-12-31": "", "2009-12-31": "", "2008-12-31": "", "2007-12-31": "", "2006-12-31": "", "2005-12-31": ""}, "Total Current Assets": {"2019-12-31": "882.19700", "2018-12-31": "927.03600", "2017-12-31": "864.66200", "2016-12-31": "569.09700", "2015-12-31": "505.00700", "2014-12-31": "432.52900", "2013-12-31": "394.29600", "2012-12-31": "325.50300", "2011-12-31": "260.40800", "2010-12-31": "205.25100", "2009-12-31": "207.93800", "2008-12-31": "179.38800", "2007-12-31": "153.25700", "2006-12-31": "171.43800", "2005-12-31": "137.76200"}, "Property, Plant, And Equipment": {"2019-12-31": "456.08500", "2018-12-31": "432.64100", "2017-12-31": "398.68400", "2016-12-31": "85.69600", "2015-12-31": "74.32000", "2014-12-31": "86.09100", "2013-12-31": "87.86100", "2012-12-31": "85.93700", "2011-12-31": "83.04800", "2010-12-31": "83.54500", "2009-12-31": "77.44900", "2008-12-31": "69.89700", "2007-12-31": "72.70800", "2006-12-31": "59.03700", "2005-12-31": "52.19400"}, "Long-Term Investments": {"2019-12-31": "", "2018-12-31": "2.02500", "2017-12-31": "14.57900", "2016-12-31": "", "2015-12-31": "", "2014-12-31": "", "2013-12-31": "", "2012-12-31": "", "2011-12-31": "", "2010-12-31": "", "2009-12-31": "", "2008-12-31": "11.35000", "2007-12-31": "", "2006-12-31": "", "2005-12-31": ""}, "Goodwill And Intangible Assets": {"2019-12-31": "242.65300", "2018-12-31": "144.61600", "2017-12-31": "156.11000", "2016-12-31": "27.96000", "2015-12-31": "30.39900", "2014-12-31": "8.54100", "2013-12-31": "9.96800", "2012-12-31": "11.43000", "2011-12-31": "12.89700", "2010-12-31": "16.28400", "2009-12-31": "18.26000", "2008-12-31": "10.78000", "2007-12-31": "11.88400", "2006-12-31": "9.78100", "2005-12-31": "10.96300"}, "Other Long-Term Assets": {"2019-12-31": "48.98400", "2018-12-31": "40.41900", "2017-12-31": "38.14100", "2016-12-31": "", "2015-12-31": "", "2014-12-31": "", "2013-12-31": "", "2012-12-31": "", "2011-12-31": "", "2010-12-31": "", "2009-12-31": "", "2008-12-31": "6.01400", "2007-12-31": "0.46500", "2006-12-31": "1.11400", "2005-12-31": "0.47300"}, "Total Long-Term Assets": {"2019-12-31": "810.18500", "2018-12-31": "658.35500", "2017-12-31": "632.28900", "2016-12-31": "135.59100", "2015-12-31": "121.81800", "2014-12-31": "108.57300", "2013-12-31": "105.34700", "2012-12-31": "103.00900", "2011-12-31": "100.70400", "2010-12-31": "104.39300", "2009-12-31": "101.21500", "2008-12-31": "104.04600", "2007-12-31": "89.33700", "2006-12-31": "72.81000", "2005-12-31": "66.77500"}, "Total Assets": {"2019-12-31": "1692.38200", "2018-12-31": "1585.39100", "2017-12-31": "1496.95100", "2016-12-31": "704.68800", "2015-12-31": "626.82500", "2014-12-31": "541.10200", "2013-12-31": "499.64300", "2012-12-31": "428.51200", "2011-12-31": "361.11200", "2010-12-31": "309.64400", "2009-12-31": "309.15300", "2008-12-31": "283.43400", "2007-12-31": "242.59400", "2006-12-31": "244.24800", "2005-12-31": "204.53700"}, "Total Current Liabilities": {"2019-12-31": "248.46800", "2018-12-31": "249.28900", "2017-12-31": "210.29200", "2016-12-31": "40.53700", "2015-12-31": "42.61800", "2014-12-31": "28.72800", "2013-12-31": "26.88600", "2012-12-31": "29.11800", "2011-12-31": "29.31000", "2010-12-31": "25.76200", "2009-12-31": "33.69600", "2008-12-31": "21.96000", "2007-12-31": "21.47500", "2006-12-31": "15.91900", "2005-12-31": "13.88700"}, "Long Term Debt": {"2019-12-31": "", "2018-12-31": "", "2017-12-31": "", "2016-12-31": "", "2015-12-31": "", "2014-12-31": "", "2013-12-31": "", "2012-12-31": "", "2011-12-31": "", "2010-12-31": "", "2009-12-31": "", "2008-12-31": "", "2007-12-31": "", "2006-12-31": "", "2005-12-31": ""}, "Other Non-Current Liabilities": {"2019-12-31": "64.57900", "2018-12-31": "71.72600", "2017-12-31": "86.91800", "2016-12-31": "2.62600", "2015-12-31": "2.96400", "2014-12-31": "2.74600", "2013-12-31": "4.40200", "2012-12-31": "3.29000", "2011-12-31": "4.08100", "2010-12-31": "4.15500", "2009-12-31": "4.75400", "2008-12-31": "4.43600", "2007-12-31": "2.89000", "2006-12-31": "", "2005-12-31": ""}, "Total Long Term Liabilities": {"2019-12-31": "66.67000", "2018-12-31": "72.44700", "2017-12-31": "88.40500", "2016-12-31": "3.99600", "2015-12-31": "4.33600", "2014-12-31": "4.12200", "2013-12-31": "8.03200", "2012-12-31": "8.53700", "2011-12-31": "11.22500", "2010-12-31": "12.17800", "2009-12-31": "10.45200", "2008-12-31": "8.44300", "2007-12-31": "7.21500", "2006-12-31": "3.44200", "2005-12-31": "1.45200"}, "Total Liabilities": {"2019-12-31": "315.13800", "2018-12-31": "321.73600", "2017-12-31": "298.69700", "2016-12-31": "44.53300", "2015-12-31": "46.95400", "2014-12-31": "32.85000", "2013-12-31": "34.91800", "2012-12-31": "37.65500", "2011-12-31": "40.53500", "2010-12-31": "37.94000", "2009-12-31": "44.14800", "2008-12-31": "30.40300", "2007-12-31": "28.69000", "2006-12-31": "19.36100", "2005-12-31": "15.33900"}, "Common Stock Net": {"2019-12-31": "2.07400", "2018-12-31": "2.04900", "2017-12-31": "2.02100", "2016-12-31": "1.63300", "2015-12-31": "1.60800", "2014-12-31": "1.55900", "2013-12-31": "1.51000", "2012-12-31": "1.48600", "2011-12-31": "1.48600", "2010-12-31": "1.48600", "2009-12-31": "1.48100", "2008-12-31": "1.47800", "2007-12-31": "1.47500", "2006-12-31": "1.47500", "2005-12-31": "1.41600"}, "Retained Earnings (Accumulated Deficit)": {"2019-12-31": "721.78200", "2018-12-31": "620.74700", "2017-12-31": "585.62400", "2016-12-31": "516.98000", "2015-12-31": "453.89600", "2014-12-31": "408.91100", "2013-12-31": "382.57600", "2012-12-31": "342.15800", "2011-12-31": "300.87700", "2010-12-31": "256.20800", "2009-12-31": "227.86100", "2008-12-31": "201.30400", "2007-12-31": "177.00400", "2006-12-31": "153.92500", "2005-12-31": "128.26500"}, "Comprehensive Income": {"2019-12-31": "-15.40200", "2018-12-31": "-16.94500", "2017-12-31": "-14.95900", "2016-12-31": "-21.27200", "2015-12-31": "-20.75800", "2014-12-31": "-9.55400", "2013-12-31": "2.19300", "2012-12-31": "-1.42900", "2011-12-31": "-3.23400", "2010-12-31": "-1.06400", "2009-12-31": "1.18700", "2008-12-31": "0.90200", "2007-12-31": "1.39600", "2006-12-31": "0.38100", "2005-12-31": "-0.02800"}, "Other Share Holders Equity": {"2019-12-31": "", "2018-12-31": "", "2017-12-31": "", "2016-12-31": "", "2015-12-31": "", "2014-12-31": "", "2013-12-31": "", "2012-12-31": "", "2011-12-31": "", "2010-12-31": "", "2009-12-31": "", "2008-12-31": "", "2007-12-31": "", "2006-12-31": "", "2005-12-31": ""}, "Share Holder Equity": {"2019-12-31": "1377.24400", "2018-12-31": "1263.65500", "2017-12-31": "1198.25400", "2016-12-31": "660.15500", "2015-12-31": "579.87100", "2014-12-31": "508.25200", "2013-12-31": "464.72500", "2012-12-31": "390.85700", "2011-12-31": "320.57700", "2010-12-31": "271.70400", "2009-12-31": "265.00500", "2008-12-31": "253.03100", "2007-12-31": "213.90400", "2006-12-31": "224.88700", "2005-12-31": "189.19800"}, "Total Liabilities And Share Holders Equity": {"2019-12-31": "1692.38200", "2018-12-31": "1585.39100", "2017-12-31": "1496.95100", "2016-12-31": "704.68800", "2015-12-31": "626.82500", "2014-12-31": "541.10200", "2013-12-31": "499.64300", "2012-12-31": "428.51200", "2011-12-31": "361.11200", "2010-12-31": "309.64400", "2009-12-31": "309.15300", "2008-12-31": "283.43400", "2007-12-31": "242.59400", "2006-12-31": "244.24800", "2005-12-31": "204.53700"}}, "balance sheet, quarterly": {"Cash On Hand": {"2020-09-30": "363.53700", "2020-06-30": "460.69800", "2020-03-31": "439.67200", "2019-12-31": "292.63700", "2019-09-30": "336.79400", "2019-06-30": "313.73000", "2019-03-31": "313.25800", "2018-12-31": "382.11000", "2018-09-30": "355.77600", "2018-06-30": "327.16600", "2018-03-31": "268.71600", "2017-12-31": "300.13300", "2017-09-30": "310.20500", "2017-06-30": "240.92300", "2017-03-31": "201.86200", "2016-12-31": "445.08200", "2016-09-30": "372.43800", "2016-06-30": "400.61500", "2016-03-31": "383.72100", "2015-12-31": "377.39700", "2015-09-30": "394.06300", "2015-06-30": "367.31500", "2015-03-31": "354.78700", "2014-12-31": "346.76400", "2014-09-30": "329.74400", "2014-06-30": "315.84700", "2014-03-31": "303.84700", "2013-12-31": "296.89100", "2013-09-30": "260.84500", "2013-06-30": "243.98300", "2013-03-31": "233.56000", "2012-12-31": "226.15900", "2012-09-30": "204.29200", "2012-06-30": "193.49100", "2012-03-31": "183.58500", "2011-12-31": "159.98500", "2011-09-30": "119.09200", "2011-06-30": "120.81200", "2011-03-31": "106.82700", "2010-12-31": "93.35700", "2010-09-30": "81.89600", "2010-06-30": "83.07400", "2010-03-31": "84.91400", "2009-12-31": "108.13500", "2009-09-30": "123.38500", "2009-06-30": "144.65300", "2009-03-31": "132.81700", "2008-12-31": "111.78900", "2008-09-30": "117.39500", "2008-06-30": "108.58400", "2008-03-31": "99.13500", "2007-12-31": "95.64300", "2007-09-30": "102.59600", "2007-06-30": "110.27600", "2007-03-31": "119.13200", "2006-12-31": "116.91800", "2006-09-30": "105.50100", "2006-06-30": "100.46700", "2006-03-31": "95.85500", "2005-12-31": "86.74200", "2005-09-30": "78.12300", "2005-06-30": "64.30100", "2005-03-31": "96.07700"}, "Receivables": {"2020-09-30": "164.53800", "2020-06-30": "197.77500", "2020-03-31": "198.15800", "2019-12-31": "202.21900", "2019-09-30": "210.44900", "2019-06-30": "230.29400", "2019-03-31": "238.06900", "2018-12-31": "176.29800", "2018-09-30": "214.94300", "2018-06-30": "228.29600", "2018-03-31": "255.74900", "2017-12-31": "211.50300", "2017-09-30": "105.09000", "2017-06-30": "124.93400", "2017-03-31": "137.69900", "2016-12-31": "56.16100", "2016-09-30": "53.63800", "2016-06-30": "60.48700", "2016-03-31": "55.67400", "2015-12-31": "57.84700", "2015-09-30": "49.24200", "2015-06-30": "43.42800", "2015-03-31": "42.59500", "2014-12-31": "39.05100", "2014-09-30": "35.35400", "2014-06-30": "41.02200", "2014-03-31": "43.32300", "2013-12-31": "45.31800", "2013-09-30": "51.79100", "2013-06-30": "49.55100", "2013-03-31": "52.94300", "2012-12-31": "49.12700", "2012-09-30": "53.01000", "2012-06-30": "43.83900", "2012-03-31": "41.72800", "2011-12-31": "43.57100", "2011-09-30": "53.08100", "2011-06-30": "51.78900", "2011-03-31": "50.58700", "2010-12-31": "50.94100", "2010-09-30": "55.79600", "2010-06-30": "48.74500", "2010-03-31": "48.83600", "2009-12-31": "47.77700", "2009-09-30": "32.44700", "2009-06-30": "27.49800", "2009-03-31": "30.29700", "2008-12-31": "38.42300", "2008-09-30": "32.31900", "2008-06-30": "29.63300", "2008-03-31": "26.35400", "2007-12-31": "26.11500", "2007-09-30": "27.89300", "2007-06-30": "31.94000", "2007-03-31": "26.84900", "2006-12-31": "26.53300", "2006-09-30": "32.16800", "2006-06-30": "26.73200", "2006-03-31": "26.59400", "2005-12-31": "23.64400", "2005-09-30": "25.71300", "2005-06-30": "26.80700", "2005-03-31": "11.79300"}, "Inventory": {"2020-09-30": "321.96100", "2020-06-30": "322.76600", "2020-03-31": "311.60400", "2019-12-31": "337.64000", "2019-09-30": "343.71500", "2019-06-30": "329.95500", "2019-03-31": "321.74700", "2018-12-31": "311.16300", "2018-09-30": "291.84000", "2018-06-30": "288.95000", "2018-03-31": "295.54800", "2017-12-31": "288.65700", "2017-09-30": "320.34100", "2017-06-30": "401.31200", "2017-03-31": "445.68400", "2016-12-31": "49.26400", "2016-09-30": "50.95300", "2016-06-30": "49.91900", "2016-03-31": "49.24000", "2015-12-31": "43.63200", "2015-09-30": "40.68100", "2015-06-30": "38.23100", "2015-03-31": "37.66000", "2014-12-31": "36.93300", "2014-09-30": "38.24800", "2014-06-30": "37.81900", "2014-03-31": "36.68700", "2013-12-31": "34.45100", "2013-09-30": "34.15300", "2013-06-30": "36.28100", "2013-03-31": "36.54000", "2012-12-31": "36.33300", "2012-09-30": "37.58700", "2012-06-30": "36.53500", "2012-03-31": "37.29000", "2011-12-31": "40.42300", "2011-09-30": "43.36300", "2011-06-30": "49.37200", "2011-03-31": "51.19800", "2010-12-31": "44.05600", "2010-09-30": "43.62500", "2010-06-30": "41.15800", "2010-03-31": "37.55600", "2009-12-31": "41.32700", "2009-09-30": "44.94200", "2009-06-30": "24.75200", "2009-03-31": "21.69600", "2008-12-31": "17.93000", "2008-09-30": "19.15600", "2008-06-30": "20.61100", "2008-03-31": "21.27500", "2007-12-31": "19.50400", "2007-09-30": "17.70000", "2007-06-30": "15.74600", "2007-03-31": "16.17600", "2006-12-31": "16.31500", "2006-09-30": "19.37100", "2006-06-30": "18.54900", "2006-03-31": "16.66400", "2005-12-31": "15.43500", "2005-09-30": "13.53200", "2005-06-30": "16.24800", "2005-03-31": "7.37300"}, "Pre-Paid Expenses": {"2020-09-30": "50.10300", "2020-06-30": "55.46600", "2020-03-31": "52.74100", "2019-12-31": "49.70100", "2019-09-30": "53.53100", "2019-06-30": "55.63700", "2019-03-31": "47.43300", "2018-12-31": "57.46500", "2018-09-30": "50.75300", "2018-06-30": "55.13000", "2018-03-31": "48.51700", "2017-12-31": "51.88000", "2017-09-30": "158.57600", "2017-06-30": "134.75600", "2017-03-31": "98.79000", "2016-12-31": "18.59000", "2016-09-30": "21.77100", "2016-06-30": "20.16400", "2016-03-31": "22.49500", "2015-12-31": "21.99700", "2015-09-30": "23.17700", "2015-06-30": "15.19300", "2015-03-31": "11.57500", "2014-12-31": "9.78100", "2014-09-30": "14.75300", "2014-06-30": "13.38000", "2014-03-31": "12.50500", "2013-12-31": "13.28500", "2013-09-30": "13.21100", "2013-06-30": "11.81500", "2013-03-31": "6.29600", "2012-12-31": "9.59100", "2012-09-30": "13.49900", "2012-06-30": "15.10600", "2012-03-31": "9.59000", "2011-12-31": "12.34800", "2011-09-30": "16.48300", "2011-06-30": "11.91100", "2011-03-31": "9.40100", "2010-12-31": "11.84400", "2010-09-30": "9.74200", "2010-06-30": "7.17000", "2010-03-31": "6.19200", "2009-12-31": "7.45600", "2009-09-30": "7.03400", "2009-06-30": "5.99400", "2009-03-31": "4.60500", "2008-12-31": "8.01500", "2008-09-30": "7.09000", "2008-06-30": "6.83800", "2008-03-31": "5.78400", "2007-12-31": "7.48600", "2007-09-30": "7.66400", "2007-06-30": "9.87100", "2007-03-31": "4.81400", "2006-12-31": "8.79600", "2006-09-30": "5.42100", "2006-06-30": "7.04200", "2006-03-31": "3.87700", "2005-12-31": "7.29000", "2005-09-30": "5.33100", "2005-06-30": "5.54400", "2005-03-31": "7.02700"}, "Other Current Assets": {"2020-09-30": "", "2020-06-30": "", "2020-03-31": "", "2019-12-31": "", "2019-09-30": "", "2019-06-30": "", "2019-03-31": "", "2018-12-31": "", "2018-09-30": "", "2018-06-30": "", "2018-03-31": "", "2017-12-31": "12.48900", "2017-09-30": "12.48900", "2017-06-30": "2.50800", "2017-03-31": "2.50800", "2016-12-31": "", "2016-09-30": "4.24900", "2016-06-30": "4.20900", "2016-03-31": "4.30400", "2015-12-31": "4.13400", "2015-09-30": "", "2015-06-30": "", "2015-03-31": "", "2014-12-31": "", "2014-09-30": "", "2014-06-30": "", "2014-03-31": "", "2013-12-31": "", "2013-09-30": "", "2013-06-30": "", "2013-03-31": "", "2012-12-31": "", "2012-09-30": "", "2012-06-30": "", "2012-03-31": "", "2011-12-31": "", "2011-09-30": "", "2011-06-30": "", "2011-03-31": "", "2010-12-31": "", "2010-09-30": "", "2010-06-30": "", "2010-03-31": "", "2009-12-31": "", "2009-09-30": "", "2009-06-30": "", "2009-03-31": "", "2008-12-31": "", "2008-09-30": "", "2008-06-30": "", "2008-03-31": "", "2007-12-31": "", "2007-09-30": "", "2007-06-30": "", "2007-03-31": "", "2006-12-31": "", "2006-09-30": "", "2006-06-30": "", "2006-03-31": "", "2005-12-31": "", "2005-09-30": "", "2005-06-30": "", "2005-03-31": ""}, "Total Current Assets": {"2020-09-30": "900.13900", "2020-06-30": "1036.70500", "2020-03-31": "1002.17500", "2019-12-31": "882.19700", "2019-09-30": "944.48900", "2019-06-30": "929.61600", "2019-03-31": "920.50700", "2018-12-31": "927.03600", "2018-09-30": "913.31200", "2018-06-30": "899.54200", "2018-03-31": "868.53000", "2017-12-31": "864.66200", "2017-09-30": "906.70100", "2017-06-30": "904.43300", "2017-03-31": "886.54300", "2016-12-31": "569.09700", "2016-09-30": "503.04900", "2016-06-30": "535.39400", "2016-03-31": "515.43400", "2015-12-31": "505.00700", "2015-09-30": "513.69700", "2015-06-30": "471.05200", "2015-03-31": "454.01000", "2014-12-31": "432.52900", "2014-09-30": "424.50300", "2014-06-30": "412.64500", "2014-03-31": "400.73300", "2013-12-31": "394.29600", "2013-09-30": "363.81800", "2013-06-30": "346.18500", "2013-03-31": "334.12700", "2012-12-31": "325.50300", "2012-09-30": "312.60800", "2012-06-30": "293.43800", "2012-03-31": "275.99100", "2011-12-31": "260.40800", "2011-09-30": "237.27000", "2011-06-30": "238.87500", "2011-03-31": "222.95200", "2010-12-31": "205.25100", "2010-09-30": "195.36600", "2010-06-30": "184.32500", "2010-03-31": "181.84600", "2009-12-31": "207.93800", "2009-09-30": "210.68500", "2009-06-30": "206.17800", "2009-03-31": "193.18600", "2008-12-31": "179.38800", "2008-09-30": "180.66200", "2008-06-30": "169.80900", "2008-03-31": "156.72900", "2007-12-31": "153.25700", "2007-09-30": "158.34700", "2007-06-30": "170.59900", "2007-03-31": "169.77800", "2006-12-31": "171.43800", "2006-09-30": "166.60900", "2006-06-30": "156.93100", "2006-03-31": "147.21300", "2005-12-31": "137.76200", "2005-09-30": "125.33200", "2005-06-30": "117.16500", "2005-03-31": "126.19400"}, "Property, Plant, And Equipment": {"2020-09-30": "456.34800", "2020-06-30": "454.82400", "2020-03-31": "455.62400", "2019-12-31": "456.08500", "2019-09-30": "444.08700", "2019-06-30": "436.92000", "2019-03-31": "432.93800", "2018-12-31": "432.64100", "2018-09-30": "424.89700", "2018-06-30": "415.72700", "2018-03-31": "407.58200", "2017-12-31": "398.68400", "2017-09-30": "390.52600", "2017-06-30": "374.59000", "2017-03-31": "377.75600", "2016-12-31": "85.69600", "2016-09-30": "80.58800", "2016-06-30": "79.70400", "2016-03-31": "74.63500", "2015-12-31": "74.32000", "2015-09-30": "78.76800", "2015-06-30": "81.37600", "2015-03-31": "82.28800", "2014-12-31": "86.09100", "2014-09-30": "88.53200", "2014-06-30": "91.89900", "2014-03-31": "90.37900", "2013-12-31": "87.86100", "2013-09-30": "88.89700", "2013-06-30": "88.98900", "2013-03-31": "86.99400", "2012-12-31": "85.93700", "2012-09-30": "83.64100", "2012-06-30": "82.17500", "2012-03-31": "83.18300", "2011-12-31": "83.04800", "2011-09-30": "86.71800", "2011-06-30": "87.56100", "2011-03-31": "85.86300", "2010-12-31": "83.54500", "2010-09-30": "83.77700", "2010-06-30": "80.54800", "2010-03-31": "82.74800", "2009-12-31": "77.44900", "2009-09-30": "74.48600", "2009-06-30": "70.48200", "2009-03-31": "68.78700", "2008-12-31": "69.89700", "2008-09-30": "73.06700", "2008-06-30": "74.07700", "2008-03-31": "73.67700", "2007-12-31": "72.70800", "2007-09-30": "71.32500", "2007-06-30": "68.72500", "2007-03-31": "63.96100", "2006-12-31": "59.03700", "2006-09-30": "56.90100", "2006-06-30": "57.60200", "2006-03-31": "53.66600", "2005-12-31": "52.19400", "2005-09-30": "52.48800", "2005-06-30": "53.88100", "2005-03-31": "40.61400"}, "Long-Term Investments": {"2020-09-30": "", "2020-06-30": "", "2020-03-31": "", "2019-12-31": "", "2019-09-30": "", "2019-06-30": "2.01700", "2019-03-31": "2.02100", "2018-12-31": "2.02500", "2018-09-30": "2.92200", "2018-06-30": "5.94700", "2018-03-31": "9.89600", "2017-12-31": "14.57900", "2017-09-30": "15.14000", "2017-06-30": "", "2017-03-31": "", "2016-12-31": "", "2016-09-30": "57.16200", "2016-06-30": "", "2016-03-31": "", "2015-12-31": "", "2015-09-30": "", "2015-06-30": "", "2015-03-31": "", "2014-12-31": "", "2014-09-30": "", "2014-06-30": "", "2014-03-31": "", "2013-12-31": "", "2013-09-30": "", "2013-06-30": "", "2013-03-31": "", "2012-12-31": "", "2012-09-30": "", "2012-06-30": "", "2012-03-31": "", "2011-12-31": "", "2011-09-30": "", "2011-06-30": "", "2011-03-31": "", "2010-12-31": "", "2010-09-30": "", "2010-06-30": "", "2010-03-31": "", "2009-12-31": "", "2009-09-30": "", "2009-06-30": "", "2009-03-31": "9.05000", "2008-12-31": "11.35000", "2008-09-30": "", "2008-06-30": "", "2008-03-31": "", "2007-12-31": "", "2007-09-30": "", "2007-06-30": "", "2007-03-31": "", "2006-12-31": "", "2006-09-30": "", "2006-06-30": "", "2006-03-31": "", "2005-12-31": "", "2005-09-30": "", "2005-06-30": "", "2005-03-31": ""}, "Goodwill And Intangible Assets": {"2020-09-30": "233.07900", "2020-06-30": "236.19200", "2020-03-31": "237.60400", "2019-12-31": "242.65300", "2019-09-30": "142.66300", "2019-06-30": "145.23500", "2019-03-31": "142.29400", "2018-12-31": "144.61600", "2018-09-30": "145.01000", "2018-06-30": "148.16000", "2018-03-31": "148.95900", "2017-12-31": "156.11000", "2017-09-30": "159.02500", "2017-06-30": "166.99800", "2017-03-31": "165.71800", "2016-12-31": "27.96000", "2016-09-30": "28.40900", "2016-06-30": "29.42800", "2016-03-31": "29.93900", "2015-12-31": "30.39900", "2015-09-30": "7.84300", "2015-06-30": "7.89300", "2015-03-31": "8.13500", "2014-12-31": "8.54100", "2014-09-30": "8.87200", "2014-06-30": "9.14600", "2014-03-31": "9.49100", "2013-12-31": "9.96800", "2013-09-30": "10.32100", "2013-06-30": "10.75000", "2013-03-31": "11.12500", "2012-12-31": "11.43000", "2012-09-30": "11.90100", "2012-06-30": "12.22700", "2012-03-31": "12.54300", "2011-12-31": "12.89700", "2011-09-30": "13.19000", "2011-06-30": "15.25800", "2011-03-31": "15.76300", "2010-12-31": "16.28400", "2010-09-30": "16.73400", "2010-06-30": "17.29400", "2010-03-31": "17.76500", "2009-12-31": "18.26000", "2009-09-30": "18.74100", "2009-06-30": "16.34600", "2009-03-31": "16.98700", "2008-12-31": "10.78000", "2008-09-30": "10.98700", "2008-06-30": "11.33100", "2008-03-31": "11.60000", "2007-12-31": "11.88400", "2007-09-30": "12.11500", "2007-06-30": "12.30600", "2007-03-31": "9.66600", "2006-12-31": "9.78100", "2006-09-30": "10.17400", "2006-06-30": "10.27200", "2006-03-31": "10.76100", "2005-12-31": "10.96300", "2005-09-30": "11.18800", "2005-06-30": "11.45400", "2005-03-31": "2.79400"}, "Other Long-Term Assets": {"2020-09-30": "55.79500", "2020-06-30": "52.85300", "2020-03-31": "49.24200", "2019-12-31": "48.98400", "2019-09-30": "47.51600", "2019-06-30": "44.19700", "2019-03-31": "43.75000", "2018-12-31": "40.41900", "2018-09-30": "38.69300", "2018-06-30": "37.38400", "2018-03-31": "37.70200", "2017-12-31": "38.14100", "2017-09-30": "35.19200", "2017-06-30": "29.67900", "2017-03-31": "31.82300", "2016-12-31": "", "2016-09-30": "", "2016-06-30": "", "2016-03-31": "", "2015-12-31": "", "2015-09-30": "", "2015-06-30": "", "2015-03-31": "", "2014-12-31": "", "2014-09-30": "", "2014-06-30": "", "2014-03-31": "", "2013-12-31": "", "2013-09-30": "", "2013-06-30": "", "2013-03-31": "", "2012-12-31": "", "2012-09-30": "", "2012-06-30": "", "2012-03-31": "", "2011-12-31": "", "2011-09-30": "1.74300", "2011-06-30": "", "2011-03-31": "", "2010-12-31": "", "2010-09-30": "", "2010-06-30": "", "2010-03-31": "", "2009-12-31": "", "2009-09-30": "0.53200", "2009-06-30": "0.05700", "2009-03-31": "", "2008-12-31": "6.01400", "2008-09-30": "0.46500", "2008-06-30": "0.46500", "2008-03-31": "0.46500", "2007-12-31": "0.46500", "2007-09-30": "0.46500", "2007-06-30": "0.46500", "2007-03-31": "1.11900", "2006-12-31": "1.11400", "2006-09-30": "0.47000", "2006-06-30": "0.47300", "2006-03-31": "0.47300", "2005-12-31": "0.47300", "2005-09-30": "0.38200", "2005-06-30": "0.36100", "2005-03-31": "0.39700"}, "Total Long-Term Assets": {"2020-09-30": "829.39700", "2020-06-30": "822.35700", "2020-03-31": "814.80400", "2019-12-31": "810.18500", "2019-09-30": "693.29500", "2019-06-30": "693.30100", "2019-03-31": "692.76400", "2018-12-31": "658.35500", "2018-09-30": "631.86300", "2018-06-30": "626.80190", "2018-03-31": "624.21200", "2017-12-31": "632.28900", "2017-09-30": "616.27310", "2017-06-30": "582.86400", "2017-03-31": "586.49300", "2016-12-31": "135.59100", "2016-09-30": "185.65000", "2016-06-30": "127.98500", "2016-03-31": "120.52300", "2015-12-31": "121.81800", "2015-09-30": "96.53100", "2015-06-30": "99.18500", "2015-03-31": "100.33400", "2014-12-31": "108.57300", "2014-09-30": "103.21300", "2014-06-30": "106.87200", "2014-03-31": "105.69900", "2013-12-31": "105.34700", "2013-09-30": "104.86300", "2013-06-30": "105.37700", "2013-03-31": "103.75500", "2012-12-31": "103.00900", "2012-09-30": "100.29900", "2012-06-30": "99.15300", "2012-03-31": "100.49300", "2011-12-31": "100.70400", "2011-09-30": "106.23700", "2011-06-30": "107.45400", "2011-03-31": "106.24300", "2010-12-31": "104.39300", "2010-09-30": "105.05700", "2010-06-30": "102.34900", "2010-03-31": "105.05500", "2009-12-31": "101.21500", "2009-09-30": "99.76400", "2009-06-30": "92.89000", "2009-03-31": "100.82900", "2008-12-31": "104.04600", "2008-09-30": "89.05600", "2008-06-30": "90.41000", "2008-03-31": "90.27900", "2007-12-31": "89.33700", "2007-09-30": "88.76900", "2007-06-30": "86.36000", "2007-03-31": "79.61000", "2006-12-31": "72.81000", "2006-09-30": "69.86100", "2006-06-30": "70.96000", "2006-03-31": "67.78000", "2005-12-31": "66.77500", "2005-09-30": "66.75900", "2005-06-30": "68.67800", "2005-03-31": "47.11000"}, "Total Assets": {"2020-09-30": "1729.53600", "2020-06-30": "1859.06200", "2020-03-31": "1816.97900", "2019-12-31": "1692.38200", "2019-09-30": "1637.78400", "2019-06-30": "1622.91700", "2019-03-31": "1613.27100", "2018-12-31": "1585.39100", "2018-09-30": "1545.17500", "2018-06-30": "1526.34400", "2018-03-31": "1492.74200", "2017-12-31": "1496.95100", "2017-09-30": "1522.97400", "2017-06-30": "1487.29700", "2017-03-31": "1473.03600", "2016-12-31": "704.68800", "2016-09-30": "688.69900", "2016-06-30": "663.37900", "2016-03-31": "635.95700", "2015-12-31": "626.82500", "2015-09-30": "610.22800", "2015-06-30": "570.23700", "2015-03-31": "554.34400", "2014-12-31": "541.10200", "2014-09-30": "527.71600", "2014-06-30": "519.51700", "2014-03-31": "506.43200", "2013-12-31": "499.64300", "2013-09-30": "468.68100", "2013-06-30": "451.56200", "2013-03-31": "437.88200", "2012-12-31": "428.51200", "2012-09-30": "412.90700", "2012-06-30": "392.59100", "2012-03-31": "376.48400", "2011-12-31": "361.11200", "2011-09-30": "343.50700", "2011-06-30": "346.32900", "2011-03-31": "329.19500", "2010-12-31": "309.64400", "2010-09-30": "300.42300", "2010-06-30": "286.67400", "2010-03-31": "286.90100", "2009-12-31": "309.15300", "2009-09-30": "310.44900", "2009-06-30": "299.06800", "2009-03-31": "294.01500", "2008-12-31": "283.43400", "2008-09-30": "269.71800", "2008-06-30": "260.21900", "2008-03-31": "247.00800", "2007-12-31": "242.59400", "2007-09-30": "247.11600", "2007-06-30": "256.95900", "2007-03-31": "249.38800", "2006-12-31": "244.24800", "2006-09-30": "236.47000", "2006-06-30": "227.89100", "2006-03-31": "214.99300", "2005-12-31": "204.53700", "2005-09-30": "192.09100", "2005-06-30": "185.84300", "2005-03-31": "173.30400"}, "Total Current Liabilities": {"2020-09-30": "185.35900", "2020-06-30": "359.15100", "2020-03-31": "357.30100", "2019-12-31": "248.46800", "2019-09-30": "255.41100", "2019-06-30": "259.96200", "2019-03-31": "238.40700", "2018-12-31": "249.28900", "2018-09-30": "202.52000", "2018-06-30": "202.46600", "2018-03-31": "198.64300", "2017-12-31": "210.29200", "2017-09-30": "195.09500", "2017-06-30": "189.09300", "2017-03-31": "160.67900", "2016-12-31": "40.53700", "2016-09-30": "32.51600", "2016-06-30": "40.61200", "2016-03-31": "34.00600", "2015-12-31": "42.61800", "2015-09-30": "37.20300", "2015-06-30": "28.67700", "2015-03-31": "32.89700", "2014-12-31": "28.72800", "2014-09-30": "29.25000", "2014-06-30": "27.12600", "2014-03-31": "25.50100", "2013-12-31": "26.88600", "2013-09-30": "27.07100", "2013-06-30": "28.03000", "2013-03-31": "25.56700", "2012-12-31": "29.11800", "2012-09-30": "28.91000", "2012-06-30": "29.82500", "2012-03-31": "25.38700", "2011-12-31": "29.31000", "2011-09-30": "24.08600", "2011-06-30": "26.77900", "2011-03-31": "27.63100", "2010-12-31": "25.76200", "2010-09-30": "26.62300", "2010-06-30": "31.33600", "2010-03-31": "31.05200", "2009-12-31": "33.69600", "2009-09-30": "23.51600", "2009-06-30": "20.81300", "2009-03-31": "23.10200", "2008-12-31": "21.96000", "2008-09-30": "22.30200", "2008-06-30": "21.37000", "2008-03-31": "20.25600", "2007-12-31": "21.47500", "2007-09-30": "20.00300", "2007-06-30": "19.90400", "2007-03-31": "15.71000", "2006-12-31": "15.91900", "2006-09-30": "17.63700", "2006-06-30": "16.53300", "2006-03-31": "14.39400", "2005-12-31": "13.88700", "2005-09-30": "14.15600", "2005-06-30": "13.97000", "2005-03-31": "8.91400"}, "Long Term Debt": {"2020-09-30": "", "2020-06-30": "", "2020-03-31": "", "2019-12-31": "", "2019-09-30": "", "2019-06-30": "", "2019-03-31": "", "2018-12-31": "", "2018-09-30": "", "2018-06-30": "", "2018-03-31": "", "2017-12-31": "", "2017-09-30": "75.00000", "2017-06-30": "75.00000", "2017-03-31": "75.00000", "2016-12-31": "", "2016-09-30": "", "2016-06-30": "", "2016-03-31": "", "2015-12-31": "", "2015-09-30": "", "2015-06-30": "", "2015-03-31": "", "2014-12-31": "", "2014-09-30": "", "2014-06-30": "", "2014-03-31": "", "2013-12-31": "", "2013-09-30": "", "2013-06-30": "", "2013-03-31": "", "2012-12-31": "", "2012-09-30": "", "2012-06-30": "", "2012-03-31": "", "2011-12-31": "", "2011-09-30": "", "2011-06-30": "", "2011-03-31": "", "2010-12-31": "", "2010-09-30": "", "2010-06-30": "", "2010-03-31": "", "2009-12-31": "", "2009-09-30": "", "2009-06-30": "", "2009-03-31": "", "2008-12-31": "", "2008-09-30": "", "2008-06-30": "", "2008-03-31": "", "2007-12-31": "", "2007-09-30": "", "2007-06-30": "", "2007-03-31": "", "2006-12-31": "", "2006-09-30": "", "2006-06-30": "", "2006-03-31": "", "2005-12-31": "", "2005-09-30": "", "2005-06-30": "", "2005-03-31": ""}, "Other Non-Current Liabilities": {"2020-09-30": "89.86600", "2020-06-30": "86.02300", "2020-03-31": "81.80000", "2019-12-31": "64.57900", "2019-09-30": "41.34800", "2019-06-30": "44.37300", "2019-03-31": "91.44400", "2018-12-31": "71.72600", "2018-09-30": "81.14900", "2018-06-30": "65.39700", "2018-03-31": "62.66600", "2017-12-31": "86.91800", "2017-09-30": "101.55300", "2017-06-30": "97.45800", "2017-03-31": "89.35100", "2016-12-31": "2.62600", "2016-09-30": "2.68500", "2016-06-30": "2.77600", "2016-03-31": "2.86800", "2015-12-31": "2.96400", "2015-09-30": "2.78800", "2015-06-30": "1.22200", "2015-03-31": "1.22200", "2014-12-31": "2.74600", "2014-09-30": "2.71300", "2014-06-30": "2.71300", "2014-03-31": "2.71300", "2013-12-31": "4.40200", "2013-09-30": "3.29000", "2013-06-30": "3.29000", "2013-03-31": "3.29000", "2012-12-31": "3.29000", "2012-09-30": "3.81600", "2012-06-30": "4.08100", "2012-03-31": "4.08100", "2011-12-31": "4.08100", "2011-09-30": "4.47100", "2011-06-30": "4.47100", "2011-03-31": "4.15500", "2010-12-31": "4.15500", "2010-09-30": "4.36600", "2010-06-30": "4.75400", "2010-03-31": "4.75400", "2009-12-31": "4.75400", "2009-09-30": "4.66300", "2009-06-30": "4.43600", "2009-03-31": "4.43600", "2008-12-31": "4.43600", "2008-09-30": "3.12600", "2008-06-30": "3.19000", "2008-03-31": "2.89000", "2007-12-31": "2.89000", "2007-09-30": "2.89000", "2007-06-30": "2.89000", "2007-03-31": "2.53200", "2006-12-31": "", "2006-09-30": "", "2006-06-30": "", "2006-03-31": "", "2005-12-31": "", "2005-09-30": "", "2005-06-30": "", "2005-03-31": ""}, "Total Long Term Liabilities": {"2020-09-30": "91.95700", "2020-06-30": "88.11400", "2020-03-31": "83.78500", "2019-12-31": "66.67000", "2019-09-30": "42.03800", "2019-06-30": "45.09100", "2019-03-31": "92.17000", "2018-12-31": "72.44700", "2018-09-30": "82.34200", "2018-06-30": "66.80900", "2018-03-31": "64.14800", "2017-12-31": "88.40500", "2017-09-30": "186.04400", "2017-06-30": "176.88600", "2017-03-31": "170.56500", "2016-12-31": "3.99600", "2016-09-30": "7.70700", "2016-06-30": "6.54000", "2016-03-31": "6.03800", "2015-12-31": "4.33600", "2015-09-30": "5.85700", "2015-06-30": "3.50000", "2015-03-31": "3.34500", "2014-12-31": "4.12200", "2014-09-30": "7.03800", "2014-06-30": "6.92400", "2014-03-31": "6.72400", "2013-12-31": "8.03200", "2013-09-30": "9.05000", "2013-06-30": "8.97500", "2013-03-31": "8.82900", "2012-12-31": "8.53700", "2012-09-30": "10.96400", "2012-06-30": "11.24100", "2012-03-31": "11.20800", "2011-12-31": "11.22500", "2011-09-30": "12.47900", "2011-06-30": "12.44500", "2011-03-31": "12.14200", "2010-12-31": "12.17800", "2010-09-30": "11.52300", "2010-06-30": "10.45200", "2010-03-31": "10.42700", "2009-12-31": "10.45200", "2009-09-30": "10.04600", "2009-06-30": "9.81900", "2009-03-31": "9.81900", "2008-12-31": "8.44300", "2008-09-30": "7.45100", "2008-06-30": "7.51500", "2008-03-31": "7.21500", "2007-12-31": "7.21500", "2007-09-30": "5.97400", "2007-06-30": "5.97400", "2007-03-31": "5.61600", "2006-12-31": "3.44200", "2006-09-30": "0.84600", "2006-06-30": "0.99700", "2006-03-31": "1.13200", "2005-12-31": "1.45200", "2005-09-30": "0.65900", "2005-06-30": "0.76900", "2005-03-31": "0.89400"}, "Total Liabilities": {"2020-09-30": "277.31600", "2020-06-30": "447.26500", "2020-03-31": "441.08600", "2019-12-31": "315.13800", "2019-09-30": "297.44900", "2019-06-30": "305.05300", "2019-03-31": "330.57700", "2018-12-31": "321.73600", "2018-09-30": "284.86200", "2018-06-30": "269.27500", "2018-03-31": "262.79100", "2017-12-31": "298.69700", "2017-09-30": "381.13900", "2017-06-30": "365.97900", "2017-03-31": "331.24400", "2016-12-31": "44.53300", "2016-09-30": "40.22300", "2016-06-30": "47.15200", "2016-03-31": "40.04400", "2015-12-31": "46.95400", "2015-09-30": "43.06000", "2015-06-30": "32.17700", "2015-03-31": "36.24200", "2014-12-31": "32.85000", "2014-09-30": "36.28800", "2014-06-30": "34.05000", "2014-03-31": "32.22500", "2013-12-31": "34.91800", "2013-09-30": "36.12100", "2013-06-30": "37.00500", "2013-03-31": "34.39600", "2012-12-31": "37.65500", "2012-09-30": "39.87400", "2012-06-30": "41.06600", "2012-03-31": "36.59500", "2011-12-31": "40.53500", "2011-09-30": "36.56500", "2011-06-30": "39.22400", "2011-03-31": "39.77300", "2010-12-31": "37.94000", "2010-09-30": "38.14600", "2010-06-30": "41.78800", "2010-03-31": "41.47900", "2009-12-31": "44.14800", "2009-09-30": "33.56200", "2009-06-30": "30.63200", "2009-03-31": "32.92100", "2008-12-31": "30.40300", "2008-09-30": "29.75300", "2008-06-30": "28.88500", "2008-03-31": "27.47100", "2007-12-31": "28.69000", "2007-09-30": "25.97700", "2007-06-30": "25.87800", "2007-03-31": "21.32600", "2006-12-31": "19.36100", "2006-09-30": "18.48300", "2006-06-30": "17.53000", "2006-03-31": "15.52600", "2005-12-31": "15.33900", "2005-09-30": "14.81500", "2005-06-30": "14.73900", "2005-03-31": "9.80800"}, "Common Stock Net": {"2020-09-30": "2.09700", "2020-06-30": "2.09400", "2020-03-31": "2.08300", "2019-12-31": "2.07400", "2019-09-30": "2.06700", "2019-06-30": "2.06700", "2019-03-31": "2.06700", "2018-12-31": "2.04900", "2018-09-30": "2.04900", "2018-06-30": "2.04600", "2018-03-31": "2.03200", "2017-12-31": "2.02100", "2017-09-30": "2.00200", "2017-06-30": "1.98400", "2017-03-31": "1.98000", "2016-12-31": "1.63300", "2016-09-30": "1.63100", "2016-06-30": "1.61800", "2016-03-31": "1.61800", "2015-12-31": "1.60800", "2015-09-30": "1.59500", "2015-06-30": "1.57900", "2015-03-31": "1.57800", "2014-12-31": "1.55900", "2014-09-30": "1.53600", "2014-06-30": "1.52900", "2014-03-31": "1.52000", "2013-12-31": "1.51000", "2013-09-30": "1.48600", "2013-06-30": "1.48600", "2013-03-31": "1.48600", "2012-12-31": "1.48600", "2012-09-30": "1.48600", "2012-06-30": "1.48600", "2012-03-31": "1.48600", "2011-12-31": "1.48600", "2011-09-30": "1.48600", "2011-06-30": "1.48600", "2011-03-31": "1.48600", "2010-12-31": "1.48600", "2010-09-30": "1.48500", "2010-06-30": "1.48100", "2010-03-31": "1.48100", "2009-12-31": "1.48100", "2009-09-30": "1.48100", "2009-06-30": "1.47800", "2009-03-31": "1.47800", "2008-12-31": "1.47800", "2008-09-30": "1.47500", "2008-06-30": "1.47500", "2008-03-31": "1.47500", "2007-12-31": "1.47500", "2007-09-30": "1.47500", "2007-06-30": "1.47500", "2007-03-31": "1.47500", "2006-12-31": "1.47500", "2006-09-30": "1.46300", "2006-06-30": "1.44600", "2006-03-31": "1.42800", "2005-12-31": "1.41600", "2005-09-30": "1.41600", "2005-06-30": "1.41600", "2005-03-31": "1.41600"}, "Retained Earnings (Accumulated Deficit)": {"2020-09-30": "782.51000", "2020-06-30": "757.52400", "2020-03-31": "738.61600", "2019-12-31": "721.78200", "2019-09-30": "701.14100", "2019-06-30": "674.57800", "2019-03-31": "651.74500", "2018-12-31": "620.74700", "2018-09-30": "628.10100", "2018-06-30": "627.88400", "2018-03-31": "596.82900", "2017-12-31": "585.62400", "2017-09-30": "535.91900", "2017-06-30": "535.78300", "2017-03-31": "572.84300", "2016-12-31": "516.98000", "2016-09-30": "507.46800", "2016-06-30": "488.66200", "2016-03-31": "469.79700", "2015-12-31": "453.89600", "2015-09-30": "448.43300", "2015-06-30": "432.16700", "2015-03-31": "418.59700", "2014-12-31": "408.91100", "2014-09-30": "401.53900", "2014-06-30": "395.11100", "2014-03-31": "389.23300", "2013-12-31": "382.57600", "2013-09-30": "369.24400", "2013-06-30": "358.21000", "2013-03-31": "350.84300", "2012-12-31": "342.15800", "2012-09-30": "329.81500", "2012-06-30": "317.62700", "2012-03-31": "308.47800", "2011-12-31": "300.87700", "2011-09-30": "285.61700", "2011-06-30": "276.35600", "2011-03-31": "266.86300", "2010-12-31": "256.20800", "2010-09-30": "248.80400", "2010-06-30": "239.82900", "2010-03-31": "232.11600", "2009-12-31": "227.86100", "2009-09-30": "220.43100", "2009-06-30": "214.10700", "2009-03-31": "208.36600", "2008-12-31": "201.30400", "2008-09-30": "192.31900", "2008-06-30": "184.67400", "2008-03-31": "179.90200", "2007-12-31": "177.00400", "2007-09-30": "170.99100", "2007-06-30": "166.28400", "2007-03-31": "163.74000", "2006-12-31": "153.92500", "2006-09-30": "147.06500", "2006-06-30": "140.92300", "2006-03-31": "134.63100", "2005-12-31": "128.26500", "2005-09-30": "122.95400", "2005-06-30": "117.14700", "2005-03-31": "112.40800"}, "Comprehensive Income": {"2020-09-30": "-15.53300", "2020-06-30": "-23.17800", "2020-03-31": "-28.91200", "2019-12-31": "-15.40200", "2019-09-30": "-22.58200", "2019-06-30": "-14.67400", "2019-03-31": "-17.88100", "2018-12-31": "-16.94500", "2018-09-30": "-21.46100", "2018-06-30": "-17.23000", "2018-03-31": "2.25400", "2017-12-31": "-14.95900", "2017-09-30": "-3.77800", "2017-06-30": "-9.38700", "2017-03-31": "-19.24300", "2016-12-31": "-21.27200", "2016-09-30": "-18.22600", "2016-06-30": "-18.92600", "2016-03-31": "-16.65900", "2015-12-31": "-20.75800", "2015-09-30": "-17.27300", "2015-06-30": "-17.77700", "2015-03-31": "-19.64500", "2014-12-31": "-9.55400", "2014-09-30": "-5.54600", "2014-06-30": "1.39000", "2014-03-31": "2.11700", "2013-12-31": "2.19300", "2013-09-30": "0.57300", "2013-06-30": "-2.65000", "2013-03-31": "-3.79900", "2012-12-31": "-1.42900", "2012-09-30": "-3.51400", "2012-06-30": "-5.25100", "2012-03-31": "-1.14700", "2011-12-31": "-3.23400", "2011-09-30": "0.14700", "2011-06-30": "4.01200", "2011-03-31": "2.80500", "2010-12-31": "-1.06400", "2010-09-30": "0.40900", "2010-06-30": "-4.82700", "2010-03-31": "-0.32000", "2009-12-31": "1.18700", "2009-09-30": "1.48000", "2009-06-30": "0.89600", "2009-03-31": "0.01500", "2008-12-31": "0.90200", "2008-09-30": "0.63600", "2008-06-30": "1.63000", "2008-03-31": "2.13200", "2007-12-31": "1.39600", "2007-09-30": "1.09100", "2007-06-30": "0.53900", "2007-03-31": "0.43100", "2006-12-31": "0.38100", "2006-09-30": "0.13300", "2006-06-30": "0.08000", "2006-03-31": "0.01900", "2005-12-31": "-0.02800", "2005-09-30": "0.03600", "2005-06-30": "0.04200", "2005-03-31": "0.27100"}, "Other Share Holders Equity": {"2020-09-30": "", "2020-06-30": "", "2020-03-31": "", "2019-12-31": "", "2019-09-30": "", "2019-06-30": "", "2019-03-31": "", "2018-12-31": "", "2018-09-30": "", "2018-06-30": "", "2018-03-31": "", "2017-12-31": "", "2017-09-30": "", "2017-06-30": "", "2017-03-31": "", "2016-12-31": "", "2016-09-30": "", "2016-06-30": "", "2016-03-31": "", "2015-12-31": "", "2015-09-30": "", "2015-06-30": "", "2015-03-31": "", "2014-12-31": "", "2014-09-30": "", "2014-06-30": "", "2014-03-31": "", "2013-12-31": "", "2013-09-30": "", "2013-06-30": "", "2013-03-31": "", "2012-12-31": "", "2012-09-30": "", "2012-06-30": "", "2012-03-31": "", "2011-12-31": "", "2011-09-30": "", "2011-06-30": "", "2011-03-31": "", "2010-12-31": "", "2010-09-30": "", "2010-06-30": "", "2010-03-31": "", "2009-12-31": "", "2009-09-30": "", "2009-06-30": "", "2009-03-31": "", "2008-12-31": "", "2008-09-30": "", "2008-06-30": "", "2008-03-31": "-0.63500", "2007-12-31": "", "2007-09-30": "", "2007-06-30": "", "2007-03-31": "", "2006-12-31": "", "2006-09-30": "", "2006-06-30": "", "2006-03-31": "", "2005-12-31": "", "2005-09-30": "", "2005-06-30": "", "2005-03-31": ""}, "Share Holder Equity": {"2020-09-30": "1452.22000", "2020-06-30": "1411.79700", "2020-03-31": "1375.89300", "2019-12-31": "1377.24400", "2019-09-30": "1340.33500", "2019-06-30": "1317.86400", "2019-03-31": "1282.69400", "2018-12-31": "1263.65500", "2018-09-30": "1260.31300", "2018-06-30": "1257.06900", "2018-03-31": "1229.95100", "2017-12-31": "1198.25400", "2017-09-30": "1141.83500", "2017-06-30": "1121.31800", "2017-03-31": "1141.79200", "2016-12-31": "660.15500", "2016-09-30": "648.47600", "2016-06-30": "616.22700", "2016-03-31": "595.91300", "2015-12-31": "579.87100", "2015-09-30": "567.16800", "2015-06-30": "538.06000", "2015-03-31": "518.10200", "2014-12-31": "508.25200", "2014-09-30": "491.42800", "2014-06-30": "485.46700", "2014-03-31": "474.20700", "2013-12-31": "464.72500", "2013-09-30": "432.56000", "2013-06-30": "414.55700", "2013-03-31": "403.48600", "2012-12-31": "390.85700", "2012-09-30": "373.03300", "2012-06-30": "351.52500", "2012-03-31": "339.88900", "2011-12-31": "320.57700", "2011-09-30": "306.94200", "2011-06-30": "307.10500", "2011-03-31": "289.42200", "2010-12-31": "271.70400", "2010-09-30": "262.27700", "2010-06-30": "244.88600", "2010-03-31": "245.42200", "2009-12-31": "265.00500", "2009-09-30": "276.88700", "2009-06-30": "268.43600", "2009-03-31": "261.09400", "2008-12-31": "253.03100", "2008-09-30": "239.96500", "2008-06-30": "231.33400", "2008-03-31": "219.53700", "2007-12-31": "213.90400", "2007-09-30": "221.13900", "2007-06-30": "231.08100", "2007-03-31": "228.06200", "2006-12-31": "224.88700", "2006-09-30": "217.98700", "2006-06-30": "210.36100", "2006-03-31": "199.46700", "2005-12-31": "189.19800", "2005-09-30": "177.27600", "2005-06-30": "171.10400", "2005-03-31": "163.49600"}, "Total Liabilities And Share Holders Equity": {"2020-09-30": "1729.53600", "2020-06-30": "1859.06200", "2020-03-31": "1816.97900", "2019-12-31": "1692.38200", "2019-09-30": "1637.78400", "2019-06-30": "1622.91700", "2019-03-31": "1613.27100", "2018-12-31": "1585.39100", "2018-09-30": "1545.17500", "2018-06-30": "1526.34400", "2018-03-31": "1492.74200", "2017-12-31": "1496.95100", "2017-09-30": "1522.97400", "2017-06-30": "1487.29700", "2017-03-31": "1473.03600", "2016-12-31": "704.68800", "2016-09-30": "688.69900", "2016-06-30": "663.37900", "2016-03-31": "635.95700", "2015-12-31": "626.82500", "2015-09-30": "610.22800", "2015-06-30": "570.23700", "2015-03-31": "554.34400", "2014-12-31": "541.10200", "2014-09-30": "527.71600", "2014-06-30": "519.51700", "2014-03-31": "506.43200", "2013-12-31": "499.64300", "2013-09-30": "468.68100", "2013-06-30": "451.56200", "2013-03-31": "437.88200", "2012-12-31": "428.51200", "2012-09-30": "412.90700", "2012-06-30": "392.59100", "2012-03-31": "376.48400", "2011-12-31": "361.11200", "2011-09-30": "343.50700", "2011-06-30": "346.32900", "2011-03-31": "329.19500", "2010-12-31": "309.64400", "2010-09-30": "300.42300", "2010-06-30": "286.67400", "2010-03-31": "286.90100", "2009-12-31": "309.15300", "2009-09-30": "310.44900", "2009-06-30": "299.06800", "2009-03-31": "294.01500", "2008-12-31": "283.43400", "2008-09-30": "269.71800", "2008-06-30": "260.21900", "2008-03-31": "247.00800", "2007-12-31": "242.59400", "2007-09-30": "247.11600", "2007-06-30": "256.95900", "2007-03-31": "249.38800", "2006-12-31": "244.24800", "2006-09-30": "236.47000", "2006-06-30": "227.89100", "2006-03-31": "214.99300", "2005-12-31": "204.53700", "2005-09-30": "192.09100", "2005-06-30": "185.84300", "2005-03-31": "173.30400"}}, "cash flow statement": {"Net Income/Loss": {"2019-12-31": "101.03500", "2018-12-31": "28.79300", "2017-12-31": "68.64400", "2016-12-31": "63.08400", "2015-12-31": "44.98500", "2014-12-31": "26.33500", "2013-12-31": "40.41800", "2012-12-31": "41.28100", "2011-12-31": "44.66900", "2010-12-31": "29.92300", "2009-12-31": "24.98100", "2008-12-31": "24.30000", "2007-12-31": "23.07900", "2006-12-31": "25.66000", "2005-12-31": "20.27400"}, "Total Depreciation And Amortization - Cash Flow": {"2019-12-31": "85.63300", "2018-12-31": "75.36500", "2017-12-31": "66.72000", "2016-12-31": "20.40500", "2015-12-31": "19.74300", "2014-12-31": "21.63500", "2013-12-31": "22.22100", "2012-12-31": "21.58600", "2011-12-31": "19.58800", "2010-12-31": "18.43700", "2009-12-31": "18.20100", "2008-12-31": "14.31600", "2007-12-31": "11.79600", "2006-12-31": "11.23100", "2005-12-31": "9.69800"}, "Other Non-Cash Items": {"2019-12-31": "26.88600", "2018-12-31": "88.77300", "2017-12-31": "-32.00700", "2016-12-31": "15.20700", "2015-12-31": "15.96600", "2014-12-31": "9.27400", "2013-12-31": "6.25400", "2012-12-31": "5.75800", "2011-12-31": "-9.62000", "2010-12-31": "4.25200", "2009-12-31": "2.70900", "2008-12-31": "2.27300", "2007-12-31": "1.18300", "2006-12-31": "-2.44400", "2005-12-31": "-0.22400"}, "Total Non-Cash Items": {"2019-12-31": "112.51900", "2018-12-31": "164.13800", "2017-12-31": "34.71300", "2016-12-31": "35.61200", "2015-12-31": "35.70900", "2014-12-31": "30.90900", "2013-12-31": "28.47500", "2012-12-31": "27.34400", "2011-12-31": "9.96800", "2010-12-31": "22.68900", "2009-12-31": "20.91000", "2008-12-31": "16.58900", "2007-12-31": "12.97900", "2006-12-31": "8.78700", "2005-12-31": "9.47400"}, "Change In Accounts Receivable": {"2019-12-31": "-23.68400", "2018-12-31": "-76.74200", "2017-12-31": "-54.53300", "2016-12-31": "0.74400", "2015-12-31": "-20.51500", "2014-12-31": "4.91200", "2013-12-31": "3.55600", "2012-12-31": "-5.39500", "2011-12-31": "6.23200", "2010-12-31": "-6.37800", "2009-12-31": "-6.50100", "2008-12-31": "-12.37500", "2007-12-31": "0.52300", "2006-12-31": "-2.35300", "2005-12-31": "-14.65600"}, "Change In Inventories": {"2019-12-31": "-24.99700", "2018-12-31": "-21.77000", "2017-12-31": "181.69900", "2016-12-31": "-5.50100", "2015-12-31": "-8.33700", "2014-12-31": "-3.83600", "2013-12-31": "2.31900", "2012-12-31": "4.57300", "2011-12-31": "3.17000", "2010-12-31": "-3.67000", "2009-12-31": "2.01200", "2008-12-31": "1.44700", "2007-12-31": "-3.03300", "2006-12-31": "-0.78500", "2005-12-31": "3.06900"}, "Change In Accounts Payable": {"2019-12-31": "-2.69700", "2018-12-31": "23.27000", "2017-12-31": "46.64800", "2016-12-31": "-0.46300", "2015-12-31": "3.11800", "2014-12-31": "-0.62100", "2013-12-31": "-0.03100", "2012-12-31": "-1.53600", "2011-12-31": "2.67300", "2010-12-31": "-8.22200", "2009-12-31": "10.38000", "2008-12-31": "-0.52500", "2007-12-31": "0.25000", "2006-12-31": "3.03400", "2005-12-31": "2.21000"}, "Change In Assets/Liabilities": {"2019-12-31": "-21.24900", "2018-12-31": "92.07600", "2017-12-31": "-131.93600", "2016-12-31": "-3.02800", "2015-12-31": "-1.83200", "2014-12-31": "1.97000", "2013-12-31": "-0.38300", "2012-12-31": "-0.41500", "2011-12-31": "-1.17400", "2010-12-31": "-4.65300", "2009-12-31": "-0.76100", "2008-12-31": "0.19700", "2007-12-31": "-0.24000", "2006-12-31": "-1.50400", "2005-12-31": "-2.24700"}, "Total Change In Assets/Liabilities": {"2019-12-31": "-111.63600", "2018-12-31": "-32.71600", "2017-12-31": "51.06600", "2016-12-31": "-8.75500", "2015-12-31": "-16.49900", "2014-12-31": "9.09600", "2013-12-31": "-3.16700", "2012-12-31": "-2.35400", "2011-12-31": "9.85000", "2010-12-31": "-19.51700", "2009-12-31": "5.24800", "2008-12-31": "-10.56700", "2007-12-31": "5.45400", "2006-12-31": "-2.83900", "2005-12-31": "-2.37600"}, "Cash Flow From Operating Activities": {"2019-12-31": "101.91800", "2018-12-31": "160.21500", "2017-12-31": "154.42300", "2016-12-31": "89.94100", "2015-12-31": "64.19500", "2014-12-31": "66.34000", "2013-12-31": "65.72600", "2012-12-31": "66.27100", "2011-12-31": "64.48700", "2010-12-31": "33.09500", "2009-12-31": "51.13900", "2008-12-31": "30.32200", "2007-12-31": "41.51200", "2006-12-31": "31.60800", "2005-12-31": "27.37200"}, "Net Change In Property, Plant, And Equipment": {"2019-12-31": "-97.27900", "2018-12-31": "-78.95500", "2017-12-31": "-74.47700", "2016-12-31": "-20.09300", "2015-12-31": "-9.39200", "2014-12-31": "-16.59900", "2013-12-31": "-18.36600", "2012-12-31": "-19.15000", "2011-12-31": "0.37700", "2010-12-31": "-22.27800", "2009-12-31": "-16.69000", "2008-12-31": "-11.35100", "2007-12-31": "-23.14100", "2006-12-31": "-13.55000", "2005-12-31": "-5.50900"}, "Net Change In Intangible Assets": {"2019-12-31": "-8.72800", "2018-12-31": "-8.05900", "2017-12-31": "-5.20300", "2016-12-31": "-1.19200", "2015-12-31": "-0.95100", "2014-12-31": "-0.98900", "2013-12-31": "-1.08000", "2012-12-31": "-1.14500", "2011-12-31": "0.00000", "2010-12-31": "0.00000", "2009-12-31": "", "2008-12-31": "", "2007-12-31": "", "2006-12-31": "", "2005-12-31": ""}, "Net Acquisitions/Divestitures": {"2019-12-31": "-76.13300", "2018-12-31": "-1.30000", "2017-12-31": "-162.44800", "2016-12-31": "-2.58400", "2015-12-31": "-56.78600", "2014-12-31": "", "2013-12-31": "", "2012-12-31": "", "2011-12-31": "", "2010-12-31": "", "2009-12-31": "-5.66200", "2008-12-31": "", "2007-12-31": "", "2006-12-31": "", "2005-12-31": "-32.60600"}, "Net Change In Short-term Investments": {"2019-12-31": "", "2018-12-31": "", "2017-12-31": "", "2016-12-31": "", "2015-12-31": "", "2014-12-31": "-4.16200", "2013-12-31": "", "2012-12-31": "", "2011-12-31": "", "2010-12-31": "", "2009-12-31": "", "2008-12-31": "", "2007-12-31": "", "2006-12-31": "19.84700", "2005-12-31": "1.83700"}, "Net Change In Long-Term Investments": {"2019-12-31": "15.25200", "2018-12-31": "-15.05600", "2017-12-31": "-24.74300", "2016-12-31": "40.15000", "2015-12-31": "26.91700", "2014-12-31": "", "2013-12-31": "6.32600", "2012-12-31": "-21.07800", "2011-12-31": "-48.89200", "2010-12-31": "41.28800", "2009-12-31": "8.02600", "2008-12-31": "20.23100", "2007-12-31": "15.99500", "2006-12-31": "-43.72400", "2005-12-31": ""}, "Net Change In Investments - Total": {"2019-12-31": "15.25200", "2018-12-31": "-15.05600", "2017-12-31": "-24.74300", "2016-12-31": "40.15000", "2015-12-31": "26.91700", "2014-12-31": "-4.16200", "2013-12-31": "6.32600", "2012-12-31": "-21.07800", "2011-12-31": "-48.89200", "2010-12-31": "41.28800", "2009-12-31": "8.02600", "2008-12-31": "20.23100", "2007-12-31": "15.99500", "2006-12-31": "-23.87700", "2005-12-31": "1.83700"}, "Investing Activities - Other": {"2019-12-31": "", "2018-12-31": "", "2017-12-31": "", "2016-12-31": "", "2015-12-31": "28.97000", "2014-12-31": "", "2013-12-31": "", "2012-12-31": "", "2011-12-31": "2.78100", "2010-12-31": "0.62200", "2009-12-31": "-23.43300", "2008-12-31": "-5.36800", "2007-12-31": "-3.15100", "2006-12-31": "2.88100", "2005-12-31": "2.64900"}, "Cash Flow From Investing Activities": {"2019-12-31": "-166.88800", "2018-12-31": "-103.37000", "2017-12-31": "-266.87100", "2016-12-31": "16.28100", "2015-12-31": "-11.24200", "2014-12-31": "-21.75000", "2013-12-31": "-13.12000", "2012-12-31": "-41.37300", "2011-12-31": "-45.73400", "2010-12-31": "19.63200", "2009-12-31": "-37.75900", "2008-12-31": "3.51200", "2007-12-31": "-10.29700", "2006-12-31": "-34.54600", "2005-12-31": "-33.62900"}, "Net Long-Term Debt": {"2019-12-31": "", "2018-12-31": "", "2017-12-31": "-75.00000", "2016-12-31": "", "2015-12-31": "", "2014-12-31": "", "2013-12-31": "", "2012-12-31": "", "2011-12-31": "", "2010-12-31": "", "2009-12-31": "", "2008-12-31": "", "2007-12-31": "", "2006-12-31": "", "2005-12-31": ""}, "Net Current Debt": {"2019-12-31": "", "2018-12-31": "", "2017-12-31": "", "2016-12-31": "", "2015-12-31": "", "2014-12-31": "", "2013-12-31": "", "2012-12-31": "", "2011-12-31": "", "2010-12-31": "", "2009-12-31": "", "2008-12-31": "", "2007-12-31": "", "2006-12-31": "", "2005-12-31": ""}, "Debt Issuance/Retirement Net - Total": {"2019-12-31": "", "2018-12-31": "", "2017-12-31": "-75.00000", "2016-12-31": "", "2015-12-31": "", "2014-12-31": "", "2013-12-31": "", "2012-12-31": "", "2011-12-31": "", "2010-12-31": "", "2009-12-31": "", "2008-12-31": "", "2007-12-31": "", "2006-12-31": "", "2005-12-31": ""}, "Net Common Equity Issued/Repurchased": {"2019-12-31": "-10.90700", "2018-12-31": "8.02300", "2017-12-31": "30.65100", "2016-12-31": "2.47200", "2015-12-31": "15.68100", "2014-12-31": "13.64700", "2013-12-31": "17.42800", "2012-12-31": "17.06400", "2011-12-31": "-2.15400", "2010-12-31": "-24.55500", "2009-12-31": "-17.79500", "2008-12-31": "4.98500", "2007-12-31": "-37.50800", "2006-12-31": "2.76300", "2005-12-31": "7.65700"}, "Net Total Equity Issued/Repurchased": {"2019-12-31": "-10.90700", "2018-12-31": "8.02300", "2017-12-31": "30.65100", "2016-12-31": "2.47200", "2015-12-31": "15.68100", "2014-12-31": "13.64700", "2013-12-31": "17.42800", "2012-12-31": "17.06400", "2011-12-31": "-2.15400", "2010-12-31": "-24.55500", "2009-12-31": "-17.79500", "2008-12-31": "4.98500", "2007-12-31": "-37.50800", "2006-12-31": "2.76300", "2005-12-31": "7.65700"}, "Total Common And Preferred Stock Dividends Paid": {"2019-12-31": "", "2018-12-31": "", "2017-12-31": "", "2016-12-31": "", "2015-12-31": "", "2014-12-31": "", "2013-12-31": "", "2012-12-31": "", "2011-12-31": "", "2010-12-31": "", "2009-12-31": "", "2008-12-31": "", "2007-12-31": "", "2006-12-31": "", "2005-12-31": ""}, "Financial Activities - Other": {"2019-12-31": "", "2018-12-31": "", "2017-12-31": "", "2016-12-31": "", "2015-12-31": "", "2014-12-31": "", "2013-12-31": "6.96600", "2012-12-31": "4.56700", "2011-12-31": "4.28800", "2010-12-31": "1.68000", "2009-12-31": "0.10100", "2008-12-31": "8.99700", "2007-12-31": "0.55100", "2006-12-31": "6.51200", "2005-12-31": ""}, "Cash Flow From Financial Activities": {"2019-12-31": "-10.90700", "2018-12-31": "8.02300", "2017-12-31": "-44.34900", "2016-12-31": "2.47200", "2015-12-31": "15.68100", "2014-12-31": "13.64700", "2013-12-31": "24.39400", "2012-12-31": "21.63100", "2011-12-31": "2.13400", "2010-12-31": "-22.87500", "2009-12-31": "-17.69400", "2008-12-31": "13.98200", "2007-12-31": "-36.95700", "2006-12-31": "9.27500", "2005-12-31": "7.65700"}, "Net Cash Flow": {"2019-12-31": "-76.11100", "2018-12-31": "54.70900", "2017-12-31": "-155.01000", "2016-12-31": "108.91800", "2015-12-31": "60.35200", "2014-12-31": "49.79000", "2013-12-31": "79.12200", "2012-12-31": "47.31000", "2011-12-31": "20.74000", "2010-12-31": "27.60200", "2009-12-31": "-4.44800", "2008-12-31": "47.82300", "2007-12-31": "-5.28000", "2006-12-31": "6.29900", "2005-12-31": "1.23800"}, "Stock-Based Compensation": {"2019-12-31": "21.91800", "2018-12-31": "24.24100", "2017-12-31": "19.35200", "2016-12-31": "15.24200", "2015-12-31": "12.82700", "2014-12-31": "9.59200", "2013-12-31": "5.43400", "2012-12-31": "5.56300", "2011-12-31": "4.01600", "2010-12-31": "3.47100", "2009-12-31": "2.70800", "2008-12-31": "1.89000", "2007-12-31": "1.05200", "2006-12-31": "0.48700", "2005-12-31": ""}, "Common Stock Dividends Paid": {"2019-12-31": "", "2018-12-31": "", "2017-12-31": "", "2016-12-31": "", "2015-12-31": "", "2014-12-31": "", "2013-12-31": "", "2012-12-31": "", "2011-12-31": "", "2010-12-31": "", "2009-12-31": "", "2008-12-31": "", "2007-12-31": "", "2006-12-31": "", "2005-12-31": ""}}, "cash flow statement, quarterly": {"Net Income/Loss": {"2020-09-30": 24.986, "2020-06-30": 18.908, "2020-03-31": "16.83400", "2019-12-31": 20.641, "2019-09-30": 26.563, "2019-06-30": 22.833, "2019-03-31": "30.99800", "2018-12-31": -7.355, "2018-09-30": 0.219, "2018-06-30": 31.054, "2018-03-31": "4.87500", "2017-12-31": 49.705, "2017-09-30": 0.136, "2017-06-30": -37.06, "2017-03-31": "55.86300", "2016-12-31": 9.512, "2016-09-30": 18.806, "2016-06-30": 16.606, "2016-03-31": "18.16000", "2015-12-31": 5.463, "2015-09-30": 16.266, "2015-06-30": 13.57, "2015-03-31": "9.68600", "2014-12-31": 7.372, "2014-09-30": 6.428, "2014-06-30": 5.878, "2014-03-31": "6.65700", "2013-12-31": 13.332, "2013-09-30": 11.034, "2013-06-30": 7.367, "2013-03-31": "8.68500", "2012-12-31": 12.343, "2012-09-30": 12.188, "2012-06-30": 9.149, "2012-03-31": "7.60100", "2011-12-31": 17.842, "2011-09-30": 9.261, "2011-06-30": 9.493, "2011-03-31": "8.07300", "2010-12-31": 8.98, "2010-09-30": 8.975, "2010-06-30": 7.713, "2010-03-31": "4.25500", "2009-12-31": 5.854, "2009-09-30": 6.324, "2009-06-30": 5.741, "2009-03-31": "7.06200", "2008-12-31": 8.985, "2008-09-30": 7.645, "2008-06-30": 4.772, "2008-03-31": "2.89800", "2007-12-31": 6.013, "2007-09-30": 4.707, "2007-06-30": 2.544, "2007-03-31": "9.81500", "2006-12-31": 6.86, "2006-09-30": 6.142, "2006-06-30": 6.292, "2006-03-31": "6.36600", "2005-12-31": 5.311, "2005-09-30": 5.807, "2005-06-30": 4.739, "2005-03-31": "4.41700"}, "Total Depreciation And Amortization - Cash Flow": {"2020-09-30": 24.051, "2020-06-30": 23.819, "2020-03-31": "23.36800", "2019-12-31": 22.14, "2019-09-30": 21.437, "2019-06-30": 22.882, "2019-03-31": "19.17400", "2018-12-31": 19.983, "2018-09-30": 19.126, "2018-06-30": 17.738, "2018-03-31": "18.51800", "2017-12-31": 19.196, "2017-09-30": 17.618, "2017-06-30": 18.312, "2017-03-31": "11.59400", "2016-12-31": 5.028, "2016-09-30": 5.608, "2016-06-30": 4.44, "2016-03-31": "5.32900", "2015-12-31": 5.026, "2015-09-30": 4.468, "2015-06-30": 4.677, "2015-03-31": "5.57200", "2014-12-31": 5.394, "2014-09-30": 5.515, "2014-06-30": 5.36, "2014-03-31": "5.36600", "2013-12-31": 5.725, "2013-09-30": 5.569, "2013-06-30": 5.54, "2013-03-31": "5.38700", "2012-12-31": 5.664, "2012-09-30": 5.404, "2012-06-30": 5.384, "2012-03-31": "5.13400", "2011-12-31": 5.1, "2011-09-30": 5.037, "2011-06-30": 4.932, "2011-03-31": "4.51900", "2010-12-31": 4.496, "2010-09-30": 4.392, "2010-06-30": 4.411, "2010-03-31": "5.13800", "2009-12-31": 5.218, "2009-09-30": 4.487, "2009-06-30": 4.932, "2009-03-31": "3.56400", "2008-12-31": 3.602, "2008-09-30": 3.686, "2008-06-30": 3.618, "2008-03-31": "3.41000", "2007-12-31": 3.368, "2007-09-30": 3.064, "2007-06-30": 2.798, "2007-03-31": "2.56600", "2006-12-31": 3.353, "2006-09-30": 2.702, "2006-06-30": 2.645, "2006-03-31": "2.53100", "2005-12-31": 2.763, "2005-09-30": 2.723, "2005-06-30": 2.681, "2005-03-31": "1.53100"}, "Other Non-Cash Items": {"2020-09-30": 17.818, "2020-06-30": 9.411, "2020-03-31": "15.08700", "2019-12-31": 13.858, "2019-09-30": 13.411, "2019-06-30": -20.733, "2019-03-31": "20.35000", "2018-12-31": 32.482, "2018-09-30": 29.039, "2018-06-30": 14.87, "2018-03-31": "12.38200", "2017-12-31": 2.965, "2017-09-30": 4.69, "2017-06-30": 18.252, "2017-03-31": "-57.91400", "2016-12-31": 5.112, "2016-09-30": 3.625, "2016-06-30": 2.624, "2016-03-31": "3.84600", "2015-12-31": 7.672, "2015-09-30": 2.289, "2015-06-30": 3.159, "2015-03-31": "2.84600", "2014-12-31": 2.761, "2014-09-30": 2.646, "2014-06-30": 2.306, "2014-03-31": "1.56100", "2013-12-31": 1.977, "2013-09-30": 1.419, "2013-06-30": 1.665, "2013-03-31": "1.19300", "2012-12-31": 1.208, "2012-09-30": 1.386, "2012-06-30": 1.857, "2012-03-31": "1.30700", "2011-12-31": -13.07, "2011-09-30": 1.09, "2011-06-30": 1.174, "2011-03-31": "1.18600", "2010-12-31": 1.081, "2010-09-30": 1.357, "2010-06-30": 0.889, "2010-03-31": "0.92500", "2009-12-31": 0.771, "2009-09-30": 0.76, "2009-06-30": 0.543, "2009-03-31": "0.63500", "2008-12-31": 1.213, "2008-09-30": 0.46, "2008-06-30": 0.222, "2008-03-31": "0.37800", "2007-12-31": 0.284, "2007-09-30": 0.437, "2007-06-30": 0.294, "2007-03-31": "0.16800", "2006-12-31": -0.111, "2006-09-30": -2.361, "2006-06-30": -0.164, "2006-03-31": "0.19200", "2005-12-31": -1.707, "2005-09-30": -0.142, "2005-06-30": 0.9, "2005-03-31": "0.72500"}, "Total Non-Cash Items": {"2020-09-30": 41.869, "2020-06-30": 33.23, "2020-03-31": "38.45500", "2019-12-31": 35.998, "2019-09-30": 34.848, "2019-06-30": 2.149, "2019-03-31": "39.52400", "2018-12-31": 52.465, "2018-09-30": 48.165, "2018-06-30": 32.608, "2018-03-31": "30.90000", "2017-12-31": 22.161, "2017-09-30": 22.308, "2017-06-30": 36.564, "2017-03-31": "-46.32000", "2016-12-31": 10.14, "2016-09-30": 9.233, "2016-06-30": 7.064, "2016-03-31": "9.17500", "2015-12-31": 12.698, "2015-09-30": 6.757, "2015-06-30": 7.836, "2015-03-31": "8.41800", "2014-12-31": 8.155, "2014-09-30": 8.161, "2014-06-30": 7.666, "2014-03-31": "6.92700", "2013-12-31": 7.702, "2013-09-30": 6.988, "2013-06-30": 7.205, "2013-03-31": "6.58000", "2012-12-31": 6.872, "2012-09-30": 6.79, "2012-06-30": 7.241, "2012-03-31": "6.44100", "2011-12-31": -7.97, "2011-09-30": 6.127, "2011-06-30": 6.106, "2011-03-31": "5.70500", "2010-12-31": 5.577, "2010-09-30": 5.749, "2010-06-30": 5.3, "2010-03-31": "6.06300", "2009-12-31": 5.989, "2009-09-30": 5.247, "2009-06-30": 5.475, "2009-03-31": "4.19900", "2008-12-31": 4.815, "2008-09-30": 4.146, "2008-06-30": 3.84, "2008-03-31": "3.78800", "2007-12-31": 3.652, "2007-09-30": 3.501, "2007-06-30": 3.092, "2007-03-31": "2.73400", "2006-12-31": 3.242, "2006-09-30": 0.341, "2006-06-30": 2.481, "2006-03-31": "2.72300", "2005-12-31": 1.056, "2005-09-30": 2.581, "2005-06-30": 3.581, "2005-03-31": "2.25600"}, "Change In Accounts Receivable": {"2020-09-30": 33.64, "2020-06-30": 4.394, "2020-03-31": "0.89900", "2019-12-31": 8.8, "2019-09-30": 14.377, "2019-06-30": 2.673, "2019-03-31": "-49.53400", "2018-12-31": -37.785, "2018-09-30": 4.303, "2018-06-30": -31.359, "2018-03-31": "-11.90100", "2017-12-31": -3.035, "2017-09-30": 19.108, "2017-06-30": 11.66, "2017-03-31": "-82.26600", "2016-12-31": -3.992, "2016-09-30": 7.263, "2016-06-30": -5.079, "2016-03-31": "2.55200", "2015-12-31": -9.125, "2015-09-30": -5.861, "2015-06-30": -0.582, "2015-03-31": "-4.94700", "2014-12-31": -4.521, "2014-09-30": 4.647, "2014-06-30": 2.37, "2014-03-31": "2.41600", "2013-12-31": 6.094, "2013-09-30": -1.915, "2013-06-30": 3.358, "2013-03-31": "-3.98100", "2012-12-31": 4.395, "2012-09-30": -8.94, "2012-06-30": -2.781, "2012-03-31": "1.93100", "2011-12-31": 4.657, "2011-09-30": -2.333, "2011-06-30": -1.177, "2011-03-31": "5.08500", "2010-12-31": 1.385, "2010-09-30": -5.793, "2010-06-30": -0.177, "2010-03-31": "-1.79300", "2009-12-31": -13.003, "2009-09-30": -4.68, "2009-06-30": 3.405, "2009-03-31": "7.77700", "2008-12-31": -6.25, "2008-09-30": -3.235, "2008-06-30": -3.062, "2008-03-31": "0.17200", "2007-12-31": 1.869, "2007-09-30": 4.175, "2007-06-30": -5.215, "2007-03-31": "-0.30600", "2006-12-31": 5.904, "2006-09-30": -5.195, "2006-06-30": 0.068, "2006-03-31": "-3.13000", "2005-12-31": 1.813, "2005-09-30": 1.263, "2005-06-30": -15.141, "2005-03-31": "-2.59100"}, "Change In Inventories": {"2020-09-30": 0.378, "2020-06-30": -10.891, "2020-03-31": "19.37200", "2019-12-31": 5.927, "2019-09-30": -14.864, "2019-06-30": -4.092, "2019-03-31": "-11.96800", "2018-12-31": -33.971, "2018-09-30": 0.077, "2018-06-30": 1.182, "2018-03-31": "10.94200", "2017-12-31": 33.217, "2017-09-30": 81.612, "2017-06-30": 44.637, "2017-03-31": "22.23300", "2016-12-31": 1.134, "2016-09-30": -1.156, "2016-06-30": -0.613, "2016-03-31": "-4.86600", "2015-12-31": -3.47, "2015-09-30": -2.6, "2015-06-30": -0.482, "2015-03-31": "-1.78500", "2014-12-31": 0.819, "2014-09-30": -1.199, "2014-06-30": -1.189, "2014-03-31": "-2.26700", "2013-12-31": -0.152, "2013-09-30": 2.657, "2013-06-30": 0.392, "2013-03-31": "-0.57800", "2012-12-31": 1.599, "2012-09-30": -0.733, "2012-06-30": -0.061, "2012-03-31": "3.76800", "2011-12-31": 2.027, "2011-09-30": 5.168, "2011-06-30": 2.161, "2011-03-31": "-6.18600", "2010-12-31": -1, "2010-09-30": -1.247, "2010-06-30": -4.42, "2010-03-31": "2.99700", "2009-12-31": 3.766, "2009-09-30": 2.914, "2009-06-30": -2.395, "2009-03-31": "-2.27300", "2008-12-31": 1.146, "2008-09-30": 1.27, "2008-06-30": 0.677, "2008-03-31": "-1.64600", "2007-12-31": -1.736, "2007-09-30": -1.888, "2007-06-30": 0.44, "2007-03-31": "0.15100", "2006-12-31": 3.097, "2006-09-30": -0.812, "2006-06-30": -1.855, "2006-03-31": "-1.21500", "2005-12-31": -1.909, "2005-09-30": 2.71, "2005-06-30": 1.212, "2005-03-31": "1.05600"}, "Change In Accounts Payable": {"2020-09-30": -14.727, "2020-06-30": 11.758, "2020-03-31": "-35.06300", "2019-12-31": 0.341, "2019-09-30": -5.07, "2019-06-30": -1.043, "2019-03-31": "3.07500", "2018-12-31": 25.364, "2018-09-30": -19.553, "2018-06-30": 8.722, "2018-03-31": "8.73700", "2017-12-31": 29.097, "2017-09-30": 8.766, "2017-06-30": -2.671, "2017-03-31": "11.45600", "2016-12-31": 1.124, "2016-09-30": -5.339, "2016-06-30": 5.135, "2016-03-31": "-1.38300", "2015-12-31": -0.128, "2015-09-30": 1.352, "2015-06-30": -0.057, "2015-03-31": "1.95100", "2014-12-31": -1.302, "2014-09-30": 0.815, "2014-06-30": -0.516, "2014-03-31": "0.38200", "2013-12-31": 0.759, "2013-09-30": -0.998, "2013-06-30": 0.452, "2013-03-31": "-0.24400", "2012-12-31": -0.593, "2012-09-30": -0.335, "2012-06-30": 1.002, "2012-03-31": "-1.61000", "2011-12-31": 2.945, "2011-09-30": -1.558, "2011-06-30": -1.478, "2011-03-31": "2.76400", "2010-12-31": -1.857, "2010-09-30": -5.225, "2010-06-30": -0.916, "2010-03-31": "-0.22400", "2009-12-31": 8.725, "2009-09-30": 0.108, "2009-06-30": 0.799, "2009-03-31": "0.74800", "2008-12-31": 0.311, "2008-09-30": 0.416, "2008-06-30": -0.553, "2008-03-31": "-0.69900", "2007-12-31": 1.585, "2007-09-30": 0.01, "2007-06-30": -0.795, "2007-03-31": "-0.55000", "2006-12-31": -0.259, "2006-09-30": 2.652, "2006-06-30": -0.607, "2006-03-31": "1.24800", "2005-12-31": -0.693, "2005-09-30": -0.13, "2005-06-30": 3.045, "2005-03-31": "-0.01200"}, "Change In Assets/Liabilities": {"2020-09-30": -2.1, "2020-06-30": -12.788, "2020-03-31": "-3.76800", "2019-12-31": -0.57, "2019-09-30": -8.711, "2019-06-30": -14.745, "2019-03-31": "2.77700", "2018-12-31": 69.897, "2018-09-30": -0.673, "2018-06-30": 54.41, "2018-03-31": "-31.55800", "2017-12-31": -6.533, "2017-09-30": -30.149, "2017-06-30": -95.254, "2017-03-31": "", "2016-12-31": -0.8, "2016-09-30": 1.556, "2016-06-30": -0.31, "2016-03-31": "-3.47400", "2015-12-31": 6.992, "2015-09-30": -7.449, "2015-06-30": -0.395, "2015-03-31": "-0.98000", "2014-12-31": -0.176, "2014-09-30": 1.598, "2014-06-30": 1.348, "2014-03-31": "-0.80000", "2013-12-31": -1.955, "2013-09-30": 0.923, "2013-06-30": 0.649, "2013-03-31": "", "2012-12-31": -1.207, "2012-09-30": -0.029, "2012-06-30": -0.077, "2012-03-31": "0.89800", "2011-12-31": 1.486, "2011-09-30": -1.033, "2011-06-30": -3.696, "2011-03-31": "2.06900", "2010-12-31": -0.766, "2010-09-30": 0.18, "2010-06-30": -1.706, "2010-03-31": "-2.36100", "2009-12-31": -0.259, "2009-09-30": -4.184, "2009-06-30": -0.19, "2009-03-31": "3.87200", "2008-12-31": 0.828, "2008-09-30": -1.196, "2008-06-30": -0.001, "2008-03-31": "0.56600", "2007-12-31": 0.341, "2007-09-30": -0.32, "2007-06-30": 0.299, "2007-03-31": "-0.56000", "2006-12-31": -0.334, "2006-09-30": -0.446, "2006-06-30": -1.396, "2006-03-31": "0.67200", "2005-12-31": -7.509, "2005-09-30": 8.681, "2005-06-30": -4.688, "2005-03-31": "1.26900"}, "Total Change In Assets/Liabilities": {"2020-09-30": 8.631, "2020-06-30": -22.917, "2020-03-31": "-15.77000", "2019-12-31": -7.775, "2019-09-30": -10.615, "2019-06-30": -1.714, "2019-03-31": "-91.53200", "2018-12-31": 4.823, "2018-09-30": 2.941, "2018-06-30": 16.027, "2018-03-31": "-56.50700", "2017-12-31": 12.682, "2017-09-30": 76.295, "2017-06-30": 48.241, "2017-03-31": "-86.15200", "2016-12-31": 1.582, "2016-09-30": -1.107, "2016-06-30": 0.81, "2016-03-31": "-10.04000", "2015-12-31": -2.596, "2015-09-30": -3.568, "2015-06-30": -5.482, "2015-03-31": "-4.85300", "2014-12-31": 2.466, "2014-09-30": 4.483, "2014-06-30": 3.017, "2014-03-31": "-0.87000", "2013-12-31": 2.448, "2013-09-30": -1.734, "2013-06-30": 0.62, "2013-03-31": "-4.50100", "2012-12-31": 6.125, "2012-09-30": -9.519, "2012-06-30": -3.254, "2012-03-31": "4.29400", "2011-12-31": 18.564, "2011-09-30": -4.8, "2011-06-30": -5.303, "2011-03-31": "1.38900", "2010-12-31": -0.282, "2010-09-30": -13.443, "2010-06-30": -5.674, "2010-03-31": "-0.11800", "2009-12-31": -0.93, "2009-09-30": 0.859, "2009-06-30": -3.189, "2009-03-31": "8.50800", "2008-12-31": -4.812, "2008-09-30": -1.433, "2008-06-30": -2.299, "2008-03-31": "-2.02300", "2007-12-31": 1.885, "2007-09-30": 4.283, "2007-06-30": -4.545, "2007-03-31": "3.83100", "2006-12-31": 4.253, "2006-09-30": -3.597, "2006-06-30": -3.068, "2006-03-31": "-0.42700", "2005-12-31": 0.653, "2005-09-30": 4.72, "2005-06-30": -8.934, "2005-03-31": "1.18500"}, "Cash Flow From Operating Activities": {"2020-09-30": 75.486, "2020-06-30": 29.221, "2020-03-31": "39.51900", "2019-12-31": 48.864, "2019-09-30": 50.796, "2019-06-30": 23.268, "2019-03-31": "-21.01000", "2018-12-31": 49.933, "2018-09-30": 51.325, "2018-06-30": 79.689, "2018-03-31": "-20.73200", "2017-12-31": 84.548, "2017-09-30": 98.739, "2017-06-30": 47.745, "2017-03-31": "-76.60900", "2016-12-31": 21.234, "2016-09-30": 26.932, "2016-06-30": 24.48, "2016-03-31": "17.29500", "2015-12-31": 15.565, "2015-09-30": 19.455, "2015-06-30": 15.924, "2015-03-31": "13.25100", "2014-12-31": 17.993, "2014-09-30": 19.072, "2014-06-30": 16.561, "2014-03-31": "12.71400", "2013-12-31": 23.482, "2013-09-30": 16.288, "2013-06-30": 15.192, "2013-03-31": "10.76400", "2012-12-31": 25.34, "2012-09-30": 9.459, "2012-06-30": 13.136, "2012-03-31": "18.33600", "2011-12-31": 28.436, "2011-09-30": 10.588, "2011-06-30": 10.296, "2011-03-31": "15.16700", "2010-12-31": 14.275, "2010-09-30": 1.281, "2010-06-30": 7.339, "2010-03-31": "10.20000", "2009-12-31": 10.913, "2009-09-30": 12.43, "2009-06-30": 8.027, "2009-03-31": "19.76900", "2008-12-31": 8.988, "2008-09-30": 10.358, "2008-06-30": 6.313, "2008-03-31": "4.66300", "2007-12-31": 11.55, "2007-09-30": 12.491, "2007-06-30": 1.091, "2007-03-31": "16.38000", "2006-12-31": 14.355, "2006-09-30": 2.886, "2006-06-30": 5.705, "2006-03-31": "8.66200", "2005-12-31": 7.02, "2005-09-30": 13.108, "2005-06-30": -0.614, "2005-03-31": "7.85800"}, "Net Change In Property, Plant, And Equipment": {"2020-09-30": -23.838, "2020-06-30": -13.038, "2020-03-31": "-25.33200", "2019-12-31": -24.045, "2019-09-30": -24.527, "2019-06-30": -20.052, "2019-03-31": "-28.65500", "2018-12-31": -16.898, "2018-09-30": -27.692, "2018-06-30": -20.821, "2018-03-31": "-13.54400", "2017-12-31": -22.777, "2017-09-30": -24.503, "2017-06-30": -10.801, "2017-03-31": "-16.39600", "2016-12-31": -5.076, "2016-09-30": -5.906, "2016-06-30": -5.149, "2016-03-31": "-3.96200", "2015-12-31": -5.255, "2015-09-30": 0.834, "2015-06-30": -2.614, "2015-03-31": "-2.35700", "2014-12-31": -1.68, "2014-09-30": -2.195, "2014-06-30": -6.821, "2014-03-31": "-5.90300", "2013-12-31": -3.164, "2013-09-30": -3.441, "2013-06-30": -5.93, "2013-03-31": "-5.83100", "2012-12-31": -5.952, "2012-09-30": -4.986, "2012-06-30": -4.59, "2012-03-31": "-3.62200", "2011-12-31": 14.138, "2011-09-30": -4.006, "2011-06-30": -4.813, "2011-03-31": "-4.94200", "2010-12-31": -5.42, "2010-09-30": -6.466, "2010-06-30": -0.91, "2010-03-31": "-9.48200", "2009-12-31": -6.526, "2009-09-30": -3.312, "2009-06-30": -4.708, "2009-03-31": "-2.14400", "2008-12-31": -1.666, "2008-09-30": -2.563, "2008-06-30": -3.53, "2008-03-31": "-3.59200", "2007-12-31": -4.013, "2007-09-30": -4.957, "2007-06-30": -7.107, "2007-03-31": "-7.06400", "2006-12-31": -4.672, "2006-09-30": 0.535, "2006-06-30": -5.836, "2006-03-31": "-3.57700", "2005-12-31": -2.114, "2005-09-30": -0.946, "2005-06-30": -1.216, "2005-03-31": "-1.23300"}, "Net Change In Intangible Assets": {"2020-09-30": -2.221, "2020-06-30": -2.146, "2020-03-31": "-1.95800", "2019-12-31": -2.267, "2019-09-30": -2.373, "2019-06-30": -2.139, "2019-03-31": "-1.94900", "2018-12-31": -2.684, "2018-09-30": -1.328, "2018-06-30": -2.148, "2018-03-31": "-1.89900", "2017-12-31": -1.485, "2017-09-30": -1.713, "2017-06-30": -1.595, "2017-03-31": "-0.41000", "2016-12-31": -0.331, "2016-09-30": -0.348, "2016-06-30": -0.294, "2016-03-31": "-0.21900", "2015-12-31": -0.173, "2015-09-30": -0.338, "2015-06-30": -0.232, "2015-03-31": "-0.20800", "2014-12-31": -0.28, "2014-09-30": -0.332, "2014-06-30": -0.257, "2014-03-31": "-0.12000", "2013-12-31": -0.241, "2013-09-30": -0.206, "2013-06-30": -0.278, "2013-03-31": "-0.35500", "2012-12-31": -0.194, "2012-09-30": -0.331, "2012-06-30": -0.333, "2012-03-31": "-0.28700", "2011-12-31": 0, "2011-09-30": 0, "2011-06-30": 0, "2011-03-31": "", "2010-12-31": 0, "2010-09-30": 0, "2010-06-30": 0, "2010-03-31": "", "2009-12-31": 0, "2009-09-30": 0, "2009-06-30": 0, "2009-03-31": "", "2008-12-31": 0, "2008-09-30": 0, "2008-06-30": 0, "2008-03-31": "", "2007-12-31": 0, "2007-09-30": 0, "2007-06-30": 0, "2007-03-31": "", "2006-12-31": 0, "2006-09-30": 0, "2006-06-30": 0, "2006-03-31": "", "2005-12-31": 0, "2005-09-30": 0, "2005-06-30": 0, "2005-03-31": ""}, "Net Acquisitions/Divestitures": {"2020-09-30": 0, "2020-06-30": 0, "2020-03-31": "", "2019-12-31": -71.533, "2019-09-30": 0, "2019-06-30": -4.6, "2019-03-31": "", "2018-12-31": 0, "2018-09-30": 0, "2018-06-30": -1.3, "2018-03-31": "", "2017-12-31": -5.351, "2017-09-30": 0, "2017-06-30": 0, "2017-03-31": "-157.09700", "2016-12-31": 0, "2016-09-30": 0.022, "2016-06-30": -2.606, "2016-03-31": "", "2015-12-31": -56.786, "2015-09-30": 0, "2015-06-30": 0, "2015-03-31": "", "2014-12-31": 0, "2014-09-30": 0, "2014-06-30": 0, "2014-03-31": "", "2013-12-31": 0, "2013-09-30": 0, "2013-06-30": 0, "2013-03-31": "", "2012-12-31": 0, "2012-09-30": 0, "2012-06-30": 0, "2012-03-31": "", "2011-12-31": 0, "2011-09-30": 0, "2011-06-30": 0, "2011-03-31": "", "2010-12-31": 0, "2010-09-30": 0, "2010-06-30": 0, "2010-03-31": "", "2009-12-31": 0, "2009-09-30": 0.001, "2009-06-30": 0, "2009-03-31": "-5.66300", "2008-12-31": 0, "2008-09-30": 0, "2008-06-30": 0, "2008-03-31": "", "2007-12-31": 3.224, "2007-09-30": 0, "2007-06-30": -3.224, "2007-03-31": "", "2006-12-31": 0, "2006-09-30": 0, "2006-06-30": 0, "2006-03-31": "", "2005-12-31": -32.606, "2005-09-30": 0, "2005-06-30": 0, "2005-03-31": ""}, "Net Change In Short-term Investments": {"2020-09-30": -16.4, "2020-06-30": 5.5, "2020-03-31": "10.90000", "2019-12-31": 0, "2019-09-30": -33.4, "2019-06-30": 8.9, "2019-03-31": "24.50000", "2018-12-31": 0, "2018-09-30": -8.9, "2018-06-30": 8.9, "2018-03-31": "", "2017-12-31": 0, "2017-09-30": 0, "2017-06-30": 0, "2017-03-31": "", "2016-12-31": 0, "2016-09-30": 0, "2016-06-30": 0, "2016-03-31": "", "2015-12-31": 0, "2015-09-30": -32.463, "2015-06-30": 32.463, "2015-03-31": "", "2014-12-31": -4.162, "2014-09-30": 0, "2014-06-30": 0, "2014-03-31": "", "2013-12-31": 0, "2013-09-30": 0, "2013-06-30": 0, "2013-03-31": "", "2012-12-31": 0, "2012-09-30": 0, "2012-06-30": 0, "2012-03-31": "", "2011-12-31": 0, "2011-09-30": 0, "2011-06-30": 0, "2011-03-31": "", "2010-12-31": 0, "2010-09-30": 0, "2010-06-30": 0, "2010-03-31": "", "2009-12-31": 0, "2009-09-30": 0, "2009-06-30": 0, "2009-03-31": "", "2008-12-31": 0, "2008-09-30": 0, "2008-06-30": -34.622, "2008-03-31": "34.62200", "2007-12-31": -7.975, "2007-09-30": 5.229, "2007-06-30": 8.807, "2007-03-31": "-6.06100", "2006-12-31": 40.684, "2006-09-30": -7.05, "2006-06-30": -6.991, "2006-03-31": "-6.79600", "2005-12-31": -11.388, "2005-09-30": -11.075, "2005-06-30": 32.2, "2005-03-31": "-7.90000"}, "Net Change In Long-Term Investments": {"2020-09-30": 18.379, "2020-06-30": 0, "2020-03-31": "-7.08200", "2019-12-31": -3.154, "2019-09-30": 36.4, "2019-06-30": -13.585, "2019-03-31": "-4.40900", "2018-12-31": 0.499, "2018-09-30": -7.075, "2018-06-30": -8.902, "2018-03-31": "0.42200", "2017-12-31": 0, "2017-09-30": -24.743, "2017-06-30": 0, "2017-03-31": "", "2016-12-31": 106.296, "2016-09-30": -79.805, "2016-06-30": 8.918, "2016-03-31": "4.74100", "2015-12-31": -3.159, "2015-09-30": 30.076, "2015-06-30": -22.58, "2015-03-31": "22.58000", "2014-12-31": 9.523, "2014-09-30": 0.704, "2014-06-30": -4.255, "2014-03-31": "-5.97200", "2013-12-31": 1.564, "2013-09-30": 0.48, "2013-06-30": 5.096, "2013-03-31": "-0.81400", "2012-12-31": -2.996, "2012-09-30": -5.178, "2012-06-30": -11.922, "2012-03-31": "-0.98200", "2011-12-31": -9.497, "2011-09-30": -20.059, "2011-06-30": 1.89, "2011-03-31": "-21.22600", "2010-12-31": 1.771, "2010-09-30": 9.049, "2010-06-30": 16.182, "2010-03-31": "14.28600", "2009-12-31": 12.412, "2009-09-30": 11.397, "2009-06-30": -9.388, "2009-03-31": "-6.39500", "2008-12-31": -11.248, "2008-09-30": -26.849, "2008-06-30": 67.355, "2008-03-31": "-9.02700", "2007-12-31": 15.995, "2007-09-30": 0, "2007-06-30": 0, "2007-03-31": "", "2006-12-31": -43.724, "2006-09-30": 0, "2006-06-30": 0, "2006-03-31": "", "2005-12-31": 0, "2005-09-30": 0, "2005-06-30": 0, "2005-03-31": ""}, "Net Change In Investments - Total": {"2020-09-30": 1.979, "2020-06-30": 5.5, "2020-03-31": "3.81800", "2019-12-31": -3.154, "2019-09-30": 3, "2019-06-30": -4.685, "2019-03-31": "20.09100", "2018-12-31": 0.499, "2018-09-30": -15.975, "2018-06-30": -0.002, "2018-03-31": "0.42200", "2017-12-31": 0, "2017-09-30": -24.743, "2017-06-30": 0, "2017-03-31": "", "2016-12-31": 106.296, "2016-09-30": -79.805, "2016-06-30": 8.918, "2016-03-31": "4.74100", "2015-12-31": -3.159, "2015-09-30": -2.387, "2015-06-30": 9.883, "2015-03-31": "22.58000", "2014-12-31": 5.361, "2014-09-30": 0.704, "2014-06-30": -4.255, "2014-03-31": "-5.97200", "2013-12-31": 1.564, "2013-09-30": 0.48, "2013-06-30": 5.096, "2013-03-31": "-0.81400", "2012-12-31": -2.996, "2012-09-30": -5.178, "2012-06-30": -11.922, "2012-03-31": "-0.98200", "2011-12-31": -9.497, "2011-09-30": -20.059, "2011-06-30": 1.89, "2011-03-31": "-21.22600", "2010-12-31": 1.771, "2010-09-30": 9.049, "2010-06-30": 16.182, "2010-03-31": "14.28600", "2009-12-31": 12.412, "2009-09-30": 11.397, "2009-06-30": -9.388, "2009-03-31": "-6.39500", "2008-12-31": -11.248, "2008-09-30": -26.849, "2008-06-30": 32.733, "2008-03-31": "25.59500", "2007-12-31": 8.02, "2007-09-30": 5.229, "2007-06-30": 8.807, "2007-03-31": "-6.06100", "2006-12-31": -3.04, "2006-09-30": -7.05, "2006-06-30": -6.991, "2006-03-31": "-6.79600", "2005-12-31": -11.388, "2005-09-30": -11.075, "2005-06-30": 32.2, "2005-03-31": "-7.90000"}, "Investing Activities - Other": {"2020-09-30": 0, "2020-06-30": 0, "2020-03-31": "", "2019-12-31": 0, "2019-09-30": 0, "2019-06-30": 0, "2019-03-31": "", "2018-12-31": 0, "2018-09-30": 0, "2018-06-30": 0, "2018-03-31": "", "2017-12-31": 0, "2017-09-30": 0, "2017-06-30": 0, "2017-03-31": "", "2016-12-31": 0, "2016-09-30": 0, "2016-06-30": 0, "2016-03-31": "", "2015-12-31": 28.97, "2015-09-30": 0, "2015-06-30": 0, "2015-03-31": "", "2014-12-31": 0, "2014-09-30": 0, "2014-06-30": 0, "2014-03-31": "", "2013-12-31": 0, "2013-09-30": 0, "2013-06-30": 0, "2013-03-31": "", "2012-12-31": 0, "2012-09-30": 0, "2012-06-30": 0, "2012-03-31": "", "2011-12-31": 0, "2011-09-30": 0, "2011-06-30": 2.781, "2011-03-31": "", "2010-12-31": 0, "2010-09-30": 0.622, "2010-06-30": 0, "2010-03-31": "", "2009-12-31": 1.603, "2009-09-30": -30.994, "2009-06-30": -0.056, "2009-03-31": "6.01400", "2008-12-31": -5.428, "2008-09-30": 0.012, "2008-06-30": 0.024, "2008-03-31": "0.02400", "2007-12-31": -3.219, "2007-09-30": 0.03, "2007-06-30": 0.015, "2007-03-31": "0.02300", "2006-12-31": 1.986, "2006-09-30": 0.274, "2006-06-30": 0.311, "2006-03-31": "0.31000", "2005-12-31": 32.907, "2005-09-30": 1.425, "2005-06-30": -31.989, "2005-03-31": "0.30600"}, "Cash Flow From Investing Activities": {"2020-09-30": -24.08, "2020-06-30": -9.684, "2020-03-31": "-23.47200", "2019-12-31": -100.999, "2019-09-30": -23.9, "2019-06-30": -31.476, "2019-03-31": "-10.51300", "2018-12-31": -19.083, "2018-09-30": -44.995, "2018-06-30": -24.271, "2018-03-31": "-15.02100", "2017-12-31": -29.613, "2017-09-30": -50.959, "2017-06-30": -12.396, "2017-03-31": "-173.90300", "2016-12-31": 100.889, "2016-09-30": -86.037, "2016-06-30": 0.869, "2016-03-31": "0.56000", "2015-12-31": -36.403, "2015-09-30": -1.891, "2015-06-30": 7.037, "2015-03-31": "20.01500", "2014-12-31": 3.401, "2014-09-30": -1.823, "2014-06-30": -11.333, "2014-03-31": "-11.99500", "2013-12-31": -1.841, "2013-09-30": -3.167, "2013-06-30": -1.112, "2013-03-31": "-7.00000", "2012-12-31": -9.142, "2012-09-30": -10.495, "2012-06-30": -16.845, "2012-03-31": "-4.89100", "2011-12-31": 4.641, "2011-09-30": -24.065, "2011-06-30": -0.142, "2011-03-31": "-26.16800", "2010-12-31": -3.649, "2010-09-30": 3.205, "2010-06-30": 15.272, "2010-03-31": "4.80400", "2009-12-31": 7.489, "2009-09-30": -22.908, "2009-06-30": -14.152, "2009-03-31": "-8.18800", "2008-12-31": -18.342, "2008-09-30": -29.4, "2008-06-30": 29.227, "2008-03-31": "22.02700", "2007-12-31": 4.012, "2007-09-30": 0.302, "2007-06-30": -1.509, "2007-03-31": "-13.10200", "2006-12-31": -5.726, "2006-09-30": -6.241, "2006-06-30": -12.516, "2006-03-31": "-10.06300", "2005-12-31": -13.201, "2005-09-30": -10.596, "2005-06-30": -1.005, "2005-03-31": "-8.82700"}, "Net Long-Term Debt": {"2020-09-30": -0.115, "2020-06-30": -0.116, "2020-03-31": "", "2019-12-31": 0, "2019-09-30": 0, "2019-06-30": 0, "2019-03-31": "", "2018-12-31": 0, "2018-09-30": 0, "2018-06-30": 0, "2018-03-31": "", "2017-12-31": -75, "2017-09-30": 0, "2017-06-30": 0, "2017-03-31": "", "2016-12-31": 0, "2016-09-30": 0, "2016-06-30": 0, "2016-03-31": "", "2015-12-31": 0, "2015-09-30": 0, "2015-06-30": 0, "2015-03-31": "", "2014-12-31": 0, "2014-09-30": 0, "2014-06-30": 0, "2014-03-31": "", "2013-12-31": 0, "2013-09-30": 0, "2013-06-30": 0, "2013-03-31": "", "2012-12-31": 0, "2012-09-30": 0, "2012-06-30": 0, "2012-03-31": "", "2011-12-31": 0, "2011-09-30": 0, "2011-06-30": 0, "2011-03-31": "", "2010-12-31": 0, "2010-09-30": 0, "2010-06-30": 0, "2010-03-31": "", "2009-12-31": 0, "2009-09-30": 0, "2009-06-30": 0, "2009-03-31": "", "2008-12-31": 0, "2008-09-30": 0, "2008-06-30": 0, "2008-03-31": "", "2007-12-31": 0, "2007-09-30": 0, "2007-06-30": 0, "2007-03-31": "", "2006-12-31": 0, "2006-09-30": 0, "2006-06-30": 0, "2006-03-31": "", "2005-12-31": 0, "2005-09-30": 0, "2005-06-30": 0, "2005-03-31": ""}, "Net Current Debt": {"2020-09-30": -150, "2020-06-30": 0, "2020-03-31": "150.00000", "2019-12-31": 0, "2019-09-30": 0, "2019-06-30": 0, "2019-03-31": "", "2018-12-31": 0, "2018-09-30": 0, "2018-06-30": 0, "2018-03-31": "", "2017-12-31": 0, "2017-09-30": 0, "2017-06-30": 0, "2017-03-31": "", "2016-12-31": 0, "2016-09-30": 0, "2016-06-30": 0, "2016-03-31": "", "2015-12-31": 0, "2015-09-30": 0, "2015-06-30": 0, "2015-03-31": "", "2014-12-31": 0, "2014-09-30": 0, "2014-06-30": 0, "2014-03-31": "", "2013-12-31": 0, "2013-09-30": 0, "2013-06-30": 0, "2013-03-31": "", "2012-12-31": 0, "2012-09-30": 0, "2012-06-30": 0, "2012-03-31": "", "2011-12-31": 0, "2011-09-30": 0, "2011-06-30": 0, "2011-03-31": "", "2010-12-31": 0, "2010-09-30": 0, "2010-06-30": 0, "2010-03-31": "", "2009-12-31": 0, "2009-09-30": 0, "2009-06-30": 0, "2009-03-31": "", "2008-12-31": 0, "2008-09-30": 0, "2008-06-30": 0, "2008-03-31": "", "2007-12-31": 0, "2007-09-30": 0, "2007-06-30": 0, "2007-03-31": "", "2006-12-31": 0, "2006-09-30": 0, "2006-06-30": 0, "2006-03-31": "", "2005-12-31": 0, "2005-09-30": 0, "2005-06-30": 0, "2005-03-31": ""}, "Debt Issuance/Retirement Net - Total": {"2020-09-30": -150.115, "2020-06-30": -0.116, "2020-03-31": "150.00000", "2019-12-31": 0, "2019-09-30": 0, "2019-06-30": 0, "2019-03-31": "", "2018-12-31": 0, "2018-09-30": 0, "2018-06-30": 0, "2018-03-31": "", "2017-12-31": -75, "2017-09-30": 0, "2017-06-30": 0, "2017-03-31": "", "2016-12-31": 0, "2016-09-30": 0, "2016-06-30": 0, "2016-03-31": "", "2015-12-31": 0, "2015-09-30": 0, "2015-06-30": 0, "2015-03-31": "", "2014-12-31": 0, "2014-09-30": 0, "2014-06-30": 0, "2014-03-31": "", "2013-12-31": 0, "2013-09-30": 0, "2013-06-30": 0, "2013-03-31": "", "2012-12-31": 0, "2012-09-30": 0, "2012-06-30": 0, "2012-03-31": "", "2011-12-31": 0, "2011-09-30": 0, "2011-06-30": 0, "2011-03-31": "", "2010-12-31": 0, "2010-09-30": 0, "2010-06-30": 0, "2010-03-31": "", "2009-12-31": 0, "2009-09-30": 0, "2009-06-30": 0, "2009-03-31": "", "2008-12-31": 0, "2008-09-30": 0, "2008-06-30": 0, "2008-03-31": "", "2007-12-31": 0, "2007-09-30": 0, "2007-06-30": 0, "2007-03-31": "", "2006-12-31": 0, "2006-09-30": 0, "2006-06-30": 0, "2006-03-31": "", "2005-12-31": 0, "2005-09-30": 0, "2005-06-30": 0, "2005-03-31": ""}, "Net Common Equity Issued/Repurchased": {"2020-09-30": 1.787, "2020-06-30": 6.239, "2020-03-31": "0.56000", "2019-12-31": -15.147, "2019-09-30": 0.306, "2019-06-30": 3.009, "2019-03-31": "0.92500", "2018-12-31": -6.188, "2018-09-30": 1.675, "2018-06-30": 9.381, "2018-03-31": "3.15500", "2017-12-31": 7.979, "2017-09-30": 14.141, "2017-06-30": 1.931, "2017-03-31": "6.60000", "2016-12-31": 1.436, "2016-09-30": 8.954, "2016-06-30": 2.361, "2016-03-31": "-10.27900", "2015-12-31": 4.068, "2015-09-30": 6.21, "2015-06-30": 1.02, "2015-03-31": "4.38300", "2014-12-31": 7.893, "2014-09-30": 3.189, "2014-06-30": 2.814, "2014-03-31": "-0.24900", "2013-12-31": 12.988, "2013-09-30": 1.044, "2013-06-30": -0.775, "2013-03-31": "4.17100", "2012-12-31": 1.63, "2012-09-30": 5.02, "2012-06-30": 3.649, "2012-03-31": "6.76500", "2011-12-31": -0.092, "2011-09-30": -7.543, "2011-06-30": 3.545, "2011-03-31": "1.93600", "2010-12-31": 1.614, "2010-09-30": 1.629, "2010-06-30": -4.615, "2010-03-31": "-23.18300", "2009-12-31": -19.858, "2009-09-30": 0.745, "2009-06-30": 0.048, "2009-03-31": "1.27000", "2008-12-31": -1.423, "2008-09-30": 1.062, "2008-06-30": 3.531, "2008-03-31": "1.81500", "2007-12-31": -14.775, "2007-09-30": -15.67, "2007-06-30": 0.206, "2007-03-31": "-7.26900", "2006-12-31": -2.239, "2006-09-30": -0.478, "2006-06-30": 2.622, "2006-03-31": "2.85800", "2005-12-31": 3.465, "2005-09-30": 0.234, "2005-06-30": 2.095, "2005-03-31": "1.86300"}, "Net Total Equity Issued/Repurchased": {"2020-09-30": 1.787, "2020-06-30": 6.239, "2020-03-31": "0.56000", "2019-12-31": -15.147, "2019-09-30": 0.306, "2019-06-30": 3.009, "2019-03-31": "0.92500", "2018-12-31": -6.188, "2018-09-30": 1.675, "2018-06-30": 9.381, "2018-03-31": "3.15500", "2017-12-31": 7.979, "2017-09-30": 14.141, "2017-06-30": 1.931, "2017-03-31": "6.60000", "2016-12-31": 1.436, "2016-09-30": 8.954, "2016-06-30": 2.361, "2016-03-31": "-10.27900", "2015-12-31": 4.068, "2015-09-30": 6.21, "2015-06-30": 1.02, "2015-03-31": "4.38300", "2014-12-31": 7.893, "2014-09-30": 3.189, "2014-06-30": 2.814, "2014-03-31": "-0.24900", "2013-12-31": 12.988, "2013-09-30": 1.044, "2013-06-30": -0.775, "2013-03-31": "4.17100", "2012-12-31": 1.63, "2012-09-30": 5.02, "2012-06-30": 3.649, "2012-03-31": "6.76500", "2011-12-31": -0.092, "2011-09-30": -7.543, "2011-06-30": 3.545, "2011-03-31": "1.93600", "2010-12-31": 1.614, "2010-09-30": 1.629, "2010-06-30": -4.615, "2010-03-31": "-23.18300", "2009-12-31": -19.858, "2009-09-30": 0.745, "2009-06-30": 0.048, "2009-03-31": "1.27000", "2008-12-31": -1.423, "2008-09-30": 1.062, "2008-06-30": 3.531, "2008-03-31": "1.81500", "2007-12-31": -14.775, "2007-09-30": -15.67, "2007-06-30": 0.206, "2007-03-31": "-7.26900", "2006-12-31": -2.239, "2006-09-30": -0.478, "2006-06-30": 2.622, "2006-03-31": "2.85800", "2005-12-31": 3.465, "2005-09-30": 0.234, "2005-06-30": 2.095, "2005-03-31": "1.86300"}, "Total Common And Preferred Stock Dividends Paid": {"2020-09-30": 0, "2020-06-30": 0, "2020-03-31": "", "2019-12-31": 0, "2019-09-30": 0, "2019-06-30": 0, "2019-03-31": "", "2018-12-31": 0, "2018-09-30": 0, "2018-06-30": 0, "2018-03-31": "", "2017-12-31": 0, "2017-09-30": 0, "2017-06-30": 0, "2017-03-31": "", "2016-12-31": 0, "2016-09-30": 0, "2016-06-30": 0, "2016-03-31": "", "2015-12-31": 0, "2015-09-30": 0, "2015-06-30": 0, "2015-03-31": "", "2014-12-31": 0, "2014-09-30": 0, "2014-06-30": 0, "2014-03-31": "", "2013-12-31": 0, "2013-09-30": 0, "2013-06-30": 0, "2013-03-31": "", "2012-12-31": 0, "2012-09-30": 0, "2012-06-30": 0, "2012-03-31": "", "2011-12-31": 0, "2011-09-30": 0, "2011-06-30": 0, "2011-03-31": "", "2010-12-31": 0, "2010-09-30": 0, "2010-06-30": 0, "2010-03-31": "", "2009-12-31": 0, "2009-09-30": 0, "2009-06-30": 0, "2009-03-31": "", "2008-12-31": 0, "2008-09-30": 0, "2008-06-30": 0, "2008-03-31": "", "2007-12-31": 0, "2007-09-30": 0, "2007-06-30": 0, "2007-03-31": "", "2006-12-31": 0, "2006-09-30": 0, "2006-06-30": 0, "2006-03-31": "", "2005-12-31": 0, "2005-09-30": 0, "2005-06-30": 0, "2005-03-31": ""}, "Financial Activities - Other": {"2020-09-30": -0.26, "2020-06-30": -0.387, "2020-03-31": "-12.17400", "2019-12-31": 18.478, "2019-09-30": -0.213, "2019-06-30": -0.108, "2019-03-31": "-18.15700", "2018-12-31": 6.119, "2018-09-30": -0.65, "2018-06-30": -0.131, "2018-03-31": "-5.33800", "2017-12-31": 3.951, "2017-09-30": -3.951, "2017-06-30": 0, "2017-03-31": "", "2016-12-31": 0, "2016-09-30": 0, "2016-06-30": 0, "2016-03-31": "", "2015-12-31": 0, "2015-09-30": 0, "2015-06-30": -3.059, "2015-03-31": "3.05900", "2014-12-31": -2.734, "2014-09-30": 0.749, "2014-06-30": 0.807, "2014-03-31": "1.17800", "2013-12-31": 2.399, "2013-09-30": 1.483, "2013-06-30": 2.05, "2013-03-31": "1.03400", "2012-12-31": 0.565, "2012-09-30": 1.244, "2012-06-30": 1.132, "2012-03-31": "1.62600", "2011-12-31": 0.606, "2011-09-30": 0.965, "2011-06-30": 2.437, "2011-03-31": "0.28000", "2010-12-31": 0.972, "2010-09-30": 0.65, "2010-06-30": 0.029, "2010-03-31": "0.02900", "2009-12-31": 0.013, "2009-09-30": 0.04, "2009-06-30": 0.029, "2009-03-31": "0.01900", "2008-12-31": 4.704, "2008-09-30": 0.444, "2008-06-30": 2.895, "2008-03-31": "0.95400", "2007-12-31": 0.117, "2007-09-30": 0.196, "2007-06-30": 0.098, "2007-03-31": "0.14000", "2006-12-31": 2.057, "2006-09-30": 1.817, "2006-06-30": 1.786, "2006-03-31": "0.85200", "2005-12-31": 0, "2005-09-30": 0, "2005-06-30": 0, "2005-03-31": ""}, "Cash Flow From Financial Activities": {"2020-09-30": -148.588, "2020-06-30": 5.736, "2020-03-31": "138.38600", "2019-12-31": 3.331, "2019-09-30": 0.093, "2019-06-30": 2.901, "2019-03-31": "-17.23200", "2018-12-31": -0.069, "2018-09-30": 1.025, "2018-06-30": 9.25, "2018-03-31": "-2.18300", "2017-12-31": -63.07, "2017-09-30": 10.19, "2017-06-30": 1.931, "2017-03-31": "6.60000", "2016-12-31": 1.436, "2016-09-30": 8.954, "2016-06-30": 2.361, "2016-03-31": "-10.27900", "2015-12-31": 4.068, "2015-09-30": 6.21, "2015-06-30": -2.039, "2015-03-31": "7.44200", "2014-12-31": 5.159, "2014-09-30": 3.938, "2014-06-30": 3.621, "2014-03-31": "0.92900", "2013-12-31": 15.387, "2013-09-30": 2.527, "2013-06-30": 1.275, "2013-03-31": "5.20500", "2012-12-31": 2.195, "2012-09-30": 6.264, "2012-06-30": 4.781, "2012-03-31": "8.39100", "2011-12-31": 0.514, "2011-09-30": -6.578, "2011-06-30": 5.982, "2011-03-31": "2.21600", "2010-12-31": 2.586, "2010-09-30": 2.279, "2010-06-30": -4.586, "2010-03-31": "-23.15400", "2009-12-31": -19.845, "2009-09-30": 0.785, "2009-06-30": 0.077, "2009-03-31": "1.28900", "2008-12-31": 3.281, "2008-09-30": 1.506, "2008-06-30": 6.426, "2008-03-31": "2.76900", "2007-12-31": -14.658, "2007-09-30": -15.474, "2007-06-30": 0.304, "2007-03-31": "-7.12900", "2006-12-31": -0.182, "2006-09-30": 1.339, "2006-06-30": 4.408, "2006-03-31": "3.71000", "2005-12-31": 3.465, "2005-09-30": 0.234, "2005-06-30": 2.095, "2005-03-31": "1.86300"}, "Net Cash Flow": {"2020-09-30": -95.141, "2020-06-30": 26.577, "2020-03-31": "150.88700", "2019-12-31": -47.279, "2019-09-30": 24.082, "2019-06-30": -4.177, "2019-03-31": "-48.73700", "2018-12-31": 25.965, "2018-09-30": 9.719, "2018-06-30": 54.561, "2018-03-31": "-35.53600", "2017-12-31": -10.542, "2017-09-30": 59.691, "2017-06-30": 39.061, "2017-03-31": "-243.22000", "2016-12-31": 122.119, "2016-09-30": -49.932, "2016-06-30": 25.525, "2016-03-31": "11.20600", "2015-12-31": -19.204, "2015-09-30": 24.276, "2015-06-30": 22.559, "2015-03-31": "32.72100", "2014-12-31": 23.571, "2014-09-30": 16.29, "2014-06-30": 8.328, "2014-03-31": "1.60100", "2013-12-31": 37.992, "2013-09-30": 17.442, "2013-06-30": 15.957, "2013-03-31": "7.73100", "2012-12-31": 19.376, "2012-09-30": 5.964, "2012-06-30": -0.543, "2012-03-31": "22.51300", "2011-12-31": 32.651, "2011-09-30": -20.429, "2011-06-30": 16.254, "2011-03-31": "-7.73600", "2010-12-31": 13.179, "2010-09-30": 8.069, "2010-06-30": 14.702, "2010-03-31": "-8.34800", "2009-12-31": -2.011, "2009-09-30": -9.327, "2009-06-30": -5.443, "2009-03-31": "12.33300", "2008-12-31": -5.879, "2008-09-30": -18.032, "2008-06-30": 42.012, "2008-03-31": "29.72200", "2007-12-31": 1.067, "2007-09-30": -2.451, "2007-06-30": -0.049, "2007-03-31": "-3.84700", "2006-12-31": 8.377, "2006-09-30": -2.016, "2006-06-30": -2.379, "2006-03-31": "2.31700", "2005-12-31": -2.769, "2005-09-30": 2.747, "2005-06-30": 0.424, "2005-03-31": "0.83600"}, "Stock-Based Compensation": {"2020-09-30": 6.265, "2020-06-30": 5.41, "2020-03-31": "6.93900", "2019-12-31": 5.757, "2019-09-30": 3.723, "2019-06-30": 6.229, "2019-03-31": "6.20900", "2018-12-31": 6.249, "2018-09-30": 6.233, "2018-06-30": 6.297, "2018-03-31": "5.46200", "2017-12-31": 5.965, "2017-09-30": 4.582, "2017-06-30": 4.799, "2017-03-31": "4.00600", "2016-12-31": 3.778, "2016-09-30": 3.79, "2016-06-30": 3.866, "2016-03-31": "3.80800", "2015-12-31": 3.522, "2015-09-30": 3.358, "2015-06-30": 3.134, "2015-03-31": "2.81300", "2014-12-31": 2.602, "2014-09-30": 2.531, "2014-06-30": 2.486, "2014-03-31": "1.97300", "2013-12-31": 1.301, "2013-09-30": 1.311, "2013-06-30": 1.432, "2013-03-31": "1.39000", "2012-12-31": 1.202, "2012-09-30": 1.319, "2012-06-30": 1.811, "2012-03-31": "1.23100", "2011-12-31": 1.018, "2011-09-30": 1.019, "2011-06-30": 1.001, "2011-03-31": "0.97800", "2010-12-31": 0.903, "2010-09-30": 0.9, "2010-06-30": 0.845, "2010-03-31": "0.82300", "2009-12-31": 0.745, "2009-09-30": 0.721, "2009-06-30": 0.643, "2009-03-31": "0.59900", "2008-12-31": 0.533, "2008-09-30": 0.475, "2008-06-30": 0.466, "2008-03-31": "0.41600", "2007-12-31": 0.469, "2007-09-30": 0.273, "2007-06-30": 0.129, "2007-03-31": "0.18100", "2006-12-31": 0.138, "2006-09-30": 0.091, "2006-06-30": 0.132, "2006-03-31": "0.12600", "2005-12-31": 0, "2005-09-30": 0, "2005-06-30": 0, "2005-03-31": ""}, "Common Stock Dividends Paid": {"2020-09-30": 0, "2020-06-30": 0, "2020-03-31": "", "2019-12-31": 0, "2019-09-30": 0, "2019-06-30": 0, "2019-03-31": "", "2018-12-31": 0, "2018-09-30": 0, "2018-06-30": 0, "2018-03-31": "", "2017-12-31": 0, "2017-09-30": 0, "2017-06-30": 0, "2017-03-31": "", "2016-12-31": 0, "2016-09-30": 0, "2016-06-30": 0, "2016-03-31": "", "2015-12-31": 0, "2015-09-30": 0, "2015-06-30": 0, "2015-03-31": "", "2014-12-31": 0, "2014-09-30": 0, "2014-06-30": 0, "2014-03-31": "", "2013-12-31": 0, "2013-09-30": 0, "2013-06-30": 0, "2013-03-31": "", "2012-12-31": 0, "2012-09-30": 0, "2012-06-30": 0, "2012-03-31": "", "2011-12-31": 0, "2011-09-30": 0, "2011-06-30": 0, "2011-03-31": "", "2010-12-31": 0, "2010-09-30": 0, "2010-06-30": 0, "2010-03-31": "", "2009-12-31": 0, "2009-09-30": 0, "2009-06-30": 0, "2009-03-31": "", "2008-12-31": 0, "2008-09-30": 0, "2008-06-30": 0, "2008-03-31": "", "2007-12-31": 0, "2007-09-30": 0, "2007-06-30": 0, "2007-03-31": "", "2006-12-31": 0, "2006-09-30": 0, "2006-06-30": 0, "2006-03-31": "", "2005-12-31": 0, "2005-09-30": 0, "2005-06-30": 0, "2005-03-31": ""}}, "financial ratios": {"Current Ratio": {"2019-12-31": "3.55050", "2018-12-31": "3.71870", "2017-12-31": "4.11170", "2016-12-31": "14.03900", "2015-12-31": "11.84960", "2014-12-31": "15.05600", "2013-12-31": "14.66550", "2012-12-31": "11.17880", "2011-12-31": "8.88460", "2010-12-31": "7.96720", "2009-12-31": "6.17100", "2008-12-31": "8.16890", "2007-12-31": "7.13650", "2006-12-31": "10.76940", "2005-12-31": "9.92020"}, "Long-term Debt / Capital": {"2019-12-31": "", "2018-12-31": "", "2017-12-31": "", "2016-12-31": "", "2015-12-31": "", "2014-12-31": "", "2013-12-31": "", "2012-12-31": "", "2011-12-31": "", "2010-12-31": "", "2009-12-31": "", "2008-12-31": "", "2007-12-31": "", "2006-12-31": "", "2005-12-31": ""}, "Debt/Equity Ratio": {"2019-12-31": "", "2018-12-31": "", "2017-12-31": "", "2016-12-31": "", "2015-12-31": "", "2014-12-31": "", "2013-12-31": "", "2012-12-31": "", "2011-12-31": "", "2010-12-31": "", "2009-12-31": "", "2008-12-31": "", "2007-12-31": "", "2006-12-31": "", "2005-12-31": ""}, "Gross Margin": {"2019-12-31": "37.26590", "2018-12-31": "40.71510", "2017-12-31": "32.96390", "2016-12-31": "53.08720", "2015-12-31": "52.91600", "2014-12-31": "48.95590", "2013-12-31": "49.32230", "2012-12-31": "49.39270", "2011-12-31": "47.10670", "2010-12-31": "45.57900", "2009-12-31": "46.41460", "2008-12-31": "43.87130", "2007-12-31": "41.58810", "2006-12-31": "40.01930", "2005-12-31": "44.05710"}, "Operating Margin": {"2019-12-31": "8.47890", "2018-12-31": "2.12540", "2017-12-31": "-1.02850", "2016-12-31": "21.86270", "2015-12-31": "20.06770", "2014-12-31": "12.62270", "2013-12-31": "16.55930", "2012-12-31": "19.33800", "2011-12-31": "21.58240", "2010-12-31": "16.84200", "2009-12-31": "15.47180", "2008-12-31": "15.32930", "2007-12-31": "13.10100", "2006-12-31": "15.31300", "2005-12-31": "17.51710"}, "EBIT Margin": {"2019-12-31": "8.47890", "2018-12-31": "2.12540", "2017-12-31": "-1.02850", "2016-12-31": "21.86270", "2015-12-31": "20.06770", "2014-12-31": "12.62270", "2013-12-31": "16.55930", "2012-12-31": "19.33800", "2011-12-31": "21.58240", "2010-12-31": "16.84200", "2009-12-31": "15.47180", "2008-12-31": "15.32930", "2007-12-31": "13.10100", "2006-12-31": "15.31300", "2005-12-31": "17.51710"}, "EBITDA Margin": {"2019-12-31": "15.24180", "2018-12-31": "7.50840", "2017-12-31": "4.13320", "2016-12-31": "27.24130", "2015-12-31": "25.84610", "2014-12-31": "19.61850", "2013-12-31": "23.64240", "2012-12-31": "26.15020", "2011-12-31": "28.06430", "2010-12-31": "23.35780", "2009-12-31": "23.42090", "2008-12-31": "22.32200", "2007-12-31": "19.37090", "2006-12-31": "20.88360", "2005-12-31": "23.67330"}, "Pre-Tax Profit Margin": {"2019-12-31": "9.05910", "2018-12-31": "1.59810", "2017-12-31": "3.96740", "2016-12-31": "22.44870", "2015-12-31": "20.39960", "2014-12-31": "12.86680", "2013-12-31": "16.80310", "2012-12-31": "19.51560", "2011-12-31": "21.97990", "2010-12-31": "16.88760", "2009-12-31": "15.98760", "2008-12-31": "17.62260", "2007-12-31": "17.72420", "2006-12-31": "17.52620", "2005-12-31": "19.24430"}, "Net Profit Margin": {"2019-12-31": "7.97930", "2018-12-31": "2.05660", "2017-12-31": "5.31050", "2016-12-31": "16.62850", "2015-12-31": "13.16630", "2014-12-31": "8.51550", "2013-12-31": "12.88360", "2012-12-31": "13.02780", "2011-12-31": "14.78150", "2010-12-31": "10.57500", "2009-12-31": "10.91010", "2008-12-31": "11.86950", "2007-12-31": "12.26710", "2006-12-31": "12.72740", "2005-12-31": "12.86980"}, "Asset Turnover": {"2019-12-31": "0.74820", "2018-12-31": "0.88310", "2017-12-31": "0.86350", "2016-12-31": "0.53840", "2015-12-31": "0.54510", "2014-12-31": "0.57150", "2013-12-31": "0.62790", "2012-12-31": "0.73950", "2011-12-31": "0.83680", "2010-12-31": "0.91380", "2009-12-31": "0.74060", "2008-12-31": "0.72230", "2007-12-31": "0.77550", "2006-12-31": "0.82540", "2005-12-31": "0.77020"}, "Inventory Turnover Ratio": {"2019-12-31": "2.35260", "2018-12-31": "2.66750", "2017-12-31": "3.00190", "2016-12-31": "3.61270", "2015-12-31": "3.68700", "2014-12-31": "4.27420", "2013-12-31": "4.61480", "2012-12-31": "4.41360", "2011-12-31": "3.95420", "2010-12-31": "3.49530", "2009-12-31": "2.96890", "2008-12-31": "6.40880", "2007-12-31": "5.63450", "2006-12-31": "7.41210", "2005-12-31": "5.70960"}, "Receiveable Turnover": {"2019-12-31": "6.26160", "2018-12-31": "7.94130", "2017-12-31": "6.11160", "2016-12-31": "6.75510", "2015-12-31": "5.90640", "2014-12-31": "7.91940", "2013-12-31": "6.92250", "2012-12-31": "6.45000", "2011-12-31": "6.93570", "2010-12-31": "5.55460", "2009-12-31": "4.79250", "2008-12-31": "5.32820", "2007-12-31": "7.20420", "2006-12-31": "7.59860", "2005-12-31": "6.66270"}, "Days Sales In Receivables": {"2019-12-31": "58.29210", "2018-12-31": "45.96210", "2017-12-31": "59.72290", "2016-12-31": "54.03340", "2015-12-31": "61.79730", "2014-12-31": "46.08940", "2013-12-31": "52.72630", "2012-12-31": "56.58920", "2011-12-31": "52.62630", "2010-12-31": "65.71080", "2009-12-31": "76.16080", "2008-12-31": "68.50320", "2007-12-31": "50.66480", "2006-12-31": "48.03530", "2005-12-31": "54.78290"}, "ROE - Return On Equity": {"2019-12-31": "7.33600", "2018-12-31": "2.27850", "2017-12-31": "5.72870", "2016-12-31": "9.55590", "2015-12-31": "7.75780", "2014-12-31": "5.18150", "2013-12-31": "8.69720", "2012-12-31": "10.56170", "2011-12-31": "13.93390", "2010-12-31": "11.01310", "2009-12-31": "9.42660", "2008-12-31": "9.60360", "2007-12-31": "10.78940", "2006-12-31": "11.41020", "2005-12-31": "10.71580"}, "Return On Tangible Equity": {"2019-12-31": "8.90500", "2018-12-31": "2.57300", "2017-12-31": "6.58680", "2016-12-31": "9.97860", "2015-12-31": "8.18690", "2014-12-31": "5.27000", "2013-12-31": "8.88780", "2012-12-31": "10.87980", "2011-12-31": "14.51800", "2010-12-31": "11.71520", "2009-12-31": "10.12420", "2008-12-31": "10.03090", "2007-12-31": "11.42410", "2006-12-31": "11.92900", "2005-12-31": "11.37490"}, "ROA - Return On Assets": {"2019-12-31": "5.97000", "2018-12-31": "1.81610", "2017-12-31": "4.58560", "2016-12-31": "8.95200", "2015-12-31": "7.17660", "2014-12-31": "4.86690", "2013-12-31": "8.08940", "2012-12-31": "9.63360", "2011-12-31": "12.36990", "2010-12-31": "9.66370", "2009-12-31": "8.08050", "2008-12-31": "8.57340", "2007-12-31": "9.51340", "2006-12-31": "10.50570", "2005-12-31": "9.91210"}, "ROI - Return On Investment": {"2019-12-31": "7.33600", "2018-12-31": "2.27850", "2017-12-31": "5.72870", "2016-12-31": "9.55590", "2015-12-31": "7.75780", "2014-12-31": "5.18150", "2013-12-31": "8.69720", "2012-12-31": "10.56170", "2011-12-31": "13.93390", "2010-12-31": "11.01310", "2009-12-31": "9.42660", "2008-12-31": "9.60360", "2007-12-31": "10.78940", "2006-12-31": "11.41020", "2005-12-31": "10.71580"}, "Book Value Per Share": {"2019-12-31": "66.39880", "2018-12-31": "61.66880", "2017-12-31": "59.29020", "2016-12-31": "40.40610", "2015-12-31": "36.04820", "2014-12-31": "32.59070", "2013-12-31": "30.77240", "2012-12-31": "27.03400", "2011-12-31": "23.11130", "2010-12-31": "19.89190", "2009-12-31": "18.61120", "2008-12-31": "17.17680", "2007-12-31": "15.62600", "2006-12-31": "15.38220", "2005-12-31": "13.38410"}, "Operating Cash Flow Per Share": {"2019-12-31": -2.6865, "2018-12-31": 0.0135, "2017-12-31": 2.1907, "2016-12-31": 1.3213, "2015-12-31": -0.3483, "2014-12-31": -0.0633, "2013-12-31": -0.1975, "2012-12-31": -0.0532, "2011-12-31": 2.1651, "2010-12-31": -1.0242, "2009-12-31": 1.3311, "2008-12-31": -0.6376, "2007-12-31": 0.6931, "2006-12-31": 0.2064, "2005-12-31": 1.8199}, "Free Cash Flow Per Share": {"2019-12-31": -3.5466, "2018-12-31": -0.071, "2017-12-31": -0.2153, "2016-12-31": 0.726, "2015-12-31": 0.1433, "2014-12-31": 0.0782, "2013-12-31": -0.0994, "2012-12-31": -1.3804, "2011-12-31": 3.7998, "2010-12-31": -1.5184, "2009-12-31": 0.9966, "2008-12-31": 0.099, "2007-12-31": 0.0459, "2006-12-31": -0.2961, "2005-12-31": 1.4537}}, "financial ratios, quarterly": {"Current Ratio": {"2020-09-30": "4.85620", "2020-06-30": "2.88650", "2020-03-31": "2.80480", "2019-12-31": "3.55050", "2019-09-30": "3.69790", "2019-06-30": "3.57600", "2019-03-31": "3.86110", "2018-12-31": "3.71870", "2018-09-30": "4.50970", "2018-06-30": "4.44290", "2018-03-31": "4.37230", "2017-12-31": "4.11170", "2017-09-30": "4.64750", "2017-06-30": "4.78300", "2017-03-31": "5.51750", "2016-12-31": "14.03900", "2016-09-30": "15.47080", "2016-06-30": "13.18320", "2016-03-31": "15.15720", "2015-12-31": "11.84960", "2015-09-30": "13.80800", "2015-06-30": "16.42610", "2015-03-31": "13.80100", "2014-12-31": "15.05600", "2014-09-30": "14.51290", "2014-06-30": "15.21220", "2014-03-31": "15.71440", "2013-12-31": "14.66550", "2013-09-30": "13.43940", "2013-06-30": "12.35050", "2013-03-31": "13.06870", "2012-12-31": "11.17880", "2012-09-30": "10.81310", "2012-06-30": "9.83870", "2012-03-31": "10.87140", "2011-12-31": "8.88460", "2011-09-30": "9.85100", "2011-06-30": "8.92020", "2011-03-31": "8.06890", "2010-12-31": "7.96720", "2010-09-30": "7.33820", "2010-06-30": "5.88220", "2010-03-31": "5.85620", "2009-12-31": "6.17100", "2009-09-30": "8.95920", "2009-06-30": "9.90620", "2009-03-31": "8.36230", "2008-12-31": "8.16890", "2008-09-30": "8.10070", "2008-06-30": "7.94610", "2008-03-31": "7.73740", "2007-12-31": "7.13650", "2007-09-30": "7.91620", "2007-06-30": "8.57110", "2007-03-31": "10.80700", "2006-12-31": "10.76940", "2006-09-30": "9.44660", "2006-06-30": "9.49200", "2006-03-31": "10.22740", "2005-12-31": "9.92020", "2005-09-30": "8.85360", "2005-06-30": "8.38690", "2005-03-31": "14.15680"}, "Long-term Debt / Capital": {"2020-09-30": "", "2020-06-30": "", "2020-03-31": "", "2019-12-31": "", "2019-09-30": "", "2019-06-30": "", "2019-03-31": "", "2018-12-31": "", "2018-09-30": "", "2018-06-30": "", "2018-03-31": "", "2017-12-31": "", "2017-09-30": "0.06160", "2017-06-30": "0.06270", "2017-03-31": "0.06160", "2016-12-31": "", "2016-09-30": "", "2016-06-30": "", "2016-03-31": "", "2015-12-31": "", "2015-09-30": "", "2015-06-30": "", "2015-03-31": "", "2014-12-31": "", "2014-09-30": "", "2014-06-30": "", "2014-03-31": "", "2013-12-31": "", "2013-09-30": "", "2013-06-30": "", "2013-03-31": "", "2012-12-31": "", "2012-09-30": "", "2012-06-30": "", "2012-03-31": "", "2011-12-31": "", "2011-09-30": "", "2011-06-30": "", "2011-03-31": "", "2010-12-31": "", "2010-09-30": "", "2010-06-30": "", "2010-03-31": "", "2009-12-31": "", "2009-09-30": "", "2009-06-30": "", "2009-03-31": "", "2008-12-31": "", "2008-09-30": "", "2008-06-30": "", "2008-03-31": "", "2007-12-31": "", "2007-09-30": "", "2007-06-30": "", "2007-03-31": "", "2006-12-31": "", "2006-09-30": "", "2006-06-30": "", "2006-03-31": "", "2005-12-31": "", "2005-09-30": "", "2005-06-30": "", "2005-03-31": ""}, "Debt/Equity Ratio": {"2020-09-30": "", "2020-06-30": "0.10620", "2020-03-31": "0.10900", "2019-12-31": "", "2019-09-30": "", "2019-06-30": "", "2019-03-31": "", "2018-12-31": "", "2018-09-30": "", "2018-06-30": "", "2018-03-31": "", "2017-12-31": "", "2017-09-30": "0.06570", "2017-06-30": "0.06690", "2017-03-31": "0.06570", "2016-12-31": "", "2016-09-30": "", "2016-06-30": "", "2016-03-31": "", "2015-12-31": "", "2015-09-30": "", "2015-06-30": "", "2015-03-31": "", "2014-12-31": "", "2014-09-30": "", "2014-06-30": "", "2014-03-31": "", "2013-12-31": "", "2013-09-30": "", "2013-06-30": "", "2013-03-31": "", "2012-12-31": "", "2012-09-30": "", "2012-06-30": "", "2012-03-31": "", "2011-12-31": "", "2011-09-30": "", "2011-06-30": "", "2011-03-31": "", "2010-12-31": "", "2010-09-30": "", "2010-06-30": "", "2010-03-31": "", "2009-12-31": "", "2009-09-30": "", "2009-06-30": "", "2009-03-31": "", "2008-12-31": "", "2008-09-30": "", "2008-06-30": "", "2008-03-31": "", "2007-12-31": "", "2007-09-30": "", "2007-06-30": "", "2007-03-31": "", "2006-12-31": "", "2006-09-30": "", "2006-06-30": "", "2006-03-31": "", "2005-12-31": "", "2005-09-30": "", "2005-06-30": "", "2005-03-31": ""}, "Gross Margin": {"2020-09-30": "35.76140", "2020-06-30": "35.03340", "2020-03-31": "36.94840", "2019-12-31": "36.17490", "2019-09-30": "38.55710", "2019-06-30": "33.26130", "2019-03-31": "40.88540", "2018-12-31": "39.55600", "2018-09-30": "41.13680", "2018-06-30": "42.11290", "2018-03-31": "40.05050", "2017-12-31": "37.14700", "2017-09-30": "32.51350", "2017-06-30": "26.56360", "2017-03-31": "35.90270", "2016-12-31": "53.04740", "2016-09-30": "52.80000", "2016-06-30": "51.83160", "2016-03-31": "54.79160", "2015-12-31": "53.38930", "2015-09-30": "53.78650", "2015-06-30": "52.23260", "2015-03-31": "52.17470", "2014-12-31": "49.67080", "2014-09-30": "49.24930", "2014-06-30": "47.71660", "2014-03-31": "49.19710", "2013-12-31": "49.96730", "2013-09-30": "49.45360", "2013-06-30": "48.35690", "2013-03-31": "49.52150", "2012-12-31": "50.52260", "2012-09-30": "49.99080", "2012-06-30": "50.57130", "2012-03-31": "46.30450", "2011-12-31": "47.01580", "2011-09-30": "46.52750", "2011-06-30": "46.53320", "2011-03-31": "48.44760", "2010-12-31": "48.49390", "2010-09-30": "44.93440", "2010-06-30": "46.65420", "2010-03-31": "41.83620", "2009-12-31": "42.91830", "2009-09-30": "46.41710", "2009-06-30": "48.29490", "2009-03-31": "48.89300", "2008-12-31": "46.33710", "2008-09-30": "45.57780", "2008-06-30": "42.81360", "2008-03-31": "39.79710", "2007-12-31": "41.76560", "2007-09-30": "43.16220", "2007-06-30": "42.21310", "2007-03-31": "39.35040", "2006-12-31": "32.96910", "2006-09-30": "38.78600", "2006-06-30": "44.86920", "2006-03-31": "43.76700", "2005-12-31": "42.95630", "2005-09-30": "41.43240", "2005-06-30": "40.13710", "2005-03-31": "56.21190"}, "Operating Margin": {"2020-09-30": "8.01400", "2020-06-30": "6.44610", "2020-03-31": "7.92950", "2019-12-31": "5.64870", "2019-09-30": "10.69990", "2019-06-30": "8.41100", "2019-03-31": "9.17770", "2018-12-31": "-2.68260", "2018-09-30": "0.68890", "2018-06-30": "8.79960", "2018-03-31": "1.32090", "2017-12-31": "11.70500", "2017-09-30": "-1.07860", "2017-06-30": "-10.83880", "2017-03-31": "-6.85520", "2016-12-31": "14.39160", "2016-09-30": "23.12370", "2016-06-30": "23.54190", "2016-03-31": "26.64850", "2015-12-31": "13.83270", "2015-09-30": "28.79460", "2015-06-30": "24.25490", "2015-03-31": "13.46650", "2014-12-31": "15.08590", "2014-09-30": "10.85640", "2014-06-30": "11.05530", "2014-03-31": "13.48770", "2013-12-31": "17.39520", "2013-09-30": "18.61500", "2013-06-30": "13.92050", "2013-03-31": "16.18460", "2012-12-31": "22.76100", "2012-09-30": "21.53430", "2012-06-30": "17.52950", "2012-03-31": "15.07330", "2011-12-31": "33.66550", "2011-09-30": "17.37690", "2011-06-30": "17.97010", "2011-03-31": "17.08530", "2010-12-31": "20.10220", "2010-09-30": "19.30890", "2010-06-30": "17.14010", "2010-03-31": "9.87210", "2009-12-31": "12.49260", "2009-09-30": "14.15180", "2009-06-30": "16.23440", "2009-03-31": "19.72210", "2008-12-31": "22.12180", "2008-09-30": "19.21810", "2008-06-30": "11.66240", "2008-03-31": "5.92110", "2007-12-31": "14.61350", "2007-09-30": "12.58580", "2007-06-30": "14.27490", "2007-03-31": "10.98850", "2006-12-31": "9.35100", "2006-09-30": "16.95880", "2006-06-30": "16.53480", "2006-03-31": "18.83930", "2005-12-31": "16.32200", "2005-09-30": "17.81450", "2005-06-30": "14.06380", "2005-03-31": "24.10190"}, "EBIT Margin": {"2020-09-30": "8.01400", "2020-06-30": "6.44610", "2020-03-31": "7.92950", "2019-12-31": "5.64870", "2019-09-30": "10.69990", "2019-06-30": "8.41100", "2019-03-31": "9.17770", "2018-12-31": "-2.68260", "2018-09-30": "0.68890", "2018-06-30": "8.79960", "2018-03-31": "1.32090", "2017-12-31": "11.70500", "2017-09-30": "-1.07860", "2017-06-30": "-10.83880", "2017-03-31": "-6.85520", "2016-12-31": "14.39160", "2016-09-30": "23.12370", "2016-06-30": "23.54190", "2016-03-31": "26.64850", "2015-12-31": "13.83270", "2015-09-30": "28.79460", "2015-06-30": "24.25490", "2015-03-31": "13.46650", "2014-12-31": "15.08590", "2014-09-30": "10.85640", "2014-06-30": "11.05530", "2014-03-31": "13.48770", "2013-12-31": "17.39530", "2013-09-30": "18.61500", "2013-06-30": "13.92050", "2013-03-31": "16.18460", "2012-12-31": "22.76100", "2012-09-30": "21.53430", "2012-06-30": "17.52950", "2012-03-31": "15.07330", "2011-12-31": "33.66550", "2011-09-30": "17.37690", "2011-06-30": "17.97010", "2011-03-31": "17.08530", "2010-12-31": "20.10220", "2010-09-30": "19.30890", "2010-06-30": "17.14010", "2010-03-31": "9.87210", "2009-12-31": "12.49260", "2009-09-30": "14.15180", "2009-06-30": "16.23440", "2009-03-31": "19.72210", "2008-12-31": "22.12180", "2008-09-30": "19.21810", "2008-06-30": "11.66240", "2008-03-31": "5.92110", "2007-12-31": "14.61350", "2007-09-30": "12.58580", "2007-06-30": "14.27490", "2007-03-31": "10.98850", "2006-12-31": "9.35110", "2006-09-30": "16.95880", "2006-06-30": "16.53480", "2006-03-31": "18.83930", "2005-12-31": "16.32200", "2005-09-30": "17.81450", "2005-06-30": "14.06380", "2005-03-31": "24.10190"}, "EBITDA Margin": {"2020-09-30": "", "2020-06-30": "", "2020-03-31": "", "2019-12-31": "", "2019-09-30": "", "2019-06-30": "", "2019-03-31": "", "2018-12-31": "", "2018-09-30": "", "2018-06-30": "", "2018-03-31": "", "2017-12-31": "", "2017-09-30": "", "2017-06-30": "", "2017-03-31": "", "2016-12-31": "", "2016-09-30": "", "2016-06-30": "", "2016-03-31": "", "2015-12-31": "", "2015-09-30": "", "2015-06-30": "", "2015-03-31": "", "2014-12-31": "", "2014-09-30": "", "2014-06-30": "", "2014-03-31": "", "2013-12-31": "", "2013-09-30": "", "2013-06-30": "", "2013-03-31": "", "2012-12-31": "", "2012-09-30": "", "2012-06-30": "", "2012-03-31": "", "2011-12-31": "", "2011-09-30": "", "2011-06-30": "", "2011-03-31": "", "2010-12-31": "", "2010-09-30": "", "2010-06-30": "", "2010-03-31": "", "2009-12-31": "", "2009-09-30": "", "2009-06-30": "", "2009-03-31": "", "2008-12-31": "", "2008-09-30": "", "2008-06-30": "", "2008-03-31": "", "2007-12-31": "", "2007-09-30": "", "2007-06-30": "", "2007-03-31": "", "2006-12-31": "", "2006-09-30": "", "2006-06-30": "", "2006-03-31": "", "2005-12-31": "", "2005-09-30": "", "2005-06-30": "", "2005-03-31": ""}, "Pre-Tax Profit Margin": {"2020-09-30": "8.21370", "2020-06-30": "6.86860", "2020-03-31": "6.20220", "2019-12-31": "6.63060", "2019-09-30": "10.65140", "2019-06-30": "8.84010", "2019-03-31": "10.10180", "2018-12-31": "-3.66740", "2018-09-30": "0.43920", "2018-06-30": "8.21090", "2018-03-31": "1.02760", "2017-12-31": "10.78070", "2017-09-30": "1.37220", "2017-06-30": "-11.81760", "2017-03-31": "18.50660", "2016-12-31": "14.72390", "2016-09-30": "23.71170", "2016-06-30": "24.76920", "2016-03-31": "26.81210", "2015-12-31": "13.98540", "2015-09-30": "29.06200", "2015-06-30": "24.54140", "2015-03-31": "14.11200", "2014-12-31": "15.31490", "2014-09-30": "11.05650", "2014-06-30": "11.31840", "2014-03-31": "13.77440", "2013-12-31": "17.64540", "2013-09-30": "18.84440", "2013-06-30": "14.19000", "2013-03-31": "16.41070", "2012-12-31": "22.91220", "2012-09-30": "21.72840", "2012-06-30": "17.71720", "2012-03-31": "15.25210", "2011-12-31": "33.97280", "2011-09-30": "17.54950", "2011-06-30": "18.52410", "2011-03-31": "17.64910", "2010-12-31": "20.22240", "2010-09-30": "19.02510", "2010-06-30": "17.23160", "2010-03-31": "10.17040", "2009-12-31": "12.69920", "2009-09-30": "14.92820", "2009-06-30": "16.80560", "2009-03-31": "20.30740", "2008-12-31": "23.89460", "2008-09-30": "21.03410", "2008-06-30": "14.00640", "2008-03-31": "9.40570", "2007-12-31": "17.51600", "2007-09-30": "15.65930", "2007-06-30": "7.31640", "2007-03-31": "30.23570", "2006-12-31": "11.69350", "2006-09-30": "19.56590", "2006-06-30": "18.86240", "2006-03-31": "20.39930", "2005-12-31": "17.80940", "2005-09-30": "18.89780", "2005-06-30": "16.48690", "2005-03-31": "26.27290"}, "Net Profit Margin": {"2020-09-30": "7.84320", "2020-06-30": "6.23250", "2020-03-31": "5.12280", "2019-12-31": "6.54180", "2019-09-30": "8.63920", "2019-06-30": "7.31170", "2019-03-31": "9.36690", "2018-12-31": "-2.16080", "2018-09-30": "0.06690", "2018-06-30": "8.61510", "2018-03-31": "1.31040", "2017-12-31": "13.42930", "2017-09-30": "0.03960", "2017-06-30": "-11.17900", "2017-03-31": "22.54910", "2016-12-31": "9.94060", "2016-09-30": "19.36610", "2016-06-30": "17.16900", "2016-03-31": "20.21030", "2015-12-31": "6.04400", "2015-09-30": "18.91040", "2015-06-30": "16.19700", "2015-03-31": "11.88700", "2014-12-31": "9.22700", "2014-09-30": "8.29880", "2014-06-30": "7.47110", "2014-03-31": "9.09050", "2013-12-31": "17.10530", "2013-09-30": "13.32370", "2013-06-30": "9.36550", "2013-03-31": "11.68930", "2012-12-31": "14.93010", "2012-09-30": "14.97210", "2012-06-30": "11.83860", "2012-03-31": "10.06610", "2011-12-31": "23.33200", "2011-09-30": "12.11250", "2011-06-30": "12.20240", "2011-03-31": "11.29550", "2010-12-31": "12.13560", "2010-09-30": "11.85020", "2010-06-30": "11.20070", "2010-03-31": "6.61090", "2009-12-31": "8.70200", "2009-09-30": "11.71870", "2009-06-30": "10.75110", "2009-03-31": "12.99720", "2008-12-31": "15.83400", "2008-09-30": "13.96730", "2008-06-30": "9.82050", "2008-03-31": "6.48990", "2007-12-31": "13.20180", "2007-09-30": "10.49080", "2007-06-30": "5.20350", "2007-03-31": "20.09910", "2006-12-31": "12.99070", "2006-09-30": "12.63790", "2006-06-30": "12.23530", "2006-03-31": "13.05020", "2005-12-31": "12.28550", "2005-09-30": "12.48170", "2005-06-30": "11.64570", "2005-03-31": "16.30790"}, "Asset Turnover": {"2020-09-30": "0.18420", "2020-06-30": "0.16320", "2020-03-31": "0.18090", "2019-12-31": "0.18640", "2019-09-30": "0.18770", "2019-06-30": "0.19240", "2019-03-31": "0.20510", "2018-12-31": "0.21470", "2018-09-30": "0.21170", "2018-06-30": "0.23620", "2018-03-31": "0.24920", "2017-12-31": "0.24730", "2017-09-30": "0.22540", "2017-06-30": "0.22290", "2017-03-31": "0.16820", "2016-12-31": "0.13580", "2016-09-30": "0.14100", "2016-06-30": "0.14580", "2016-03-31": "0.14130", "2015-12-31": "0.14420", "2015-09-30": "0.14100", "2015-06-30": "0.14690", "2015-03-31": "0.14700", "2014-12-31": "0.14770", "2014-09-30": "0.14680", "2014-06-30": "0.15140", "2014-03-31": "0.14460", "2013-12-31": "0.15600", "2013-09-30": "0.17670", "2013-06-30": "0.17420", "2013-03-31": "0.16970", "2012-12-31": "0.19290", "2012-09-30": "0.19720", "2012-06-30": "0.19680", "2012-03-31": "0.20060", "2011-12-31": "0.21180", "2011-09-30": "0.22260", "2011-06-30": "0.22460", "2011-03-31": "0.21710", "2010-12-31": "0.23900", "2010-09-30": "0.25210", "2010-06-30": "0.24020", "2010-03-31": "0.22430", "2009-12-31": "0.21760", "2009-09-30": "0.17380", "2009-06-30": "0.17860", "2009-03-31": "0.18480", "2008-12-31": "0.20020", "2008-09-30": "0.20290", "2008-06-30": "0.18670", "2008-03-31": "0.18080", "2007-12-31": "0.18770", "2007-09-30": "0.18160", "2007-06-30": "0.19030", "2007-03-31": "0.19580", "2006-12-31": "0.21620", "2006-09-30": "0.20550", "2006-06-30": "0.22570", "2006-03-31": "0.22690", "2005-12-31": "0.21140", "2005-09-30": "0.24220", "2005-06-30": "0.21900", "2005-03-31": "0.15630"}, "Inventory Turnover Ratio": {"2020-09-30": "0.63560", "2020-06-30": "0.61060", "2020-03-31": "0.66490", "2019-12-31": "0.59640", "2019-09-30": "0.54960", "2019-06-30": "0.63160", "2019-03-31": "0.60800", "2018-12-31": "0.66120", "2018-09-30": "0.65990", "2018-06-30": "0.72210", "2018-03-31": "0.75460", "2017-12-31": "0.80590", "2017-09-30": "0.72310", "2017-06-30": "0.60660", "2017-03-31": "0.35630", "2016-12-31": "0.91200", "2016-09-30": "0.89960", "2016-06-30": "0.93330", "2016-03-31": "0.82500", "2015-12-31": "0.96560", "2015-09-30": "0.97710", "2015-06-30": "1.04680", "2015-03-31": "1.03480", "2014-12-31": "1.08880", "2014-09-30": "1.02780", "2014-06-30": "1.08770", "2014-03-31": "1.01410", "2013-12-31": "1.13190", "2013-09-30": "1.22570", "2013-06-30": "1.11970", "2013-03-31": "1.02640", "2012-12-31": "1.12580", "2012-09-30": "1.08310", "2012-06-30": "1.04550", "2012-03-31": "1.08730", "2011-12-31": "1.00230", "2011-09-30": "0.94280", "2011-06-30": "0.84250", "2011-03-31": "0.71970", "2010-12-31": "0.86510", "2010-09-30": "0.95600", "2010-06-30": "0.89250", "2010-03-31": "0.99680", "2009-12-31": "0.92920", "2009-09-30": "0.64340", "2009-06-30": "1.11550", "2009-03-31": "1.27990", "2008-12-31": "1.69830", "2008-09-30": "1.55500", "2008-06-30": "1.34820", "2008-03-31": "1.26360", "2007-12-31": "1.35990", "2007-09-30": "1.44080", "2007-06-30": "1.79420", "2007-03-31": "1.83090", "2006-12-31": "2.16960", "2006-09-30": "1.53580", "2006-06-30": "1.52840", "2006-03-31": "1.64610", "2005-12-31": "1.59770", "2005-09-30": "2.01360", "2005-06-30": "1.49930", "2005-03-31": "1.60860"}, "Receiveable Turnover": {"2020-09-30": "1.93610", "2020-06-30": "1.53400", "2020-03-31": "1.65830", "2019-12-31": "1.56030", "2019-09-30": "1.46100", "2019-06-30": "1.35600", "2019-03-31": "1.39010", "2018-12-31": "1.93070", "2018-09-30": "1.52210", "2018-06-30": "1.57890", "2018-03-31": "1.45470", "2017-12-31": "1.75000", "2017-09-30": "3.26610", "2017-06-30": "2.65350", "2017-03-31": "1.79910", "2016-12-31": "1.70380", "2016-09-30": "1.81040", "2016-06-30": "1.59900", "2016-03-31": "1.61390", "2015-12-31": "1.56250", "2015-09-30": "1.74680", "2015-06-30": "1.92920", "2015-03-31": "1.91300", "2014-12-31": "2.04590", "2014-09-30": "2.19090", "2014-06-30": "1.91790", "2014-03-31": "1.69030", "2013-12-31": "1.71990", "2013-09-30": "1.59900", "2013-06-30": "1.58750", "2013-03-31": "1.40340", "2012-12-31": "1.68280", "2012-09-30": "1.53570", "2012-06-30": "1.76280", "2012-03-31": "1.80960", "2011-12-31": "1.75510", "2011-09-30": "1.44040", "2011-06-30": "1.50220", "2011-03-31": "1.41280", "2010-12-31": "1.45260", "2010-09-30": "1.35740", "2010-06-30": "1.41270", "2010-03-31": "1.31790", "2009-12-31": "1.40800", "2009-09-30": "1.66320", "2009-06-30": "1.94190", "2009-03-31": "1.79340", "2008-12-31": "1.47690", "2008-09-30": "1.69360", "2008-06-30": "1.63980", "2008-03-31": "1.69440", "2007-12-31": "1.74410", "2007-09-30": "1.60860", "2007-06-30": "1.53070", "2007-03-31": "1.81880", "2006-12-31": "1.99020", "2006-09-30": "1.51080", "2006-06-30": "1.92370", "2006-03-31": "1.83430", "2005-12-31": "1.82840", "2005-09-30": "1.80940", "2005-06-30": "1.51800", "2005-03-31": "2.29670"}, "Days Sales In Receivables": {"2020-09-30": "46.48450", "2020-06-30": "58.67170", "2020-03-31": "54.27220", "2019-12-31": "57.68110", "2019-09-30": "61.60060", "2019-06-30": "66.37100", "2019-03-31": "64.74510", "2018-12-31": "46.61530", "2018-09-30": "59.12810", "2018-06-30": "57.00120", "2018-03-31": "61.86930", "2017-12-31": "51.42940", "2017-09-30": "27.55570", "2017-06-30": "33.91730", "2017-03-31": "50.02410", "2016-12-31": "52.82260", "2016-09-30": "49.71190", "2016-06-30": "56.28380", "2016-03-31": "55.76380", "2015-12-31": "57.59930", "2015-09-30": "51.52270", "2015-06-30": "46.65160", "2015-03-31": "47.04670", "2014-12-31": "43.98960", "2014-09-30": "41.07910", "2014-06-30": "46.92580", "2014-03-31": "53.24420", "2013-12-31": "52.32960", "2013-09-30": "56.28440", "2013-06-30": "56.69380", "2013-03-31": "64.13100", "2012-12-31": "53.48160", "2012-09-30": "58.60700", "2012-06-30": "51.05410", "2012-03-31": "49.73470", "2011-12-31": "51.28010", "2011-09-30": "62.48250", "2011-06-30": "59.91320", "2011-03-31": "63.70180", "2010-12-31": "61.95780", "2010-09-30": "66.30370", "2010-06-30": "63.70790", "2010-03-31": "68.28830", "2009-12-31": "63.91860", "2009-09-30": "54.11340", "2009-06-30": "46.34580", "2009-03-31": "50.18370", "2008-12-31": "60.94050", "2008-09-30": "53.14170", "2008-06-30": "54.88500", "2008-03-31": "53.11640", "2007-12-31": "51.60270", "2007-09-30": "55.95010", "2007-06-30": "58.79730", "2007-03-31": "49.48310", "2006-12-31": "45.22070", "2006-09-30": "59.57040", "2006-06-30": "46.78430", "2006-03-31": "49.06540", "2005-12-31": "49.22420", "2005-09-30": "49.74140", "2005-06-30": "59.28860", "2005-03-31": "39.18660"}, "ROE - Return On Equity": {"2020-09-30": "1.72050", "2020-06-30": "1.33930", "2020-03-31": "1.22350", "2019-12-31": "1.49870", "2019-09-30": "1.98180", "2019-06-30": "1.73260", "2019-03-31": "2.41660", "2018-12-31": "-0.58200", "2018-09-30": "0.01740", "2018-06-30": "2.47040", "2018-03-31": "0.39640", "2017-12-31": "4.14810", "2017-09-30": "0.01190", "2017-06-30": "-3.30500", "2017-03-31": "4.89260", "2016-12-31": "1.44090", "2016-09-30": "2.90000", "2016-06-30": "2.69480", "2016-03-31": "3.04740", "2015-12-31": "0.94210", "2015-09-30": "2.86790", "2015-06-30": "2.52200", "2015-03-31": "1.86950", "2014-12-31": "1.45050", "2014-09-30": "1.30800", "2014-06-30": "1.21080", "2014-03-31": "1.40380", "2013-12-31": "2.86880", "2013-09-30": "2.55090", "2013-06-30": "1.77710", "2013-03-31": "2.15250", "2012-12-31": "3.15790", "2012-09-30": "3.26730", "2012-06-30": "2.60270", "2012-03-31": "2.23630", "2011-12-31": "5.56560", "2011-09-30": "3.01720", "2011-06-30": "3.09110", "2011-03-31": "2.78940", "2010-12-31": "3.30510", "2010-09-30": "3.42200", "2010-06-30": "3.14960", "2010-03-31": "1.73370", "2009-12-31": "2.20900", "2009-09-30": "2.28400", "2009-06-30": "2.13870", "2009-03-31": "2.70480", "2008-12-31": "3.55090", "2008-09-30": "3.18590", "2008-06-30": "2.06280", "2008-03-31": "1.32010", "2007-12-31": "2.81110", "2007-09-30": "2.12850", "2007-06-30": "1.10090", "2007-03-31": "4.30370", "2006-12-31": "3.05040", "2006-09-30": "2.81760", "2006-06-30": "2.99100", "2006-03-31": "3.19150", "2005-12-31": "2.80710", "2005-09-30": "3.27570", "2005-06-30": "2.76970", "2005-03-31": "2.70160"}, "Return On Tangible Equity": {"2020-09-30": "2.04950", "2020-06-30": "1.60840", "2020-03-31": "1.47890", "2019-12-31": "1.81920", "2019-09-30": "2.21790", "2019-06-30": "1.94720", "2019-03-31": "2.71820", "2018-12-31": "-0.65730", "2018-09-30": "0.01960", "2018-06-30": "2.80040", "2018-03-31": "0.45100", "2017-12-31": "4.76950", "2017-09-30": "0.01380", "2017-06-30": "-3.88340", "2017-03-31": "5.72320", "2016-12-31": "1.50460", "2016-09-30": "3.03290", "2016-06-30": "2.82990", "2016-03-31": "3.20860", "2015-12-31": "0.99420", "2015-09-30": "2.90810", "2015-06-30": "2.55960", "2015-03-31": "1.89930", "2014-12-31": "1.47530", "2014-09-30": "1.33210", "2014-06-30": "1.23400", "2014-03-31": "1.43250", "2013-12-31": "2.93170", "2013-09-30": "2.61320", "2013-06-30": "1.82440", "2013-03-31": "2.21350", "2012-12-31": "3.25310", "2012-09-30": "3.37490", "2012-06-30": "2.69650", "2012-03-31": "2.32200", "2011-12-31": "5.79890", "2011-09-30": "3.15270", "2011-06-30": "3.25270", "2011-03-31": "2.95000", "2010-12-31": "3.51580", "2010-09-30": "3.65520", "2010-06-30": "3.38900", "2010-03-31": "1.86900", "2009-12-31": "2.37250", "2009-09-30": "2.44980", "2009-06-30": "2.27740", "2009-03-31": "2.89300", "2008-12-31": "3.70900", "2008-09-30": "3.33870", "2008-06-30": "2.16910", "2008-03-31": "1.39370", "2007-12-31": "2.97640", "2007-09-30": "2.25190", "2007-06-30": "1.16280", "2007-03-31": "4.49410", "2006-12-31": "3.18910", "2006-09-30": "2.95550", "2006-06-30": "3.14460", "2006-03-31": "3.37350", "2005-12-31": "2.97980", "2005-09-30": "3.49630", "2005-06-30": "2.96840", "2005-03-31": "2.74860"}, "ROA - Return On Assets": {"2020-09-30": "1.44470", "2020-06-30": "1.01710", "2020-03-31": "0.92650", "2019-12-31": "1.21960", "2019-09-30": "1.62190", "2019-06-30": "1.40690", "2019-03-31": "1.92140", "2018-12-31": "-0.46390", "2018-09-30": "0.01420", "2018-06-30": "2.03450", "2018-03-31": "0.32660", "2017-12-31": "3.32040", "2017-09-30": "0.00890", "2017-06-30": "-2.49180", "2017-03-31": "3.79240", "2016-12-31": "1.34980", "2016-09-30": "2.73070", "2016-06-30": "2.50320", "2016-03-31": "2.85550", "2015-12-31": "0.87150", "2015-09-30": "2.66560", "2015-06-30": "2.37970", "2015-03-31": "1.74730", "2014-12-31": "1.36240", "2014-09-30": "1.21810", "2014-06-30": "1.13140", "2014-03-31": "1.31450", "2013-12-31": "2.66830", "2013-09-30": "2.35430", "2013-06-30": "1.63140", "2013-03-31": "1.98340", "2012-12-31": "2.88040", "2012-09-30": "2.95180", "2012-06-30": "2.33040", "2012-03-31": "2.01890", "2011-12-31": "4.94080", "2011-09-30": "2.69600", "2011-06-30": "2.74100", "2011-03-31": "2.45230", "2010-12-31": "2.90010", "2010-09-30": "2.98750", "2010-06-30": "2.69050", "2010-03-31": "1.48310", "2009-12-31": "1.89360", "2009-09-30": "2.03710", "2009-06-30": "1.91960", "2009-03-31": "2.40190", "2008-12-31": "3.17010", "2008-09-30": "2.83440", "2008-06-30": "1.83380", "2008-03-31": "1.17320", "2007-12-31": "2.47860", "2007-09-30": "1.90480", "2007-06-30": "0.99000", "2007-03-31": "3.93560", "2006-12-31": "2.80860", "2006-09-30": "2.59740", "2006-06-30": "2.76100", "2006-03-31": "2.96100", "2005-12-31": "2.59660", "2005-09-30": "3.02300", "2005-06-30": "2.55000", "2005-03-31": "2.54870"}, "ROI - Return On Investment": {"2020-09-30": "1.72050", "2020-06-30": "1.33930", "2020-03-31": "1.22350", "2019-12-31": "1.49870", "2019-09-30": "1.98180", "2019-06-30": "1.73260", "2019-03-31": "2.41660", "2018-12-31": "-0.58200", "2018-09-30": "0.01740", "2018-06-30": "2.47040", "2018-03-31": "0.39640", "2017-12-31": "4.14810", "2017-09-30": "0.01120", "2017-06-30": "-3.09780", "2017-03-31": "4.59100", "2016-12-31": "1.44090", "2016-09-30": "2.90000", "2016-06-30": "2.69480", "2016-03-31": "3.04740", "2015-12-31": "0.94210", "2015-09-30": "2.86790", "2015-06-30": "2.52200", "2015-03-31": "1.86950", "2014-12-31": "1.45050", "2014-09-30": "1.30800", "2014-06-30": "1.21080", "2014-03-31": "1.40380", "2013-12-31": "2.86880", "2013-09-30": "2.55090", "2013-06-30": "1.77710", "2013-03-31": "2.15250", "2012-12-31": "3.15790", "2012-09-30": "3.26730", "2012-06-30": "2.60270", "2012-03-31": "2.23630", "2011-12-31": "5.56560", "2011-09-30": "3.01720", "2011-06-30": "3.09110", "2011-03-31": "2.78940", "2010-12-31": "3.30510", "2010-09-30": "3.42200", "2010-06-30": "3.14960", "2010-03-31": "1.73370", "2009-12-31": "2.20900", "2009-09-30": "2.28400", "2009-06-30": "2.13870", "2009-03-31": "2.70480", "2008-12-31": "3.55090", "2008-09-30": "3.18590", "2008-06-30": "2.06280", "2008-03-31": "1.32010", "2007-12-31": "2.81110", "2007-09-30": "2.12850", "2007-06-30": "1.10090", "2007-03-31": "4.30370", "2006-12-31": "3.05040", "2006-09-30": "2.81760", "2006-06-30": "2.99100", "2006-03-31": "3.19150", "2005-12-31": "2.80710", "2005-09-30": "3.27570", "2005-06-30": "2.76970", "2005-03-31": "2.70160"}, "Book Value Per Share": {"2020-09-30": "69.25890", "2020-06-30": "67.43390", "2020-03-31": "66.06930", "2019-12-31": "66.39880", "2019-09-30": "64.84130", "2019-06-30": "63.78510", "2019-03-31": "62.23050", "2018-12-31": "61.66880", "2018-09-30": "61.51170", "2018-06-30": "61.44030", "2018-03-31": "60.57680", "2017-12-31": "59.29020", "2017-09-30": "57.03190", "2017-06-30": "56.50670", "2017-03-31": "57.67210", "2016-12-31": "40.40610", "2016-09-30": "39.76670", "2016-06-30": "38.21560", "2016-03-31": "37.07310", "2015-12-31": "36.04820", "2015-09-30": "35.55690", "2015-06-30": "34.06740", "2015-03-31": "32.85570", "2014-12-31": "32.59070", "2014-09-30": "31.99400", "2014-06-30": "31.79640", "2014-03-31": "31.24920", "2013-12-31": "30.77240", "2013-09-30": "29.37190", "2013-06-30": "28.30130", "2013-03-31": "27.67580", "2012-12-31": "27.03400", "2012-09-30": "25.89790", "2012-06-30": "24.67360", "2012-03-31": "24.07660", "2011-12-31": "23.11130", "2011-09-30": "22.19230", "2011-06-30": "21.99420", "2011-03-31": "21.07650", "2010-12-31": "19.89190", "2010-09-30": "19.36050", "2010-06-30": "18.20580", "2010-03-31": "18.07100", "2009-12-31": "18.61120", "2009-09-30": "18.69720", "2009-06-30": "18.16090", "2009-03-31": "17.66780", "2008-12-31": "17.17680", "2008-09-30": "16.70250", "2008-06-30": "16.18970", "2008-03-31": "15.84420", "2007-12-31": "15.62600", "2007-09-30": "15.72380", "2007-06-30": "15.98180", "2007-03-31": "15.78500", "2006-12-31": "15.38220", "2006-09-30": "14.89490", "2006-06-30": "14.54580", "2006-03-31": "13.96630", "2005-12-31": "13.38410", "2005-09-30": "12.77390", "2005-06-30": "12.35500", "2005-03-31": "11.91840"}, "Operating Cash Flow Per Share": {"2020-09-30": 3.4945, "2020-06-30": 1.3588, "2020-03-31": "1.83750", "2019-12-31": 2.2614, "2019-09-30": 2.3642, "2019-06-30": 1.0798, "2019-03-31": "-0.97490", "2018-12-31": 2.3191, "2018-09-30": 2.3645, "2018-06-30": 3.7022, "2018-03-31": "-0.96880", "2017-12-31": 4.0928, "2017-09-30": 4.7669, "2017-06-30": 2.4626, "2017-03-31": "-3.91880", "2016-12-31": 1.2381, "2016-09-30": 1.5173, "2016-06-30": 1.4322, "2016-03-31": "1.02520", "2015-12-31": 0.9576, "2015-09-30": 1.1497, "2015-06-30": 0.968, "2015-03-31": "0.81620", "2014-12-31": 1.1182, "2014-09-30": 1.2159, "2014-06-30": 1.0798, "2014-03-31": "0.82590", "2013-12-31": 1.5464, "2013-09-30": 1.0509, "2013-06-30": 0.9907, "2013-03-31": "0.71510", "2012-12-31": 1.7398, "2012-09-30": 0.6081, "2012-06-30": 0.8721, "2012-03-31": "1.28060", "2011-12-31": 2.0121, "2011-09-30": 0.7557, "2011-06-30": 0.707, "2011-03-31": "1.07900", "2010-12-31": 1.0202, "2010-09-30": 0.0842, "2010-06-30": 0.5615, "2010-03-31": "0.72280", "2009-12-31": 0.757, "2009-09-30": 0.8116, "2009-06-30": 0.5148, "2009-03-31": "1.32950", "2008-12-31": 0.629, "2008-09-30": 0.6896, "2008-06-30": 0.4388, "2008-03-31": "0.32440", "2007-12-31": 0.7598, "2007-09-30": 0.8349, "2007-06-30": 0.1329, "2007-03-31": "0.99180", "2006-12-31": 0.9274, "2006-09-30": 0.1762, "2006-06-30": 0.36, "2006-03-31": "0.56270", "2005-12-31": 0.4642, "2005-09-30": 0.8754, "2005-06-30": -0.052, "2005-03-31": "0.53230"}, "Free Cash Flow Per Share": {"2020-09-30": 2.3927, "2020-06-30": 0.7526, "2020-03-31": "0.65960", "2019-12-31": 1.1545, "2019-09-30": 1.2192, "2019-06-30": 0.1461, "2019-03-31": "-2.30450", "2018-12-31": 1.5327, "2018-09-30": 1.089, "2018-06-30": 2.7419, "2018-03-31": "-1.60170", "2017-12-31": 2.9718, "2017-09-30": 3.6895, "2017-06-30": 1.9291, "2017-03-31": "-4.75750", "2016-12-31": 0.9422, "2016-09-30": 1.1846, "2016-06-30": 1.1311, "2016-03-31": "0.79030", "2015-12-31": 0.6379, "2015-09-30": 1.2041, "2015-06-30": 0.8091, "2015-03-31": "0.67110", "2014-12-31": 1.0206, "2014-09-30": 1.0809, "2014-06-30": 0.635, "2014-03-31": "0.44240", "2013-12-31": 1.336, "2013-09-30": 0.8318, "2013-06-30": 0.6052, "2013-03-31": "0.32770", "2012-12-31": 1.3295, "2012-09-30": 0.2796, "2012-06-30": 0.5633, "2012-03-31": "1.02770", "2011-12-31": 3.009, "2011-09-30": 0.4697, "2011-06-30": 0.3744, "2011-03-31": "0.72740", "2010-12-31": 0.638, "2010-09-30": -0.3806, "2010-06-30": 0.4724, "2010-03-31": "0.05090", "2009-12-31": 0.3143, "2009-09-30": 0.5951, "2009-06-30": 0.2043, "2009-03-31": "1.18540", "2008-12-31": 0.5092, "2008-09-30": 0.5253, "2008-06-30": 0.1935, "2008-03-31": "0.07450", "2007-12-31": 0.4949, "2007-09-30": 0.4962, "2007-06-30": -0.3517, "2007-03-31": "0.56410", "2006-12-31": 0.6242, "2006-09-30": 0.2152, "2006-06-30": -0.0121, "2006-03-31": "0.33030", "2005-12-31": 0.3241, "2005-09-30": 0.8117, "2005-06-30": -0.1309, "2005-03-31": "0.44880"}}, "revenue": {"ICU Medical Annual Revenue (Millions of US $)": {"2019": "$1,266", "2018": "$1,400", "2017": "$1,293", "2016": "$379", "2015": "$342", "2014": "$309", "2013": "$314", "2012": "$317", "2011": "$302", "2010": "$283", "2009": "$229", "2008": "$205", "2007": "$188", "2006": "$202", "2005": "$158"}, "ICU Medical Quarterly Revenue (Millions of US $)": {"2020-09-30": "$319", "2020-06-30": "$303", "2020-03-31": "$329", "2019-12-31": "$316", "2019-09-30": "$307", "2019-06-30": "$312", "2019-03-31": "$331", "2018-12-31": "$340", "2018-09-30": "$327", "2018-06-30": "$360", "2018-03-31": "$372", "2017-12-31": "$370", "2017-09-30": "$343", "2017-06-30": "$332", "2017-03-31": "$248", "2016-12-31": "$96", "2016-09-30": "$97", "2016-06-30": "$97", "2016-03-31": "$90", "2015-12-31": "$90", "2015-09-30": "$86", "2015-06-30": "$84", "2015-03-31": "$81", "2014-12-31": "$80", "2014-09-30": "$77", "2014-06-30": "$79", "2014-03-31": "$73", "2013-12-31": "$78", "2013-09-30": "$83", "2013-06-30": "$79", "2013-03-31": "$74", "2012-12-31": "$83", "2012-09-30": "$81", "2012-06-30": "$77", "2012-03-31": "$76", "2011-12-31": "$76", "2011-09-30": "$76", "2011-06-30": "$78", "2011-03-31": "$71", "2010-12-31": "$74", "2010-09-30": "$76", "2010-06-30": "$69", "2010-03-31": "$64", "2009-12-31": "$67", "2009-09-30": "$54", "2009-06-30": "$53", "2009-03-31": "$54", "2008-12-31": "$57", "2008-09-30": "$55", "2008-06-30": "$49", "2008-03-31": "$45", "2007-12-31": "$46", "2007-09-30": "$45", "2007-06-30": "$49", "2007-03-31": "$49", "2006-12-31": "$53", "2006-09-30": "$49", "2006-06-30": "$51", "2006-03-31": "$49", "2005-12-31": "$43", "2005-09-30": "$47", "2005-06-30": "$41", "2005-03-31": "$27"}}, "gross-profit": {"ICU Medical Annual Gross Profit (Millions of US $)": {"2019": "$472", "2018": "$570", "2017": "$426", "2016": "$201", "2015": "$181", "2014": "$151", "2013": "$155", "2012": "$157", "2011": "$142", "2010": "$129", "2009": "$106", "2008": "$90", "2007": "$78", "2006": "$81", "2005": "$69"}, "ICU Medical Quarterly Gross Profit (Millions of US $)": {"2020-09-30": "$114", "2020-06-30": "$106", "2020-03-31": "$121", "2019-12-31": "$114", "2019-09-30": "$119", "2019-06-30": "$104", "2019-03-31": "$135", "2018-12-31": "$135", "2018-09-30": "$135", "2018-06-30": "$152", "2018-03-31": "$149", "2017-12-31": "$137", "2017-09-30": "$112", "2017-06-30": "$88", "2017-03-31": "$89", "2016-12-31": "$51", "2016-09-30": "$51", "2016-06-30": "$50", "2016-03-31": "$49", "2015-12-31": "$48", "2015-09-30": "$46", "2015-06-30": "$44", "2015-03-31": "$43", "2014-12-31": "$40", "2014-09-30": "$38", "2014-06-30": "$38", "2014-03-31": "$36", "2013-12-31": "$39", "2013-09-30": "$41", "2013-06-30": "$38", "2013-03-31": "$37", "2012-12-31": "$42", "2012-09-30": "$41", "2012-06-30": "$39", "2012-03-31": "$35", "2011-12-31": "$36", "2011-09-30": "$36", "2011-06-30": "$36", "2011-03-31": "$35", "2010-12-31": "$36", "2010-09-30": "$34", "2010-06-30": "$32", "2010-03-31": "$27", "2009-12-31": "$29", "2009-09-30": "$25", "2009-06-30": "$26", "2009-03-31": "$27", "2008-12-31": "$26", "2008-09-30": "$25", "2008-06-30": "$21", "2008-03-31": "$18", "2007-12-31": "$19", "2007-09-30": "$19", "2007-06-30": "$21", "2007-03-31": "$19", "2006-12-31": "$17", "2006-09-30": "$19", "2006-06-30": "$23", "2006-03-31": "$21", "2005-12-31": "$19", "2005-09-30": "$19", "2005-06-30": "$16", "2005-03-31": "$15"}}, "operating-income": {"ICU Medical Annual Operating Income (Millions of US $)": {"2019": "$107", "2018": "$30", "2017": "$-13", "2016": "$83", "2015": "$69", "2014": "$39", "2013": "$52", "2012": "$61", "2011": "$65", "2010": "$48", "2009": "$35", "2008": "$31", "2007": "$25", "2006": "$31", "2005": "$28"}, "ICU Medical Quarterly Operating Income (Millions of US $)": {"2020-09-30": "$26", "2020-06-30": "$20", "2020-03-31": "$26", "2019-12-31": "$18", "2019-09-30": "$33", "2019-06-30": "$26", "2019-03-31": "$30", "2018-12-31": "$-9", "2018-09-30": "$2", "2018-06-30": "$32", "2018-03-31": "$5", "2017-12-31": "$43", "2017-09-30": "$-4", "2017-06-30": "$-36", "2017-03-31": "$-17", "2016-12-31": "$14", "2016-09-30": "$22", "2016-06-30": "$23", "2016-03-31": "$24", "2015-12-31": "$13", "2015-09-30": "$25", "2015-06-30": "$20", "2015-03-31": "$11", "2014-12-31": "$12", "2014-09-30": "$8", "2014-06-30": "$9", "2014-03-31": "$10", "2013-12-31": "$14", "2013-09-30": "$15", "2013-06-30": "$11", "2013-03-31": "$12", "2012-12-31": "$19", "2012-09-30": "$18", "2012-06-30": "$14", "2012-03-31": "$11", "2011-12-31": "$26", "2011-09-30": "$13", "2011-06-30": "$14", "2011-03-31": "$12", "2010-12-31": "$15", "2010-09-30": "$15", "2010-06-30": "$12", "2010-03-31": "$6", "2009-12-31": "$8", "2009-09-30": "$8", "2009-06-30": "$9", "2009-03-31": "$11", "2008-12-31": "$13", "2008-09-30": "$11", "2008-06-30": "$6", "2008-03-31": "$3", "2007-12-31": "$7", "2007-09-30": "$6", "2007-06-30": "$7", "2007-03-31": "$5", "2006-12-31": "$5", "2006-09-30": "$8", "2006-06-30": "$9", "2006-03-31": "$9", "2005-12-31": "$7", "2005-09-30": "$8", "2005-06-30": "$6", "2005-03-31": "$7"}}, "ebitda": {"ICU Medical Annual EBITDA (Millions of US $)": {"2019": "$193", "2018": "$105", "2017": "$53", "2016": "$103", "2015": "$88", "2014": "$61", "2013": "$74", "2012": "$83", "2011": "$85", "2010": "$66", "2009": "$54", "2008": "$46", "2007": "$36", "2006": "$42", "2005": "$37"}, "ICU Medical Quarterly EBITDA (Millions of US $)": {"2020-09-30": "$50", "2020-06-30": "$43", "2020-03-31": "$49", "2019-12-31": "$40", "2019-09-30": "$54", "2019-06-30": "$49", "2019-03-31": "$50", "2018-12-31": "$11", "2018-09-30": "$21", "2018-06-30": "$49", "2018-03-31": "$23", "2017-12-31": "$63", "2017-09-30": "$14", "2017-06-30": "$-18", "2017-03-31": "$-5", "2016-12-31": "$19", "2016-09-30": "$28", "2016-06-30": "$27", "2016-03-31": "$29", "2015-12-31": "$18", "2015-09-30": "$29", "2015-06-30": "$25", "2015-03-31": "$17", "2014-12-31": "$17", "2014-09-30": "$14", "2014-06-30": "$14", "2014-03-31": "$15", "2013-12-31": "$19", "2013-09-30": "$21", "2013-06-30": "$16", "2013-03-31": "$17", "2012-12-31": "$24", "2012-09-30": "$23", "2012-06-30": "$19", "2012-03-31": "$17", "2011-12-31": "$31", "2011-09-30": "$18", "2011-06-30": "$19", "2011-03-31": "$17", "2010-12-31": "$19", "2010-09-30": "$19", "2010-06-30": "$16", "2010-03-31": "$11", "2009-12-31": "$14", "2009-09-30": "$12", "2009-06-30": "$14", "2009-03-31": "$14", "2008-12-31": "$16", "2008-09-30": "$14", "2008-06-30": "$9", "2008-03-31": "$6", "2007-12-31": "$10", "2007-09-30": "$9", "2007-06-30": "$10", "2007-03-31": "$8", "2006-12-31": "$8", "2006-09-30": "$11", "2006-06-30": "$11", "2006-03-31": "$12", "2005-12-31": "$10", "2005-09-30": "$11", "2005-06-30": "$8", "2005-03-31": "$8"}}, "net-income": {"ICU Medical Annual Net Income (Millions of US $)": {"2019": "$101", "2018": "$29", "2017": "$69", "2016": "$63", "2015": "$45", "2014": "$26", "2013": "$40", "2012": "$41", "2011": "$45", "2010": "$30", "2009": "$25", "2008": "$24", "2007": "$23", "2006": "$26", "2005": "$20"}, "ICU Medical Quarterly Net Income (Millions of US $)": {"2020-09-30": "$25", "2020-06-30": "$19", "2020-03-31": "$17", "2019-12-31": "$21", "2019-09-30": "$27", "2019-06-30": "$23", "2019-03-31": "$31", "2018-12-31": "$-7", "2018-09-30": "$0", "2018-06-30": "$31", "2018-03-31": "$5", "2017-12-31": "$50", "2017-09-30": "$0", "2017-06-30": "$-37", "2017-03-31": "$56", "2016-12-31": "$10", "2016-09-30": "$19", "2016-06-30": "$17", "2016-03-31": "$18", "2015-12-31": "$5", "2015-09-30": "$16", "2015-06-30": "$14", "2015-03-31": "$10", "2014-12-31": "$7", "2014-09-30": "$6", "2014-06-30": "$6", "2014-03-31": "$7", "2013-12-31": "$13", "2013-09-30": "$11", "2013-06-30": "$7", "2013-03-31": "$9", "2012-12-31": "$12", "2012-09-30": "$12", "2012-06-30": "$9", "2012-03-31": "$8", "2011-12-31": "$18", "2011-09-30": "$9", "2011-06-30": "$9", "2011-03-31": "$8", "2010-12-31": "$9", "2010-09-30": "$9", "2010-06-30": "$8", "2010-03-31": "$4", "2009-12-31": "$6", "2009-09-30": "$6", "2009-06-30": "$6", "2009-03-31": "$7", "2008-12-31": "$9", "2008-09-30": "$8", "2008-06-30": "$5", "2008-03-31": "$3", "2007-12-31": "$6", "2007-09-30": "$5", "2007-06-30": "$3", "2007-03-31": "$10", "2006-12-31": "$7", "2006-09-30": "$6", "2006-06-30": "$6", "2006-03-31": "$6", "2005-12-31": "$5", "2005-09-30": "$6", "2005-06-30": "$5", "2005-03-31": "$4"}}, "eps-earnings-per-share-diluted": {"ICU Medical Annual EPS": {"2019": "$4.69", "2018": "$1.33", "2017": "$3.29", "2016": "$3.66", "2015": "$2.73", "2014": "$1.68", "2013": "$2.65", "2012": "$2.80", "2011": "$3.15", "2010": "$2.16", "2009": "$1.67", "2008": "$1.67", "2007": "$1.51", "2006": "$1.64", "2005": "$1.35"}, "ICU Medical Quarterly EPS": {"2020-09-30": "$1.16", "2020-06-30": "$0.88", "2020-03-31": "$0.78", "2019-12-31": "$0.95", "2019-09-30": "$1.24", "2019-06-30": "$1.06", "2019-03-31": "$1.44", "2018-12-31": "$-0.35", "2018-09-30": "$0.01", "2018-06-30": "$1.44", "2018-03-31": "$0.23", "2017-12-31": "$2.29", "2017-09-30": "$0.01", "2017-06-30": "$-1.87", "2017-03-31": "$2.86", "2016-12-31": "$0.51", "2016-09-30": "$1.09", "2016-06-30": "$0.98", "2016-03-31": "$1.08", "2015-12-31": "$0.32", "2015-09-30": "$0.98", "2015-06-30": "$0.83", "2015-03-31": "$0.60", "2014-12-31": "$0.45", "2014-09-30": "$0.42", "2014-06-30": "$0.38", "2014-03-31": "$0.43", "2013-12-31": "$0.87", "2013-09-30": "$0.72", "2013-06-30": "$0.48", "2013-03-31": "$0.58", "2012-12-31": "$0.82", "2012-09-30": "$0.82", "2012-06-30": "$0.63", "2012-03-31": "$0.53", "2011-12-31": "$1.26", "2011-09-30": "$0.65", "2011-06-30": "$0.67", "2011-03-31": "$0.57", "2010-12-31": "$0.65", "2010-09-30": "$0.65", "2010-06-30": "$0.56", "2010-03-31": "$0.30", "2009-12-31": "$0.40", "2009-09-30": "$0.42", "2009-06-30": "$0.38", "2009-03-31": "$0.47", "2008-12-31": "$0.62", "2008-09-30": "$0.52", "2008-06-30": "$0.33", "2008-03-31": "$0.20", "2007-12-31": "$0.41", "2007-09-30": "$0.31", "2007-06-30": "$0.16", "2007-03-31": "$0.63", "2006-12-31": "$0.44", "2006-09-30": "$0.39", "2006-06-30": "$0.40", "2006-03-31": "$0.41", "2005-12-31": "$0.35", "2005-09-30": "$0.39", "2005-06-30": "$0.31", "2005-03-31": "$0.30"}}, "shares-outstanding": {"ICU Medical Annual Shares Outstanding (Millions of Shares)": {"2019": "22", "2018": "22", "2017": "21", "2016": "17", "2015": "16", "2014": "16", "2013": "15", "2012": "15", "2011": "14", "2010": "14", "2009": "15", "2008": "15", "2007": "15", "2006": "16", "2005": "15"}, "ICU Medical Quarterly Shares Outstanding (Millions of Shares)": {"2020-09-30": "22", "2020-06-30": "22", "2020-03-31": "22", "2019-12-31": "22", "2019-09-30": "21", "2019-06-30": "22", "2019-03-31": "22", "2018-12-31": "22", "2018-09-30": "22", "2018-06-30": "22", "2018-03-31": "21", "2017-12-31": "21", "2017-09-30": "21", "2017-06-30": "20", "2017-03-31": "20", "2016-12-31": "17", "2016-09-30": "17", "2016-06-30": "17", "2016-03-31": "17", "2015-12-31": "16", "2015-09-30": "17", "2015-06-30": "16", "2015-03-31": "16", "2014-12-31": "16", "2014-09-30": "15", "2014-06-30": "15", "2014-03-31": "15", "2013-12-31": "15", "2013-09-30": "15", "2013-06-30": "15", "2013-03-31": "15", "2012-12-31": "15", "2012-09-30": "15", "2012-06-30": "15", "2012-03-31": "14", "2011-12-31": "14", "2011-09-30": "14", "2011-06-30": "14", "2011-03-31": "14", "2010-12-31": "14", "2010-09-30": "14", "2010-06-30": "14", "2010-03-31": "14", "2009-12-31": "15", "2009-09-30": "15", "2009-06-30": "15", "2009-03-31": "15", "2008-12-31": "15", "2008-09-30": "15", "2008-06-30": "14", "2008-03-31": "14", "2007-12-31": "15", "2007-09-30": "15", "2007-06-30": "16", "2007-03-31": "17", "2006-12-31": "16", "2006-09-30": "16", "2006-06-30": "16", "2006-03-31": "15", "2005-12-31": "15", "2005-09-30": "15", "2005-06-30": "15", "2005-03-31": "15"}}, "total-assets": {"ICU Medical Annual Total Assets (Millions of US $)": {"2019": "$1,692", "2018": "$1,585", "2017": "$1,497", "2016": "$705", "2015": "$627", "2014": "$541", "2013": "$500", "2012": "$429", "2011": "$361", "2010": "$310", "2009": "$309", "2008": "$283", "2007": "$243", "2006": "$244", "2005": "$205"}, "ICU Medical Quarterly Total Assets (Millions of US $)": {"2020-09-30": "$1,730", "2020-06-30": "$1,859", "2020-03-31": "$1,817", "2019-12-31": "$1,692", "2019-09-30": "$1,638", "2019-06-30": "$1,623", "2019-03-31": "$1,613", "2018-12-31": "$1,585", "2018-09-30": "$1,545", "2018-06-30": "$1,526", "2018-03-31": "$1,493", "2017-12-31": "$1,497", "2017-09-30": "$1,523", "2017-06-30": "$1,487", "2017-03-31": "$1,473", "2016-12-31": "$705", "2016-09-30": "$689", "2016-06-30": "$663", "2016-03-31": "$636", "2015-12-31": "$627", "2015-09-30": "$610", "2015-06-30": "$570", "2015-03-31": "$554", "2014-12-31": "$541", "2014-09-30": "$528", "2014-06-30": "$520", "2014-03-31": "$506", "2013-12-31": "$500", "2013-09-30": "$469", "2013-06-30": "$452", "2013-03-31": "$438", "2012-12-31": "$429", "2012-09-30": "$413", "2012-06-30": "$393", "2012-03-31": "$376", "2011-12-31": "$361", "2011-09-30": "$344", "2011-06-30": "$346", "2011-03-31": "$329", "2010-12-31": "$310", "2010-09-30": "$300", "2010-06-30": "$287", "2010-03-31": "$287", "2009-12-31": "$309", "2009-09-30": "$310", "2009-06-30": "$299", "2009-03-31": "$294", "2008-12-31": "$283", "2008-09-30": "$270", "2008-06-30": "$260", "2008-03-31": "$247", "2007-12-31": "$243", "2007-09-30": "$247", "2007-06-30": "$257", "2007-03-31": "$249", "2006-12-31": "$244", "2006-09-30": "$236", "2006-06-30": "$228", "2006-03-31": "$215", "2005-12-31": "$205", "2005-09-30": "$192", "2005-06-30": "$186", "2005-03-31": "$173"}}, "cash-on-hand": {"ICU Medical Annual Cash on Hand (Millions of US $)": {"2019": "$293", "2018": "$382", "2017": "$300", "2016": "$445", "2015": "$377", "2014": "$347", "2013": "$297", "2012": "$226", "2011": "$160", "2010": "$93", "2009": "$108", "2008": "$112", "2007": "$96", "2006": "$117", "2005": "$87"}, "ICU Medical Quarterly Cash on Hand (Millions of US $)": {"2020-09-30": "$364", "2020-06-30": "$461", "2020-03-31": "$440", "2019-12-31": "$293", "2019-09-30": "$337", "2019-06-30": "$314", "2019-03-31": "$313", "2018-12-31": "$382", "2018-09-30": "$356", "2018-06-30": "$327", "2018-03-31": "$269", "2017-12-31": "$300", "2017-09-30": "$310", "2017-06-30": "$241", "2017-03-31": "$202", "2016-12-31": "$445", "2016-09-30": "$372", "2016-06-30": "$401", "2016-03-31": "$384", "2015-12-31": "$377", "2015-09-30": "$394", "2015-06-30": "$367", "2015-03-31": "$355", "2014-12-31": "$347", "2014-09-30": "$330", "2014-06-30": "$316", "2014-03-31": "$304", "2013-12-31": "$297", "2013-09-30": "$261", "2013-06-30": "$244", "2013-03-31": "$234", "2012-12-31": "$226", "2012-09-30": "$204", "2012-06-30": "$193", "2012-03-31": "$184", "2011-12-31": "$160", "2011-09-30": "$119", "2011-06-30": "$121", "2011-03-31": "$107", "2010-12-31": "$93", "2010-09-30": "$82", "2010-06-30": "$83", "2010-03-31": "$85", "2009-12-31": "$108", "2009-09-30": "$123", "2009-06-30": "$145", "2009-03-31": "$133", "2008-12-31": "$112", "2008-09-30": "$117", "2008-06-30": "$109", "2008-03-31": "$99", "2007-12-31": "$96", "2007-09-30": "$103", "2007-06-30": "$110", "2007-03-31": "$119", "2006-12-31": "$117", "2006-09-30": "$106", "2006-06-30": "$100", "2006-03-31": "$96", "2005-12-31": "$87", "2005-09-30": "$78", "2005-06-30": "$64", "2005-03-31": "$96"}}, "long-term-debt": {"ICU Medical Annual Long Term Debt (Millions of US $)": {"2019": "$", "2018": "$", "2017": "$", "2016": "$", "2015": "$", "2014": "$", "2013": "$", "2012": "$", "2011": "$", "2010": "$", "2009": "$", "2008": "$", "2007": "$", "2006": "$", "2005": "$"}, "ICU Medical Quarterly Long Term Debt (Millions of US $)": {"2020-09-30": "", "2020-06-30": "", "2020-03-31": "", "2019-12-31": "", "2019-09-30": "", "2019-06-30": "", "2019-03-31": "", "2018-12-31": "", "2018-09-30": "", "2018-06-30": "", "2018-03-31": "", "2017-12-31": "", "2017-09-30": "$75", "2017-06-30": "$75", "2017-03-31": "$75", "2016-12-31": "", "2016-09-30": "", "2016-06-30": "", "2016-03-31": "", "2015-12-31": "", "2015-09-30": "", "2015-06-30": "", "2015-03-31": "", "2014-12-31": "", "2014-09-30": "", "2014-06-30": "", "2014-03-31": "", "2013-12-31": "", "2013-09-30": "", "2013-06-30": "", "2013-03-31": "", "2012-12-31": "", "2012-09-30": "", "2012-06-30": "", "2012-03-31": "", "2011-12-31": "", "2011-09-30": "", "2011-06-30": "", "2011-03-31": "", "2010-12-31": "", "2010-09-30": "", "2010-06-30": "", "2010-03-31": "", "2009-12-31": "", "2009-09-30": "", "2009-06-30": "", "2009-03-31": "", "2008-12-31": "", "2008-09-30": "", "2008-06-30": "", "2008-03-31": "", "2007-12-31": "", "2007-09-30": "", "2007-06-30": "", "2007-03-31": "", "2006-12-31": "", "2006-09-30": "", "2006-06-30": "", "2006-03-31": "", "2005-12-31": "", "2005-09-30": "", "2005-06-30": "", "2005-03-31": ""}}, "total-liabilities": {"ICU Medical Annual Total Liabilities (Millions of US $)": {"2019": "$315", "2018": "$322", "2017": "$299", "2016": "$45", "2015": "$47", "2014": "$33", "2013": "$35", "2012": "$38", "2011": "$41", "2010": "$38", "2009": "$44", "2008": "$30", "2007": "$29", "2006": "$19", "2005": "$15"}, "ICU Medical Quarterly Total Liabilities (Millions of US $)": {"2020-09-30": "$277", "2020-06-30": "$447", "2020-03-31": "$441", "2019-12-31": "$315", "2019-09-30": "$297", "2019-06-30": "$305", "2019-03-31": "$331", "2018-12-31": "$322", "2018-09-30": "$285", "2018-06-30": "$269", "2018-03-31": "$263", "2017-12-31": "$299", "2017-09-30": "$381", "2017-06-30": "$366", "2017-03-31": "$331", "2016-12-31": "$45", "2016-09-30": "$40", "2016-06-30": "$47", "2016-03-31": "$40", "2015-12-31": "$47", "2015-09-30": "$43", "2015-06-30": "$32", "2015-03-31": "$36", "2014-12-31": "$33", "2014-09-30": "$36", "2014-06-30": "$34", "2014-03-31": "$32", "2013-12-31": "$35", "2013-09-30": "$36", "2013-06-30": "$37", "2013-03-31": "$34", "2012-12-31": "$38", "2012-09-30": "$40", "2012-06-30": "$41", "2012-03-31": "$37", "2011-12-31": "$41", "2011-09-30": "$37", "2011-06-30": "$39", "2011-03-31": "$40", "2010-12-31": "$38", "2010-09-30": "$38", "2010-06-30": "$42", "2010-03-31": "$41", "2009-12-31": "$44", "2009-09-30": "$34", "2009-06-30": "$31", "2009-03-31": "$33", "2008-12-31": "$30", "2008-09-30": "$30", "2008-06-30": "$29", "2008-03-31": "$27", "2007-12-31": "$29", "2007-09-30": "$26", "2007-06-30": "$26", "2007-03-31": "$21", "2006-12-31": "$19", "2006-09-30": "$18", "2006-06-30": "$18", "2006-03-31": "$16", "2005-12-31": "$15", "2005-09-30": "$15", "2005-06-30": "$15", "2005-03-31": "$10"}}, "total-share-holder-equity": {"ICU Medical Annual Share Holder Equity (Millions of US $)": {"2019": "$1,377", "2018": "$1,264", "2017": "$1,198", "2016": "$660", "2015": "$580", "2014": "$508", "2013": "$465", "2012": "$391", "2011": "$321", "2010": "$272", "2009": "$265", "2008": "$253", "2007": "$214", "2006": "$225", "2005": "$189"}, "ICU Medical Quarterly Share Holder Equity (Millions of US $)": {"2020-09-30": "$1,452", "2020-06-30": "$1,412", "2020-03-31": "$1,376", "2019-12-31": "$1,377", "2019-09-30": "$1,340", "2019-06-30": "$1,318", "2019-03-31": "$1,283", "2018-12-31": "$1,264", "2018-09-30": "$1,260", "2018-06-30": "$1,257", "2018-03-31": "$1,230", "2017-12-31": "$1,198", "2017-09-30": "$1,142", "2017-06-30": "$1,121", "2017-03-31": "$1,142", "2016-12-31": "$660", "2016-09-30": "$648", "2016-06-30": "$616", "2016-03-31": "$596", "2015-12-31": "$580", "2015-09-30": "$567", "2015-06-30": "$538", "2015-03-31": "$518", "2014-12-31": "$508", "2014-09-30": "$491", "2014-06-30": "$485", "2014-03-31": "$474", "2013-12-31": "$465", "2013-09-30": "$433", "2013-06-30": "$415", "2013-03-31": "$403", "2012-12-31": "$391", "2012-09-30": "$373", "2012-06-30": "$352", "2012-03-31": "$340", "2011-12-31": "$321", "2011-09-30": "$307", "2011-06-30": "$307", "2011-03-31": "$289", "2010-12-31": "$272", "2010-09-30": "$262", "2010-06-30": "$245", "2010-03-31": "$245", "2009-12-31": "$265", "2009-09-30": "$277", "2009-06-30": "$268", "2009-03-31": "$261", "2008-12-31": "$253", "2008-09-30": "$240", "2008-06-30": "$231", "2008-03-31": "$220", "2007-12-31": "$214", "2007-09-30": "$221", "2007-06-30": "$231", "2007-03-31": "$228", "2006-12-31": "$225", "2006-09-30": "$218", "2006-06-30": "$210", "2006-03-31": "$199", "2005-12-31": "$189", "2005-09-30": "$177", "2005-06-30": "$171", "2005-03-31": "$163"}}, "profit-margins": {"current": "6.43%"}, "gross margin": {"2020-09-30": "35.91%", "2020-06-30": "36.65%", "2020-03-31": "36.23%", "2019-12-31": "37.28%", "2019-09-30": "38.22%", "2019-06-30": "38.85%", "2019-03-31": "41.02%", "2018-12-31": "40.81%", "2018-09-30": "40.10%", "2018-06-30": "38.06%", "2018-03-31": "34.30%", "2017-12-31": "32.95%", "2017-09-30": "33.37%", "2017-06-30": "36.09%", "2017-03-31": "44.80%", "2016-12-31": "52.89%", "2016-09-30": "52.94%", "2016-06-30": "53.17%", "2016-03-31": "53.43%", "2015-12-31": "53.08%", "2015-09-30": "52.27%", "2015-06-30": "51.24%", "2015-03-31": "50.16%", "2014-12-31": "49.19%", "2014-09-30": "49.19%", "2014-06-30": "49.20%", "2014-03-31": "49.20%", "2013-12-31": "49.36%", "2013-09-30": "49.53%", "2013-06-30": "49.84%", "2013-03-31": "50.48%", "2012-12-31": "49.53%", "2012-09-30": "48.71%", "2012-06-30": "47.87%", "2012-03-31": "46.73%", "2011-12-31": "47.51%", "2011-09-30": "47.83%", "2011-06-30": "47.16%", "2011-03-31": "47.24%", "2010-12-31": "45.58%", "2010-09-30": "44.20%", "2010-06-30": "44.49%", "2010-03-31": "44.96%", "2009-12-31": "46.93%", "2009-09-30": "47.71%", "2009-06-30": "47.49%", "2009-03-31": "46.05%", "2008-12-31": "43.69%", "2008-09-30": "42.56%", "2008-06-30": "41.62%", "2008-03-31": "41.62%", "2007-12-31": "41.27%", "2007-09-30": "38.78%", "2007-06-30": "38.00%", "2007-03-31": "38.61%", "2006-12-31": "39.60%", "2006-09-30": "42.71%", "2006-06-30": "43.16%", "2006-03-31": "41.67%", "2005-12-31": "43.67%"}, "operating margin": {"2020-09-30": "7.10%", "2020-06-30": "7.73%", "2020-03-31": "8.15%", "2019-12-31": "8.45%", "2019-09-30": "6.20%", "2019-06-30": "3.74%", "2019-03-31": "4.05%", "2018-12-31": "2.14%", "2018-09-30": "5.74%", "2018-06-30": "5.26%", "2018-03-31": "0.56%", "2017-12-31": "-1.08%", "2017-09-30": "-4.22%", "2017-06-30": "-2.20%", "2017-03-31": "7.81%", "2016-12-31": "21.84%", "2016-09-30": "21.93%", "2016-06-30": "23.42%", "2016-03-31": "23.43%", "2015-12-31": "20.23%", "2015-09-30": "20.54%", "2015-06-30": "15.84%", "2015-03-31": "12.62%", "2014-12-31": "12.62%", "2014-09-30": "13.36%", "2014-06-30": "15.34%", "2014-03-31": "15.97%", "2013-12-31": "16.56%", "2013-09-30": "17.87%", "2013-06-30": "18.93%", "2013-03-31": "20.00%", "2012-12-31": "19.56%", "2012-09-30": "22.26%", "2012-06-30": "20.98%", "2012-03-31": "20.92%", "2011-12-31": "21.59%", "2011-09-30": "18.06%", "2011-06-30": "18.73%", "2011-03-31": "18.62%", "2010-12-31": "16.96%", "2010-09-30": "14.86%", "2010-06-30": "13.39%", "2010-03-31": "13.03%", "2009-12-31": "15.79%", "2009-09-30": "18.81%", "2009-06-30": "20.09%", "2009-03-31": "19.07%", "2008-12-31": "16.02%", "2008-09-30": "13.85%", "2008-06-30": "11.89%", "2008-03-31": "12.43%", "2007-12-31": "13.23%", "2007-09-30": "11.73%", "2007-06-30": "12.50%", "2007-03-31": "13.37%", "2006-12-31": "15.35%", "2006-09-30": "17.19%", "2006-06-30": "17.37%", "2006-03-31": "16.67%", "2005-12-31": "17.72%"}, "ebitda margin": {"2020-09-30": "14.36%", "2020-06-30": "14.82%", "2020-03-31": "15.19%", "2019-12-31": "15.24%", "2019-09-30": "12.71%", "2019-06-30": "10.00%", "2019-03-31": "9.65%", "2018-12-31": "7.43%", "2018-09-30": "10.92%", "2018-06-30": "10.31%", "2018-03-31": "5.79%", "2017-12-31": "4.18%", "2017-09-30": "0.98%", "2017-06-30": "3.10%", "2017-03-31": "12.83%", "2016-12-31": "27.11%", "2016-09-30": "27.27%", "2016-06-30": "28.37%", "2016-03-31": "28.86%", "2015-12-31": "26.10%", "2015-09-30": "26.59%", "2015-06-30": "22.67%", "2015-03-31": "19.56%", "2014-12-31": "19.42%", "2014-09-30": "20.20%", "2014-06-30": "22.04%", "2014-03-31": "22.68%", "2013-12-31": "23.25%", "2013-09-30": "24.45%", "2013-06-30": "25.24%", "2013-03-31": "26.35%", "2012-12-31": "26.18%", "2012-09-30": "29.03%", "2012-06-30": "27.87%", "2012-03-31": "27.78%", "2011-12-31": "28.24%", "2011-09-30": "24.41%", "2011-06-30": "24.75%", "2011-03-31": "24.48%", "2010-12-31": "22.97%", "2010-09-30": "21.74%", "2010-06-30": "20.87%", "2010-03-31": "21.43%", "2009-12-31": "23.68%", "2009-09-30": "25.69%", "2009-06-30": "26.48%", "2009-03-31": "24.65%", "2008-12-31": "21.84%", "2008-09-30": "20.00%", "2008-06-30": "18.38%", "2008-03-31": "18.92%", "2007-12-31": "19.58%", "2007-09-30": "17.86%", "2007-06-30": "18.50%", "2007-03-31": "18.81%", "2006-12-31": "20.79%", "2006-09-30": "22.92%", "2006-06-30": "23.16%", "2006-03-31": "22.78%", "2005-12-31": "23.42%"}, "pre tax profit margin": {"2020-09-30": "6.95%", "2020-06-30": "7.57%", "2020-03-31": "8.07%", "2019-12-31": "9.08%", "2019-09-30": "6.36%", "2019-06-30": "3.82%", "2019-03-31": "3.83%", "2018-12-31": "1.64%", "2018-09-30": "5.25%", "2018-06-30": "5.47%", "2018-03-31": "0.71%", "2017-12-31": "4.02%", "2017-09-30": "2.55%", "2017-06-30": "5.69%", "2017-03-31": "19.89%", "2016-12-31": "22.37%", "2016-09-30": "22.46%", "2016-06-30": "23.69%", "2016-03-31": "23.71%", "2015-12-31": "20.53%", "2015-09-30": "20.85%", "2015-06-30": "16.46%", "2015-03-31": "12.93%", "2014-12-31": "12.94%", "2014-09-30": "13.68%", "2014-06-30": "15.65%", "2014-03-31": "16.29%", "2013-12-31": "16.88%", "2013-09-30": "18.18%", "2013-06-30": "18.93%", "2013-03-31": "20.00%", "2012-12-31": "19.87%", "2012-09-30": "22.58%", "2012-06-30": "21.31%", "2012-03-31": "21.24%", "2011-12-31": "21.93%", "2011-09-30": "18.39%", "2011-06-30": "18.73%", "2011-03-31": "18.62%", "2010-12-31": "16.96%", "2010-09-30": "15.22%", "2010-06-30": "14.17%", "2010-03-31": "13.87%", "2009-12-31": "16.23%", "2009-09-30": "19.27%", "2009-06-30": "21.00%", "2009-03-31": "20.47%", "2008-12-31": "17.96%", "2008-09-30": "15.90%", "2008-06-30": "14.05%", "2008-03-31": "12.43%", "2007-12-31": "17.99%", "2007-09-30": "16.33%", "2007-06-30": "17.50%", "2007-03-31": "20.30%", "2006-12-31": "17.82%", "2006-09-30": "19.79%", "2006-06-30": "19.47%", "2006-03-31": "18.89%", "2005-12-31": "19.62%"}, "net profit margin": {"2020-09-30": "6.47%", "2020-06-30": "6.69%", "2020-03-31": "6.96%", "2019-12-31": "8.06%", "2019-09-30": "5.74%", "2019-06-30": "3.59%", "2019-03-31": "4.05%", "2018-12-31": "2.07%", "2018-09-30": "6.02%", "2018-06-30": "5.95%", "2018-03-31": "1.27%", "2017-12-31": "5.34%", "2017-09-30": "2.85%", "2017-06-30": "6.21%", "2017-03-31": "18.96%", "2016-12-31": "16.84%", "2016-09-30": "15.78%", "2016-06-30": "15.43%", "2016-03-31": "15.14%", "2015-12-31": "13.20%", "2015-09-30": "14.20%", "2015-06-30": "11.49%", "2015-03-31": "9.15%", "2014-12-31": "8.41%", "2014-09-30": "10.42%", "2014-06-30": "11.82%", "2014-03-31": "12.14%", "2013-12-31": "12.74%", "2013-09-30": "12.23%", "2013-06-30": "12.62%", "2013-03-31": "13.33%", "2012-12-31": "12.93%", "2012-09-30": "15.16%", "2012-06-30": "14.43%", "2012-03-31": "14.38%", "2011-12-31": "14.62%", "2011-09-30": "11.71%", "2011-06-30": "11.71%", "2011-03-31": "11.72%", "2010-12-31": "10.60%", "2010-09-30": "9.78%", "2010-06-30": "9.45%", "2010-03-31": "9.24%", "2009-12-31": "10.96%", "2009-09-30": "12.84%", "2009-06-30": "13.70%", "2009-03-31": "13.49%", "2008-12-31": "12.14%", "2008-09-30": "11.28%", "2008-06-30": "10.27%", "2008-03-31": "9.19%", "2007-12-31": "12.70%", "2007-09-30": "12.76%", "2007-06-30": "13.00%", "2007-03-31": "14.36%", "2006-12-31": "12.38%", "2006-09-30": "11.98%", "2006-06-30": "12.11%", "2006-03-31": "12.22%", "2005-12-31": "12.66%"}, "pe ratio": {"current": "32.90", "2021-02-05": "55.27", "2020-09-30": "48.35", "2020-06-30": "47.75", "2020-03-31": "49.94", "2019-12-31": "39.81", "2019-09-30": "47.22", "2019-06-30": "117.17", "2019-03-31": "94.60", "2018-12-31": "173.96", "2018-09-30": "70.51", "2018-06-30": "73.23", "2018-03-31": "360.57", "2017-12-31": "64.86", "2017-09-30": "120.68", "2017-06-30": "65.84", "2017-03-31": "27.92", "2016-12-31": "41.27", "2016-09-30": "37.61", "2016-06-30": "34.69", "2016-03-31": "33.58", "2015-12-31": "41.16", "2015-09-30": "38.15", "2015-06-30": "41.41", "2015-03-31": "50.08", "2014-12-31": "48.46", "2014-09-30": "30.71", "2014-06-30": "25.44", "2014-03-31": "24.05", "2013-12-31": "24.13", "2013-09-30": "26.13", "2013-06-30": "26.69", "2013-03-31": "20.68", "2012-12-31": "21.76", "2012-09-30": "18.67", "2012-06-30": "17.39", "2012-03-31": "15.81", "2011-12-31": "14.29", "2011-09-30": "14.10", "2011-06-30": "16.74", "2011-03-31": "17.51", "2010-12-31": "16.37", "2010-09-30": "18.55", "2010-06-30": "18.07", "2010-03-31": "21.53", "2009-12-31": "20.59", "2009-09-30": "19.61", "2009-06-30": "20.78", "2009-03-31": "16.64", "2008-12-31": "19.96", "2008-09-30": "20.83", "2008-06-30": "18.30", "2008-03-31": "26.64", "2007-12-31": "23.85", "2007-09-30": "25.16", "2007-06-30": "26.51", "2007-03-31": "21.08", "2006-12-31": "24.80"}, "price sales": {"2021-02-05": "3.55", "2020-09-30": "3.11", "2020-06-30": "3.16", "2020-03-31": "3.43", "2019-12-31": "3.18", "2019-09-30": "2.66", "2019-06-30": "4.15", "2019-03-31": "3.80", "2018-12-31": "3.53", "2018-09-30": "4.22", "2018-06-30": "4.31", "2018-03-31": "3.71", "2017-12-31": "3.41", "2017-09-30": "3.63", "2017-06-30": "4.25", "2017-03-31": "5.17", "2016-12-31": "6.64", "2016-09-30": "5.72", "2016-06-30": "5.20", "2016-03-31": "4.93", "2015-12-31": "5.42", "2015-09-30": "5.36", "2015-06-30": "4.72", "2015-03-31": "4.60", "2014-12-31": "4.10", "2014-09-30": "3.21", "2014-06-30": "2.98", "2014-03-31": "2.93", "2013-12-31": "3.09", "2013-09-30": "3.22", "2013-06-30": "3.40", "2013-03-31": "2.76", "2012-12-31": "2.81", "2012-09-30": "2.82", "2012-06-30": "2.50", "2012-03-31": "2.28", "2011-12-31": "2.11", "2011-09-30": "1.73", "2011-06-30": "2.04", "2011-03-31": "2.09", "2010-12-31": "1.78", "2010-09-30": "1.90", "2010-06-30": "1.82", "2010-03-31": "2.13", "2009-12-31": "2.39", "2009-09-30": "2.51", "2009-06-30": "2.78", "2009-03-31": "2.19", "2008-12-31": "2.35", "2008-09-30": "2.30", "2008-06-30": "1.84", "2008-03-31": "2.36", "2007-12-31": "3.00", "2007-09-30": "3.12", "2007-06-30": "3.41", "2007-03-31": "3.08", "2006-12-31": "3.14"}, "price book": {"current": "3.01", "2021-02-05": "3.02", "2020-09-30": "2.64", "2020-06-30": "2.73", "2020-03-31": "3.05", "2019-12-31": "2.82", "2019-09-30": "2.46", "2019-06-30": "3.95", "2019-03-31": "3.85", "2018-12-31": "3.72", "2018-09-30": "4.60", "2018-06-30": "4.78", "2018-03-31": "4.17", "2017-12-31": "3.64", "2017-09-30": "3.26", "2017-06-30": "3.05", "2017-03-31": "2.65", "2016-12-31": "3.65", "2016-09-30": "3.18", "2016-06-30": "2.95", "2016-03-31": "2.81", "2015-12-31": "3.13", "2015-09-30": "3.08", "2015-06-30": "2.81", "2015-03-31": "2.83", "2014-12-31": "2.51", "2014-09-30": "2.01", "2014-06-30": "1.91", "2014-03-31": "1.92", "2013-12-31": "2.07", "2013-09-30": "2.31", "2013-06-30": "2.55", "2013-03-31": "2.13", "2012-12-31": "2.25", "2012-09-30": "2.34", "2012-06-30": "2.16", "2012-03-31": "2.04", "2011-12-31": "1.95", "2011-09-30": "1.66", "2011-06-30": "1.99", "2011-03-31": "2.08", "2010-12-31": "1.83", "2010-09-30": "1.93", "2010-06-30": "1.77", "2010-03-31": "1.91", "2009-12-31": "1.96", "2009-09-30": "1.97", "2009-06-30": "2.27", "2009-03-31": "1.82", "2008-12-31": "1.93", "2008-09-30": "1.82", "2008-06-30": "1.41", "2008-03-31": "1.82", "2007-12-31": "2.30", "2007-09-30": "2.46", "2007-06-30": "2.69", "2007-03-31": "2.48", "2006-12-31": "2.64", "2006-09-30": "3.05", "2006-06-30": "2.90", "2006-03-31": "2.59"}, "price fcf": {"2021-02-05": "", "2020-09-30": "$4.96", "2020-06-30": "$3.79", "2020-03-31": "$3.18", "2019-12-31": "$0.22", "2019-09-30": "$0.59", "2019-06-30": "$0.46", "2019-03-31": "$3.06", "2018-12-31": "$3.76", "2018-09-30": "$5.20", "2018-06-30": "$7.80", "2018-03-31": "$6.99", "2017-12-31": "$3.83", "2017-09-30": "$1.80", "2017-06-30": "$-0.70", "2017-03-31": "$-1.50", "2016-12-31": "$4.05", "2016-09-30": "$3.74", "2016-06-30": "$3.76", "2016-03-31": "$3.44", "2015-12-31": "$3.32", "2015-09-30": "$3.70", "2015-06-30": "$3.58", "2015-03-31": "$3.41", "2014-12-31": "$3.18", "2014-09-30": "$3.49", "2014-06-30": "$3.25", "2014-03-31": "$3.22", "2013-12-31": "$3.10", "2013-09-30": "$3.09", "2013-06-30": "$2.54", "2013-03-31": "$2.50", "2012-12-31": "$3.20", "2012-09-30": "$4.88", "2012-06-30": "$5.07", "2012-03-31": "$4.88", "2011-12-31": "$4.58", "2011-09-30": "$2.21", "2011-06-30": "$1.36", "2011-03-31": "$1.46", "2010-12-31": "$0.78", "2010-09-30": "$0.46", "2010-06-30": "$1.43", "2010-03-31": "$1.16", "2009-12-31": "$2.30", "2009-09-30": "$2.49", "2009-06-30": "$2.42", "2009-03-31": "$2.41", "2008-12-31": "$1.30", "2008-09-30": "$1.29", "2008-06-30": "$1.26", "2008-03-31": "$0.71", "2007-12-31": "$1.20", "2007-09-30": "$1.33", "2007-06-30": "$1.05", "2007-03-31": "$1.39", "2006-12-31": "$1.16"}, "net worth": {"value": "$4.38B"}, "current ratio": {"2020-09-30": "4.86", "2020-06-30": "2.89", "2020-03-31": "2.81", "2019-12-31": "3.55", "2019-09-30": "3.70", "2019-06-30": "3.58", "2019-03-31": "3.86", "2018-12-31": "3.72", "2018-09-30": "4.51", "2018-06-30": "4.44", "2018-03-31": "4.37", "2017-12-31": "4.11", "2017-09-30": "4.65", "2017-06-30": "4.78", "2017-03-31": "5.52", "2016-12-31": "14.04", "2016-09-30": "15.47", "2016-06-30": "13.18", "2016-03-31": "15.16", "2015-12-31": "11.85", "2015-09-30": "13.81", "2015-06-30": "16.43", "2015-03-31": "13.80", "2014-12-31": "15.06", "2014-09-30": "14.51", "2014-06-30": "15.21", "2014-03-31": "15.71", "2013-12-31": "14.67", "2013-09-30": "13.44", "2013-06-30": "12.35", "2013-03-31": "13.07", "2012-12-31": "11.18", "2012-09-30": "10.81", "2012-06-30": "9.84", "2012-03-31": "10.87", "2011-12-31": "8.89", "2011-09-30": "9.85", "2011-06-30": "8.92", "2011-03-31": "8.07", "2010-12-31": "7.97", "2010-09-30": "7.34", "2010-06-30": "5.88", "2010-03-31": "5.86", "2009-12-31": "6.17", "2009-09-30": "8.96", "2009-06-30": "9.91", "2009-03-31": "8.36", "2008-12-31": "8.17", "2008-09-30": "8.10", "2008-06-30": "7.95", "2008-03-31": "7.74", "2007-12-31": "7.14", "2007-09-30": "7.92", "2007-06-30": "8.57", "2007-03-31": "10.81", "2006-12-31": "10.77", "2006-09-30": "9.45", "2006-06-30": "9.49", "2006-03-31": "10.23", "2005-12-31": "9.92", "2005-09-30": "8.85", "2005-06-30": "8.39", "2005-03-31": "14.16"}, "quick ratio": {"2020-09-30": "3.12", "2020-06-30": "1.99", "2020-03-31": "1.93", "2019-12-31": "2.19", "2019-09-30": "2.35", "2019-06-30": "2.31", "2019-03-31": "2.51", "2018-12-31": "2.47", "2018-09-30": "3.07", "2018-06-30": "3.02", "2018-03-31": "2.88", "2017-12-31": "2.74", "2017-09-30": "3.01", "2017-06-30": "2.66", "2017-03-31": "2.74", "2016-12-31": "12.82", "2016-09-30": "13.90", "2016-06-30": "11.95", "2016-03-31": "13.71", "2015-12-31": "10.83", "2015-09-30": "12.71", "2015-06-30": "15.09", "2015-03-31": "12.66", "2014-12-31": "13.77", "2014-09-30": "13.21", "2014-06-30": "13.82", "2014-03-31": "14.28", "2013-12-31": "13.38", "2013-09-30": "12.18", "2013-06-30": "11.06", "2013-03-31": "11.64", "2012-12-31": "9.93", "2012-09-30": "9.51", "2012-06-30": "8.61", "2012-03-31": "9.40", "2011-12-31": "7.51", "2011-09-30": "8.05", "2011-06-30": "7.08", "2011-03-31": "6.22", "2010-12-31": "6.26", "2010-09-30": "5.70", "2010-06-30": "4.57", "2010-03-31": "4.65", "2009-12-31": "4.95", "2009-09-30": "7.05", "2009-06-30": "8.72", "2009-03-31": "7.42", "2008-12-31": "7.35", "2008-09-30": "7.24", "2008-06-30": "6.98", "2008-03-31": "6.69", "2007-12-31": "6.23", "2007-09-30": "7.03", "2007-06-30": "7.78", "2007-03-31": "9.78", "2006-12-31": "9.75", "2006-09-30": "8.35", "2006-06-30": "8.37", "2006-03-31": "9.07", "2005-12-31": "8.81", "2005-09-30": "7.90", "2005-06-30": "7.22", "2005-03-31": "13.33"}, "debt equity ratio": {"current": "0.00", "2020-09-30": "0.19", "2020-06-30": "0.32", "2020-03-31": "0.32", "2019-12-31": "0.23", "2019-09-30": "0.22", "2019-06-30": "0.23", "2019-03-31": "0.26", "2018-12-31": "0.26", "2018-09-30": "0.23", "2018-06-30": "0.21", "2018-03-31": "0.21", "2017-12-31": "0.25", "2017-09-30": "0.33", "2017-06-30": "0.33", "2017-03-31": "0.29", "2016-12-31": "0.07", "2016-09-30": "0.06", "2016-06-30": "0.08", "2016-03-31": "0.07", "2015-12-31": "0.08", "2015-09-30": "0.08", "2015-06-30": "0.06", "2015-03-31": "0.07", "2014-12-31": "0.07", "2014-09-30": "0.07", "2014-06-30": "0.07", "2014-03-31": "0.07", "2013-12-31": "0.08", "2013-09-30": "0.08", "2013-06-30": "0.09", "2013-03-31": "0.09", "2012-12-31": "0.10", "2012-09-30": "0.11", "2012-06-30": "0.12", "2012-03-31": "0.11", "2011-12-31": "0.13", "2011-09-30": "0.12", "2011-06-30": "0.13", "2011-03-31": "0.14", "2010-12-31": "0.14", "2010-09-30": "0.15", "2010-06-30": "0.17", "2010-03-31": "0.17", "2009-12-31": "0.17", "2009-09-30": "0.12", "2009-06-30": "0.11", "2009-03-31": "0.13", "2008-12-31": "0.12", "2008-09-30": "0.12", "2008-06-30": "0.13", "2008-03-31": "0.13", "2007-12-31": "0.13", "2007-09-30": "0.12", "2007-06-30": "0.11", "2007-03-31": "0.09", "2006-12-31": "0.09", "2006-09-30": "0.09", "2006-06-30": "0.08", "2006-03-31": "0.08", "2005-12-31": "0.08", "2005-09-30": "0.08", "2005-06-30": "0.09", "2005-03-31": "0.06"}, "return on equity": {"2020-09-30": "5.84%", "2020-06-30": "6.10%", "2020-03-31": "6.51%", "2019-12-31": "7.67%", "2019-09-30": "5.69%", "2019-06-30": "3.67%", "2019-03-31": "4.34%", "2018-12-31": "2.31%", "2018-09-30": "6.96%", "2018-06-30": "7.13%", "2018-03-31": "1.53%", "2017-12-31": "6.00%", "2017-09-30": "2.85%", "2017-06-30": "5.38%", "2017-03-31": "13.31%", "2016-12-31": "10.16%", "2016-09-30": "9.67%", "2016-06-30": "9.50%", "2016-03-31": "9.29%", "2015-12-31": "8.17%", "2015-09-30": "8.82%", "2015-06-30": "7.20%", "2015-03-31": "5.79%", "2014-12-31": "5.31%", "2014-09-30": "6.68%", "2014-06-30": "7.97%", "2014-03-31": "8.51%", "2013-12-31": "9.32%", "2013-09-30": "9.50%", "2013-06-30": "10.11%", "2013-03-31": "11.06%", "2012-12-31": "11.26%", "2012-09-30": "13.56%", "2012-06-30": "13.33%", "2012-03-31": "13.80%", "2011-12-31": "14.38%", "2011-09-30": "11.91%", "2011-06-30": "12.39%", "2011-03-31": "12.73%", "2010-12-31": "11.72%", "2010-09-30": "10.62%", "2010-06-30": "9.30%", "2010-03-31": "8.34%", "2009-12-31": "9.34%", "2009-09-30": "10.58%", "2009-06-30": "11.74%", "2009-03-31": "11.78%", "2008-12-31": "10.59%", "2008-09-30": "9.72%", "2008-06-30": "8.58%", "2008-03-31": "7.67%", "2007-12-31": "10.74%", "2007-09-30": "11.05%", "2007-06-30": "11.53%", "2007-03-31": "13.17%", "2006-12-31": "11.74%", "2006-09-30": "11.27%", "2006-06-30": "11.87%", "2006-03-31": "11.96%", "2005-12-31": "11.43%"}, "return on assets": {"2020-09-30": "4.62%", "2020-06-30": "4.80%", "2020-03-31": "5.20%", "2019-12-31": "6.21%", "2019-09-30": "4.58%", "2019-06-30": "2.95%", "2019-03-31": "3.51%", "2018-12-31": "1.89%", "2018-09-30": "5.68%", "2018-06-30": "5.70%", "2018-03-31": "1.20%", "2017-12-31": "4.62%", "2017-09-30": "2.24%", "2017-06-30": "4.41%", "2017-03-31": "11.56%", "2016-12-31": "9.51%", "2016-09-30": "9.02%", "2016-06-30": "8.83%", "2016-03-31": "8.68%", "2015-12-31": "7.62%", "2015-09-30": "8.26%", "2015-06-30": "6.75%", "2015-03-31": "5.41%", "2014-12-31": "4.96%", "2014-09-30": "6.23%", "2014-06-30": "7.42%", "2014-03-31": "7.89%", "2013-12-31": "8.61%", "2013-09-30": "8.72%", "2013-06-30": "9.24%", "2013-03-31": "10.04%", "2012-12-31": "10.18%", "2012-09-30": "12.18%", "2012-06-30": "11.94%", "2012-03-31": "12.33%", "2011-12-31": "12.75%", "2011-09-30": "10.53%", "2011-06-30": "10.89%", "2011-03-31": "11.09%", "2010-12-31": "10.14%", "2010-09-30": "9.13%", "2010-06-30": "8.05%", "2010-03-31": "7.30%", "2009-12-31": "8.25%", "2009-09-30": "9.44%", "2009-06-30": "10.47%", "2009-03-31": "10.48%", "2008-12-31": "9.43%", "2008-09-30": "8.63%", "2008-06-30": "7.62%", "2008-03-31": "6.84%", "2007-12-31": "9.64%", "2007-09-30": "10.03%", "2007-06-30": "10.55%", "2007-03-31": "12.12%", "2006-12-31": "10.83%", "2006-09-30": "10.41%", "2006-06-30": "10.95%", "2006-03-31": "11.03%", "2005-12-31": "10.58%"}, "return on investments": {"2020-09-30": "inf%", "2020-06-30": "inf%", "2020-03-31": "inf%", "2019-12-31": "inf%", "2019-09-30": "inf%", "2019-06-30": "inf%", "2019-03-31": "inf%", "2018-12-31": "inf%", "2018-09-30": "inf%", "2018-06-30": "24.98%", "2018-03-31": "1.33%", "2017-12-31": "-1.54%", "2017-09-30": "-4.74%", "2017-06-30": "-2.82%", "2017-03-31": "13.80%", "2016-12-31": "inf%", "2016-09-30": "inf%", "2016-06-30": "inf%", "2016-03-31": "inf%", "2015-12-31": "inf%", "2015-09-30": "inf%", "2015-06-30": "inf%", "2015-03-31": "inf%", "2014-12-31": "inf%", "2014-09-30": "inf%", "2014-06-30": "inf%", "2014-03-31": "inf%", "2013-12-31": "inf%", "2013-09-30": "inf%", "2013-06-30": "inf%", "2013-03-31": "inf%", "2012-12-31": "inf%", "2012-09-30": "inf%", "2012-06-30": "inf%", "2012-03-31": "inf%", "2011-12-31": "inf%", "2011-09-30": "inf%", "2011-06-30": "inf%", "2011-03-31": "inf%", "2010-12-31": "inf%", "2010-09-30": "inf%", "2010-06-30": "inf%", "2010-03-31": "inf%", "2009-12-31": "inf%", "2009-09-30": "inf%", "2009-06-30": "inf%", "2009-03-31": "inf%", "2008-12-31": "inf%", "2008-09-30": "inf%", "2008-06-30": "inf%", "2008-03-31": "inf%", "2007-12-31": "inf%", "2007-09-30": "inf%", "2007-06-30": "inf%", "2007-03-31": "inf%", "2006-12-31": "inf%", "2006-09-30": "inf%", "2006-06-30": "inf%", "2006-03-31": "inf%", "2005-12-31": "inf%"}, "return on tangible equity": {"2020-09-30": "7.03%", "2020-06-30": "7.23%", "2020-03-31": "7.58%", "2019-12-31": "8.78%", "2019-09-30": "6.39%", "2019-06-30": "4.13%", "2019-03-31": "4.91%", "2018-12-31": "2.62%", "2018-09-30": "7.91%", "2018-06-30": "8.16%", "2018-03-31": "1.77%", "2017-12-31": "6.98%", "2017-09-30": "3.27%", "2017-06-30": "6.03%", "2017-03-31": "14.49%", "2016-12-31": "10.64%", "2016-09-30": "10.16%", "2016-06-30": "9.91%", "2016-03-31": "9.62%", "2015-12-31": "8.38%", "2015-09-30": "8.96%", "2015-06-30": "7.32%", "2015-03-31": "5.89%", "2014-12-31": "5.41%", "2014-09-30": "6.81%", "2014-06-30": "8.14%", "2014-03-31": "8.71%", "2013-12-31": "9.56%", "2013-09-30": "9.77%", "2013-06-30": "10.42%", "2013-03-31": "11.42%", "2012-12-31": "11.66%", "2012-09-30": "14.08%", "2012-06-30": "13.88%", "2012-03-31": "14.41%", "2011-12-31": "15.07%", "2011-09-30": "12.56%", "2011-06-30": "13.12%", "2011-03-31": "13.56%", "2010-12-31": "12.54%", "2010-09-30": "11.38%", "2010-06-30": "9.99%", "2010-03-31": "8.93%", "2009-12-31": "9.99%", "2009-09-30": "11.24%", "2009-06-30": "12.41%", "2009-03-31": "12.41%", "2008-12-31": "11.12%", "2008-09-30": "10.24%", "2008-06-30": "9.06%", "2008-03-31": "8.11%", "2007-12-31": "11.32%", "2007-09-30": "11.61%", "2007-06-30": "12.09%", "2007-03-31": "13.79%", "2006-12-31": "12.32%", "2006-09-30": "11.87%", "2006-06-30": "12.55%", "2006-03-31": "12.70%", "2005-12-31": "12.03%"}, "dividend yield history": {"last payout": "$0.00", "last yield": "0.00%"}}