{"ticker": "IDXX", "price": {"title": "IDEXX Laboratories Historical Annual Stock Price Data", "value": 502.64, "historical": {"2021": {"Average Stock Price": "491.8342", "Year Open": "491.7700", "Year High": "513.2000", "Year Low": "465.1800", "Year Close": "502.6400", "Annual % Change": "0.55%"}, "2020": {"Average Stock Price": "342.7627", "Year Open": "265.0200", "Year High": "499.8700", "Year Low": "182.9400", "Year Close": "499.8700", "Annual % Change": "91.43%"}, "2019": {"Average Stock Price": "249.1642", "Year Open": "182.4600", "Year High": "289.9300", "Year Low": "178.0200", "Year Close": "261.1300", "Annual % Change": "40.38%"}, "2018": {"Average Stock Price": "209.7787", "Year Open": "157.8100", "Year High": "254.4600", "Year Low": "157.8100", "Year Close": "186.0200", "Annual % Change": "18.95%"}, "2017": {"Average Stock Price": "154.0009", "Year Open": "117.6000", "Year High": "171.9400", "Year Low": "115.9500", "Year Close": "156.3800", "Annual % Change": "33.35%"}, "2016": {"Average Stock Price": "94.5356", "Year Open": "71.1200", "Year High": "120.8300", "Year Low": "64.6700", "Year Close": "117.2700", "Annual % Change": "60.82%"}, "2015": {"Average Stock Price": "72.4501", "Year Open": "73.6650", "Year High": "83.5300", "Year Low": "61.9600", "Year Close": "72.9200", "Annual % Change": "-1.64%"}, "2014": {"Average Stock Price": "64.1817", "Year Open": "52.5150", "Year High": "76.4400", "Year Low": "52.5150", "Year Close": "74.1350", "Annual % Change": "39.39%"}, "2013": {"Average Stock Price": "47.8031", "Year Open": "47.0250", "Year High": "54.8050", "Year Low": "41.2200", "Year Close": "53.1850", "Annual % Change": "14.62%"}, "2012": {"Average Stock Price": "45.1269", "Year Open": "39.5450", "Year High": "50.0750", "Year Low": "39.4900", "Year Close": "46.4000", "Annual % Change": "20.58%"}, "2011": {"Average Stock Price": "37.7773", "Year Open": "34.8750", "Year High": "43.4850", "Year Low": "33.0650", "Year Close": "38.4800", "Annual % Change": "11.18%"}, "2010": {"Average Stock Price": "30.3053", "Year Open": "27.0400", "Year High": "35.9200", "Year Low": "24.9650", "Year Close": "34.6100", "Annual % Change": "29.50%"}, "2009": {"Average Stock Price": "21.9723", "Year Open": "18.2950", "Year High": "27.4750", "Year Low": "13.9250", "Year Close": "26.7250", "Annual % Change": "48.14%"}, "2008": {"Average Stock Price": "24.4557", "Year Open": "29.0900", "Year High": "30.6950", "Year Low": "13.7200", "Year Close": "18.0400", "Annual % Change": "-38.46%"}, "2007": {"Average Stock Price": "24.9546", "Year Open": "19.5525", "Year High": "32.1125", "Year Low": "19.5525", "Year Close": "29.3150", "Annual % Change": "47.87%"}, "2006": {"Average Stock Price": "20.6162", "Year Open": "18.0925", "Year High": "23.7925", "Year Low": "17.7500", "Year Close": "19.8250", "Annual % Change": "10.17%"}, "2005": {"Average Stock Price": "15.3948", "Year Open": "13.6875", "Year High": "18.5400", "Year Low": "13.2250", "Year Close": "17.9950", "Annual % Change": "31.86%"}, "2004": {"Average Stock Price": "13.4585", "Year Open": "11.7450", "Year High": "16.9050", "Year Low": "11.4400", "Year Close": "13.6475", "Annual % Change": "17.96%"}, "2003": {"Average Stock Price": "9.8361", "Year Open": "8.3625", "Year High": "12.1375", "Year Low": "8.0150", "Year Close": "11.5700", "Annual % Change": "38.98%"}, "2002": {"Average Stock Price": "7.3246", "Year Open": "6.9800", "Year High": "9.1375", "Year Low": "5.9950", "Year Close": "8.3250", "Annual % Change": "16.80%"}, "2001": {"Average Stock Price": "6.3002", "Year Open": "5.5625", "Year High": "7.8125", "Year Low": "4.7825", "Year Close": "7.1275", "Annual % Change": "29.59%"}, "2000": {"Average Stock Price": "5.8908", "Year Open": "4.0150", "Year High": "7.3900", "Year Low": "3.6575", "Year Close": "5.5000", "Annual % Change": "36.39%"}, "1999": {"Average Stock Price": "5.2207", "Year Open": "6.8450", "Year High": "6.9700", "Year Low": "3.6725", "Year Close": "4.0325", "Annual % Change": "-40.06%"}, "1998": {"Average Stock Price": "5.2629", "Year Open": "4.0150", "Year High": "6.9525", "Year Low": "3.2200", "Year Close": "6.7275", "Annual % Change": "68.82%"}, "1997": {"Average Stock Price": "4.8316", "Year Open": "8.4375", "Year High": "9.4375", "Year Low": "2.4845", "Year Close": "3.9850", "Annual % Change": "-55.72%"}, "1996": {"Average Stock Price": "10.4249", "Year Open": "11.7650", "Year High": "13.3750", "Year Low": "7.5000", "Year Close": "9.0000", "Annual % Change": "-23.40%"}, "1995": {"Average Stock Price": "7.2627", "Year Open": "4.3438", "Year High": "11.7500", "Year Low": "4.2188", "Year Close": "11.7500", "Annual % Change": "161.11%"}, "1994": {"Average Stock Price": "3.7838", "Year Open": "3.9063", "Year High": "4.5000", "Year Low": "3.2500", "Year Close": "4.5000", "Annual % Change": "12.92%"}, "1993": {"Average Stock Price": "2.6441", "Year Open": "2.0625", "Year High": "3.9850", "Year Low": "1.7031", "Year Close": "3.9850", "Annual % Change": "94.68%"}, "1992": {"Average Stock Price": "1.5278", "Year Open": "1.3750", "Year High": "2.0469", "Year Low": "1.1719", "Year Close": "2.0469", "Annual % Change": "47.20%"}}}, "market cap": {"value": "$42.88B"}, "income statement": {"Revenue": {"2020-12-31": "2706.65500", "2019-12-31": "2406.90800", "2018-12-31": "2213.24200", "2017-12-31": "1969.05800", "2016-12-31": "1775.42300", "2015-12-31": "1601.89200", "2014-12-31": "1485.80700", "2013-12-31": "1377.05800", "2012-12-31": "1293.33800", "2011-12-31": "1218.68900", "2010-12-31": "1103.39200", "2009-12-31": "1031.63300", "2008-12-31": "1024.03000", "2007-12-31": "922.55500", "2006-12-31": "739.11700", "2005-12-31": "638.09500"}, "Cost Of Goods Sold": {"2020-12-31": "1135.61500", "2019-12-31": "1041.35900", "2018-12-31": "971.70000", "2017-12-31": "871.67600", "2016-12-31": "799.98700", "2015-12-31": "711.62200", "2014-12-31": "669.69100", "2013-12-31": "620.94000", "2012-12-31": "594.19000", "2011-12-31": "572.18300", "2010-12-31": "524.76900", "2009-12-31": "505.35200", "2008-12-31": "494.26400", "2007-12-31": "459.03300", "2006-12-31": "359.58800", "2005-12-31": "315.19500"}, "Gross Profit": {"2020-12-31": "1571.04000", "2019-12-31": "1365.54900", "2018-12-31": "1241.54200", "2017-12-31": "1097.38200", "2016-12-31": "975.43600", "2015-12-31": "890.27000", "2014-12-31": "816.11600", "2013-12-31": "756.11800", "2012-12-31": "699.14800", "2011-12-31": "646.50600", "2010-12-31": "578.62300", "2009-12-31": "526.28110", "2008-12-31": "529.76600", "2007-12-31": "463.52200", "2006-12-31": "379.52900", "2005-12-31": "322.90000"}, "Research And Development Expenses": {"2020-12-31": "141.24900", "2019-12-31": "133.19300", "2018-12-31": "117.86300", "2017-12-31": "109.18200", "2016-12-31": "101.12200", "2015-12-31": "99.68100", "2014-12-31": "98.26300", "2013-12-31": "88.00300", "2012-12-31": "82.01400", "2011-12-31": "76.04200", "2010-12-31": "68.59700", "2009-12-31": "65.12400", "2008-12-31": "70.67300", "2007-12-31": "67.33800", "2006-12-31": "53.61700", "2005-12-31": "40.94800"}, "SG&A Expenses": {"2020-12-31": "735.26700", "2019-12-31": "679.51000", "2018-12-31": "632.34400", "2017-12-31": "575.17200", "2016-12-31": "524.07500", "2015-12-31": "482.46500", "2014-12-31": "457.59800", "2013-12-31": "401.35300", "2012-12-31": "354.57100", "2011-12-31": "334.23900", "2010-12-31": "306.14500", "2009-12-31": "285.18800", "2008-12-31": "286.63700", "2007-12-31": "260.00100", "2006-12-31": "197.97900", "2005-12-31": "166.62100"}, "Other Operating Income Or Expenses": {"2020-12-31": "", "2019-12-31": "", "2018-12-31": "", "2017-12-31": "", "2016-12-31": "", "2015-12-31": "-8.21200", "2014-12-31": "", "2013-12-31": "", "2012-12-31": "", "2011-12-31": "", "2010-12-31": "", "2009-12-31": "", "2008-12-31": "", "2007-12-31": "", "2006-12-31": "", "2005-12-31": ""}, "Operating Expenses": {"2020-12-31": "2012.13100", "2019-12-31": "1854.06200", "2018-12-31": "1721.90700", "2017-12-31": "1556.03000", "2016-12-31": "1425.18400", "2015-12-31": "1301.98000", "2014-12-31": "1225.55200", "2013-12-31": "1110.29600", "2012-12-31": "1030.77500", "2011-12-31": "982.46400", "2010-12-31": "899.51100", "2009-12-31": "855.66400", "2008-12-31": "851.57400", "2007-12-31": "786.37190", "2006-12-31": "611.18400", "2005-12-31": "522.76400"}, "Operating Income": {"2020-12-31": "694.52400", "2019-12-31": "552.84590", "2018-12-31": "491.33500", "2017-12-31": "413.02800", "2016-12-31": "350.23890", "2015-12-31": "299.91200", "2014-12-31": "260.25500", "2013-12-31": "266.76200", "2012-12-31": "262.56300", "2011-12-31": "236.22500", "2010-12-31": "203.88100", "2009-12-31": "175.96910", "2008-12-31": "172.45610", "2007-12-31": "136.18300", "2006-12-31": "127.93300", "2005-12-31": "115.33090"}, "Total Non-Operating Income/Expense": {"2020-12-31": "-32.53900", "2019-12-31": "-30.62800", "2018-12-31": "-33.59300", "2017-12-31": "-31.97100", "2016-12-31": "-28.39300", "2015-12-31": "-26.77100", "2014-12-31": "-13.70000", "2013-12-31": "-3.50100", "2012-12-31": "-1.94600", "2011-12-31": "-1.80300", "2010-12-31": "-1.75200", "2009-12-31": "-1.43000", "2008-12-31": "-2.26900", "2007-12-31": "-1.34000", "2006-12-31": "2.81700", "2005-12-31": "3.14100"}, "Pre-Tax Income": {"2020-12-31": "661.98500", "2019-12-31": "522.21800", "2018-12-31": "457.74200", "2017-12-31": "381.05700", "2016-12-31": "321.84600", "2015-12-31": "273.14100", "2014-12-31": "246.55500", "2013-12-31": "263.26100", "2012-12-31": "260.61700", "2011-12-31": "234.42200", "2010-12-31": "202.12900", "2009-12-31": "174.53900", "2008-12-31": "170.18700", "2007-12-31": "134.84300", "2006-12-31": "130.75000", "2005-12-31": "118.47200"}, "Income Taxes": {"2020-12-31": "79.85400", "2019-12-31": "94.42600", "2018-12-31": "80.69500", "2017-12-31": "117.78800", "2016-12-31": "99.79200", "2015-12-31": "81.00600", "2014-12-31": "64.60400", "2013-12-31": "75.46700", "2012-12-31": "82.33000", "2011-12-31": "72.66800", "2010-12-31": "60.80900", "2009-12-31": "52.30400", "2008-12-31": "54.01800", "2007-12-31": "40.82900", "2006-12-31": "37.22400", "2005-12-31": "40.67000"}, "Income After Taxes": {"2020-12-31": "582.13100", "2019-12-31": "427.79200", "2018-12-31": "377.04700", "2017-12-31": "263.26900", "2016-12-31": "222.05400", "2015-12-31": "192.13500", "2014-12-31": "181.95100", "2013-12-31": "187.79400", "2012-12-31": "178.28700", "2011-12-31": "161.75400", "2010-12-31": "141.32000", "2009-12-31": "122.23500", "2008-12-31": "116.16900", "2007-12-31": "94.01400", "2006-12-31": "93.52600", "2005-12-31": "77.80200"}, "Other Income": {"2020-12-31": "", "2019-12-31": "", "2018-12-31": "", "2017-12-31": "", "2016-12-31": "", "2015-12-31": "", "2014-12-31": "", "2013-12-31": "", "2012-12-31": "", "2011-12-31": "", "2010-12-31": "", "2009-12-31": "", "2008-12-31": "", "2007-12-31": "", "2006-12-31": "", "2005-12-31": ""}, "Income From Continuous Operations": {"2020-12-31": "582.13100", "2019-12-31": "427.79200", "2018-12-31": "377.04700", "2017-12-31": "263.26900", "2016-12-31": "222.05400", "2015-12-31": "192.13500", "2014-12-31": "181.95100", "2013-12-31": "187.79400", "2012-12-31": "178.28700", "2011-12-31": "161.75400", "2010-12-31": "141.32000", "2009-12-31": "122.23500", "2008-12-31": "116.16900", "2007-12-31": "94.01400", "2006-12-31": "93.67800", "2005-12-31": "78.25400"}, "Income From Discontinued Operations": {"2020-12-31": "", "2019-12-31": "", "2018-12-31": "", "2017-12-31": "", "2016-12-31": "", "2015-12-31": "", "2014-12-31": "", "2013-12-31": "", "2012-12-31": "", "2011-12-31": "", "2010-12-31": "", "2009-12-31": "", "2008-12-31": "", "2007-12-31": "", "2006-12-31": "", "2005-12-31": ""}, "Net Income": {"2020-12-31": "581.77600", "2019-12-31": "427.72000", "2018-12-31": "377.03100", "2017-12-31": "263.14400", "2016-12-31": "222.04500", "2015-12-31": "192.07800", "2014-12-31": "181.90600", "2013-12-31": "187.80000", "2012-12-31": "178.26700", "2011-12-31": "161.78600", "2010-12-31": "141.28400", "2009-12-31": "122.22500", "2008-12-31": "116.16900", "2007-12-31": "94.01400", "2006-12-31": "93.67800", "2005-12-31": "78.25400"}, "EBITDA": {"2020-12-31": "694.52400", "2019-12-31": "640.85690", "2018-12-31": "574.51290", "2017-12-31": "496.16800", "2016-12-31": "429.29990", "2015-12-31": "370.30000", "2014-12-31": "319.14300", "2013-12-31": "321.35800", "2012-12-31": "314.97100", "2011-12-31": "284.42700", "2010-12-31": "249.83700", "2009-12-31": "225.74210", "2008-12-31": "220.44010", "2007-12-31": "177.14110", "2006-12-31": "157.74900", "2005-12-31": "139.69990"}, "EBIT": {"2020-12-31": "694.52400", "2019-12-31": "552.84590", "2018-12-31": "491.33500", "2017-12-31": "413.02800", "2016-12-31": "350.23890", "2015-12-31": "299.91200", "2014-12-31": "260.25500", "2013-12-31": "266.76200", "2012-12-31": "262.56300", "2011-12-31": "236.22500", "2010-12-31": "203.88100", "2009-12-31": "175.96910", "2008-12-31": "172.45610", "2007-12-31": "136.18300", "2006-12-31": "127.93300", "2005-12-31": "115.33090"}, "Basic Shares Outstanding": {"2020-12-31": "85.34200", "2019-12-31": "86.11500", "2018-12-31": "86.86400", "2017-12-31": "87.76900", "2016-12-31": "89.73200", "2015-12-31": "92.60100", "2014-12-31": "100.09400", "2013-12-31": "106.31800", "2012-12-31": "109.97000", "2011-12-31": "113.58000", "2010-12-31": "115.42600", "2009-12-31": "117.61800", "2008-12-31": "119.90600", "2007-12-31": "123.12000", "2006-12-31": "125.73200", "2005-12-31": "130.08600"}, "Shares Outstanding": {"2020-12-31": "86.72200", "2019-12-31": "87.54200", "2018-12-31": "88.47000", "2017-12-31": "89.56700", "2016-12-31": "90.88400", "2015-12-31": "93.64900", "2014-12-31": "101.50300", "2013-12-31": "107.97000", "2012-12-31": "112.31000", "2011-12-31": "116.42800", "2010-12-31": "119.11800", "2009-12-31": "121.36400", "2008-12-31": "124.49800", "2007-12-31": "128.91000", "2006-12-31": "131.81400", "2005-12-31": "136.21800"}, "Basic EPS": {"2020-12-31": "6.82000", "2019-12-31": "4.97000", "2018-12-31": "4.34000", "2017-12-31": "3.00000", "2016-12-31": "2.47000", "2015-12-31": "2.07000", "2014-12-31": "1.82000", "2013-12-31": "1.77000", "2012-12-31": "1.62000", "2011-12-31": "1.42500", "2010-12-31": "1.22500", "2009-12-31": "1.04000", "2008-12-31": "0.97000", "2007-12-31": "0.76500", "2006-12-31": "0.74500", "2005-12-31": "0.60000"}, "EPS - Earnings Per Share": {"2020-12-31": "6.71000", "2019-12-31": "4.89000", "2018-12-31": "4.26000", "2017-12-31": "2.94000", "2016-12-31": "2.44000", "2015-12-31": "2.05000", "2014-12-31": "1.79000", "2013-12-31": "1.74000", "2012-12-31": "1.58500", "2011-12-31": "1.39000", "2010-12-31": "1.18500", "2009-12-31": "1.00500", "2008-12-31": "0.93500", "2007-12-31": "0.73000", "2006-12-31": "0.71000", "2005-12-31": "0.57500"}}, "income statement, quarterly": {"Revenue": {"2020-12-31": "720.93800", "2020-09-30": "721.78900", "2020-06-30": "637.59200", "2020-03-31": "626.33600", "2019-12-31": "605.44590", "2019-09-30": "605.30300", "2019-06-30": "620.10300", "2019-03-31": "576.05600", "2018-12-31": "549.38600", "2018-09-30": "545.44800", "2018-06-30": "580.75200", "2018-03-31": "537.65600", "2017-12-31": "506.12100", "2017-09-30": "491.97600", "2017-06-30": "508.94000", "2017-03-31": "462.02100", "2016-12-31": "442.99600", "2016-09-30": "448.30800", "2016-06-30": "466.56900", "2016-03-31": "417.55000", "2015-12-31": "399.68500", "2015-09-30": "406.38700", "2015-06-30": "413.34300", "2015-03-31": "382.47700", "2014-12-31": "351.95890", "2014-09-30": "383.52300", "2014-06-30": "390.12200", "2014-03-31": "360.20300", "2013-12-31": "354.07200", "2013-09-30": "338.29700", "2013-06-30": "352.58300", "2013-03-31": "332.10600", "2012-12-31": "319.53810", "2012-09-30": "315.47500", "2012-06-30": "335.64900", "2012-03-31": "322.67600", "2011-12-31": "307.20100", "2011-09-30": "300.95400", "2011-06-30": "317.86200", "2011-03-31": "292.67200", "2010-12-31": "283.75700", "2010-09-30": "269.62800", "2010-06-30": "281.48200", "2010-03-31": "268.52500", "2009-12-31": "270.33510", "2009-09-30": "259.12000", "2009-06-30": "265.72300", "2009-03-31": "236.45500", "2008-12-31": "243.29300", "2008-09-30": "251.09300", "2008-06-30": "280.57000", "2008-03-31": "249.07400", "2007-12-31": "244.96900", "2007-09-30": "229.38500", "2007-06-30": "237.04600", "2007-03-31": "211.15500", "2006-12-31": "192.20900", "2006-09-30": "187.38000", "2006-06-30": "191.36400", "2006-03-31": "168.16400", "2005-12-31": "166.97000", "2005-09-30": "158.06900", "2005-06-30": "160.63000", "2005-03-31": "152.42600"}, "Cost Of Goods Sold": {"2020-12-31": "311.43600", "2020-09-30": "299.18300", "2020-06-30": "258.25000", "2020-03-31": "266.74600", "2019-12-31": "274.29700", "2019-09-30": "260.35300", "2019-06-30": "262.25000", "2019-03-31": "244.45900", "2018-12-31": "249.02500", "2018-09-30": "239.80500", "2018-06-30": "248.31300", "2018-03-31": "234.55700", "2017-12-31": "233.64700", "2017-09-30": "217.97400", "2017-06-30": "216.22500", "2017-03-31": "203.83000", "2016-12-31": "202.37000", "2016-09-30": "201.57800", "2016-06-30": "206.02600", "2016-03-31": "190.01300", "2015-12-31": "181.99000", "2015-09-30": "182.11300", "2015-06-30": "180.58600", "2015-03-31": "166.93300", "2014-12-31": "169.79400", "2014-09-30": "170.18700", "2014-06-30": "171.60400", "2014-03-31": "158.10600", "2013-12-31": "165.40900", "2013-09-30": "152.51400", "2013-06-30": "154.88500", "2013-03-31": "148.13200", "2012-12-31": "150.48800", "2012-09-30": "144.84000", "2012-06-30": "150.96000", "2012-03-31": "147.90200", "2011-12-31": "148.32000", "2011-09-30": "142.28700", "2011-06-30": "143.82900", "2011-03-31": "137.74700", "2010-12-31": "138.98600", "2010-09-30": "127.42100", "2010-06-30": "132.19800", "2010-03-31": "126.16400", "2009-12-31": "137.40400", "2009-09-30": "128.64300", "2009-06-30": "127.28300", "2009-03-31": "112.02200", "2008-12-31": "122.77200", "2008-09-30": "122.94400", "2008-06-30": "129.31000", "2008-03-31": "119.23800", "2007-12-31": "122.72500", "2007-09-30": "110.90700", "2007-06-30": "122.82500", "2007-03-31": "102.57600", "2006-12-31": "95.94000", "2006-09-30": "89.18100", "2006-06-30": "92.32800", "2006-03-31": "82.13900", "2005-12-31": "82.05400", "2005-09-30": "76.74000", "2005-06-30": "80.05500", "2005-03-31": "76.34600"}, "Gross Profit": {"2020-12-31": "409.50200", "2020-09-30": "422.60600", "2020-06-30": "379.34200", "2020-03-31": "359.59000", "2019-12-31": "331.14890", "2019-09-30": "344.95000", "2019-06-30": "357.85300", "2019-03-31": "331.59700", "2018-12-31": "300.36100", "2018-09-30": "305.64300", "2018-06-30": "332.43900", "2018-03-31": "303.09900", "2017-12-31": "272.47400", "2017-09-30": "274.00200", "2017-06-30": "292.71500", "2017-03-31": "258.19100", "2016-12-31": "240.62600", "2016-09-30": "246.73000", "2016-06-30": "260.54300", "2016-03-31": "227.53700", "2015-12-31": "217.69500", "2015-09-30": "224.27400", "2015-06-30": "232.75700", "2015-03-31": "215.54400", "2014-12-31": "182.16500", "2014-09-30": "213.33600", "2014-06-30": "218.51800", "2014-03-31": "202.09700", "2013-12-31": "188.66300", "2013-09-30": "185.78300", "2013-06-30": "197.69800", "2013-03-31": "183.97400", "2012-12-31": "169.05000", "2012-09-30": "170.63500", "2012-06-30": "184.68900", "2012-03-31": "174.77400", "2011-12-31": "158.88100", "2011-09-30": "158.66700", "2011-06-30": "174.03300", "2011-03-31": "154.92500", "2010-12-31": "144.77100", "2010-09-30": "142.20700", "2010-06-30": "149.28400", "2010-03-31": "142.36100", "2009-12-31": "132.93110", "2009-09-30": "130.47700", "2009-06-30": "138.44000", "2009-03-31": "124.43300", "2008-12-31": "120.52100", "2008-09-30": "128.14900", "2008-06-30": "151.26000", "2008-03-31": "129.83600", "2007-12-31": "122.24400", "2007-09-30": "118.47800", "2007-06-30": "114.22100", "2007-03-31": "108.57900", "2006-12-31": "96.26900", "2006-09-30": "98.19900", "2006-06-30": "99.03600", "2006-03-31": "86.02500", "2005-12-31": "84.91600", "2005-09-30": "81.32900", "2005-06-30": "80.57500", "2005-03-31": "76.08000"}, "Research And Development Expenses": {"2020-12-31": "38.77700", "2020-09-30": "37.51700", "2020-06-30": "31.64500", "2020-03-31": "33.31000", "2019-12-31": "35.16000", "2019-09-30": "34.26000", "2019-06-30": "32.25900", "2019-03-31": "31.51400", "2018-12-31": "30.13800", "2018-09-30": "29.19200", "2018-06-30": "29.51000", "2018-03-31": "29.02300", "2017-12-31": "28.80900", "2017-09-30": "27.58500", "2017-06-30": "26.99800", "2017-03-31": "25.79000", "2016-12-31": "25.41800", "2016-09-30": "25.67200", "2016-06-30": "25.41200", "2016-03-31": "24.62000", "2015-12-31": "25.49600", "2015-09-30": "24.86200", "2015-06-30": "24.31700", "2015-03-31": "25.00600", "2014-12-31": "24.86900", "2014-09-30": "24.84700", "2014-06-30": "25.43300", "2014-03-31": "23.11400", "2013-12-31": "22.49600", "2013-09-30": "21.56800", "2013-06-30": "22.18100", "2013-03-31": "21.75800", "2012-12-31": "21.05000", "2012-09-30": "20.34900", "2012-06-30": "20.05800", "2012-03-31": "20.55700", "2011-12-31": "20.20300", "2011-09-30": "19.40600", "2011-06-30": "18.62100", "2011-03-31": "17.81200", "2010-12-31": "17.47900", "2010-09-30": "17.20300", "2010-06-30": "17.20600", "2010-03-31": "16.70900", "2009-12-31": "16.00800", "2009-09-30": "16.58300", "2009-06-30": "16.59400", "2009-03-31": "15.93900", "2008-12-31": "17.18400", "2008-09-30": "17.92000", "2008-06-30": "18.27400", "2008-03-31": "17.29500", "2007-12-31": "16.76900", "2007-09-30": "17.28100", "2007-06-30": "17.31700", "2007-03-31": "15.97100", "2006-12-31": "13.95100", "2006-09-30": "13.69600", "2006-06-30": "13.29200", "2006-03-31": "12.67800", "2005-12-31": "10.63600", "2005-09-30": "10.54300", "2005-06-30": "9.99500", "2005-03-31": "9.77400"}, "SG&A Expenses": {"2020-12-31": "185.63000", "2020-09-30": "213.23300", "2020-06-30": "154.44900", "2020-03-31": "181.95500", "2019-12-31": "180.35800", "2019-09-30": "170.88800", "2019-06-30": "161.31900", "2019-03-31": "166.94500", "2018-12-31": "154.87600", "2018-09-30": "159.10100", "2018-06-30": "157.33500", "2018-03-31": "161.03200", "2017-12-31": "145.85700", "2017-09-30": "146.00400", "2017-06-30": "143.15300", "2017-03-31": "140.15800", "2016-12-31": "131.38300", "2016-09-30": "132.59900", "2016-06-30": "130.96900", "2016-03-31": "129.12400", "2015-12-31": "125.28800", "2015-09-30": "119.30500", "2015-06-30": "120.13700", "2015-03-31": "117.73500", "2014-12-31": "122.49500", "2014-09-30": "116.30000", "2014-06-30": "109.86600", "2014-03-31": "108.93700", "2013-12-31": "104.84100", "2013-09-30": "98.73000", "2013-06-30": "96.75400", "2013-03-31": "101.02800", "2012-12-31": "84.57300", "2012-09-30": "87.37400", "2012-06-30": "88.81400", "2012-03-31": "93.81000", "2011-12-31": "83.37900", "2011-09-30": "83.16500", "2011-06-30": "84.11400", "2011-03-31": "83.58100", "2010-12-31": "76.48800", "2010-09-30": "75.19000", "2010-06-30": "77.24300", "2010-03-31": "77.22400", "2009-12-31": "72.77600", "2009-09-30": "69.68900", "2009-06-30": "72.67000", "2009-03-31": "70.05300", "2008-12-31": "67.48800", "2008-09-30": "71.23200", "2008-06-30": "74.09500", "2008-03-31": "73.82200", "2007-12-31": "68.73300", "2007-09-30": "65.10000", "2007-06-30": "64.43700", "2007-03-31": "61.73100", "2006-12-31": "52.84800", "2006-09-30": "50.04100", "2006-06-30": "48.71800", "2006-03-31": "46.37200", "2005-12-31": "44.09600", "2005-09-30": "40.66300", "2005-06-30": "41.69400", "2005-03-31": "40.16800"}, "Other Operating Income Or Expenses": {"2020-12-31": "", "2020-09-30": "", "2020-06-30": "", "2020-03-31": "", "2019-12-31": "", "2019-09-30": "", "2019-06-30": "", "2019-03-31": "", "2018-12-31": "", "2018-09-30": "", "2018-06-30": "", "2018-03-31": "", "2017-12-31": "", "2017-09-30": "", "2017-06-30": "", "2017-03-31": "", "2016-12-31": "", "2016-09-30": "", "2016-06-30": "", "2016-03-31": "", "2015-12-31": "", "2015-09-30": "-8.21200", "2015-06-30": "", "2015-03-31": "", "2014-12-31": "", "2014-09-30": "", "2014-06-30": "", "2014-03-31": "", "2013-12-31": "", "2013-09-30": "", "2013-06-30": "", "2013-03-31": "", "2012-12-31": "", "2012-09-30": "", "2012-06-30": "", "2012-03-31": "", "2011-12-31": "", "2011-09-30": "", "2011-06-30": "", "2011-03-31": "", "2010-12-31": "", "2010-09-30": "", "2010-06-30": "", "2010-03-31": "", "2009-12-31": "", "2009-09-30": "", "2009-06-30": "", "2009-03-31": "", "2008-12-31": "", "2008-09-30": "", "2008-06-30": "", "2008-03-31": "", "2007-12-31": "", "2007-09-30": "", "2007-06-30": "", "2007-03-31": "", "2006-12-31": "", "2006-09-30": "", "2006-06-30": "", "2006-03-31": "", "2005-12-31": "", "2005-09-30": "", "2005-06-30": "", "2005-03-31": ""}, "Operating Expenses": {"2020-12-31": "535.84300", "2020-09-30": "549.93300", "2020-06-30": "444.34400", "2020-03-31": "482.01100", "2019-12-31": "489.81510", "2019-09-30": "465.50100", "2019-06-30": "455.82800", "2019-03-31": "442.91800", "2018-12-31": "434.03910", "2018-09-30": "428.09800", "2018-06-30": "435.15800", "2018-03-31": "424.61200", "2017-12-31": "408.31300", "2017-09-30": "391.56300", "2017-06-30": "386.37600", "2017-03-31": "369.77800", "2016-12-31": "359.17110", "2016-09-30": "359.84900", "2016-06-30": "362.40700", "2016-03-31": "343.75700", "2015-12-31": "332.77400", "2015-09-30": "334.49200", "2015-06-30": "325.04000", "2015-03-31": "309.67400", "2014-12-31": "317.15800", "2014-09-30": "311.33400", "2014-06-30": "306.90300", "2014-03-31": "290.15700", "2013-12-31": "292.74600", "2013-09-30": "272.81200", "2013-06-30": "273.82000", "2013-03-31": "270.91800", "2012-12-31": "256.11100", "2012-09-30": "252.56300", "2012-06-30": "259.83200", "2012-03-31": "262.26900", "2011-12-31": "251.90190", "2011-09-30": "244.85800", "2011-06-30": "246.56400", "2011-03-31": "239.14000", "2010-12-31": "232.95300", "2010-09-30": "219.81400", "2010-06-30": "226.64700", "2010-03-31": "220.09700", "2009-12-31": "226.18800", "2009-09-30": "214.91500", "2009-06-30": "216.54700", "2009-03-31": "198.01400", "2008-12-31": "207.44390", "2008-09-30": "212.09600", "2008-06-30": "221.67900", "2008-03-31": "210.35500", "2007-12-31": "208.22700", "2007-09-30": "193.28800", "2007-06-30": "204.57900", "2007-03-31": "180.27800", "2006-12-31": "162.73900", "2006-09-30": "152.91800", "2006-06-30": "154.33800", "2006-03-31": "141.18900", "2005-12-31": "136.78600", "2005-09-30": "127.94600", "2005-06-30": "131.74400", "2005-03-31": "126.28800"}, "Operating Income": {"2020-12-31": "185.09500", "2020-09-30": "171.85600", "2020-06-30": "193.24800", "2020-03-31": "144.32500", "2019-12-31": "115.63090", "2019-09-30": "139.80200", "2019-06-30": "164.27500", "2019-03-31": "133.13810", "2018-12-31": "115.34690", "2018-09-30": "117.35000", "2018-06-30": "145.59400", "2018-03-31": "113.04400", "2017-12-31": "97.80800", "2017-09-30": "100.41300", "2017-06-30": "122.56400", "2017-03-31": "92.24300", "2016-12-31": "83.82500", "2016-09-30": "88.45900", "2016-06-30": "104.16200", "2016-03-31": "73.79300", "2015-12-31": "66.91100", "2015-09-30": "71.89500", "2015-06-30": "88.30300", "2015-03-31": "72.80300", "2014-12-31": "34.80090", "2014-09-30": "72.18900", "2014-06-30": "83.21900", "2014-03-31": "70.04600", "2013-12-31": "61.32600", "2013-09-30": "65.48500", "2013-06-30": "78.76300", "2013-03-31": "61.18800", "2012-12-31": "63.42700", "2012-09-30": "62.91200", "2012-06-30": "75.81700", "2012-03-31": "60.40700", "2011-12-31": "55.29900", "2011-09-30": "56.09600", "2011-06-30": "71.29800", "2011-03-31": "53.53200", "2010-12-31": "50.80390", "2010-09-30": "49.81400", "2010-06-30": "54.83500", "2010-03-31": "48.42800", "2009-12-31": "44.14710", "2009-09-30": "44.20500", "2009-06-30": "49.17600", "2009-03-31": "38.44100", "2008-12-31": "35.84910", "2008-09-30": "38.99700", "2008-06-30": "58.89100", "2008-03-31": "38.71900", "2007-12-31": "36.74200", "2007-09-30": "36.09700", "2007-06-30": "32.46700", "2007-03-31": "30.87700", "2006-12-31": "29.47000", "2006-09-30": "34.46200", "2006-06-30": "37.02600", "2006-03-31": "26.97500", "2005-12-31": "30.18390", "2005-09-30": "30.12300", "2005-06-30": "28.88600", "2005-03-31": "26.13800"}, "Total Non-Operating Income/Expense": {"2020-12-31": "-7.65900", "2020-09-30": "-7.90200", "2020-06-30": "-9.42600", "2020-03-31": "-7.55200", "2019-12-31": "-7.12500", "2019-09-30": "-7.00400", "2019-06-30": "-8.15300", "2019-03-31": "-8.34600", "2018-12-31": "-8.30200", "2018-09-30": "-8.31100", "2018-06-30": "-8.28500", "2018-03-31": "-8.69500", "2017-12-31": "-8.12200", "2017-09-30": "-8.36400", "2017-06-30": "-7.97900", "2017-03-31": "-7.50600", "2016-12-31": "-6.69800", "2016-09-30": "-6.93500", "2016-06-30": "-7.27600", "2016-03-31": "-7.48400", "2015-12-31": "-7.12600", "2015-09-30": "-7.06600", "2015-06-30": "-6.70000", "2015-03-31": "-5.87900", "2014-12-31": "-4.93900", "2014-09-30": "-3.98100", "2014-06-30": "-2.47700", "2014-03-31": "-2.30300", "2013-12-31": "-1.36800", "2013-09-30": "-1.00700", "2013-06-30": "-0.73500", "2013-03-31": "-0.39100", "2012-12-31": "-0.34300", "2012-09-30": "-0.40000", "2012-06-30": "-0.44600", "2012-03-31": "-0.75700", "2011-12-31": "-0.60300", "2011-09-30": "-0.47800", "2011-06-30": "-0.36300", "2011-03-31": "-0.35900", "2010-12-31": "-0.33800", "2010-09-30": "-0.55100", "2010-06-30": "-0.55100", "2010-03-31": "-0.31200", "2009-12-31": "-0.24300", "2009-09-30": "-0.38800", "2009-06-30": "-0.40300", "2009-03-31": "-0.39600", "2008-12-31": "-0.58100", "2008-09-30": "-0.56000", "2008-06-30": "-0.64300", "2008-03-31": "-0.48500", "2007-12-31": "-0.01900", "2007-09-30": "-0.51500", "2007-06-30": "-0.83400", "2007-03-31": "0.02800", "2006-12-31": "0.84500", "2006-09-30": "0.60900", "2006-06-30": "0.59400", "2006-03-31": "0.76900", "2005-12-31": "0.84900", "2005-09-30": "0.91800", "2005-06-30": "0.87100", "2005-03-31": "0.50300"}, "Pre-Tax Income": {"2020-12-31": "177.43600", "2020-09-30": "163.95400", "2020-06-30": "183.82200", "2020-03-31": "136.77300", "2019-12-31": "108.50600", "2019-09-30": "132.79800", "2019-06-30": "156.12200", "2019-03-31": "124.79200", "2018-12-31": "107.04500", "2018-09-30": "109.03900", "2018-06-30": "137.30900", "2018-03-31": "104.34900", "2017-12-31": "89.68600", "2017-09-30": "92.04900", "2017-06-30": "114.58500", "2017-03-31": "84.73700", "2016-12-31": "77.12700", "2016-09-30": "81.52400", "2016-06-30": "96.88600", "2016-03-31": "66.30900", "2015-12-31": "59.78500", "2015-09-30": "64.82900", "2015-06-30": "81.60300", "2015-03-31": "66.92400", "2014-12-31": "29.86200", "2014-09-30": "68.20800", "2014-06-30": "80.74200", "2014-03-31": "67.74300", "2013-12-31": "59.95800", "2013-09-30": "64.47800", "2013-06-30": "78.02800", "2013-03-31": "60.79700", "2012-12-31": "63.08400", "2012-09-30": "62.51200", "2012-06-30": "75.37100", "2012-03-31": "59.65000", "2011-12-31": "54.69600", "2011-09-30": "55.61800", "2011-06-30": "70.93500", "2011-03-31": "53.17300", "2010-12-31": "50.46600", "2010-09-30": "49.26300", "2010-06-30": "54.28400", "2010-03-31": "48.11600", "2009-12-31": "43.90400", "2009-09-30": "43.81700", "2009-06-30": "48.77300", "2009-03-31": "38.04500", "2008-12-31": "35.26800", "2008-09-30": "38.43700", "2008-06-30": "58.24800", "2008-03-31": "38.23400", "2007-12-31": "36.72300", "2007-09-30": "35.58200", "2007-06-30": "31.63300", "2007-03-31": "30.90500", "2006-12-31": "30.31500", "2006-09-30": "35.07100", "2006-06-30": "37.62000", "2006-03-31": "27.74400", "2005-12-31": "31.03300", "2005-09-30": "31.04100", "2005-06-30": "29.75700", "2005-03-31": "26.64100"}, "Income Taxes": {"2020-12-31": "2.47800", "2020-09-30": "17.63300", "2020-06-30": "34.82600", "2020-03-31": "24.91700", "2019-12-31": "17.96200", "2019-09-30": "23.96000", "2019-06-30": "30.42100", "2019-03-31": "22.08300", "2018-12-31": "21.36800", "2018-09-30": "15.82500", "2018-06-30": "28.62900", "2018-03-31": "14.87300", "2017-12-31": "51.39600", "2017-09-30": "21.53500", "2017-06-30": "29.17800", "2017-03-31": "15.67900", "2016-12-31": "24.75600", "2016-09-30": "25.07200", "2016-06-30": "29.68000", "2016-03-31": "20.28400", "2015-12-31": "15.39500", "2015-09-30": "20.60000", "2015-06-30": "24.66500", "2015-03-31": "20.34600", "2014-12-31": "3.91100", "2014-09-30": "16.04500", "2014-06-30": "23.49800", "2014-03-31": "21.15000", "2013-12-31": "16.72200", "2013-09-30": "18.78600", "2013-06-30": "24.02900", "2013-03-31": "15.93000", "2012-12-31": "19.72400", "2012-09-30": "19.63900", "2012-06-30": "24.05100", "2012-03-31": "18.91600", "2011-12-31": "16.69800", "2011-09-30": "17.12200", "2011-06-30": "22.28100", "2011-03-31": "16.56700", "2010-12-31": "14.08600", "2010-09-30": "14.54800", "2010-06-30": "17.08700", "2010-03-31": "15.08800", "2009-12-31": "12.94300", "2009-09-30": "12.28100", "2009-06-30": "15.10600", "2009-03-31": "11.97400", "2008-12-31": "11.71300", "2008-09-30": "12.73800", "2008-06-30": "18.88400", "2008-03-31": "10.68300", "2007-12-31": "11.19500", "2007-09-30": "9.78700", "2007-06-30": "9.96900", "2007-03-31": "9.87800", "2006-12-31": "5.64300", "2006-09-30": "10.11800", "2006-06-30": "11.87900", "2006-03-31": "9.58400", "2005-12-31": "11.13700", "2005-09-30": "10.54700", "2005-06-30": "9.93400", "2005-03-31": "9.05200"}, "Income After Taxes": {"2020-12-31": "174.95800", "2020-09-30": "146.32100", "2020-06-30": "148.99600", "2020-03-31": "111.85600", "2019-12-31": "90.54400", "2019-09-30": "108.83800", "2019-06-30": "125.70100", "2019-03-31": "102.70900", "2018-12-31": "85.67700", "2018-09-30": "93.21400", "2018-06-30": "108.68000", "2018-03-31": "89.47600", "2017-12-31": "38.29000", "2017-09-30": "70.51400", "2017-06-30": "85.40700", "2017-03-31": "69.05800", "2016-12-31": "52.37100", "2016-09-30": "56.45200", "2016-06-30": "67.20600", "2016-03-31": "46.02500", "2015-12-31": "44.39000", "2015-09-30": "44.22900", "2015-06-30": "56.93800", "2015-03-31": "46.57800", "2014-12-31": "25.95100", "2014-09-30": "52.16300", "2014-06-30": "57.24400", "2014-03-31": "46.59300", "2013-12-31": "43.23600", "2013-09-30": "45.69200", "2013-06-30": "53.99900", "2013-03-31": "44.86700", "2012-12-31": "43.36000", "2012-09-30": "42.87300", "2012-06-30": "51.32000", "2012-03-31": "40.73400", "2011-12-31": "37.99800", "2011-09-30": "38.49600", "2011-06-30": "48.65400", "2011-03-31": "36.60600", "2010-12-31": "36.38000", "2010-09-30": "34.71500", "2010-06-30": "37.19700", "2010-03-31": "33.02800", "2009-12-31": "30.96100", "2009-09-30": "31.53600", "2009-06-30": "33.66700", "2009-03-31": "26.07100", "2008-12-31": "23.55500", "2008-09-30": "25.69900", "2008-06-30": "39.36400", "2008-03-31": "27.55100", "2007-12-31": "25.52800", "2007-09-30": "25.79500", "2007-06-30": "21.66400", "2007-03-31": "21.02700", "2006-12-31": "24.67200", "2006-09-30": "24.95300", "2006-06-30": "25.74100", "2006-03-31": "18.16000", "2005-12-31": "19.89600", "2005-09-30": "20.49400", "2005-06-30": "19.82300", "2005-03-31": "17.58900"}, "Other Income": {"2020-12-31": "", "2020-09-30": "", "2020-06-30": "", "2020-03-31": "", "2019-12-31": "", "2019-09-30": "", "2019-06-30": "", "2019-03-31": "", "2018-12-31": "", "2018-09-30": "", "2018-06-30": "", "2018-03-31": "", "2017-12-31": "", "2017-09-30": "", "2017-06-30": "", "2017-03-31": "", "2016-12-31": "", "2016-09-30": "", "2016-06-30": "", "2016-03-31": "", "2015-12-31": "", "2015-09-30": "", "2015-06-30": "", "2015-03-31": "", "2014-12-31": "", "2014-09-30": "", "2014-06-30": "", "2014-03-31": "", "2013-12-31": "", "2013-09-30": "", "2013-06-30": "", "2013-03-31": "", "2012-12-31": "", "2012-09-30": "", "2012-06-30": "", "2012-03-31": "", "2011-12-31": "", "2011-09-30": "", "2011-06-30": "", "2011-03-31": "", "2010-12-31": "", "2010-09-30": "", "2010-06-30": "", "2010-03-31": "", "2009-12-31": "", "2009-09-30": "", "2009-06-30": "", "2009-03-31": "", "2008-12-31": "", "2008-09-30": "", "2008-06-30": "", "2008-03-31": "", "2007-12-31": "", "2007-09-30": "", "2007-06-30": "", "2007-03-31": "", "2006-12-31": "", "2006-09-30": "", "2006-06-30": "", "2006-03-31": "", "2005-12-31": "", "2005-09-30": "", "2005-06-30": "", "2005-03-31": ""}, "Income From Continuous Operations": {"2020-12-31": "174.95800", "2020-09-30": "146.32100", "2020-06-30": "148.99600", "2020-03-31": "111.85600", "2019-12-31": "90.54400", "2019-09-30": "108.83800", "2019-06-30": "125.70100", "2019-03-31": "102.70900", "2018-12-31": "85.67700", "2018-09-30": "93.21400", "2018-06-30": "108.68000", "2018-03-31": "89.47600", "2017-12-31": "38.29000", "2017-09-30": "70.51400", "2017-06-30": "85.40700", "2017-03-31": "69.05800", "2016-12-31": "52.37100", "2016-09-30": "56.45200", "2016-06-30": "67.20600", "2016-03-31": "46.02500", "2015-12-31": "44.39000", "2015-09-30": "44.22900", "2015-06-30": "56.93800", "2015-03-31": "46.57800", "2014-12-31": "25.95100", "2014-09-30": "52.16300", "2014-06-30": "57.24400", "2014-03-31": "46.59300", "2013-12-31": "43.23600", "2013-09-30": "45.69200", "2013-06-30": "53.99900", "2013-03-31": "44.86700", "2012-12-31": "43.36000", "2012-09-30": "42.87300", "2012-06-30": "51.32000", "2012-03-31": "40.73400", "2011-12-31": "37.99800", "2011-09-30": "38.49600", "2011-06-30": "48.65400", "2011-03-31": "36.60600", "2010-12-31": "36.38000", "2010-09-30": "34.71500", "2010-06-30": "37.19700", "2010-03-31": "33.02800", "2009-12-31": "30.96100", "2009-09-30": "31.53600", "2009-06-30": "33.66700", "2009-03-31": "26.07100", "2008-12-31": "23.55500", "2008-09-30": "25.69900", "2008-06-30": "39.36400", "2008-03-31": "27.55100", "2007-12-31": "25.52800", "2007-09-30": "25.79500", "2007-06-30": "21.66400", "2007-03-31": "21.02700", "2006-12-31": "24.67200", "2006-09-30": "24.95300", "2006-06-30": "25.78000", "2006-03-31": "18.27300", "2005-12-31": "20.02700", "2005-09-30": "20.60400", "2005-06-30": "19.93300", "2005-03-31": "17.69000"}, "Income From Discontinued Operations": {"2020-12-31": "", "2020-09-30": "", "2020-06-30": "", "2020-03-31": "", "2019-12-31": "", "2019-09-30": "", "2019-06-30": "", "2019-03-31": "", "2018-12-31": "", "2018-09-30": "", "2018-06-30": "", "2018-03-31": "", "2017-12-31": "", "2017-09-30": "", "2017-06-30": "", "2017-03-31": "", "2016-12-31": "", "2016-09-30": "", "2016-06-30": "", "2016-03-31": "", "2015-12-31": "", "2015-09-30": "", "2015-06-30": "", "2015-03-31": "", "2014-12-31": "", "2014-09-30": "", "2014-06-30": "", "2014-03-31": "", "2013-12-31": "", "2013-09-30": "", "2013-06-30": "", "2013-03-31": "", "2012-12-31": "", "2012-09-30": "", "2012-06-30": "", "2012-03-31": "", "2011-12-31": "", "2011-09-30": "", "2011-06-30": "", "2011-03-31": "", "2010-12-31": "", "2010-09-30": "", "2010-06-30": "", "2010-03-31": "", "2009-12-31": "", "2009-09-30": "", "2009-06-30": "", "2009-03-31": "", "2008-12-31": "", "2008-09-30": "", "2008-06-30": "", "2008-03-31": "", "2007-12-31": "", "2007-09-30": "", "2007-06-30": "", "2007-03-31": "", "2006-12-31": "", "2006-09-30": "", "2006-06-30": "", "2006-03-31": "", "2005-12-31": "", "2005-09-30": "", "2005-06-30": "", "2005-03-31": ""}, "Net Income": {"2020-12-31": "174.79000", "2020-09-30": "146.21900", "2020-06-30": "148.94000", "2020-03-31": "111.82700", "2019-12-31": "90.49600", "2019-09-30": "108.83700", "2019-06-30": "125.70600", "2019-03-31": "102.68100", "2018-12-31": "85.63800", "2018-09-30": "93.25100", "2018-06-30": "108.69100", "2018-03-31": "89.45100", "2017-12-31": "38.25700", "2017-09-30": "70.51100", "2017-06-30": "85.35700", "2017-03-31": "69.01900", "2016-12-31": "52.36900", "2016-09-30": "56.45500", "2016-06-30": "67.20200", "2016-03-31": "46.01900", "2015-12-31": "44.34900", "2015-09-30": "44.22300", "2015-06-30": "56.91200", "2015-03-31": "46.59400", "2014-12-31": "25.96100", "2014-09-30": "52.14200", "2014-06-30": "57.21800", "2014-03-31": "46.58500", "2013-12-31": "43.25700", "2013-09-30": "45.68800", "2013-06-30": "53.99500", "2013-03-31": "44.86000", "2012-12-31": "43.35400", "2012-09-30": "42.85300", "2012-06-30": "51.31700", "2012-03-31": "40.74300", "2011-12-31": "38.01000", "2011-09-30": "38.50700", "2011-06-30": "48.65700", "2011-03-31": "36.61200", "2010-12-31": "36.37100", "2010-09-30": "34.69400", "2010-06-30": "37.19300", "2010-03-31": "33.02600", "2009-12-31": "30.95100", "2009-09-30": "31.53600", "2009-06-30": "33.66700", "2009-03-31": "26.07100", "2008-12-31": "23.55500", "2008-09-30": "25.69900", "2008-06-30": "39.36400", "2008-03-31": "27.55100", "2007-12-31": "25.52800", "2007-09-30": "25.79500", "2007-06-30": "21.66400", "2007-03-31": "21.02700", "2006-12-31": "24.67200", "2006-09-30": "24.95300", "2006-06-30": "25.78000", "2006-03-31": "18.27300", "2005-12-31": "20.02700", "2005-09-30": "20.60400", "2005-06-30": "19.93300", "2005-03-31": "17.69000"}, "EBITDA": {"2020-12-31": "", "2020-09-30": "196.50700", "2020-06-30": "216.83000", "2020-03-31": "167.52900", "2019-12-31": "138.21990", "2019-09-30": "162.24800", "2019-06-30": "185.89600", "2019-03-31": "154.49310", "2018-12-31": "135.95090", "2018-09-30": "138.22800", "2018-06-30": "166.48600", "2018-03-31": "133.84800", "2017-12-31": "119.32800", "2017-09-30": "121.14000", "2017-06-30": "143.15000", "2017-03-31": "112.55000", "2016-12-31": "104.90900", "2016-09-30": "108.22600", "2016-06-30": "123.82600", "2016-03-31": "92.33900", "2015-12-31": "85.10500", "2015-09-30": "91.14500", "2015-06-30": "105.09300", "2015-03-31": "88.95700", "2014-12-31": "50.07890", "2014-09-30": "87.71000", "2014-06-30": "97.91400", "2014-03-31": "83.44000", "2013-12-31": "74.79200", "2013-09-30": "79.25800", "2013-06-30": "92.60700", "2013-03-31": "74.70100", "2012-12-31": "77.34500", "2012-09-30": "75.71100", "2012-06-30": "88.80300", "2012-03-31": "73.11200", "2011-12-31": "68.11300", "2011-09-30": "68.14100", "2011-06-30": "83.17700", "2011-03-31": "64.99600", "2010-12-31": "62.64290", "2010-09-30": "61.29900", "2010-06-30": "66.22100", "2010-03-31": "59.67400", "2009-12-31": "56.70210", "2009-09-30": "56.71100", "2009-06-30": "61.33200", "2009-03-31": "50.99700", "2008-12-31": "48.31610", "2008-09-30": "51.01800", "2008-06-30": "70.99200", "2008-03-31": "50.11400", "2007-12-31": "48.16200", "2007-09-30": "46.36400", "2007-06-30": "42.69100", "2007-03-31": "39.92400", "2006-12-31": "37.54900", "2006-09-30": "41.99000", "2006-06-30": "44.57700", "2006-03-31": "33.63300", "2005-12-31": "36.65690", "2005-09-30": "36.06600", "2005-06-30": "35.02300", "2005-03-31": "31.95400"}, "EBIT": {"2020-12-31": "185.09500", "2020-09-30": "171.85600", "2020-06-30": "193.24800", "2020-03-31": "144.32500", "2019-12-31": "115.63090", "2019-09-30": "139.80200", "2019-06-30": "164.27500", "2019-03-31": "133.13810", "2018-12-31": "115.34690", "2018-09-30": "117.35000", "2018-06-30": "145.59400", "2018-03-31": "113.04400", "2017-12-31": "97.80800", "2017-09-30": "100.41300", "2017-06-30": "122.56400", "2017-03-31": "92.24300", "2016-12-31": "83.82490", "2016-09-30": "88.45900", "2016-06-30": "104.16200", "2016-03-31": "73.79300", "2015-12-31": "66.91100", "2015-09-30": "71.89500", "2015-06-30": "88.30300", "2015-03-31": "72.80300", "2014-12-31": "34.80100", "2014-09-30": "72.18900", "2014-06-30": "83.21900", "2014-03-31": "70.04600", "2013-12-31": "61.32600", "2013-09-30": "65.48500", "2013-06-30": "78.76300", "2013-03-31": "61.18800", "2012-12-31": "63.42700", "2012-09-30": "62.91200", "2012-06-30": "75.81700", "2012-03-31": "60.40700", "2011-12-31": "55.29900", "2011-09-30": "56.09600", "2011-06-30": "71.29800", "2011-03-31": "53.53200", "2010-12-31": "50.80400", "2010-09-30": "49.81400", "2010-06-30": "54.83500", "2010-03-31": "48.42800", "2009-12-31": "44.14710", "2009-09-30": "44.20500", "2009-06-30": "49.17600", "2009-03-31": "38.44100", "2008-12-31": "35.84910", "2008-09-30": "38.99700", "2008-06-30": "58.89100", "2008-03-31": "38.71900", "2007-12-31": "36.74210", "2007-09-30": "36.09700", "2007-06-30": "32.46700", "2007-03-31": "30.87700", "2006-12-31": "29.47000", "2006-09-30": "34.46200", "2006-06-30": "37.02600", "2006-03-31": "26.97500", "2005-12-31": "30.18390", "2005-09-30": "30.12300", "2005-06-30": "28.88600", "2005-03-31": "26.13800"}, "Basic Shares Outstanding": {"2020-12-31": "85.49000", "2020-09-30": "85.31400", "2020-06-30": "85.13400", "2020-03-31": "85.42700", "2019-12-31": "86.11500", "2019-09-30": "86.19800", "2019-06-30": "86.21500", "2019-03-31": "86.20400", "2018-12-31": "86.86400", "2018-09-30": "86.75600", "2018-06-30": "87.00400", "2018-03-31": "87.33100", "2017-12-31": "87.76900", "2017-09-30": "87.53700", "2017-06-30": "88.00400", "2017-03-31": "88.11700", "2016-12-31": "89.73200", "2016-09-30": "89.89400", "2016-06-30": "89.82400", "2016-03-31": "89.92400", "2015-12-31": "92.60100", "2015-09-30": "91.94400", "2015-06-30": "93.38400", "2015-03-31": "94.28000", "2014-12-31": "100.09400", "2014-09-30": "99.48900", "2014-06-30": "102.25000", "2014-03-31": "103.23400", "2013-12-31": "106.31800", "2013-09-30": "104.90000", "2013-06-30": "107.34000", "2013-03-31": "109.17600", "2012-12-31": "109.97000", "2012-09-30": "109.87600", "2012-06-30": "110.15800", "2012-03-31": "110.41600", "2011-12-31": "113.58000", "2011-09-30": "113.39800", "2011-06-30": "114.55200", "2011-03-31": "114.91400", "2010-12-31": "115.42600", "2010-09-30": "115.24000", "2010-06-30": "115.49400", "2010-03-31": "116.06600", "2009-12-31": "117.61800", "2009-09-30": "117.31200", "2009-06-30": "117.82200", "2009-03-31": "118.34400", "2008-12-31": "119.90600", "2008-09-30": "118.94600", "2008-06-30": "120.05800", "2008-03-31": "121.73000", "2007-12-31": "123.12000", "2007-09-30": "122.18800", "2007-06-30": "123.39400", "2007-03-31": "124.54800", "2006-12-31": "125.73200", "2006-09-30": "124.84000", "2006-06-30": "125.86800", "2006-03-31": "127.20000", "2005-12-31": "130.08600", "2005-09-30": "129.92800", "2005-06-30": "130.50800", "2005-03-31": "131.82000"}, "Shares Outstanding": {"2020-12-31": "86.90400", "2020-09-30": "86.69000", "2020-06-30": "86.40200", "2020-03-31": "86.70500", "2019-12-31": "87.54200", "2019-09-30": "87.66700", "2019-06-30": "87.61500", "2019-03-31": "87.54900", "2018-12-31": "88.47000", "2018-09-30": "88.45300", "2018-06-30": "88.59600", "2018-03-31": "88.94400", "2017-12-31": "89.56700", "2017-09-30": "89.25600", "2017-06-30": "89.87800", "2017-03-31": "89.99400", "2016-12-31": "90.88400", "2016-09-30": "91.13800", "2016-06-30": "90.81700", "2016-03-31": "90.83800", "2015-12-31": "93.64900", "2015-09-30": "92.89700", "2015-06-30": "94.30600", "2015-03-31": "95.52100", "2014-12-31": "101.50300", "2014-09-30": "100.80000", "2014-06-30": "103.59000", "2014-03-31": "104.67600", "2013-12-31": "107.97000", "2013-09-30": "106.48400", "2013-06-30": "108.77200", "2013-03-31": "110.98000", "2012-12-31": "112.31000", "2012-09-30": "112.17600", "2012-06-30": "112.42200", "2012-03-31": "112.87800", "2011-12-31": "116.42800", "2011-09-30": "116.01400", "2011-06-30": "117.45400", "2011-03-31": "118.18000", "2010-12-31": "119.11800", "2010-09-30": "118.55200", "2010-06-30": "119.29200", "2010-03-31": "120.05800", "2009-12-31": "121.36400", "2009-09-30": "121.33600", "2009-06-30": "121.39400", "2009-03-31": "121.21200", "2008-12-31": "124.49800", "2008-09-30": "123.73000", "2008-06-30": "124.88000", "2008-03-31": "127.11600", "2007-12-31": "128.91000", "2007-09-30": "127.83200", "2007-06-30": "128.80000", "2007-03-31": "130.16600", "2006-12-31": "131.81400", "2006-09-30": "130.92400", "2006-06-30": "132.05600", "2006-03-31": "133.67200", "2005-12-31": "136.21800", "2005-09-30": "136.17600", "2005-06-30": "136.24000", "2005-03-31": "137.75600"}, "Basic EPS": {"2020-12-31": "2.04000", "2020-09-30": "1.71000", "2020-06-30": "1.75000", "2020-03-31": "1.31000", "2019-12-31": "1.06000", "2019-09-30": "1.26000", "2019-06-30": "1.46000", "2019-03-31": "1.19000", "2018-12-31": "1.00000", "2018-09-30": "1.07000", "2018-06-30": "1.25000", "2018-03-31": "1.02000", "2017-12-31": "0.44000", "2017-09-30": "0.81000", "2017-06-30": "0.97000", "2017-03-31": "0.78000", "2016-12-31": "0.58000", "2016-09-30": "0.63000", "2016-06-30": "0.75000", "2016-03-31": "0.51000", "2015-12-31": "0.49000", "2015-09-30": "0.48000", "2015-06-30": "0.61000", "2015-03-31": "0.49000", "2014-12-31": "0.29000", "2014-09-30": "0.52000", "2014-06-30": "0.56000", "2014-03-31": "0.45000", "2013-12-31": "0.42000", "2013-09-30": "0.43500", "2013-06-30": "0.50500", "2013-03-31": "0.41000", "2012-12-31": "0.39500", "2012-09-30": "0.39000", "2012-06-30": "0.46500", "2012-03-31": "0.37000", "2011-12-31": "0.34000", "2011-09-30": "0.34000", "2011-06-30": "0.42500", "2011-03-31": "0.32000", "2010-12-31": "0.32000", "2010-09-30": "0.30000", "2010-06-30": "0.32000", "2010-03-31": "0.28500", "2009-12-31": "0.26500", "2009-09-30": "0.27000", "2009-06-30": "0.28500", "2009-03-31": "0.22000", "2008-12-31": "0.20000", "2008-09-30": "0.21500", "2008-06-30": "0.33000", "2008-03-31": "0.22500", "2007-12-31": "0.21000", "2007-09-30": "0.21000", "2007-06-30": "0.17500", "2007-03-31": "0.17000", "2006-12-31": "0.19750", "2006-09-30": "0.20000", "2006-06-30": "0.20500", "2006-03-31": "0.14250", "2005-12-31": "0.15500", "2005-09-30": "0.15750", "2005-06-30": "0.15250", "2005-03-31": "0.13500"}, "EPS - Earnings Per Share": {"2020-12-31": "2.01000", "2020-09-30": "1.69000", "2020-06-30": "1.72000", "2020-03-31": "1.29000", "2019-12-31": "1.05000", "2019-09-30": "1.24000", "2019-06-30": "1.43000", "2019-03-31": "1.17000", "2018-12-31": "0.97000", "2018-09-30": "1.05000", "2018-06-30": "1.23000", "2018-03-31": "1.01000", "2017-12-31": "0.43000", "2017-09-30": "0.79000", "2017-06-30": "0.95000", "2017-03-31": "0.77000", "2016-12-31": "0.57000", "2016-09-30": "0.62000", "2016-06-30": "0.74000", "2016-03-31": "0.51000", "2015-12-31": "0.48000", "2015-09-30": "0.48000", "2015-06-30": "0.60000", "2015-03-31": "0.49000", "2014-12-31": "0.27500", "2014-09-30": "0.52000", "2014-06-30": "0.55000", "2014-03-31": "0.44500", "2013-12-31": "0.41000", "2013-09-30": "0.43000", "2013-06-30": "0.49500", "2013-03-31": "0.40500", "2012-12-31": "0.39000", "2012-09-30": "0.38000", "2012-06-30": "0.45500", "2012-03-31": "0.36000", "2011-12-31": "0.33500", "2011-09-30": "0.33000", "2011-06-30": "0.41500", "2011-03-31": "0.31000", "2010-12-31": "0.30500", "2010-09-30": "0.29500", "2010-06-30": "0.31000", "2010-03-31": "0.27500", "2009-12-31": "0.25500", "2009-09-30": "0.26000", "2009-06-30": "0.27500", "2009-03-31": "0.21500", "2008-12-31": "0.19500", "2008-09-30": "0.21000", "2008-06-30": "0.31500", "2008-03-31": "0.21500", "2007-12-31": "0.20000", "2007-09-30": "0.20000", "2007-06-30": "0.17000", "2007-03-31": "0.16000", "2006-12-31": "0.18750", "2006-09-30": "0.19000", "2006-06-30": "0.19500", "2006-03-31": "0.13750", "2005-12-31": "0.14750", "2005-09-30": "0.15250", "2005-06-30": "0.14750", "2005-03-31": "0.12750"}}, "balance sheet": {"Cash On Hand": {"2020-12-31": "383.92800", "2019-12-31": "90.32600", "2018-12-31": "123.79400", "2017-12-31": "471.93000", "2016-12-31": "391.85000", "2015-12-31": "342.58500", "2014-12-31": "322.53600", "2013-12-31": "279.05800", "2012-12-31": "223.98600", "2011-12-31": "183.89500", "2010-12-31": "156.91500", "2009-12-31": "106.72800", "2008-12-31": "78.86800", "2007-12-31": "60.36000", "2006-12-31": "96.66600", "2005-12-31": "132.73100"}, "Receivables": {"2020-12-31": "331.42900", "2019-12-31": "269.31200", "2018-12-31": "248.85500", "2017-12-31": "234.59700", "2016-12-31": "204.49400", "2015-12-31": "188.31800", "2014-12-31": "152.38000", "2013-12-31": "158.03800", "2012-12-31": "138.32400", "2011-12-31": "141.27500", "2010-12-31": "120.08000", "2009-12-31": "115.10700", "2008-12-31": "111.49800", "2007-12-31": "108.38400", "2006-12-31": "81.38900", "2005-12-31": "71.68800"}, "Inventory": {"2020-12-31": "209.87300", "2019-12-31": "195.01900", "2018-12-31": "173.30300", "2017-12-31": "164.31800", "2016-12-31": "158.03400", "2015-12-31": "188.83300", "2014-12-31": "160.34200", "2013-12-31": "133.42700", "2012-12-31": "140.94600", "2011-12-31": "133.09900", "2010-12-31": "127.88500", "2009-12-31": "110.42500", "2008-12-31": "115.92600", "2007-12-31": "98.80400", "2006-12-31": "95.99600", "2005-12-31": "69.36900"}, "Pre-Paid Expenses": {"2020-12-31": "", "2019-12-31": "", "2018-12-31": "", "2017-12-31": "", "2016-12-31": "", "2015-12-31": "", "2014-12-31": "", "2013-12-31": "", "2012-12-31": "", "2011-12-31": "", "2010-12-31": "", "2009-12-31": "", "2008-12-31": "", "2007-12-31": "", "2006-12-31": "", "2005-12-31": ""}, "Other Current Assets": {"2020-12-31": "137.50800", "2019-12-31": "124.98200", "2018-12-31": "108.22000", "2017-12-31": "101.14000", "2016-12-31": "91.20600", "2015-12-31": "62.06900", "2014-12-31": "86.45100", "2013-12-31": "48.95700", "2012-12-31": "38.56700", "2011-12-31": "40.32100", "2010-12-31": "29.50800", "2009-12-31": "18.89000", "2008-12-31": "28.12100", "2007-12-31": "14.50900", "2006-12-31": "11.32800", "2005-12-31": "11.67900"}, "Total Current Assets": {"2020-12-31": "1062.73800", "2019-12-31": "679.63900", "2018-12-31": "654.17200", "2017-12-31": "971.98500", "2016-12-31": "845.58400", "2015-12-31": "821.63400", "2014-12-31": "759.39800", "2013-12-31": "652.70600", "2012-12-31": "569.53700", "2011-12-31": "524.22700", "2010-12-31": "460.59100", "2009-12-31": "376.33800", "2008-12-31": "355.89000", "2007-12-31": "305.66300", "2006-12-31": "302.26300", "2005-12-31": "299.24500"}, "Property, Plant, And Equipment": {"2020-12-31": "555.16700", "2019-12-31": "533.84500", "2018-12-31": "437.27000", "2017-12-31": "379.09600", "2016-12-31": "357.42200", "2015-12-31": "333.02600", "2014-12-31": "303.58700", "2013-12-31": "281.21400", "2012-12-31": "245.17700", "2011-12-31": "216.77700", "2010-12-31": "201.72500", "2009-12-31": "199.94600", "2008-12-31": "189.64600", "2007-12-31": "141.85200", "2006-12-31": "99.62800", "2005-12-31": "65.69700"}, "Long-Term Investments": {"2020-12-31": "", "2019-12-31": "", "2018-12-31": "", "2017-12-31": "", "2016-12-31": "", "2015-12-31": "", "2014-12-31": "", "2013-12-31": "", "2012-12-31": "", "2011-12-31": "", "2010-12-31": "", "2009-12-31": "", "2008-12-31": "", "2007-12-31": "", "2006-12-31": "", "2005-12-31": ""}, "Goodwill And Intangible Assets": {"2020-12-31": "", "2019-12-31": "298.19200", "2018-12-31": "256.31400", "2017-12-31": "243.71900", "2016-12-31": "224.38300", "2015-12-31": "234.84300", "2014-12-31": "249.57200", "2013-12-31": "239.36500", "2012-12-31": "237.82700", "2011-12-31": "241.81900", "2010-12-31": "204.86400", "2009-12-31": "212.61200", "2008-12-31": "207.09500", "2007-12-31": "236.41400", "2006-12-31": "157.66900", "2005-12-31": "118.74600"}, "Other Long-Term Assets": {"2020-12-31": "676.65600", "2019-12-31": "240.19200", "2018-12-31": "189.59300", "2017-12-31": "118.61600", "2016-12-31": "103.31500", "2015-12-31": "85.49000", "2014-12-31": "71.65400", "2013-12-31": "57.23100", "2012-12-31": "51.06100", "2011-12-31": "47.99100", "2010-12-31": "29.96400", "2009-12-31": "19.63100", "2008-12-31": "12.80600", "2007-12-31": "18.25000", "2006-12-31": "", "2005-12-31": "6.98800"}, "Total Long-Term Assets": {"2020-12-31": "1231.82300", "2019-12-31": "1152.83600", "2018-12-31": "883.17700", "2017-12-31": "741.43100", "2016-12-31": "685.12000", "2015-12-31": "653.35900", "2014-12-31": "624.81300", "2013-12-31": "577.81000", "2012-12-31": "534.06500", "2011-12-31": "506.58700", "2010-12-31": "436.55300", "2009-12-31": "432.18900", "2008-12-31": "409.54700", "2007-12-31": "396.51600", "2006-12-31": "257.29700", "2005-12-31": "191.43100"}, "Total Assets": {"2020-12-31": "2294.56100", "2019-12-31": "1832.47500", "2018-12-31": "1537.34900", "2017-12-31": "1713.41600", "2016-12-31": "1530.70400", "2015-12-31": "1474.99300", "2014-12-31": "1384.21100", "2013-12-31": "1230.51600", "2012-12-31": "1103.60200", "2011-12-31": "1030.81400", "2010-12-31": "897.14400", "2009-12-31": "808.52700", "2008-12-31": "765.43700", "2007-12-31": "702.17900", "2006-12-31": "559.56000", "2005-12-31": "490.67600"}, "Total Current Liabilities": {"2020-12-31": "582.76100", "2019-12-31": "725.33700", "2018-12-31": "770.44400", "2017-12-31": "1004.56700", "2016-12-31": "934.56800", "2015-12-31": "856.76100", "2014-12-31": "820.90600", "2013-12-31": "478.35300", "2012-12-31": "406.33300", "2011-12-31": "436.87900", "2010-12-31": "285.11200", "2009-12-31": "256.30500", "2008-12-31": "295.29200", "2007-12-31": "223.39200", "2006-12-31": "124.74300", "2005-12-31": "106.56600"}, "Long Term Debt": {"2020-12-31": "858.49200", "2019-12-31": "698.91000", "2018-12-31": "601.34800", "2017-12-31": "606.07500", "2016-12-31": "593.11000", "2015-12-31": "597.08500", "2014-12-31": "350.00000", "2013-12-31": "150.35900", "2012-12-31": "1.39400", "2011-12-31": "2.50100", "2010-12-31": "3.41800", "2009-12-31": "4.28100", "2008-12-31": "5.09400", "2007-12-31": "5.72700", "2006-12-31": "6.44700", "2005-12-31": ""}, "Other Non-Current Liabilities": {"2020-12-31": "220.51300", "2019-12-31": "81.16400", "2018-12-31": "84.82600", "2017-12-31": "95.71800", "2016-12-31": "38.93700", "2015-12-31": "28.69800", "2014-12-31": "32.36300", "2013-12-31": "31.21500", "2012-12-31": "23.89800", "2011-12-31": "17.73000", "2010-12-31": "11.04500", "2009-12-31": "11.26600", "2008-12-31": "11.13700", "2007-12-31": "13.83000", "2006-12-31": "4.52100", "2005-12-31": "0.96800"}, "Total Long Term Liabilities": {"2020-12-31": "1079.00500", "2019-12-31": "929.31290", "2018-12-31": "776.13810", "2017-12-31": "762.69100", "2016-12-31": "704.34900", "2015-12-31": "702.22700", "2014-12-31": "445.71600", "2013-12-31": "233.94900", "2012-12-31": "61.01200", "2011-12-31": "54.34200", "2010-12-31": "37.75100", "2009-12-31": "37.64300", "2008-12-31": "31.95100", "2007-12-31": "40.46400", "2006-12-31": "24.95600", "2005-12-31": "15.10000"}, "Total Liabilities": {"2020-12-31": "1079.00500", "2019-12-31": "1654.65000", "2018-12-31": "1546.58200", "2017-12-31": "1767.25800", "2016-12-31": "1638.91700", "2015-12-31": "1558.98800", "2014-12-31": "1266.62200", "2013-12-31": "712.30200", "2012-12-31": "467.34500", "2011-12-31": "491.22100", "2010-12-31": "322.86300", "2009-12-31": "293.94800", "2008-12-31": "327.24300", "2007-12-31": "263.85600", "2006-12-31": "149.69900", "2005-12-31": "121.66600"}, "Common Stock Net": {"2020-12-31": "", "2019-12-31": "10.57100", "2018-12-31": "10.50900", "2017-12-31": "10.42800", "2016-12-31": "10.33400", "2015-12-31": "10.25800", "2014-12-31": "10.19500", "2013-12-31": "10.11900", "2012-12-31": "10.01600", "2011-12-31": "9.92300", "2010-12-31": "9.79700", "2009-12-31": "9.63300", "2008-12-31": "9.53900", "2007-12-31": "9.45000", "2006-12-31": "9.32400", "2005-12-31": "4.59400"}, "Retained Earnings (Accumulated Deficit)": {"2020-12-31": "", "2019-12-31": "1595.64800", "2018-12-31": "1167.92800", "2017-12-31": "803.54500", "2016-12-31": "540.40100", "2015-12-31": "318.35600", "2014-12-31": "1675.29900", "2013-12-31": "1493.39300", "2012-12-31": "1305.59300", "2011-12-31": "1127.32600", "2010-12-31": "965.54000", "2009-12-31": "824.25600", "2008-12-31": "702.03100", "2007-12-31": "585.86200", "2006-12-31": "490.61400", "2005-12-31": "396.93600"}, "Comprehensive Income": {"2020-12-31": "", "2019-12-31": "-46.18200", "2018-12-31": "-41.79100", "2017-12-31": "-36.47000", "2016-12-31": "-43.05300", "2015-12-31": "-42.26500", "2014-12-31": "-8.07100", "2013-12-31": "13.62200", "2012-12-31": "15.95400", "2011-12-31": "15.44300", "2010-12-31": "13.46700", "2009-12-31": "10.34100", "2008-12-31": "5.67500", "2007-12-31": "22.70500", "2006-12-31": "10.56600", "2005-12-31": "0.86600"}, "Other Share Holders Equity": {"2020-12-31": "", "2019-12-31": "", "2018-12-31": "", "2017-12-31": "", "2016-12-31": "", "2015-12-31": "", "2014-12-31": "", "2013-12-31": "", "2012-12-31": "", "2011-12-31": "", "2010-12-31": "", "2009-12-31": "", "2008-12-31": "", "2007-12-31": "", "2006-12-31": "", "2005-12-31": ""}, "Share Holder Equity": {"2020-12-31": "632.79500", "2019-12-31": "177.82500", "2018-12-31": "-9.23300", "2017-12-31": "-53.84200", "2016-12-31": "-108.21300", "2015-12-31": "-83.99500", "2014-12-31": "117.58900", "2013-12-31": "518.21400", "2012-12-31": "636.25700", "2011-12-31": "539.59300", "2010-12-31": "574.28100", "2009-12-31": "514.57900", "2008-12-31": "438.19400", "2007-12-31": "438.32300", "2006-12-31": "409.86100", "2005-12-31": "369.01000"}, "Total Liabilities And Share Holders Equity": {"2020-12-31": "2294.56100", "2019-12-31": "1832.47500", "2018-12-31": "1537.34900", "2017-12-31": "1713.41600", "2016-12-31": "1530.70400", "2015-12-31": "1474.99300", "2014-12-31": "1384.21100", "2013-12-31": "1230.51600", "2012-12-31": "1103.60200", "2011-12-31": "1030.81400", "2010-12-31": "897.14400", "2009-12-31": "808.52700", "2008-12-31": "765.43700", "2007-12-31": "702.17900", "2006-12-31": "559.56000", "2005-12-31": "490.67600"}}, "balance sheet, quarterly": {"Cash On Hand": {"2020-12-31": "383.92800", "2020-09-30": "175.58700", "2020-06-30": "105.29300", "2020-03-31": "81.39500", "2019-12-31": "90.32600", "2019-09-30": "103.99600", "2019-06-30": "110.84500", "2019-03-31": "116.61600", "2018-12-31": "123.79400", "2018-09-30": "146.87700", "2018-06-30": "174.55900", "2018-03-31": "159.22900", "2017-12-31": "471.93000", "2017-09-30": "454.10400", "2017-06-30": "422.89800", "2017-03-31": "400.34100", "2016-12-31": "391.85000", "2016-09-30": "391.47400", "2016-06-30": "370.20200", "2016-03-31": "350.57000", "2015-12-31": "342.58500", "2015-09-30": "349.54900", "2015-06-30": "344.02200", "2015-03-31": "321.37500", "2014-12-31": "322.53600", "2014-09-30": "292.73500", "2014-06-30": "305.04800", "2014-03-31": "286.20300", "2013-12-31": "279.05800", "2013-09-30": "264.81100", "2013-06-30": "251.01300", "2013-03-31": "228.36400", "2012-12-31": "223.98600", "2012-09-30": "221.44100", "2012-06-30": "201.81300", "2012-03-31": "185.49100", "2011-12-31": "183.89500", "2011-09-30": "181.49900", "2011-06-30": "159.39800", "2011-03-31": "153.45900", "2010-12-31": "156.91500", "2010-09-30": "133.51200", "2010-06-30": "117.97500", "2010-03-31": "106.35400", "2009-12-31": "106.72800", "2009-09-30": "106.72800", "2009-06-30": "103.74400", "2009-03-31": "86.29500", "2008-12-31": "78.86800", "2008-09-30": "84.58600", "2008-06-30": "75.26500", "2008-03-31": "60.22000", "2007-12-31": "60.36000", "2007-09-30": "58.50700", "2007-06-30": "49.58800", "2007-03-31": "53.93700", "2006-12-31": "96.66600", "2006-09-30": "94.59100", "2006-06-30": "77.05700", "2006-03-31": "92.99700", "2005-12-31": "132.73100", "2005-09-30": "129.45600", "2005-06-30": "130.95700", "2005-03-31": "110.20100"}, "Receivables": {"2020-12-31": "331.42900", "2020-09-30": "337.59300", "2020-06-30": "320.32000", "2020-03-31": "299.98300", "2019-12-31": "269.31200", "2019-09-30": "268.31900", "2019-06-30": "286.15400", "2019-03-31": "281.15900", "2018-12-31": "248.85500", "2018-09-30": "264.56300", "2018-06-30": "265.01200", "2018-03-31": "259.86500", "2017-12-31": "234.59700", "2017-09-30": "228.15900", "2017-06-30": "240.26200", "2017-03-31": "225.35300", "2016-12-31": "204.49400", "2016-09-30": "204.70100", "2016-06-30": "212.22900", "2016-03-31": "212.07200", "2015-12-31": "188.31800", "2015-09-30": "190.90400", "2015-06-30": "199.44400", "2015-03-31": "196.23100", "2014-12-31": "152.38000", "2014-09-30": "160.46700", "2014-06-30": "168.64100", "2014-03-31": "179.91900", "2013-12-31": "158.03800", "2013-09-30": "151.56800", "2013-06-30": "159.11900", "2013-03-31": "158.98800", "2012-12-31": "138.32400", "2012-09-30": "141.37400", "2012-06-30": "147.15900", "2012-03-31": "160.98100", "2011-12-31": "141.27500", "2011-09-30": "134.92300", "2011-06-30": "149.31400", "2011-03-31": "137.55100", "2010-12-31": "120.08000", "2010-09-30": "120.45400", "2010-06-30": "127.13800", "2010-03-31": "130.51900", "2009-12-31": "115.10700", "2009-09-30": "115.14100", "2009-06-30": "118.78200", "2009-03-31": "115.25300", "2008-12-31": "111.49800", "2008-09-30": "112.05300", "2008-06-30": "120.56500", "2008-03-31": "125.24500", "2007-12-31": "108.38400", "2007-09-30": "103.40700", "2007-06-30": "106.68400", "2007-03-31": "104.79100", "2006-12-31": "81.38900", "2006-09-30": "79.30100", "2006-06-30": "84.47300", "2006-03-31": "81.91600", "2005-12-31": "71.68800", "2005-09-30": "68.09800", "2005-06-30": "73.13900", "2005-03-31": "75.61700"}, "Inventory": {"2020-12-31": "209.87300", "2020-09-30": "217.59700", "2020-06-30": "229.37700", "2020-03-31": "211.64400", "2019-12-31": "195.01900", "2019-09-30": "204.89300", "2019-06-30": "196.87600", "2019-03-31": "189.46800", "2018-12-31": "173.30300", "2018-09-30": "179.68400", "2018-06-30": "176.48700", "2018-03-31": "179.03900", "2017-12-31": "164.31800", "2017-09-30": "176.74900", "2017-06-30": "169.69300", "2017-03-31": "172.18300", "2016-12-31": "158.03400", "2016-09-30": "168.46800", "2016-06-30": "175.68800", "2016-03-31": "183.75900", "2015-12-31": "188.83300", "2015-09-30": "192.40500", "2015-06-30": "184.50000", "2015-03-31": "173.37000", "2014-12-31": "160.34200", "2014-09-30": "156.00700", "2014-06-30": "145.40000", "2014-03-31": "141.13400", "2013-12-31": "133.42700", "2013-09-30": "145.98700", "2013-06-30": "140.93800", "2013-03-31": "148.24200", "2012-12-31": "140.94600", "2012-09-30": "147.47400", "2012-06-30": "143.70300", "2012-03-31": "141.10400", "2011-12-31": "133.09900", "2011-09-30": "137.14300", "2011-06-30": "133.93400", "2011-03-31": "127.05400", "2010-12-31": "127.88500", "2010-09-30": "131.55500", "2010-06-30": "122.03200", "2010-03-31": "122.38400", "2009-12-31": "110.42500", "2009-09-30": "124.48800", "2009-06-30": "122.92400", "2009-03-31": "123.57500", "2008-12-31": "115.92600", "2008-09-30": "112.90700", "2008-06-30": "106.18200", "2008-03-31": "99.87800", "2007-12-31": "98.80400", "2007-09-30": "96.27300", "2007-06-30": "91.55100", "2007-03-31": "106.37300", "2006-12-31": "95.99600", "2006-09-30": "93.24200", "2006-06-30": "85.54000", "2006-03-31": "81.22900", "2005-12-31": "69.36900", "2005-09-30": "80.20600", "2005-06-30": "81.76500", "2005-03-31": "78.48100"}, "Pre-Paid Expenses": {"2020-12-31": "", "2020-09-30": "", "2020-06-30": "", "2020-03-31": "", "2019-12-31": "", "2019-09-30": "", "2019-06-30": "", "2019-03-31": "", "2018-12-31": "", "2018-09-30": "", "2018-06-30": "", "2018-03-31": "", "2017-12-31": "", "2017-09-30": "", "2017-06-30": "", "2017-03-31": "", "2016-12-31": "", "2016-09-30": "", "2016-06-30": "", "2016-03-31": "", "2015-12-31": "", "2015-09-30": "", "2015-06-30": "", "2015-03-31": "", "2014-12-31": "", "2014-09-30": "", "2014-06-30": "", "2014-03-31": "", "2013-12-31": "", "2013-09-30": "", "2013-06-30": "", "2013-03-31": "", "2012-12-31": "", "2012-09-30": "", "2012-06-30": "", "2012-03-31": "", "2011-12-31": "", "2011-09-30": "", "2011-06-30": "", "2011-03-31": "", "2010-12-31": "", "2010-09-30": "", "2010-06-30": "", "2010-03-31": "", "2009-12-31": "", "2009-09-30": "", "2009-06-30": "", "2009-03-31": "", "2008-12-31": "", "2008-09-30": "", "2008-06-30": "", "2008-03-31": "", "2007-12-31": "", "2007-09-30": "", "2007-06-30": "", "2007-03-31": "", "2006-12-31": "", "2006-09-30": "", "2006-06-30": "", "2006-03-31": "", "2005-12-31": "", "2005-09-30": "", "2005-06-30": "", "2005-03-31": ""}, "Other Current Assets": {"2020-12-31": "137.50800", "2020-09-30": "137.90200", "2020-06-30": "124.62200", "2020-03-31": "128.32900", "2019-12-31": "124.98200", "2019-09-30": "126.17400", "2019-06-30": "118.42300", "2019-03-31": "110.40300", "2018-12-31": "108.22000", "2018-09-30": "113.07300", "2018-06-30": "123.77400", "2018-03-31": "103.57400", "2017-12-31": "101.14000", "2017-09-30": "83.71000", "2017-06-30": "85.80500", "2017-03-31": "80.71100", "2016-12-31": "91.20600", "2016-09-30": "63.45700", "2016-06-30": "62.99100", "2016-03-31": "62.60500", "2015-12-31": "62.06900", "2015-09-30": "63.77100", "2015-06-30": "67.55900", "2015-03-31": "81.64200", "2014-12-31": "86.45100", "2014-09-30": "60.15400", "2014-06-30": "48.82900", "2014-03-31": "43.90500", "2013-12-31": "48.95700", "2013-09-30": "35.55300", "2013-06-30": "37.46000", "2013-03-31": "33.08200", "2012-12-31": "38.56700", "2012-09-30": "35.05500", "2012-06-30": "37.51400", "2012-03-31": "33.45800", "2011-12-31": "40.32100", "2011-09-30": "29.93400", "2011-06-30": "24.03400", "2011-03-31": "21.38700", "2010-12-31": "29.50800", "2010-09-30": "19.48800", "2010-06-30": "19.97400", "2010-03-31": "16.24000", "2009-12-31": "18.89000", "2009-09-30": "15.99300", "2009-06-30": "16.17700", "2009-03-31": "21.74500", "2008-12-31": "28.12100", "2008-09-30": "19.62400", "2008-06-30": "13.01900", "2008-03-31": "12.13000", "2007-12-31": "14.50900", "2007-09-30": "11.25900", "2007-06-30": "11.79300", "2007-03-31": "10.53000", "2006-12-31": "11.32800", "2006-09-30": "10.79300", "2006-06-30": "9.54400", "2006-03-31": "10.52400", "2005-12-31": "11.67900", "2005-09-30": "10.04700", "2005-06-30": "9.68900", "2005-03-31": "9.57200"}, "Total Current Assets": {"2020-12-31": "1062.73800", "2020-09-30": "868.67900", "2020-06-30": "779.61200", "2020-03-31": "721.35100", "2019-12-31": "679.63900", "2019-09-30": "703.38200", "2019-06-30": "712.29800", "2019-03-31": "697.64600", "2018-12-31": "654.17200", "2018-09-30": "704.19700", "2018-06-30": "739.83200", "2018-03-31": "701.70700", "2017-12-31": "971.98500", "2017-09-30": "942.72200", "2017-06-30": "918.65800", "2017-03-31": "878.58800", "2016-12-31": "845.58400", "2016-09-30": "828.10000", "2016-06-30": "821.11000", "2016-03-31": "809.00600", "2015-12-31": "821.63400", "2015-09-30": "833.39600", "2015-06-30": "833.03400", "2015-03-31": "808.90900", "2014-12-31": "759.39800", "2014-09-30": "702.62100", "2014-06-30": "701.70700", "2014-03-31": "683.16600", "2013-12-31": "652.70600", "2013-09-30": "625.22300", "2013-06-30": "614.90200", "2013-03-31": "594.39500", "2012-12-31": "569.53700", "2012-09-30": "570.77400", "2012-06-30": "555.30700", "2012-03-31": "544.86600", "2011-12-31": "524.22700", "2011-09-30": "510.75200", "2011-06-30": "493.57100", "2011-03-31": "465.44100", "2010-12-31": "460.59100", "2010-09-30": "429.91100", "2010-06-30": "410.55200", "2010-03-31": "398.36900", "2009-12-31": "376.33800", "2009-09-30": "385.72700", "2009-06-30": "384.33700", "2009-03-31": "367.78300", "2008-12-31": "355.89000", "2008-09-30": "353.37700", "2008-06-30": "339.06400", "2008-03-31": "322.36600", "2007-12-31": "305.66300", "2007-09-30": "293.74900", "2007-06-30": "282.46800", "2007-03-31": "296.75600", "2006-12-31": "302.26300", "2006-09-30": "291.89400", "2006-06-30": "271.79400", "2006-03-31": "280.95900", "2005-12-31": "299.24500", "2005-09-30": "299.67600", "2005-06-30": "307.33100", "2005-03-31": "286.34400"}, "Property, Plant, And Equipment": {"2020-12-31": "555.16700", "2020-09-30": "547.62400", "2020-06-30": "550.89500", "2020-03-31": "546.15800", "2019-12-31": "533.84500", "2019-09-30": "496.58400", "2019-06-30": "469.98200", "2019-03-31": "449.10300", "2018-12-31": "437.27000", "2018-09-30": "409.98000", "2018-06-30": "394.02100", "2018-03-31": "384.24600", "2017-12-31": "379.09600", "2017-09-30": "367.51300", "2017-06-30": "364.77900", "2017-03-31": "361.23300", "2016-12-31": "357.42200", "2016-09-30": "349.66400", "2016-06-30": "347.16100", "2016-03-31": "343.01000", "2015-12-31": "333.02600", "2015-09-30": "320.33700", "2015-06-30": "326.04100", "2015-03-31": "309.82700", "2014-12-31": "303.58700", "2014-09-30": "291.70100", "2014-06-30": "286.71200", "2014-03-31": "282.22600", "2013-12-31": "281.21400", "2013-09-30": "274.15800", "2013-06-30": "266.49400", "2013-03-31": "253.74200", "2012-12-31": "245.17700", "2012-09-30": "231.63900", "2012-06-30": "220.58000", "2012-03-31": "216.92700", "2011-12-31": "216.77700", "2011-09-30": "213.86800", "2011-06-30": "210.16300", "2011-03-31": "202.74800", "2010-12-31": "201.72500", "2010-09-30": "200.61000", "2010-06-30": "196.71400", "2010-03-31": "197.06300", "2009-12-31": "199.94600", "2009-09-30": "196.54200", "2009-06-30": "189.66000", "2009-03-31": "186.70800", "2008-12-31": "189.64600", "2008-09-30": "178.65500", "2008-06-30": "166.60400", "2008-03-31": "151.09400", "2007-12-31": "141.85200", "2007-09-30": "126.86500", "2007-06-30": "117.80600", "2007-03-31": "108.79600", "2006-12-31": "99.62800", "2006-09-30": "91.16500", "2006-06-30": "88.79500", "2006-03-31": "67.27300", "2005-12-31": "65.69700", "2005-09-30": "64.93600", "2005-06-30": "63.72100", "2005-03-31": "62.74400"}, "Long-Term Investments": {"2020-12-31": "", "2020-09-30": "", "2020-06-30": "", "2020-03-31": "", "2019-12-31": "", "2019-09-30": "", "2019-06-30": "", "2019-03-31": "", "2018-12-31": "", "2018-09-30": "", "2018-06-30": "", "2018-03-31": "", "2017-12-31": "", "2017-09-30": "", "2017-06-30": "", "2017-03-31": "", "2016-12-31": "", "2016-09-30": "", "2016-06-30": "", "2016-03-31": "", "2015-12-31": "", "2015-09-30": "", "2015-06-30": "", "2015-03-31": "", "2014-12-31": "", "2014-09-30": "", "2014-06-30": "", "2014-03-31": "", "2013-12-31": "", "2013-09-30": "", "2013-06-30": "", "2013-03-31": "51.00600", "2012-12-31": "", "2012-09-30": "", "2012-06-30": "", "2012-03-31": "", "2011-12-31": "", "2011-09-30": "", "2011-06-30": "", "2011-03-31": "", "2010-12-31": "", "2010-09-30": "", "2010-06-30": "", "2010-03-31": "", "2009-12-31": "", "2009-09-30": "", "2009-06-30": "", "2009-03-31": "", "2008-12-31": "", "2008-09-30": "", "2008-06-30": "", "2008-03-31": "", "2007-12-31": "", "2007-09-30": "", "2007-06-30": "", "2007-03-31": "", "2006-12-31": "", "2006-09-30": "", "2006-06-30": "", "2006-03-31": "", "2005-12-31": "", "2005-09-30": "2.05200", "2005-06-30": "7.58300", "2005-03-31": "12.03700"}, "Goodwill And Intangible Assets": {"2020-12-31": "", "2020-09-30": "291.56700", "2020-06-30": "291.04500", "2020-03-31": "291.15900", "2019-12-31": "298.19200", "2019-09-30": "247.83300", "2019-06-30": "253.14600", "2019-03-31": "254.01600", "2018-12-31": "256.31400", "2018-09-30": "258.46600", "2018-06-30": "235.01000", "2018-03-31": "242.91500", "2017-12-31": "243.71900", "2017-09-30": "244.77200", "2017-06-30": "242.75900", "2017-03-31": "226.28700", "2016-12-31": "224.38300", "2016-09-30": "228.51800", "2016-06-30": "230.38600", "2016-03-31": "235.19800", "2015-12-31": "234.84300", "2015-09-30": "239.04200", "2015-06-30": "237.22200", "2015-03-31": "236.84300", "2014-12-31": "249.57200", "2014-09-30": "235.74700", "2014-06-30": "237.16900", "2014-03-31": "237.74700", "2013-12-31": "239.36500", "2013-09-30": "242.37500", "2013-06-30": "229.50600", "2013-03-31": "233.49500", "2012-12-31": "237.82700", "2012-09-30": "237.97700", "2012-06-30": "235.55600", "2012-03-31": "243.53100", "2011-12-31": "241.81900", "2011-09-30": "200.62500", "2011-06-30": "207.23500", "2011-03-31": "207.21300", "2010-12-31": "204.86400", "2010-09-30": "206.15100", "2010-06-30": "201.12500", "2010-03-31": "207.83800", "2009-12-31": "212.61200", "2009-09-30": "214.97400", "2009-06-30": "207.68200", "2009-03-31": "200.74800", "2008-12-31": "207.09500", "2008-09-30": "231.37900", "2008-06-30": "242.13700", "2008-03-31": "244.78100", "2007-12-31": "236.41400", "2007-09-30": "235.88100", "2007-06-30": "230.56200", "2007-03-31": "227.36900", "2006-12-31": "157.66900", "2006-09-30": "132.72300", "2006-06-30": "133.03300", "2006-03-31": "119.25500", "2005-12-31": "118.74600", "2005-09-30": "125.96600", "2005-06-30": "115.37300", "2005-03-31": "120.81000"}, "Other Long-Term Assets": {"2020-12-31": "676.65600", "2020-09-30": "254.80200", "2020-06-30": "256.75400", "2020-03-31": "248.96500", "2019-12-31": "240.19200", "2019-09-30": "224.70500", "2019-06-30": "207.25600", "2019-03-31": "199.60900", "2018-12-31": "189.59300", "2018-09-30": "171.88700", "2018-06-30": "151.82200", "2018-03-31": "140.62400", "2017-12-31": "118.61600", "2017-09-30": "114.32700", "2017-06-30": "110.94100", "2017-03-31": "105.98300", "2016-12-31": "103.31500", "2016-09-30": "94.08800", "2016-06-30": "90.58400", "2016-03-31": "91.43300", "2015-12-31": "85.49000", "2015-09-30": "84.43500", "2015-06-30": "81.07300", "2015-03-31": "75.43500", "2014-12-31": "71.65400", "2014-09-30": "60.56300", "2014-06-30": "57.60500", "2014-03-31": "59.18500", "2013-12-31": "57.23100", "2013-09-30": "53.48200", "2013-06-30": "53.16900", "2013-03-31": "", "2012-12-31": "51.06100", "2012-09-30": "52.96100", "2012-06-30": "55.87400", "2012-03-31": "55.78100", "2011-12-31": "47.99100", "2011-09-30": "43.95400", "2011-06-30": "39.60600", "2011-03-31": "34.07600", "2010-12-31": "29.96400", "2010-09-30": "25.62500", "2010-06-30": "25.34400", "2010-03-31": "21.01400", "2009-12-31": "19.63100", "2009-09-30": "17.64600", "2009-06-30": "16.83100", "2009-03-31": "15.26500", "2008-12-31": "12.80600", "2008-09-30": "15.28200", "2008-06-30": "17.08400", "2008-03-31": "18.61600", "2007-12-31": "18.25000", "2007-09-30": "17.73800", "2007-06-30": "15.33300", "2007-03-31": "13.57300", "2006-12-31": "", "2006-09-30": "9.19000", "2006-06-30": "7.75600", "2006-03-31": "7.75500", "2005-12-31": "6.98800", "2005-09-30": "", "2005-06-30": "6.24200", "2005-03-31": "5.98300"}, "Total Long-Term Assets": {"2020-12-31": "1231.82300", "2020-09-30": "1178.72800", "2020-06-30": "1181.10100", "2020-03-31": "1164.89400", "2019-12-31": "1152.83600", "2019-09-30": "1048.09900", "2019-06-30": "1011.93900", "2019-03-31": "983.32200", "2018-12-31": "883.17700", "2018-09-30": "840.33300", "2018-06-30": "780.85300", "2018-03-31": "767.78500", "2017-12-31": "741.43100", "2017-09-30": "726.61210", "2017-06-30": "718.47890", "2017-03-31": "693.50310", "2016-12-31": "685.12000", "2016-09-30": "672.27000", "2016-06-30": "668.13100", "2016-03-31": "669.64100", "2015-12-31": "653.35900", "2015-09-30": "643.81400", "2015-06-30": "644.33600", "2015-03-31": "622.10500", "2014-12-31": "624.81300", "2014-09-30": "588.01100", "2014-06-30": "581.48600", "2014-03-31": "579.15800", "2013-12-31": "577.81000", "2013-09-30": "570.01500", "2013-06-30": "549.16900", "2013-03-31": "538.24300", "2012-12-31": "534.06500", "2012-09-30": "522.57700", "2012-06-30": "512.01000", "2012-03-31": "516.23900", "2011-12-31": "506.58700", "2011-09-30": "458.44700", "2011-06-30": "457.00400", "2011-03-31": "444.03700", "2010-12-31": "436.55300", "2010-09-30": "432.38600", "2010-06-30": "423.18300", "2010-03-31": "425.91500", "2009-12-31": "432.18900", "2009-09-30": "429.16200", "2009-06-30": "414.17300", "2009-03-31": "402.72100", "2008-12-31": "409.54700", "2008-09-30": "425.31600", "2008-06-30": "425.82500", "2008-03-31": "414.49100", "2007-12-31": "396.51600", "2007-09-30": "380.48400", "2007-06-30": "363.70100", "2007-03-31": "349.73800", "2006-12-31": "257.29700", "2006-09-30": "233.07800", "2006-06-30": "229.58400", "2006-03-31": "194.28300", "2005-12-31": "191.43100", "2005-09-30": "192.95400", "2005-06-30": "192.91900", "2005-03-31": "201.57400"}, "Total Assets": {"2020-12-31": "2294.56100", "2020-09-30": "2047.40700", "2020-06-30": "1960.71300", "2020-03-31": "1886.24500", "2019-12-31": "1832.47500", "2019-09-30": "1751.48100", "2019-06-30": "1724.23700", "2019-03-31": "1680.96800", "2018-12-31": "1537.34900", "2018-09-30": "1544.53000", "2018-06-30": "1520.68500", "2018-03-31": "1469.49200", "2017-12-31": "1713.41600", "2017-09-30": "1669.33400", "2017-06-30": "1637.13700", "2017-03-31": "1572.09100", "2016-12-31": "1530.70400", "2016-09-30": "1500.37000", "2016-06-30": "1489.24100", "2016-03-31": "1478.64700", "2015-12-31": "1474.99300", "2015-09-30": "1477.21000", "2015-06-30": "1477.37000", "2015-03-31": "1431.01400", "2014-12-31": "1384.21100", "2014-09-30": "1290.63200", "2014-06-30": "1283.19300", "2014-03-31": "1262.32400", "2013-12-31": "1230.51600", "2013-09-30": "1195.23800", "2013-06-30": "1164.07100", "2013-03-31": "1132.63800", "2012-12-31": "1103.60200", "2012-09-30": "1093.35100", "2012-06-30": "1067.31700", "2012-03-31": "1061.10500", "2011-12-31": "1030.81400", "2011-09-30": "969.19900", "2011-06-30": "950.57500", "2011-03-31": "909.47800", "2010-12-31": "897.14400", "2010-09-30": "862.29700", "2010-06-30": "833.73500", "2010-03-31": "824.28400", "2009-12-31": "808.52700", "2009-09-30": "814.88900", "2009-06-30": "798.51000", "2009-03-31": "770.50400", "2008-12-31": "765.43700", "2008-09-30": "778.69300", "2008-06-30": "764.88900", "2008-03-31": "736.85700", "2007-12-31": "702.17900", "2007-09-30": "674.23300", "2007-06-30": "646.16900", "2007-03-31": "646.49400", "2006-12-31": "559.56000", "2006-09-30": "524.97200", "2006-06-30": "501.37800", "2006-03-31": "475.24200", "2005-12-31": "490.67600", "2005-09-30": "492.63000", "2005-06-30": "500.25000", "2005-03-31": "487.91800"}, "Total Current Liabilities": {"2020-12-31": "582.76100", "2020-09-30": "526.84100", "2020-06-30": "540.58400", "2020-03-31": "846.24100", "2019-12-31": "725.33700", "2019-09-30": "626.62700", "2019-06-30": "618.90900", "2019-03-31": "689.61900", "2018-12-31": "770.44400", "2018-09-30": "759.53700", "2018-06-30": "774.31600", "2018-03-31": "728.83800", "2017-12-31": "1004.56700", "2017-09-30": "996.54300", "2017-06-30": "1001.49300", "2017-03-31": "936.07700", "2016-12-31": "934.56800", "2016-09-30": "760.20800", "2016-06-30": "822.77600", "2016-03-31": "878.66800", "2015-12-31": "856.76100", "2015-09-30": "824.76600", "2015-06-30": "775.42800", "2015-03-31": "803.44500", "2014-12-31": "820.90600", "2014-09-30": "630.26400", "2014-06-30": "600.35200", "2014-03-31": "517.17300", "2013-12-31": "478.35300", "2013-09-30": "592.95200", "2013-06-30": "551.67100", "2013-03-31": "439.57700", "2012-12-31": "406.33300", "2012-09-30": "415.84600", "2012-06-30": "419.15100", "2012-03-31": "437.28400", "2011-12-31": "436.87900", "2011-09-30": "336.36900", "2011-06-30": "298.13700", "2011-03-31": "272.57000", "2010-12-31": "285.11200", "2010-09-30": "270.93300", "2010-06-30": "271.20000", "2010-03-31": "289.16700", "2009-12-31": "256.30500", "2009-09-30": "198.56300", "2009-06-30": "213.11000", "2009-03-31": "292.14300", "2008-12-31": "295.29200", "2008-09-30": "307.75000", "2008-06-30": "299.05200", "2008-03-31": "265.02600", "2007-12-31": "223.39200", "2007-09-30": "209.17000", "2007-06-30": "213.56900", "2007-03-31": "188.41500", "2006-12-31": "124.74300", "2006-09-30": "116.73200", "2006-06-30": "123.32100", "2006-03-31": "98.36800", "2005-12-31": "106.56600", "2005-09-30": "97.51800", "2005-06-30": "93.25100", "2005-03-31": "85.05100"}, "Long Term Debt": {"2020-12-31": "858.49200", "2020-09-30": "853.31600", "2020-06-30": "899.56200", "2020-03-31": "697.36300", "2019-12-31": "698.91000", "2019-09-30": "696.63400", "2019-06-30": "700.55200", "2019-03-31": "699.33400", "2018-12-31": "601.34800", "2018-09-30": "664.96300", "2018-06-30": "603.13000", "2018-03-31": "609.00500", "2017-12-31": "606.07500", "2017-09-30": "604.14900", "2017-06-30": "600.89100", "2017-03-31": "594.86800", "2016-12-31": "593.11000", "2016-09-30": "630.01100", "2016-06-30": "597.95800", "2016-03-31": "600.02100", "2015-12-31": "597.08500", "2015-09-30": "599.55600", "2015-06-30": "622.79600", "2015-03-31": "522.35000", "2014-12-31": "350.00000", "2014-09-30": "371.54900", "2014-06-30": "150.00000", "2014-03-31": "150.09000", "2013-12-31": "150.35900", "2013-09-30": "0.62400", "2013-06-30": "0.88400", "2013-03-31": "1.14100", "2012-12-31": "1.39400", "2012-09-30": "1.77600", "2012-06-30": "2.02100", "2012-03-31": "2.26300", "2011-12-31": "2.50100", "2011-09-30": "2.73500", "2011-06-30": "2.96600", "2011-03-31": "3.19400", "2010-12-31": "3.41800", "2010-09-30": "3.63900", "2010-06-30": "3.85600", "2010-03-31": "4.07000", "2009-12-31": "4.28100", "2009-09-30": "84.48900", "2009-06-30": "84.69400", "2009-03-31": "4.89600", "2008-12-31": "5.09400", "2008-09-30": "5.15700", "2008-06-30": "5.35000", "2008-03-31": "5.54000", "2007-12-31": "5.72700", "2007-09-30": "5.91100", "2007-06-30": "6.09200", "2007-03-31": "6.27100", "2006-12-31": "6.44700", "2006-09-30": "6.62500", "2006-06-30": "6.79500", "2006-03-31": "", "2005-12-31": "", "2005-09-30": "", "2005-06-30": "", "2005-03-31": ""}, "Other Non-Current Liabilities": {"2020-12-31": "220.51300", "2020-09-30": "79.66400", "2020-06-30": "84.20700", "2020-03-31": "81.29300", "2019-12-31": "81.16400", "2019-09-30": "77.07800", "2019-06-30": "79.35200", "2019-03-31": "82.56400", "2018-12-31": "84.82600", "2018-09-30": "81.49400", "2018-06-30": "83.26700", "2018-03-31": "84.57300", "2017-12-31": "95.71800", "2017-09-30": "49.58300", "2017-06-30": "49.23000", "2017-03-31": "42.02000", "2016-12-31": "38.93700", "2016-09-30": "34.59400", "2016-06-30": "30.32800", "2016-03-31": "30.36100", "2015-12-31": "28.69800", "2015-09-30": "29.66000", "2015-06-30": "31.33400", "2015-03-31": "31.02700", "2014-12-31": "32.36300", "2014-09-30": "31.58800", "2014-06-30": "30.66400", "2014-03-31": "31.76000", "2013-12-31": "31.21500", "2013-09-30": "28.77500", "2013-06-30": "25.76000", "2013-03-31": "24.81900", "2012-12-31": "23.89800", "2012-09-30": "22.88800", "2012-06-30": "21.26000", "2012-03-31": "20.02100", "2011-12-31": "17.73000", "2011-09-30": "15.27900", "2011-06-30": "12.95400", "2011-03-31": "12.28400", "2010-12-31": "11.04500", "2010-09-30": "12.42600", "2010-06-30": "11.72200", "2010-03-31": "11.69900", "2009-12-31": "11.26600", "2009-09-30": "12.27200", "2009-06-30": "12.42900", "2009-03-31": "11.47600", "2008-12-31": "11.13700", "2008-09-30": "11.52700", "2008-06-30": "13.93900", "2008-03-31": "13.98400", "2007-12-31": "13.83000", "2007-09-30": "17.36300", "2007-06-30": "18.26100", "2007-03-31": "18.06900", "2006-12-31": "4.52100", "2006-09-30": "1.73700", "2006-06-30": "1.95700", "2006-03-31": "0.77100", "2005-12-31": "0.96800", "2005-09-30": "0.71500", "2005-06-30": "0.81800", "2005-03-31": "0.85600"}, "Total Long Term Liabilities": {"2020-12-31": "1079.00500", "2020-09-30": "1079.45100", "2020-06-30": "1146.72900", "2020-03-31": "931.94900", "2019-12-31": "929.31290", "2019-09-30": "922.13200", "2019-06-30": "933.77900", "2019-03-31": "939.47900", "2018-12-31": "776.13810", "2018-09-30": "786.35600", "2018-06-30": "787.21800", "2018-03-31": "789.63600", "2017-12-31": "762.69100", "2017-09-30": "721.18200", "2017-06-30": "721.75100", "2017-03-31": "709.92600", "2016-12-31": "704.34900", "2016-09-30": "685.17600", "2016-06-30": "674.96300", "2016-03-31": "673.76600", "2015-12-31": "702.22700", "2015-09-30": "691.24700", "2015-06-30": "693.39090", "2015-03-31": "593.48990", "2014-12-31": "445.71600", "2014-09-30": "430.89700", "2014-06-30": "229.91100", "2014-03-31": "232.89900", "2013-12-31": "233.94900", "2013-09-30": "67.39100", "2013-06-30": "62.80900", "2013-03-31": "61.76600", "2012-12-31": "61.01200", "2012-09-30": "59.97000", "2012-06-30": "58.22500", "2012-03-31": "56.94000", "2011-12-31": "54.34200", "2011-09-30": "46.86200", "2011-06-30": "43.62700", "2011-03-31": "40.00000", "2010-12-31": "37.75100", "2010-09-30": "44.71200", "2010-06-30": "38.25800", "2010-03-31": "37.98500", "2009-12-31": "37.64300", "2009-09-30": "116.69200", "2009-06-30": "114.82600", "2009-03-31": "32.53300", "2008-12-31": "31.95100", "2008-09-30": "33.61600", "2008-06-30": "37.37600", "2008-03-31": "38.19500", "2007-12-31": "40.46400", "2007-09-30": "44.92300", "2007-06-30": "48.04800", "2007-03-31": "45.99500", "2006-12-31": "24.95600", "2006-09-30": "20.65500", "2006-06-30": "21.02300", "2006-03-31": "13.81500", "2005-12-31": "15.10000", "2005-09-30": "14.34800", "2005-06-30": "14.77000", "2005-03-31": "15.42200"}, "Total Liabilities": {"2020-12-31": "1079.00500", "2020-09-30": "1606.29200", "2020-06-30": "1687.31300", "2020-03-31": "1778.19000", "2019-12-31": "1654.65000", "2019-09-30": "1548.75900", "2019-06-30": "1552.68800", "2019-03-31": "1629.09800", "2018-12-31": "1546.58200", "2018-09-30": "1545.89300", "2018-06-30": "1561.53400", "2018-03-31": "1518.47400", "2017-12-31": "1767.25800", "2017-09-30": "1717.72500", "2017-06-30": "1723.24400", "2017-03-31": "1646.00300", "2016-12-31": "1638.91700", "2016-09-30": "1445.38400", "2016-06-30": "1497.73900", "2016-03-31": "1552.43400", "2015-12-31": "1558.98800", "2015-09-30": "1516.01300", "2015-06-30": "1468.81900", "2015-03-31": "1396.93500", "2014-12-31": "1266.62200", "2014-09-30": "1061.16100", "2014-06-30": "830.26300", "2014-03-31": "750.07200", "2013-12-31": "712.30200", "2013-09-30": "660.34300", "2013-06-30": "614.48000", "2013-03-31": "501.34300", "2012-12-31": "467.34500", "2012-09-30": "475.81600", "2012-06-30": "477.37600", "2012-03-31": "494.22400", "2011-12-31": "491.22100", "2011-09-30": "383.23100", "2011-06-30": "341.76400", "2011-03-31": "312.57000", "2010-12-31": "322.86300", "2010-09-30": "315.64500", "2010-06-30": "309.45800", "2010-03-31": "327.15200", "2009-12-31": "293.94800", "2009-09-30": "315.25500", "2009-06-30": "327.93600", "2009-03-31": "324.67600", "2008-12-31": "327.24300", "2008-09-30": "341.36600", "2008-06-30": "336.42800", "2008-03-31": "303.22100", "2007-12-31": "263.85600", "2007-09-30": "254.09300", "2007-06-30": "261.61700", "2007-03-31": "234.41000", "2006-12-31": "149.69900", "2006-09-30": "137.38700", "2006-06-30": "144.34400", "2006-03-31": "112.18300", "2005-12-31": "121.66600", "2005-09-30": "111.86600", "2005-06-30": "108.02100", "2005-03-31": "100.47300"}, "Common Stock Net": {"2020-12-31": "", "2020-09-30": "10.62800", "2020-06-30": "10.60300", "2020-03-31": "10.59100", "2019-12-31": "10.57100", "2019-09-30": "10.55900", "2019-06-30": "10.54800", "2019-03-31": "10.53500", "2018-12-31": "10.50900", "2018-09-30": "10.50400", "2018-06-30": "10.48500", "2018-03-31": "10.46800", "2017-12-31": "10.42800", "2017-09-30": "10.41200", "2017-06-30": "10.39500", "2017-03-31": "10.37400", "2016-12-31": "10.33400", "2016-09-30": "10.31200", "2016-06-30": "10.28300", "2016-03-31": "10.25500", "2015-12-31": "10.25800", "2015-09-30": "10.21300", "2015-06-30": "10.23500", "2015-03-31": "10.22600", "2014-12-31": "10.19500", "2014-09-30": "10.17000", "2014-06-30": "10.16300", "2014-03-31": "10.15500", "2013-12-31": "10.11900", "2013-09-30": "10.08100", "2013-06-30": "10.06800", "2013-03-31": "10.06100", "2012-12-31": "10.01600", "2012-09-30": "9.99100", "2012-06-30": "9.97000", "2012-03-31": "9.95700", "2011-12-31": "9.92300", "2011-09-30": "9.91000", "2011-06-30": "9.88400", "2011-03-31": "9.85600", "2010-12-31": "9.79700", "2010-09-30": "9.76200", "2010-06-30": "9.72900", "2010-03-31": "9.67900", "2009-12-31": "9.63300", "2009-09-30": "9.61600", "2009-06-30": "9.58300", "2009-03-31": "9.56300", "2008-12-31": "9.53900", "2008-09-30": "9.53100", "2008-06-30": "9.50200", "2008-03-31": "9.48700", "2007-12-31": "9.45000", "2007-09-30": "4.71600", "2007-06-30": "4.70000", "2007-03-31": "4.68800", "2006-12-31": "9.32400", "2006-09-30": "4.65600", "2006-06-30": "4.63800", "2006-03-31": "4.62800", "2005-12-31": "4.59400", "2005-09-30": "4.57900", "2005-06-30": "4.55900", "2005-03-31": "4.53300"}, "Retained Earnings (Accumulated Deficit)": {"2020-12-31": "", "2020-09-30": "2000.80500", "2020-06-30": "1854.58600", "2020-03-31": "1705.64600", "2019-12-31": "1595.64800", "2019-09-30": "1505.15200", "2019-06-30": "1396.31500", "2019-03-31": "1270.60900", "2018-12-31": "1167.92800", "2018-09-30": "1082.29200", "2018-06-30": "989.03900", "2018-03-31": "880.34800", "2017-12-31": "803.54500", "2017-09-30": "765.28800", "2017-06-30": "694.77700", "2017-03-31": "609.42000", "2016-12-31": "540.40100", "2016-09-30": "488.03300", "2016-06-30": "431.57700", "2016-03-31": "364.37500", "2015-12-31": "318.35600", "2015-09-30": "274.00500", "2015-06-30": "231.07000", "2015-03-31": "1721.89300", "2014-12-31": "1675.29900", "2014-09-30": "1649.33700", "2014-06-30": "1597.19600", "2014-03-31": "1539.97800", "2013-12-31": "1493.39300", "2013-09-30": "1450.13500", "2013-06-30": "1404.44800", "2013-03-31": "1350.45300", "2012-12-31": "1305.59300", "2012-09-30": "1262.23900", "2012-06-30": "1219.38600", "2012-03-31": "1168.06900", "2011-12-31": "1127.32600", "2011-09-30": "1089.31600", "2011-06-30": "1050.80900", "2011-03-31": "1002.15200", "2010-12-31": "965.54000", "2010-09-30": "929.16900", "2010-06-30": "894.47500", "2010-03-31": "857.28200", "2009-12-31": "824.25600", "2009-09-30": "793.30500", "2009-06-30": "761.76900", "2009-03-31": "728.10200", "2008-12-31": "702.03100", "2008-09-30": "678.47600", "2008-06-30": "652.77700", "2008-03-31": "613.41300", "2007-12-31": "585.86200", "2007-09-30": "560.33400", "2007-06-30": "534.53900", "2007-03-31": "512.87500", "2006-12-31": "490.61400", "2006-09-30": "465.94200", "2006-06-30": "440.98900", "2006-03-31": "415.20900", "2005-12-31": "396.93600", "2005-09-30": "376.90900", "2005-06-30": "356.30500", "2005-03-31": "336.37200"}, "Comprehensive Income": {"2020-12-31": "", "2020-09-30": "-61.92500", "2020-06-30": "-57.03200", "2020-03-31": "-55.24600", "2019-12-31": "-46.18200", "2019-09-30": "-45.56500", "2019-06-30": "-40.58300", "2019-03-31": "-40.01500", "2018-12-31": "-41.79100", "2018-09-30": "-42.18700", "2018-06-30": "-42.55900", "2018-03-31": "-34.20600", "2017-12-31": "-36.47000", "2017-09-30": "-34.64800", "2017-06-30": "-38.38800", "2017-03-31": "-38.37900", "2016-12-31": "-43.05300", "2016-09-30": "-35.08100", "2016-06-30": "-35.46500", "2016-03-31": "-37.51500", "2015-12-31": "-42.26500", "2015-09-30": "-37.49300", "2015-06-30": "-22.27500", "2015-03-31": "-24.04900", "2014-12-31": "-8.07100", "2014-09-30": "1.99000", "2014-06-30": "15.03100", "2014-03-31": "14.44500", "2013-12-31": "13.62200", "2013-09-30": "15.56200", "2013-06-30": "10.49300", "2013-03-31": "11.68700", "2012-12-31": "15.95400", "2012-09-30": "14.57900", "2012-06-30": "8.85800", "2012-03-31": "19.48100", "2011-12-31": "15.44300", "2011-09-30": "18.70900", "2011-06-30": "26.46800", "2011-03-31": "19.58700", "2010-12-31": "13.46700", "2010-09-30": "11.42900", "2010-06-30": "2.92400", "2010-03-31": "6.54300", "2009-12-31": "10.34100", "2009-09-30": "8.44000", "2009-06-30": "4.76600", "2009-03-31": "-2.98100", "2008-12-31": "5.67500", "2008-09-30": "23.09700", "2008-06-30": "31.01100", "2008-03-31": "31.37200", "2007-12-31": "22.70500", "2007-09-30": "18.18600", "2007-06-30": "13.13100", "2007-03-31": "11.68900", "2006-12-31": "10.56600", "2006-09-30": "6.58800", "2006-06-30": "3.78800", "2006-03-31": "0.51400", "2005-12-31": "0.86600", "2005-09-30": "3.51800", "2005-06-30": "5.02700", "2005-03-31": "8.83600"}, "Other Share Holders Equity": {"2020-12-31": "", "2020-09-30": "", "2020-06-30": "", "2020-03-31": "", "2019-12-31": "", "2019-09-30": "", "2019-06-30": "", "2019-03-31": "", "2018-12-31": "", "2018-09-30": "", "2018-06-30": "", "2018-03-31": "", "2017-12-31": "", "2017-09-30": "", "2017-06-30": "", "2017-03-31": "", "2016-12-31": "", "2016-09-30": "", "2016-06-30": "", "2016-03-31": "", "2015-12-31": "", "2015-09-30": "", "2015-06-30": "", "2015-03-31": "", "2014-12-31": "", "2014-09-30": "", "2014-06-30": "", "2014-03-31": "", "2013-12-31": "", "2013-09-30": "", "2013-06-30": "", "2013-03-31": "", "2012-12-31": "", "2012-09-30": "", "2012-06-30": "", "2012-03-31": "", "2011-12-31": "", "2011-09-30": "", "2011-06-30": "", "2011-03-31": "", "2010-12-31": "", "2010-09-30": "", "2010-06-30": "", "2010-03-31": "", "2009-12-31": "", "2009-09-30": "", "2009-06-30": "", "2009-03-31": "", "2008-12-31": "", "2008-09-30": "", "2008-06-30": "", "2008-03-31": "", "2007-12-31": "", "2007-09-30": "", "2007-06-30": "", "2007-03-31": "", "2006-12-31": "", "2006-09-30": "", "2006-06-30": "", "2006-03-31": "", "2005-12-31": "", "2005-09-30": "", "2005-06-30": "", "2005-03-31": ""}, "Share Holder Equity": {"2020-12-31": "632.79500", "2020-09-30": "441.11500", "2020-06-30": "273.40000", "2020-03-31": "108.05500", "2019-12-31": "177.82500", "2019-09-30": "202.72200", "2019-06-30": "171.54900", "2019-03-31": "51.87000", "2018-12-31": "-9.23300", "2018-09-30": "-1.36300", "2018-06-30": "-40.84900", "2018-03-31": "-48.98200", "2017-12-31": "-53.84200", "2017-09-30": "-48.39100", "2017-06-30": "-86.10700", "2017-03-31": "-73.91200", "2016-12-31": "-108.21300", "2016-09-30": "54.98600", "2016-06-30": "-8.49800", "2016-03-31": "-73.78700", "2015-12-31": "-83.99500", "2015-09-30": "-38.80300", "2015-06-30": "8.55100", "2015-03-31": "34.07900", "2014-12-31": "117.58900", "2014-09-30": "229.47100", "2014-06-30": "452.93000", "2014-03-31": "512.25200", "2013-12-31": "518.21400", "2013-09-30": "534.89500", "2013-06-30": "549.59100", "2013-03-31": "631.29500", "2012-12-31": "636.25700", "2012-09-30": "617.53500", "2012-06-30": "589.94100", "2012-03-31": "566.88100", "2011-12-31": "539.59300", "2011-09-30": "585.96800", "2011-06-30": "608.81100", "2011-03-31": "596.90800", "2010-12-31": "574.28100", "2010-09-30": "546.65200", "2010-06-30": "524.27700", "2010-03-31": "497.13200", "2009-12-31": "514.57900", "2009-09-30": "499.63400", "2009-06-30": "470.57400", "2009-03-31": "445.82800", "2008-12-31": "438.19400", "2008-09-30": "437.32700", "2008-06-30": "428.46100", "2008-03-31": "433.63600", "2007-12-31": "438.32300", "2007-09-30": "420.14000", "2007-06-30": "384.55200", "2007-03-31": "412.08400", "2006-12-31": "409.86100", "2006-09-30": "387.58500", "2006-06-30": "357.03400", "2006-03-31": "363.05900", "2005-12-31": "369.01000", "2005-09-30": "380.76400", "2005-06-30": "392.22900", "2005-03-31": "387.44500"}, "Total Liabilities And Share Holders Equity": {"2020-12-31": "2294.56100", "2020-09-30": "2047.40700", "2020-06-30": "1960.71300", "2020-03-31": "1886.24500", "2019-12-31": "1832.47500", "2019-09-30": "1751.48100", "2019-06-30": "1724.23700", "2019-03-31": "1680.96800", "2018-12-31": "1537.34900", "2018-09-30": "1544.53000", "2018-06-30": "1520.68500", "2018-03-31": "1469.49200", "2017-12-31": "1713.41600", "2017-09-30": "1669.33400", "2017-06-30": "1637.13700", "2017-03-31": "1572.09100", "2016-12-31": "1530.70400", "2016-09-30": "1500.37000", "2016-06-30": "1489.24100", "2016-03-31": "1478.64700", "2015-12-31": "1474.99300", "2015-09-30": "1477.21000", "2015-06-30": "1477.37000", "2015-03-31": "1431.01400", "2014-12-31": "1384.21100", "2014-09-30": "1290.63200", "2014-06-30": "1283.19300", "2014-03-31": "1262.32400", "2013-12-31": "1230.51600", "2013-09-30": "1195.23800", "2013-06-30": "1164.07100", "2013-03-31": "1132.63800", "2012-12-31": "1103.60200", "2012-09-30": "1093.35100", "2012-06-30": "1067.31700", "2012-03-31": "1061.10500", "2011-12-31": "1030.81400", "2011-09-30": "969.19900", "2011-06-30": "950.57500", "2011-03-31": "909.47800", "2010-12-31": "897.14400", "2010-09-30": "862.29700", "2010-06-30": "833.73500", "2010-03-31": "824.28400", "2009-12-31": "808.52700", "2009-09-30": "814.88900", "2009-06-30": "798.51000", "2009-03-31": "770.50400", "2008-12-31": "765.43700", "2008-09-30": "778.69300", "2008-06-30": "764.88900", "2008-03-31": "736.85700", "2007-12-31": "702.17900", "2007-09-30": "674.23300", "2007-06-30": "646.16900", "2007-03-31": "646.49400", "2006-12-31": "559.56000", "2006-09-30": "524.97200", "2006-06-30": "501.37800", "2006-03-31": "475.24200", "2005-12-31": "490.67600", "2005-09-30": "492.63000", "2005-06-30": "500.25000", "2005-03-31": "487.91800"}}, "cash flow statement": {"Net Income/Loss": {"2020-12-31": "582.13100", "2019-12-31": "427.79200", "2018-12-31": "377.04700", "2017-12-31": "263.26900", "2016-12-31": "222.05400", "2015-12-31": "192.13500", "2014-12-31": "181.95100", "2013-12-31": "187.79400", "2012-12-31": "178.28700", "2011-12-31": "161.75400", "2010-12-31": "141.32000", "2009-12-31": "122.23500", "2008-12-31": "116.16900", "2007-12-31": "94.01400", "2006-12-31": "93.67800", "2005-12-31": "78.25400"}, "Total Depreciation And Amortization - Cash Flow": {"2020-12-31": "", "2019-12-31": "88.01100", "2018-12-31": "83.17800", "2017-12-31": "83.14000", "2016-12-31": "79.06100", "2015-12-31": "70.38800", "2014-12-31": "58.88800", "2013-12-31": "54.59600", "2012-12-31": "52.40800", "2011-12-31": "48.20200", "2010-12-31": "45.95600", "2009-12-31": "49.77300", "2008-12-31": "47.98400", "2007-12-31": "40.95800", "2006-12-31": "29.81600", "2005-12-31": "24.36900"}, "Other Non-Cash Items": {"2020-12-31": "97.69300", "2019-12-31": "48.32400", "2018-12-31": "31.49900", "2017-12-31": "18.48700", "2016-12-31": "30.45400", "2015-12-31": "23.65200", "2014-12-31": "4.72600", "2013-12-31": "6.66900", "2012-12-31": "-2.67600", "2011-12-31": "4.41300", "2010-12-31": "-5.30800", "2009-12-31": "13.24400", "2008-12-31": "12.66600", "2007-12-31": "1.16200", "2006-12-31": "-3.43200", "2005-12-31": "3.18400"}, "Total Non-Cash Items": {"2020-12-31": "97.69300", "2019-12-31": "136.33500", "2018-12-31": "114.67700", "2017-12-31": "101.62700", "2016-12-31": "109.51500", "2015-12-31": "94.04000", "2014-12-31": "63.61400", "2013-12-31": "61.26500", "2012-12-31": "49.73200", "2011-12-31": "52.61500", "2010-12-31": "40.64800", "2009-12-31": "63.01700", "2008-12-31": "60.65000", "2007-12-31": "42.12000", "2006-12-31": "26.38400", "2005-12-31": "27.55300"}, "Change In Accounts Receivable": {"2020-12-31": "", "2019-12-31": "-22.47200", "2018-12-31": "-18.40100", "2017-12-31": "-24.91800", "2016-12-31": "-22.55400", "2015-12-31": "-50.14200", "2014-12-31": "-3.62600", "2013-12-31": "-15.94600", "2012-12-31": "3.48700", "2011-12-31": "-24.80900", "2010-12-31": "-6.91400", "2009-12-31": "-1.15500", "2008-12-31": "-10.26600", "2007-12-31": "-25.53500", "2006-12-31": "-6.58300", "2005-12-31": "-9.30000"}, "Change In Inventories": {"2020-12-31": "", "2019-12-31": "-37.30600", "2018-12-31": "-25.62300", "2017-12-31": "-19.06200", "2016-12-31": "7.64800", "2015-12-31": "-34.96900", "2014-12-31": "-38.31000", "2013-12-31": "-1.34700", "2012-12-31": "-17.20800", "2011-12-31": "-7.57900", "2010-12-31": "-19.46900", "2009-12-31": "6.22300", "2008-12-31": "-18.46800", "2007-12-31": "-5.23000", "2006-12-31": "-25.67900", "2005-12-31": "7.43300"}, "Change In Accounts Payable": {"2020-12-31": "", "2019-12-31": "1.95700", "2018-12-31": "-0.16600", "2017-12-31": "1.39100", "2016-12-31": "2.11700", "2015-12-31": "-2.46800", "2014-12-31": "6.70300", "2013-12-31": "-4.39900", "2012-12-31": "-2.89800", "2011-12-31": "13.01500", "2010-12-31": "3.48200", "2009-12-31": "-9.15600", "2008-12-31": "-4.32700", "2007-12-31": "5.85100", "2006-12-31": "4.35200", "2005-12-31": "4.90100"}, "Change In Assets/Liabilities": {"2020-12-31": "-31.76100", "2019-12-31": "-47.14800", "2018-12-31": "-47.45000", "2017-12-31": "50.96900", "2016-12-31": "20.16300", "2015-12-31": "23.20600", "2014-12-31": "25.51400", "2013-12-31": "18.62900", "2012-12-31": "10.82100", "2011-12-31": "6.00200", "2010-12-31": "-10.83800", "2009-12-31": "-6.91700", "2008-12-31": "-4.70700", "2007-12-31": "-7.56500", "2006-12-31": "-0.20800", "2005-12-31": "-2.47300"}, "Total Change In Assets/Liabilities": {"2020-12-31": "-31.76100", "2019-12-31": "-104.96900", "2018-12-31": "-91.64000", "2017-12-31": "8.38000", "2016-12-31": "7.37400", "2015-12-31": "-64.37300", "2014-12-31": "-9.71900", "2013-12-31": "-3.06300", "2012-12-31": "-5.61100", "2011-12-31": "3.54400", "2010-12-31": "-3.13500", "2009-12-31": "-10.30000", "2008-12-31": "-33.51100", "2007-12-31": "-1.01000", "2006-12-31": "-10.23600", "2005-12-31": "10.74500"}, "Cash Flow From Operating Activities": {"2020-12-31": "648.06300", "2019-12-31": "459.15800", "2018-12-31": "400.08400", "2017-12-31": "373.27600", "2016-12-31": "338.94300", "2015-12-31": "221.80200", "2014-12-31": "235.84600", "2013-12-31": "245.99600", "2012-12-31": "222.40800", "2011-12-31": "217.91300", "2010-12-31": "178.83300", "2009-12-31": "174.95200", "2008-12-31": "143.30800", "2007-12-31": "135.12400", "2006-12-31": "109.82600", "2005-12-31": "116.55200"}, "Net Change In Property, Plant, And Equipment": {"2020-12-31": "-106.95800", "2019-12-31": "-154.96900", "2018-12-31": "-115.75100", "2017-12-31": "-74.38400", "2016-12-31": "-64.78700", "2015-12-31": "-82.92100", "2014-12-31": "-55.12300", "2013-12-31": "-77.61200", "2012-12-31": "-57.57300", "2011-12-31": "-49.45200", "2010-12-31": "-38.79600", "2009-12-31": "-48.58400", "2008-12-31": "-89.97100", "2007-12-31": "-65.13800", "2006-12-31": "-44.41500", "2005-12-31": "-21.44800"}, "Net Change In Intangible Assets": {"2020-12-31": "-0.66800", "2019-12-31": "-0.25500", "2018-12-31": "-7.18500", "2017-12-31": "-2.32000", "2016-12-31": "", "2015-12-31": "0.00000", "2014-12-31": "-0.17500", "2013-12-31": "-1.02400", "2012-12-31": "-0.90000", "2011-12-31": "-1.00000", "2010-12-31": "-0.39400", "2009-12-31": "-0.50000", "2008-12-31": "-4.75800", "2007-12-31": "-89.88400", "2006-12-31": "-25.22000", "2005-12-31": "-7.60400"}, "Net Acquisitions/Divestitures": {"2020-12-31": "-1.75000", "2019-12-31": "-50.30400", "2018-12-31": "-22.50000", "2017-12-31": "-14.57900", "2016-12-31": "-1.96400", "2015-12-31": "-10.30200", "2014-12-31": "-25.11500", "2013-12-31": "-7.42300", "2012-12-31": "0.34200", "2011-12-31": "-43.75700", "2010-12-31": "", "2009-12-31": "-4.53700", "2008-12-31": "3.13400", "2007-12-31": "", "2006-12-31": "", "2005-12-31": ""}, "Net Change In Short-term Investments": {"2020-12-31": "", "2019-12-31": "", "2018-12-31": "284.03800", "2017-12-31": "-47.40500", "2016-12-31": "-24.03500", "2015-12-31": "-215.18300", "2014-12-31": "", "2013-12-31": "", "2012-12-31": "", "2011-12-31": "", "2010-12-31": "", "2009-12-31": "", "2008-12-31": "", "2007-12-31": "35.00000", "2006-12-31": "30.65500", "2005-12-31": "44.26100"}, "Net Change In Long-Term Investments": {"2020-12-31": "", "2019-12-31": "", "2018-12-31": "", "2017-12-31": "", "2016-12-31": "", "2015-12-31": "", "2014-12-31": "", "2013-12-31": "", "2012-12-31": "", "2011-12-31": "", "2010-12-31": "-4.00000", "2009-12-31": "", "2008-12-31": "", "2007-12-31": "", "2006-12-31": "", "2005-12-31": ""}, "Net Change In Investments - Total": {"2020-12-31": "", "2019-12-31": "", "2018-12-31": "284.03800", "2017-12-31": "-47.40500", "2016-12-31": "-24.03500", "2015-12-31": "-215.18300", "2014-12-31": "", "2013-12-31": "", "2012-12-31": "", "2011-12-31": "", "2010-12-31": "-4.00000", "2009-12-31": "", "2008-12-31": "", "2007-12-31": "35.00000", "2006-12-31": "30.65500", "2005-12-31": "44.26100"}, "Investing Activities - Other": {"2020-12-31": "", "2019-12-31": "", "2018-12-31": "", "2017-12-31": "", "2016-12-31": "", "2015-12-31": "", "2014-12-31": "", "2013-12-31": "", "2012-12-31": "", "2011-12-31": "", "2010-12-31": "", "2009-12-31": "", "2008-12-31": "", "2007-12-31": "-1.10600", "2006-12-31": "-1.72000", "2005-12-31": "-2.61500"}, "Cash Flow From Investing Activities": {"2020-12-31": "-109.37600", "2019-12-31": "-205.52800", "2018-12-31": "138.60200", "2017-12-31": "-138.68800", "2016-12-31": "-90.78600", "2015-12-31": "-308.40600", "2014-12-31": "-80.41300", "2013-12-31": "-86.05900", "2012-12-31": "-58.13100", "2011-12-31": "-94.20900", "2010-12-31": "-43.19000", "2009-12-31": "-53.62100", "2008-12-31": "-91.59500", "2007-12-31": "-121.12800", "2006-12-31": "-40.70000", "2005-12-31": "12.59400"}, "Net Long-Term Debt": {"2020-12-31": "200.00000", "2019-12-31": "100.00000", "2018-12-31": "", "2017-12-31": "", "2016-12-31": "", "2015-12-31": "250.09700", "2014-12-31": "200.00000", "2013-12-31": "150.00000", "2012-12-31": "", "2011-12-31": "", "2010-12-31": "", "2009-12-31": "", "2008-12-31": "", "2007-12-31": "", "2006-12-31": "", "2005-12-31": ""}, "Net Current Debt": {"2020-12-31": "-289.62500", "2019-12-31": "-110.27500", "2018-12-31": "-256.04000", "2017-12-31": "44.00000", "2016-12-31": "38.00000", "2015-12-31": "24.00000", "2014-12-31": "270.60600", "2013-12-31": "63.89300", "2012-12-31": "-31.91700", "2011-12-31": "113.04000", "2010-12-31": "9.33000", "2009-12-31": "-33.75600", "2008-12-31": "78.95500", "2007-12-31": "69.99200", "2006-12-31": "-0.87700", "2005-12-31": "-2.05700"}, "Debt Issuance/Retirement Net - Total": {"2020-12-31": "-89.62500", "2019-12-31": "-10.27500", "2018-12-31": "-256.04000", "2017-12-31": "44.00000", "2016-12-31": "38.00000", "2015-12-31": "274.09700", "2014-12-31": "470.60600", "2013-12-31": "213.89300", "2012-12-31": "-31.91700", "2011-12-31": "113.04000", "2010-12-31": "9.33000", "2009-12-31": "-33.75600", "2008-12-31": "78.95500", "2007-12-31": "69.99200", "2006-12-31": "-0.87700", "2005-12-31": "-2.05700"}, "Net Common Equity Issued/Repurchased": {"2020-12-31": "-203.41800", "2019-12-31": "-273.60500", "2018-12-31": "-340.49300", "2017-12-31": "-252.01600", "2016-12-31": "-270.11400", "2015-12-31": "-385.02200", "2014-12-31": "-588.71600", "2013-12-31": "-329.52600", "2012-12-31": "-108.10200", "2011-12-31": "-226.70400", "2010-12-31": "-114.22500", "2009-12-31": "-66.73300", "2008-12-31": "-115.98200", "2007-12-31": "-97.44600", "2006-12-31": "-84.78900", "2005-12-31": "-104.92800"}, "Net Total Equity Issued/Repurchased": {"2020-12-31": "-203.41800", "2019-12-31": "-273.60500", "2018-12-31": "-340.49300", "2017-12-31": "-252.01600", "2016-12-31": "-270.11400", "2015-12-31": "-385.02200", "2014-12-31": "-588.71600", "2013-12-31": "-329.52600", "2012-12-31": "-108.10200", "2011-12-31": "-226.70400", "2010-12-31": "-114.22500", "2009-12-31": "-66.73300", "2008-12-31": "-115.98200", "2007-12-31": "-97.44600", "2006-12-31": "-84.78900", "2005-12-31": "-104.92800"}, "Total Common And Preferred Stock Dividends Paid": {"2020-12-31": "", "2019-12-31": "", "2018-12-31": "", "2017-12-31": "", "2016-12-31": "", "2015-12-31": "", "2014-12-31": "", "2013-12-31": "", "2012-12-31": "", "2011-12-31": "", "2010-12-31": "", "2009-12-31": "", "2008-12-31": "", "2007-12-31": "", "2006-12-31": "", "2005-12-31": ""}, "Financial Activities - Other": {"2020-12-31": "44.62700", "2019-12-31": "-2.52900", "2018-12-31": "-1.26600", "2017-12-31": "", "2016-12-31": "9.91800", "2015-12-31": "9.93500", "2014-12-31": "14.67200", "2013-12-31": "13.18200", "2012-12-31": "14.67600", "2011-12-31": "16.00700", "2010-12-31": "18.12600", "2009-12-31": "5.19400", "2008-12-31": "6.23700", "2007-12-31": "9.26700", "2006-12-31": "9.40700", "2005-12-31": ""}, "Cash Flow From Financial Activities": {"2020-12-31": "-248.41600", "2019-12-31": "-286.40900", "2018-12-31": "-597.79900", "2017-12-31": "-208.01600", "2016-12-31": "-222.19600", "2015-12-31": "-100.99000", "2014-12-31": "-103.43800", "2013-12-31": "-102.45100", "2012-12-31": "-125.34300", "2011-12-31": "-97.65700", "2010-12-31": "-86.76900", "2009-12-31": "-95.29500", "2008-12-31": "-30.79000", "2007-12-31": "-18.18700", "2006-12-31": "-76.25900", "2005-12-31": "-106.98500"}, "Net Cash Flow": {"2020-12-31": "293.60200", "2019-12-31": "-33.46800", "2018-12-31": "-63.88100", "2017-12-31": "32.77400", "2016-12-31": "25.90700", "2015-12-31": "-193.54200", "2014-12-31": "43.47800", "2013-12-31": "55.07200", "2012-12-31": "40.09100", "2011-12-31": "26.98000", "2010-12-31": "50.18700", "2009-12-31": "27.86000", "2008-12-31": "18.50800", "2007-12-31": "-1.30600", "2006-12-31": "-5.48500", "2005-12-31": "19.99500"}, "Stock-Based Compensation": {"2020-12-31": "", "2019-12-31": "39.27800", "2018-12-31": "25.15700", "2017-12-31": "23.51700", "2016-12-31": "19.89100", "2015-12-31": "19.88400", "2014-12-31": "18.09900", "2013-12-31": "16.53900", "2012-12-31": "15.95200", "2011-12-31": "15.49600", "2010-12-31": "13.26200", "2009-12-31": "11.62300", "2008-12-31": "10.50100", "2007-12-31": "8.77600", "2006-12-31": "10.84200", "2005-12-31": "0.18400"}, "Common Stock Dividends Paid": {"2020-12-31": "", "2019-12-31": "", "2018-12-31": "", "2017-12-31": "", "2016-12-31": "", "2015-12-31": "", "2014-12-31": "", "2013-12-31": "", "2012-12-31": "", "2011-12-31": "", "2010-12-31": "", "2009-12-31": "", "2008-12-31": "", "2007-12-31": "", "2006-12-31": "", "2005-12-31": ""}}, "cash flow statement, quarterly": {"Net Income/Loss": {"2020-12-31": 174.958, "2020-09-30": 146.321, "2020-06-30": 148.996, "2020-03-31": "111.85600", "2019-12-31": 90.544, "2019-09-30": 108.838, "2019-06-30": 125.701, "2019-03-31": "102.70900", "2018-12-31": 85.677, "2018-09-30": 93.214, "2018-06-30": 108.68, "2018-03-31": "89.47600", "2017-12-31": 38.29, "2017-09-30": 70.514, "2017-06-30": 85.407, "2017-03-31": "69.05800", "2016-12-31": 52.371, "2016-09-30": 56.452, "2016-06-30": 67.206, "2016-03-31": "46.02500", "2015-12-31": 44.39, "2015-09-30": 44.229, "2015-06-30": 56.938, "2015-03-31": "46.57800", "2014-12-31": 25.951, "2014-09-30": 52.163, "2014-06-30": 57.244, "2014-03-31": "46.59300", "2013-12-31": 43.237, "2013-09-30": 45.692, "2013-06-30": 53.998, "2013-03-31": "44.86700", "2012-12-31": 43.36, "2012-09-30": 42.873, "2012-06-30": 51.32, "2012-03-31": "40.73400", "2011-12-31": 37.998, "2011-09-30": 38.496, "2011-06-30": 48.654, "2011-03-31": "36.60600", "2010-12-31": 36.38, "2010-09-30": 34.715, "2010-06-30": 37.197, "2010-03-31": "33.02800", "2009-12-31": 30.961, "2009-09-30": 31.536, "2009-06-30": 33.667, "2009-03-31": "26.07100", "2008-12-31": 23.555, "2008-09-30": 25.699, "2008-06-30": 39.364, "2008-03-31": "27.55100", "2007-12-31": 25.528, "2007-09-30": 25.795, "2007-06-30": 21.664, "2007-03-31": "21.02700", "2006-12-31": 24.672, "2006-09-30": 24.953, "2006-06-30": 25.78, "2006-03-31": "18.27300", "2005-12-31": 20.027, "2005-09-30": 20.604, "2005-06-30": 19.933, "2005-03-31": "17.69000"}, "Total Depreciation And Amortization - Cash Flow": {"2020-12-31": -71.437, "2020-09-30": 24.651, "2020-06-30": 23.582, "2020-03-31": "23.20400", "2019-12-31": 22.589, "2019-09-30": 22.446, "2019-06-30": 21.621, "2019-03-31": "21.35500", "2018-12-31": 20.604, "2018-09-30": 20.878, "2018-06-30": 20.892, "2018-03-31": "20.80400", "2017-12-31": 21.52, "2017-09-30": 20.727, "2017-06-30": 20.586, "2017-03-31": "20.30700", "2016-12-31": 21.084, "2016-09-30": 19.767, "2016-06-30": 19.664, "2016-03-31": "18.54600", "2015-12-31": 18.194, "2015-09-30": 19.25, "2015-06-30": 16.79, "2015-03-31": "16.15400", "2014-12-31": 15.278, "2014-09-30": 15.521, "2014-06-30": 14.695, "2014-03-31": "13.39400", "2013-12-31": 13.466, "2013-09-30": 13.773, "2013-06-30": 13.844, "2013-03-31": "13.51300", "2012-12-31": 13.918, "2012-09-30": 12.799, "2012-06-30": 12.986, "2012-03-31": "12.70500", "2011-12-31": 12.814, "2011-09-30": 12.045, "2011-06-30": 11.879, "2011-03-31": "11.46400", "2010-12-31": 11.839, "2010-09-30": 11.485, "2010-06-30": 11.386, "2010-03-31": "11.24600", "2009-12-31": 12.555, "2009-09-30": 12.506, "2009-06-30": 12.156, "2009-03-31": "12.55600", "2008-12-31": 12.467, "2008-09-30": 12.021, "2008-06-30": 12.101, "2008-03-31": "11.39500", "2007-12-31": 11.42, "2007-09-30": 10.267, "2007-06-30": 10.224, "2007-03-31": "9.04700", "2006-12-31": 8.079, "2006-09-30": 7.528, "2006-06-30": 7.551, "2006-03-31": "6.65800", "2005-12-31": 6.473, "2005-09-30": 5.943, "2005-06-30": 6.137, "2005-03-31": "5.81600"}, "Other Non-Cash Items": {"2020-12-31": 70.332, "2020-09-30": 3.571, "2020-06-30": 9.437, "2020-03-31": "14.35300", "2019-12-31": 21.801, "2019-09-30": 9.118, "2019-06-30": 7.149, "2019-03-31": "10.25600", "2018-12-31": -5.313, "2018-09-30": 14.209, "2018-06-30": 12.547, "2018-03-31": "10.05600", "2017-12-31": -0.749, "2017-09-30": 3.772, "2017-06-30": 7.008, "2017-03-31": "8.45600", "2016-12-31": 14.458, "2016-09-30": 5.324, "2016-06-30": 3.597, "2016-03-31": "7.07500", "2015-12-31": 13.87, "2015-09-30": 9.076, "2015-06-30": 2.577, "2015-03-31": "-1.87100", "2014-12-31": 5.974, "2014-09-30": 2.219, "2014-06-30": -0.34, "2014-03-31": "-3.12700", "2013-12-31": 1.154, "2013-09-30": 3.553, "2013-06-30": 1.369, "2013-03-31": "0.59300", "2012-12-31": -3.524, "2012-09-30": 0.027, "2012-06-30": 0.397, "2012-03-31": "0.42400", "2011-12-31": 5.169, "2011-09-30": -0.875, "2011-06-30": -0.328, "2011-03-31": "0.44700", "2010-12-31": -6.322, "2010-09-30": 1.929, "2010-06-30": -3.288, "2010-03-31": "2.37300", "2009-12-31": 1.023, "2009-09-30": 3.256, "2009-06-30": 4.094, "2009-03-31": "4.87100", "2008-12-31": 9.34, "2008-09-30": -0.532, "2008-06-30": 3.971, "2008-03-31": "-0.11300", "2007-12-31": -0.207, "2007-09-30": -4.761, "2007-06-30": 8.441, "2007-03-31": "-2.31100", "2006-12-31": 0.821, "2006-09-30": -0.926, "2006-06-30": -0.028, "2006-03-31": "-3.29900", "2005-12-31": -0.901, "2005-09-30": 1.787, "2005-06-30": 1.724, "2005-03-31": "0.57400"}, "Total Non-Cash Items": {"2020-12-31": -1.105, "2020-09-30": 28.222, "2020-06-30": 33.019, "2020-03-31": "37.55700", "2019-12-31": 44.39, "2019-09-30": 31.564, "2019-06-30": 28.77, "2019-03-31": "31.61100", "2018-12-31": 15.291, "2018-09-30": 35.087, "2018-06-30": 33.439, "2018-03-31": "30.86000", "2017-12-31": 20.771, "2017-09-30": 24.499, "2017-06-30": 27.594, "2017-03-31": "28.76300", "2016-12-31": 35.542, "2016-09-30": 25.091, "2016-06-30": 23.261, "2016-03-31": "25.62100", "2015-12-31": 32.064, "2015-09-30": 28.326, "2015-06-30": 19.367, "2015-03-31": "14.28300", "2014-12-31": 21.252, "2014-09-30": 17.74, "2014-06-30": 14.355, "2014-03-31": "10.26700", "2013-12-31": 14.62, "2013-09-30": 17.326, "2013-06-30": 15.213, "2013-03-31": "14.10600", "2012-12-31": 10.394, "2012-09-30": 12.826, "2012-06-30": 13.383, "2012-03-31": "13.12900", "2011-12-31": 17.983, "2011-09-30": 11.17, "2011-06-30": 11.551, "2011-03-31": "11.91100", "2010-12-31": 5.517, "2010-09-30": 13.414, "2010-06-30": 8.098, "2010-03-31": "13.61900", "2009-12-31": 13.578, "2009-09-30": 15.762, "2009-06-30": 16.25, "2009-03-31": "17.42700", "2008-12-31": 21.807, "2008-09-30": 11.489, "2008-06-30": 16.072, "2008-03-31": "11.28200", "2007-12-31": 11.213, "2007-09-30": 5.506, "2007-06-30": 18.665, "2007-03-31": "6.73600", "2006-12-31": 8.9, "2006-09-30": 6.602, "2006-06-30": 7.523, "2006-03-31": "3.35900", "2005-12-31": 5.572, "2005-09-30": 7.73, "2005-06-30": 7.861, "2005-03-31": "6.39000"}, "Change In Accounts Receivable": {"2020-12-31": 72.409, "2020-09-30": -15.132, "2020-06-30": -19.215, "2020-03-31": "-38.06200", "2019-12-31": 1.979, "2019-09-30": 13.248, "2019-06-30": -4.278, "2019-03-31": "-33.42100", "2018-12-31": 14.64, "2018-09-30": -0.169, "2018-06-30": -11.072, "2018-03-31": "-21.80000", "2017-12-31": -6.194, "2017-09-30": 13.676, "2017-06-30": -12.971, "2017-03-31": "-19.42900", "2016-12-31": -5.907, "2016-09-30": 7, "2016-06-30": -2.143, "2016-03-31": "-21.50400", "2015-12-31": 0.882, "2015-09-30": 6.102, "2015-06-30": -5.688, "2015-03-31": "-51.43800", "2014-12-31": 4.838, "2014-09-30": 1.322, "2014-06-30": 11.921, "2014-03-31": "-21.70700", "2013-12-31": -3.151, "2013-09-30": 11.366, "2013-06-30": -0.439, "2013-03-31": "-23.72200", "2012-12-31": 3.232, "2012-09-30": 8.447, "2012-06-30": 9.626, "2012-03-31": "-17.81800", "2011-12-31": -8.628, "2011-09-30": 8.032, "2011-06-30": -9.78, "2011-03-31": "-14.43300", "2010-12-31": 0.002, "2010-09-30": 9.628, "2010-06-30": 0.849, "2010-03-31": "-17.39300", "2009-12-31": -0.023, "2009-09-30": 5.969, "2009-06-30": -1.029, "2009-03-31": "-6.07200", "2008-12-31": -5.266, "2008-09-30": 4.495, "2008-06-30": 4.048, "2008-03-31": "-13.54300", "2007-12-31": -11.257, "2007-09-30": 3.792, "2007-06-30": -1.642, "2007-03-31": "-16.42800", "2006-12-31": -0.09, "2006-09-30": 5.566, "2006-06-30": -1.975, "2006-03-31": "-10.08400", "2005-12-31": -4.789, "2005-09-30": 5.038, "2005-06-30": 1.179, "2005-03-31": "-10.72800"}, "Change In Inventories": {"2020-12-31": 25.091, "2020-09-30": 4.163, "2020-06-30": -14.82, "2020-03-31": "-14.43400", "2019-12-31": -0.724, "2019-09-30": -13.671, "2019-06-30": -8.39, "2019-03-31": "-14.52100", "2018-12-31": 1.792, "2018-09-30": -10.59, "2018-06-30": -8.755, "2018-03-31": "-8.07000", "2017-12-31": 3.904, "2017-09-30": -4.116, "2017-06-30": -13.481, "2017-03-31": "-5.36900", "2016-12-31": 10.151, "2016-09-30": -2.717, "2016-06-30": -1.55, "2016-03-31": "1.76400", "2015-12-31": -7.731, "2015-09-30": -11.215, "2015-06-30": -5.881, "2015-03-31": "-10.14200", "2014-12-31": -25.672, "2014-09-30": -7.063, "2014-06-30": -7.775, "2014-03-31": "2.20000", "2013-12-31": 8.869, "2013-09-30": -5.277, "2013-06-30": 5.778, "2013-03-31": "-10.71700", "2012-12-31": 0.87, "2012-09-30": -5.182, "2012-06-30": -4.209, "2012-03-31": "-8.68700", "2011-12-31": 2.153, "2011-09-30": -4.04, "2011-06-30": -6.589, "2011-03-31": "0.89700", "2010-12-31": 2.991, "2010-09-30": -9.483, "2010-06-30": -0.798, "2010-03-31": "-12.17900", "2009-12-31": 14.368, "2009-09-30": -1.269, "2009-06-30": 1.191, "2009-03-31": "-8.06700", "2008-12-31": -4.331, "2008-09-30": -7.177, "2008-06-30": -6.483, "2008-03-31": "-0.47700", "2007-12-31": -2.508, "2007-09-30": -4.524, "2007-06-30": 4.885, "2007-03-31": "-3.08300", "2006-12-31": -2.551, "2006-09-30": -7.518, "2006-06-30": -3.898, "2006-03-31": "-11.71200", "2005-12-31": 10.773, "2005-09-30": 1.99, "2005-06-30": -3.191, "2005-03-31": "-2.13900"}, "Change In Accounts Payable": {"2020-12-31": -0.512, "2020-09-30": 7.241, "2020-06-30": -4.974, "2020-03-31": "-1.75500", "2019-12-31": 0.776, "2019-09-30": 5.211, "2019-06-30": -4.729, "2019-03-31": "0.69900", "2018-12-31": 1.17, "2018-09-30": -1.339, "2018-06-30": 1.942, "2018-03-31": "-1.93900", "2017-12-31": 4.931, "2017-09-30": -4.962, "2017-06-30": 5.109, "2017-03-31": "-3.68700", "2016-12-31": 4.613, "2016-09-30": -2.595, "2016-06-30": 1.9, "2016-03-31": "-1.80100", "2015-12-31": 0.373, "2015-09-30": 0.151, "2015-06-30": 1.34, "2015-03-31": "-4.33200", "2014-12-31": -0.173, "2014-09-30": 6.539, "2014-06-30": -1.52, "2014-03-31": "1.85700", "2013-12-31": -8.357, "2013-09-30": -2.508, "2013-06-30": 0.899, "2013-03-31": "5.56700", "2012-12-31": 1.995, "2012-09-30": 1.866, "2012-06-30": -10.749, "2012-03-31": "3.99000", "2011-12-31": 4.71, "2011-09-30": 1.303, "2011-06-30": 6.454, "2011-03-31": "0.54800", "2010-12-31": -2.625, "2010-09-30": 1.799, "2010-06-30": -0.773, "2010-03-31": "5.08100", "2009-12-31": -2.288, "2009-09-30": -5.184, "2009-06-30": 2.631, "2009-03-31": "-4.31500", "2008-12-31": -0.695, "2008-09-30": 3.815, "2008-06-30": 0.092, "2008-03-31": "-7.53900", "2007-12-31": 10.599, "2007-09-30": -6.717, "2007-06-30": 1.034, "2007-03-31": "0.93500", "2006-12-31": 1.094, "2006-09-30": -1.063, "2006-06-30": -0.875, "2006-03-31": "5.19600", "2005-12-31": 1.437, "2005-09-30": 1.757, "2005-06-30": 3.365, "2005-03-31": "-1.65800"}, "Change In Assets/Liabilities": {"2020-12-31": -51.907, "2020-09-30": 22.301, "2020-06-30": 65.136, "2020-03-31": "-67.29100", "2019-12-31": 18.448, "2019-09-30": -12.925, "2019-06-30": 0.028, "2019-03-31": "-52.69900", "2018-12-31": 17.078, "2018-09-30": -5.495, "2018-06-30": -5.404, "2018-03-31": "-53.62900", "2017-12-31": 59.424, "2017-09-30": 11.073, "2017-06-30": 18.534, "2017-03-31": "-38.06200", "2016-12-31": 3.985, "2016-09-30": 17.084, "2016-06-30": 22.209, "2016-03-31": "-23.11500", "2015-12-31": 9.356, "2015-09-30": 9.353, "2015-06-30": 14.09, "2015-03-31": "-9.59300", "2014-12-31": 17.323, "2014-09-30": 3.002, "2014-06-30": 0.65, "2014-03-31": "4.53900", "2013-12-31": 9.862, "2013-09-30": 1.996, "2013-06-30": -0.399, "2013-03-31": "7.17000", "2012-12-31": 5.131, "2012-09-30": 4.79, "2012-06-30": 2.366, "2012-03-31": "-1.46600", "2011-12-31": -0.072, "2011-09-30": -1.588, "2011-06-30": 1.471, "2011-03-31": "6.19100", "2010-12-31": -7.572, "2010-09-30": -4.19, "2010-06-30": -1.041, "2010-03-31": "1.96500", "2009-12-31": -3.093, "2009-09-30": -0.374, "2009-06-30": -3.424, "2009-03-31": "-0.02600", "2008-12-31": -3.8, "2008-09-30": -0.526, "2008-06-30": 0.482, "2008-03-31": "-0.86300", "2007-12-31": -7.041, "2007-09-30": 0.035, "2007-06-30": -1.035, "2007-03-31": "0.47600", "2006-12-31": 0.176, "2006-09-30": -1.763, "2006-06-30": 1.275, "2006-03-31": "0.10400", "2005-12-31": -1.755, "2005-09-30": -0.478, "2005-06-30": 1.877, "2005-03-31": "-2.11700"}, "Total Change In Assets/Liabilities": {"2020-12-31": 45.081, "2020-09-30": 18.573, "2020-06-30": 26.127, "2020-03-31": "-121.54200", "2019-12-31": 20.479, "2019-09-30": -8.137, "2019-06-30": -17.369, "2019-03-31": "-99.94200", "2018-12-31": 34.68, "2018-09-30": -17.593, "2018-06-30": -23.289, "2018-03-31": "-85.43800", "2017-12-31": 62.065, "2017-09-30": 15.671, "2017-06-30": -2.809, "2017-03-31": "-66.54700", "2016-12-31": 12.842, "2016-09-30": 18.772, "2016-06-30": 20.416, "2016-03-31": "-44.65600", "2015-12-31": 2.88, "2015-09-30": 4.391, "2015-06-30": 3.861, "2015-03-31": "-75.50500", "2014-12-31": -19.9, "2014-09-30": 23.36, "2014-06-30": 10.163, "2014-03-31": "-23.34200", "2013-12-31": 7.558, "2013-09-30": 15.079, "2013-06-30": 12.218, "2013-03-31": "-37.91800", "2012-12-31": 15.166, "2012-09-30": 18.989, "2012-06-30": -1.087, "2012-03-31": "-38.67900", "2011-12-31": -1.586, "2011-09-30": 25.542, "2011-06-30": 2.887, "2011-03-31": "-23.29900", "2010-12-31": 6.953, "2010-09-30": 6.769, "2010-06-30": 10.585, "2010-03-31": "-27.44200", "2009-12-31": 14.91, "2009-09-30": -2.676, "2009-06-30": 8.34, "2009-03-31": "-30.87400", "2008-12-31": -11.868, "2008-09-30": 4.486, "2008-06-30": 15.493, "2008-03-31": "-41.62200", "2007-12-31": 3.633, "2007-09-30": 0.732, "2007-06-30": 24.178, "2007-03-31": "-29.55300", "2006-12-31": 4.842, "2006-09-30": -4.931, "2006-06-30": 14.508, "2006-03-31": "-24.65500", "2005-12-31": 14.448, "2005-09-30": 10.086, "2005-06-30": 10.009, "2005-03-31": "-23.79800"}, "Cash Flow From Operating Activities": {"2020-12-31": 218.934, "2020-09-30": 193.116, "2020-06-30": 208.142, "2020-03-31": "27.87100", "2019-12-31": 155.413, "2019-09-30": 132.265, "2019-06-30": 137.102, "2019-03-31": "34.37800", "2018-12-31": 135.648, "2018-09-30": 110.708, "2018-06-30": 118.83, "2018-03-31": "34.89800", "2017-12-31": 121.126, "2017-09-30": 110.684, "2017-06-30": 110.192, "2017-03-31": "31.27400", "2016-12-31": 100.755, "2016-09-30": 100.315, "2016-06-30": 110.883, "2016-03-31": "26.99000", "2015-12-31": 79.334, "2015-09-30": 76.946, "2015-06-30": 80.166, "2015-03-31": "-14.64400", "2014-12-31": 27.303, "2014-09-30": 93.263, "2014-06-30": 81.762, "2014-03-31": "33.51800", "2013-12-31": 65.415, "2013-09-30": 78.097, "2013-06-30": 81.429, "2013-03-31": "21.05500", "2012-12-31": 68.92, "2012-09-30": 74.688, "2012-06-30": 63.616, "2012-03-31": "15.18400", "2011-12-31": 54.395, "2011-09-30": 75.208, "2011-06-30": 63.092, "2011-03-31": "25.21800", "2010-12-31": 48.85, "2010-09-30": 54.898, "2010-06-30": 55.88, "2010-03-31": "19.20500", "2009-12-31": 59.449, "2009-09-30": 44.622, "2009-06-30": 58.257, "2009-03-31": "12.62400", "2008-12-31": 33.494, "2008-09-30": 41.674, "2008-06-30": 70.929, "2008-03-31": "-2.78900", "2007-12-31": 40.374, "2007-09-30": 32.033, "2007-06-30": 64.507, "2007-03-31": "-1.79000", "2006-12-31": 38.414, "2006-09-30": 26.624, "2006-06-30": 47.811, "2006-03-31": "-3.02300", "2005-12-31": 40.047, "2005-09-30": 38.42, "2005-06-30": 37.803, "2005-03-31": "0.28200"}, "Net Change In Property, Plant, And Equipment": {"2020-12-31": -14.19, "2020-09-30": -19.21, "2020-06-30": -24.556, "2020-03-31": "-49.00200", "2019-12-31": -45.911, "2019-09-30": -37.071, "2019-06-30": -33.781, "2019-03-31": "-38.20600", "2018-12-31": -33.109, "2018-09-30": -31.265, "2018-06-30": -27.651, "2018-03-31": "-23.72600", "2017-12-31": -20.014, "2017-09-30": -15.804, "2017-06-30": -14.919, "2017-03-31": "-23.64700", "2016-12-31": -14.831, "2016-09-30": -12.088, "2016-06-30": -15.962, "2016-03-31": "-21.90600", "2015-12-31": -15.404, "2015-09-30": -20.644, "2015-06-30": -23.856, "2015-03-31": "-23.01700", "2014-12-31": -12.619, "2014-09-30": -17.094, "2014-06-30": -14.112, "2014-03-31": "-11.29800", "2013-12-31": -16.153, "2013-09-30": -15.278, "2013-06-30": -26.049, "2013-03-31": "-20.13200", "2012-12-31": -14.388, "2012-09-30": -18.929, "2012-06-30": -14.812, "2012-03-31": "-9.44400", "2011-12-31": -9.748, "2011-09-30": -13.749, "2011-06-30": -16.462, "2011-03-31": "-9.49300", "2010-12-31": -10.236, "2010-09-30": -11.187, "2010-06-30": -8.927, "2010-03-31": "-8.44600", "2009-12-31": -14.278, "2009-09-30": -14.022, "2009-06-30": -12.216, "2009-03-31": "-8.06800", "2008-12-31": -24.989, "2008-09-30": -22.418, "2008-06-30": -25.515, "2008-03-31": "-17.04900", "2007-12-31": -23.415, "2007-09-30": -15.488, "2007-06-30": -15.743, "2007-03-31": "-10.49200", "2006-12-31": -11.418, "2006-09-30": -7.666, "2006-06-30": -18.374, "2006-03-31": "-6.95700", "2005-12-31": -5.739, "2005-09-30": -5.201, "2005-06-30": -5.972, "2005-03-31": "-4.53600"}, "Net Change In Intangible Assets": {"2020-12-31": 0, "2020-09-30": 0, "2020-06-30": 0, "2020-03-31": "-0.66800", "2019-12-31": 0, "2019-09-30": -0.255, "2019-06-30": 0, "2019-03-31": "", "2018-12-31": -6.735, "2018-09-30": -0.45, "2018-06-30": 0, "2018-03-31": "", "2017-12-31": -2, "2017-09-30": -0.32, "2017-06-30": 0, "2017-03-31": "", "2016-12-31": 0, "2016-09-30": 0, "2016-06-30": 0, "2016-03-31": "", "2015-12-31": 0, "2015-09-30": 0, "2015-06-30": 0, "2015-03-31": "", "2014-12-31": 0, "2014-09-30": 0, "2014-06-30": 0, "2014-03-31": "-0.17500", "2013-12-31": 0, "2013-09-30": -0.365, "2013-06-30": 0, "2013-03-31": "-0.65900", "2012-12-31": 0, "2012-09-30": 0, "2012-06-30": 0, "2012-03-31": "-0.90000", "2011-12-31": -1, "2011-09-30": 0, "2011-06-30": 0, "2011-03-31": "", "2010-12-31": -0.15, "2010-09-30": -0.1, "2010-06-30": 0, "2010-03-31": "-0.14400", "2009-12-31": -0.5, "2009-09-30": 0, "2009-06-30": 0, "2009-03-31": "", "2008-12-31": 3.891, "2008-09-30": -0.135, "2008-06-30": -0.981, "2008-03-31": "-7.53300", "2007-12-31": -2.146, "2007-09-30": -2.231, "2007-06-30": -5.196, "2007-03-31": "-80.31100", "2006-12-31": -15.853, "2006-09-30": -1.122, "2006-06-30": -7.609, "2006-03-31": "-0.63600", "2005-12-31": -1.198, "2005-09-30": -5.747, "2005-06-30": 0, "2005-03-31": "-0.65900"}, "Net Acquisitions/Divestitures": {"2020-12-31": -1.5, "2020-09-30": -0.25, "2020-06-30": 0, "2020-03-31": "", "2019-12-31": -50, "2019-09-30": 0, "2019-06-30": -0.304, "2019-03-31": "", "2018-12-31": 0, "2018-09-30": -22.5, "2018-06-30": 0, "2018-03-31": "", "2017-12-31": -0.05, "2017-09-30": 0, "2017-06-30": -14.529, "2017-03-31": "", "2016-12-31": -1.964, "2016-09-30": 0, "2016-06-30": 0, "2016-03-31": "", "2015-12-31": -2.102, "2015-09-30": -7.817, "2015-06-30": 0, "2015-03-31": "-0.38300", "2014-12-31": -17.599, "2014-09-30": -6.355, "2014-06-30": 0, "2014-03-31": "-1.16100", "2013-12-31": -0.822, "2013-09-30": -10.101, "2013-06-30": 0, "2013-03-31": "3.50000", "2012-12-31": -2.658, "2012-09-30": 0, "2012-06-30": 0, "2012-03-31": "3.00000", "2011-12-31": -44.157, "2011-09-30": -2.6, "2011-06-30": 0, "2011-03-31": "3.00000", "2010-12-31": 0, "2010-09-30": 0, "2010-06-30": 0, "2010-03-31": "", "2009-12-31": -5.914, "2009-09-30": 0, "2009-06-30": 0, "2009-03-31": "1.37700", "2008-12-31": 3.134, "2008-09-30": 0, "2008-06-30": 0, "2008-03-31": "", "2007-12-31": 0, "2007-09-30": 0, "2007-06-30": 0, "2007-03-31": "", "2006-12-31": 0, "2006-09-30": 0, "2006-06-30": 0, "2006-03-31": "", "2005-12-31": 0, "2005-09-30": 0, "2005-06-30": 0, "2005-03-31": ""}, "Net Change In Short-term Investments": {"2020-12-31": 0, "2020-09-30": 0, "2020-06-30": 0, "2020-03-31": "", "2019-12-31": 0, "2019-09-30": 0, "2019-06-30": 0, "2019-03-31": "", "2018-12-31": 0, "2018-09-30": 0, "2018-06-30": 0, "2018-03-31": "284.03800", "2017-12-31": -2.423, "2017-09-30": -25.363, "2017-06-30": -16.603, "2017-03-31": "-3.01600", "2016-12-31": 2.517, "2016-09-30": -10.858, "2016-06-30": -13.801, "2016-03-31": "-1.89300", "2015-12-31": -8.507, "2015-09-30": -26.345, "2015-06-30": -43.111, "2015-03-31": "-137.22000", "2014-12-31": 0, "2014-09-30": -5.4, "2014-06-30": 5.4, "2014-03-31": "", "2013-12-31": 0, "2013-09-30": 0, "2013-06-30": 0, "2013-03-31": "", "2012-12-31": 0, "2012-09-30": 0, "2012-06-30": 0, "2012-03-31": "", "2011-12-31": 0, "2011-09-30": 0, "2011-06-30": 0, "2011-03-31": "", "2010-12-31": 0, "2010-09-30": 0, "2010-06-30": 0, "2010-03-31": "", "2009-12-31": 0, "2009-09-30": 0, "2009-06-30": 0, "2009-03-31": "", "2008-12-31": 0, "2008-09-30": 0, "2008-06-30": 0, "2008-03-31": "", "2007-12-31": 0, "2007-09-30": 0, "2007-06-30": 0, "2007-03-31": "35.00000", "2006-12-31": 8.641, "2006-09-30": -16.595, "2006-06-30": 30.655, "2006-03-31": "7.95400", "2005-12-31": 8.186, "2005-09-30": 12.489, "2005-06-30": -8.526, "2005-03-31": "32.11200"}, "Net Change In Long-Term Investments": {"2020-12-31": 0, "2020-09-30": 0, "2020-06-30": 0, "2020-03-31": "", "2019-12-31": 0, "2019-09-30": 0, "2019-06-30": 0, "2019-03-31": "", "2018-12-31": 0, "2018-09-30": 0, "2018-06-30": 0, "2018-03-31": "", "2017-12-31": 0, "2017-09-30": 0, "2017-06-30": 0, "2017-03-31": "", "2016-12-31": 0, "2016-09-30": 0, "2016-06-30": 0, "2016-03-31": "", "2015-12-31": 0, "2015-09-30": 0, "2015-06-30": 0, "2015-03-31": "", "2014-12-31": -5.4, "2014-09-30": 5.4, "2014-06-30": 0, "2014-03-31": "", "2013-12-31": 0, "2013-09-30": 0, "2013-06-30": 0, "2013-03-31": "", "2012-12-31": 0, "2012-09-30": 0, "2012-06-30": 0, "2012-03-31": "", "2011-12-31": 0, "2011-09-30": 0, "2011-06-30": 0, "2011-03-31": "", "2010-12-31": -4, "2010-09-30": 0, "2010-06-30": 0, "2010-03-31": "", "2009-12-31": 0, "2009-09-30": 0, "2009-06-30": 0, "2009-03-31": "", "2008-12-31": 0, "2008-09-30": 0, "2008-06-30": 0, "2008-03-31": "", "2007-12-31": 0, "2007-09-30": 0, "2007-06-30": 0, "2007-03-31": "", "2006-12-31": 0, "2006-09-30": 0, "2006-06-30": 0, "2006-03-31": "", "2005-12-31": 0, "2005-09-30": 0, "2005-06-30": 0, "2005-03-31": ""}, "Net Change In Investments - Total": {"2020-12-31": 0, "2020-09-30": 0, "2020-06-30": 0, "2020-03-31": "", "2019-12-31": 0, "2019-09-30": 0, "2019-06-30": 0, "2019-03-31": "", "2018-12-31": 0, "2018-09-30": 0, "2018-06-30": 0, "2018-03-31": "284.03800", "2017-12-31": -2.423, "2017-09-30": -25.363, "2017-06-30": -16.603, "2017-03-31": "-3.01600", "2016-12-31": 2.517, "2016-09-30": -10.858, "2016-06-30": -13.801, "2016-03-31": "-1.89300", "2015-12-31": -8.507, "2015-09-30": -26.345, "2015-06-30": -43.111, "2015-03-31": "-137.22000", "2014-12-31": -5.4, "2014-09-30": 0, "2014-06-30": 5.4, "2014-03-31": "", "2013-12-31": 0, "2013-09-30": 0, "2013-06-30": 0, "2013-03-31": "", "2012-12-31": 0, "2012-09-30": 0, "2012-06-30": 0, "2012-03-31": "", "2011-12-31": 0, "2011-09-30": 0, "2011-06-30": 0, "2011-03-31": "", "2010-12-31": -4, "2010-09-30": 0, "2010-06-30": 0, "2010-03-31": "", "2009-12-31": 0, "2009-09-30": 0, "2009-06-30": 0, "2009-03-31": "", "2008-12-31": 0, "2008-09-30": 0, "2008-06-30": 0, "2008-03-31": "", "2007-12-31": 0, "2007-09-30": 0, "2007-06-30": 0, "2007-03-31": "35.00000", "2006-12-31": 8.641, "2006-09-30": -16.595, "2006-06-30": 30.655, "2006-03-31": "7.95400", "2005-12-31": 8.186, "2005-09-30": 12.489, "2005-06-30": -8.526, "2005-03-31": "32.11200"}, "Investing Activities - Other": {"2020-12-31": 0, "2020-09-30": 0, "2020-06-30": 0, "2020-03-31": "", "2019-12-31": 0, "2019-09-30": 0, "2019-06-30": 0, "2019-03-31": "", "2018-12-31": 0, "2018-09-30": 0, "2018-06-30": 0, "2018-03-31": "", "2017-12-31": 0, "2017-09-30": 0, "2017-06-30": 2.349, "2017-03-31": "-2.34900", "2016-12-31": 0, "2016-09-30": 0, "2016-06-30": 0, "2016-03-31": "", "2015-12-31": 0, "2015-09-30": 0, "2015-06-30": 0, "2015-03-31": "", "2014-12-31": 0, "2014-09-30": 0, "2014-06-30": 0, "2014-03-31": "", "2013-12-31": 0, "2013-09-30": 0, "2013-06-30": 0, "2013-03-31": "", "2012-12-31": 0, "2012-09-30": 0, "2012-06-30": 0, "2012-03-31": "", "2011-12-31": 0, "2011-09-30": 0, "2011-06-30": 0, "2011-03-31": "", "2010-12-31": 0, "2010-09-30": 0, "2010-06-30": 0, "2010-03-31": "", "2009-12-31": 6.68, "2009-09-30": -6.68, "2009-06-30": 0.188, "2009-03-31": "-0.18800", "2008-12-31": 0.56, "2008-09-30": -0.131, "2008-06-30": -0.203, "2008-03-31": "-0.22600", "2007-12-31": -0.366, "2007-09-30": -0.215, "2007-06-30": -0.287, "2007-03-31": "-0.23800", "2006-12-31": -0.35, "2006-09-30": -0.452, "2006-06-30": -0.536, "2006-03-31": "-0.38200", "2005-12-31": -0.831, "2005-09-30": -0.506, "2005-06-30": -0.582, "2005-03-31": "-0.69600"}, "Cash Flow From Investing Activities": {"2020-12-31": -15.69, "2020-09-30": -19.46, "2020-06-30": -24.556, "2020-03-31": "-49.67000", "2019-12-31": -95.911, "2019-09-30": -37.326, "2019-06-30": -34.085, "2019-03-31": "-38.20600", "2018-12-31": -39.844, "2018-09-30": -54.215, "2018-06-30": -27.651, "2018-03-31": "260.31200", "2017-12-31": -24.487, "2017-09-30": -41.487, "2017-06-30": -43.702, "2017-03-31": "-29.01200", "2016-12-31": -14.278, "2016-09-30": -22.946, "2016-06-30": -29.763, "2016-03-31": "-23.79900", "2015-12-31": -26.013, "2015-09-30": -54.806, "2015-06-30": -66.967, "2015-03-31": "-160.62000", "2014-12-31": -35.618, "2014-09-30": -23.449, "2014-06-30": -8.712, "2014-03-31": "-12.63400", "2013-12-31": -16.975, "2013-09-30": -25.744, "2013-06-30": -26.049, "2013-03-31": "-17.29100", "2012-12-31": -17.046, "2012-09-30": -18.929, "2012-06-30": -14.812, "2012-03-31": "-7.34400", "2011-12-31": -54.905, "2011-09-30": -16.349, "2011-06-30": -16.462, "2011-03-31": "-6.49300", "2010-12-31": -14.386, "2010-09-30": -11.287, "2010-06-30": -8.927, "2010-03-31": "-8.59000", "2009-12-31": -14.012, "2009-09-30": -20.702, "2009-06-30": -12.028, "2009-03-31": "-6.87900", "2008-12-31": -17.404, "2008-09-30": -22.684, "2008-06-30": -26.699, "2008-03-31": "-24.80800", "2007-12-31": -25.927, "2007-09-30": -17.934, "2007-06-30": -21.226, "2007-03-31": "-56.04100", "2006-12-31": -18.98, "2006-09-30": -25.835, "2006-06-30": 4.136, "2006-03-31": "-0.02100", "2005-12-31": 0.418, "2005-09-30": 1.035, "2005-06-30": -15.08, "2005-03-31": "26.22100"}, "Net Long-Term Debt": {"2020-12-31": 0, "2020-09-30": 0, "2020-06-30": 200, "2020-03-31": "", "2019-12-31": 0, "2019-09-30": 0, "2019-06-30": 0, "2019-03-31": "100.00000", "2018-12-31": 0, "2018-09-30": 0, "2018-06-30": 0, "2018-03-31": "", "2017-12-31": 0, "2017-09-30": 0, "2017-06-30": 0, "2017-03-31": "", "2016-12-31": 0, "2016-09-30": 0, "2016-06-30": 0, "2016-03-31": "", "2015-12-31": 0, "2015-09-30": 0, "2015-06-30": 100.097, "2015-03-31": "150.00000", "2014-12-31": 0, "2014-09-30": 200, "2014-06-30": 0, "2014-03-31": "", "2013-12-31": 150, "2013-09-30": 0, "2013-06-30": 0, "2013-03-31": "", "2012-12-31": 0, "2012-09-30": 0, "2012-06-30": 0, "2012-03-31": "", "2011-12-31": 0, "2011-09-30": 0, "2011-06-30": 0, "2011-03-31": "", "2010-12-31": 0, "2010-09-30": 0, "2010-06-30": 0, "2010-03-31": "", "2009-12-31": 0, "2009-09-30": 0, "2009-06-30": 0, "2009-03-31": "", "2008-12-31": 0, "2008-09-30": 0, "2008-06-30": 0, "2008-03-31": "", "2007-12-31": 0, "2007-09-30": 0, "2007-06-30": 0, "2007-03-31": "", "2006-12-31": 0, "2006-09-30": 0, "2006-06-30": 0, "2006-03-31": "", "2005-12-31": 0, "2005-09-30": 0, "2005-06-30": 0, "2005-03-31": ""}, "Net Current Debt": {"2020-12-31": 0, "2020-09-30": -121.933, "2020-06-30": -365.802, "2020-03-31": "198.11000", "2019-12-31": 59.257, "2019-09-30": -22.013, "2019-06-30": -95.495, "2019-03-31": "-52.02400", "2018-12-31": -15.54, "2018-09-30": -22.5, "2018-06-30": 29.5, "2018-03-31": "-247.50000", "2017-12-31": -31.25, "2017-09-30": -17.75, "2017-06-30": 33, "2017-03-31": "60.00000", "2016-12-31": 123, "2016-09-30": -70, "2016-06-30": -64, "2016-03-31": "49.00000", "2015-12-31": 30.5, "2015-09-30": 44.5, "2015-06-30": -51.5, "2015-03-31": "0.50000", "2014-12-31": 174, "2014-09-30": -9, "2014-06-30": 67.859, "2014-03-31": "37.74700", "2013-12-31": -120.449, "2013-09-30": 29.322, "2013-06-30": 107.258, "2013-03-31": "47.76200", "2012-12-31": -20.235, "2012-09-30": -12.23, "2012-06-30": -10.228, "2012-03-31": "10.77600", "2011-12-31": 88.78, "2011-09-30": 21.199, "2011-06-30": 5.758, "2011-03-31": "-2.69700", "2010-12-31": 2.8, "2010-09-30": -8.169, "2010-06-30": -23.624, "2010-03-31": "38.32300", "2009-12-31": -24.227, "2009-09-30": -12.875, "2009-06-30": -11.483, "2009-03-31": "14.82900", "2008-12-31": -12.602, "2008-09-30": 5.966, "2008-06-30": 17.826, "2008-03-31": "67.76500", "2007-12-31": 1.173, "2007-09-30": -8.966, "2007-06-30": 4.597, "2007-03-31": "73.18800", "2006-12-31": -0.165, "2006-09-30": -0.065, "2006-06-30": -0.096, "2006-03-31": "-0.55100", "2005-12-31": -0.001, "2005-09-30": -0.786, "2005-06-30": 0.001, "2005-03-31": "-1.27100"}, "Debt Issuance/Retirement Net - Total": {"2020-12-31": 0, "2020-09-30": -121.933, "2020-06-30": -165.802, "2020-03-31": "198.11000", "2019-12-31": 59.257, "2019-09-30": -22.013, "2019-06-30": -95.495, "2019-03-31": "47.97600", "2018-12-31": -15.54, "2018-09-30": -22.5, "2018-06-30": 29.5, "2018-03-31": "-247.50000", "2017-12-31": -31.25, "2017-09-30": -17.75, "2017-06-30": 33, "2017-03-31": "60.00000", "2016-12-31": 123, "2016-09-30": -70, "2016-06-30": -64, "2016-03-31": "49.00000", "2015-12-31": 30.5, "2015-09-30": 44.5, "2015-06-30": 48.597, "2015-03-31": "150.50000", "2014-12-31": 174, "2014-09-30": 191, "2014-06-30": 67.859, "2014-03-31": "37.74700", "2013-12-31": 29.551, "2013-09-30": 29.322, "2013-06-30": 107.258, "2013-03-31": "47.76200", "2012-12-31": -20.235, "2012-09-30": -12.23, "2012-06-30": -10.228, "2012-03-31": "10.77600", "2011-12-31": 88.78, "2011-09-30": 21.199, "2011-06-30": 5.758, "2011-03-31": "-2.69700", "2010-12-31": 2.8, "2010-09-30": -8.169, "2010-06-30": -23.624, "2010-03-31": "38.32300", "2009-12-31": -24.227, "2009-09-30": -12.875, "2009-06-30": -11.483, "2009-03-31": "14.82900", "2008-12-31": -12.602, "2008-09-30": 5.966, "2008-06-30": 17.826, "2008-03-31": "67.76500", "2007-12-31": 1.173, "2007-09-30": -8.966, "2007-06-30": 4.597, "2007-03-31": "73.18800", "2006-12-31": -0.165, "2006-09-30": -0.065, "2006-06-30": -0.096, "2006-03-31": "-0.55100", "2005-12-31": -0.001, "2005-09-30": -0.786, "2005-06-30": 0.001, "2005-03-31": "-1.27100"}, "Net Common Equity Issued/Repurchased": {"2020-12-31": -50.804, "2020-09-30": 18.256, "2020-06-30": 10.339, "2020-03-31": "-181.20900", "2019-12-31": -133.526, "2019-09-30": -77.166, "2019-06-30": -12.759, "2019-03-31": "-50.15400", "2018-12-31": -102.266, "2018-09-30": -61.528, "2018-06-30": -99.208, "2018-03-31": "-77.49100", "2017-12-31": -46.808, "2017-09-30": -50.121, "2017-06-30": -96.4, "2017-03-31": "-58.68700", "2016-12-31": -203.635, "2016-09-30": -3.765, "2016-06-30": -11.23, "2016-03-31": "-51.48400", "2015-12-31": -95.186, "2015-09-30": -85.389, "2015-06-30": -83.125, "2015-03-31": "-121.32200", "2014-12-31": -138.109, "2014-09-30": -268.688, "2014-06-30": -122.604, "2014-03-31": "-59.31500", "2013-12-31": -68.35, "2013-09-30": -71.261, "2013-06-30": -139.095, "2013-03-31": "-50.82000", "2012-12-31": -34.106, "2012-09-30": -29.237, "2012-06-30": -22.901, "2012-03-31": "-21.85800", "2011-12-31": -86.768, "2011-09-30": -60.884, "2011-06-30": -51.281, "2011-03-31": "-27.77100", "2010-12-31": -19.123, "2010-09-30": -27.824, "2010-06-30": -16.033, "2010-03-31": "-51.24500", "2009-12-31": -21.871, "2009-09-30": -12.025, "2009-06-30": -21.132, "2009-03-31": "-11.70500", "2008-12-31": -8.409, "2008-09-30": -14.416, "2008-06-30": -47.776, "2008-03-31": "-45.38100", "2007-12-31": -15.86, "2007-09-30": -1.458, "2007-06-30": -53.628, "2007-03-31": "-26.50000", "2006-12-31": -9.8, "2006-09-30": -3.006, "2006-06-30": -39.283, "2006-03-31": "-32.70000", "2005-12-31": -31.069, "2005-09-30": -32.929, "2005-06-30": -13.993, "2005-03-31": "-26.93700"}, "Net Total Equity Issued/Repurchased": {"2020-12-31": -50.804, "2020-09-30": 18.256, "2020-06-30": 10.339, "2020-03-31": "-181.20900", "2019-12-31": -133.526, "2019-09-30": -77.166, "2019-06-30": -12.759, "2019-03-31": "-50.15400", "2018-12-31": -102.266, "2018-09-30": -61.528, "2018-06-30": -99.208, "2018-03-31": "-77.49100", "2017-12-31": -46.808, "2017-09-30": -50.121, "2017-06-30": -96.4, "2017-03-31": "-58.68700", "2016-12-31": -203.635, "2016-09-30": -3.765, "2016-06-30": -11.23, "2016-03-31": "-51.48400", "2015-12-31": -95.186, "2015-09-30": -85.389, "2015-06-30": -83.125, "2015-03-31": "-121.32200", "2014-12-31": -138.109, "2014-09-30": -268.688, "2014-06-30": -122.604, "2014-03-31": "-59.31500", "2013-12-31": -68.35, "2013-09-30": -71.261, "2013-06-30": -139.095, "2013-03-31": "-50.82000", "2012-12-31": -34.106, "2012-09-30": -29.237, "2012-06-30": -22.901, "2012-03-31": "-21.85800", "2011-12-31": -86.768, "2011-09-30": -60.884, "2011-06-30": -51.281, "2011-03-31": "-27.77100", "2010-12-31": -19.123, "2010-09-30": -27.824, "2010-06-30": -16.033, "2010-03-31": "-51.24500", "2009-12-31": -21.871, "2009-09-30": -12.025, "2009-06-30": -21.132, "2009-03-31": "-11.70500", "2008-12-31": -8.409, "2008-09-30": -14.416, "2008-06-30": -47.776, "2008-03-31": "-45.38100", "2007-12-31": -15.86, "2007-09-30": -1.458, "2007-06-30": -53.628, "2007-03-31": "-26.50000", "2006-12-31": -9.8, "2006-09-30": -3.006, "2006-06-30": -39.283, "2006-03-31": "-32.70000", "2005-12-31": -31.069, "2005-09-30": -32.929, "2005-06-30": -13.993, "2005-03-31": "-26.93700"}, "Total Common And Preferred Stock Dividends Paid": {"2020-12-31": 0, "2020-09-30": 0, "2020-06-30": 0, "2020-03-31": "", "2019-12-31": 0, "2019-09-30": 0, "2019-06-30": 0, "2019-03-31": "", "2018-12-31": 0, "2018-09-30": 0, "2018-06-30": 0, "2018-03-31": "", "2017-12-31": 0, "2017-09-30": 0, "2017-06-30": 0, "2017-03-31": "", "2016-12-31": 0, "2016-09-30": 0, "2016-06-30": 0, "2016-03-31": "", "2015-12-31": 0, "2015-09-30": 0, "2015-06-30": 0, "2015-03-31": "", "2014-12-31": 0, "2014-09-30": 0, "2014-06-30": 0, "2014-03-31": "", "2013-12-31": 0, "2013-09-30": 0, "2013-06-30": 0, "2013-03-31": "", "2012-12-31": 0, "2012-09-30": 0, "2012-06-30": 0, "2012-03-31": "", "2011-12-31": 0, "2011-09-30": 0, "2011-06-30": 0, "2011-03-31": "", "2010-12-31": 0, "2010-09-30": 0, "2010-06-30": 0, "2010-03-31": "", "2009-12-31": 0, "2009-09-30": 0, "2009-06-30": 0, "2009-03-31": "", "2008-12-31": 0, "2008-09-30": 0, "2008-06-30": 0, "2008-03-31": "", "2007-12-31": 0, "2007-09-30": 0, "2007-06-30": 0, "2007-03-31": "", "2006-12-31": 0, "2006-09-30": 0, "2006-06-30": 0, "2006-03-31": "", "2005-12-31": 0, "2005-09-30": 0, "2005-06-30": 0, "2005-03-31": ""}, "Financial Activities - Other": {"2020-12-31": 51.202, "2020-09-30": -0.507, "2020-06-30": -6.068, "2020-03-31": "", "2019-12-31": -0.12, "2019-09-30": -0.572, "2019-06-30": -1.234, "2019-03-31": "-0.60300", "2018-12-31": 0, "2018-09-30": -0.266, "2018-06-30": -1, "2018-03-31": "", "2017-12-31": 0, "2017-09-30": 0, "2017-06-30": 0, "2017-03-31": "", "2016-12-31": 3.383, "2016-09-30": 4.518, "2016-06-30": 2.095, "2016-03-31": "-0.07800", "2015-12-31": 0.09, "2015-09-30": 1.226, "2015-06-30": 0.996, "2015-03-31": "7.62300", "2014-12-31": 6.448, "2014-09-30": 1.42, "2014-06-30": 0.196, "2014-03-31": "6.60800", "2013-12-31": 5.744, "2013-09-30": 1.608, "2013-06-30": 0.52, "2013-03-31": "5.31000", "2012-12-31": 4.494, "2012-09-30": 4.236, "2012-06-30": 1.428, "2012-03-31": "4.51800", "2011-12-31": 1.998, "2011-09-30": 3.155, "2011-06-30": 3.836, "2011-03-31": "7.01800", "2010-12-31": 4.833, "2010-09-30": 3.921, "2010-06-30": 6.054, "2010-03-31": "3.31800", "2009-12-31": 1.343, "2009-09-30": 2.496, "2009-06-30": 1.194, "2009-03-31": "0.16100", "2008-12-31": 0.331, "2008-09-30": 2.708, "2008-06-30": 0.814, "2008-03-31": "2.38400", "2007-12-31": 1.723, "2007-09-30": 3.474, "2007-06-30": 1.066, "2007-03-31": "3.00400", "2006-12-31": 0.66, "2006-09-30": 2.812, "2006-06-30": 1.254, "2006-03-31": "4.68100", "2005-12-31": 0, "2005-09-30": 0, "2005-06-30": 0, "2005-03-31": ""}, "Cash Flow From Financial Activities": {"2020-12-31": 0.398, "2020-09-30": -104.184, "2020-06-30": -161.531, "2020-03-31": "16.90100", "2019-12-31": -74.389, "2019-09-30": -99.751, "2019-06-30": -109.488, "2019-03-31": "-2.78100", "2018-12-31": -117.806, "2018-09-30": -84.294, "2018-06-30": -70.708, "2018-03-31": "-324.99100", "2017-12-31": -78.058, "2017-09-30": -67.871, "2017-06-30": -63.4, "2017-03-31": "1.31300", "2016-12-31": -77.252, "2016-09-30": -69.247, "2016-06-30": -73.135, "2016-03-31": "-2.56200", "2015-12-31": -64.596, "2015-09-30": -39.663, "2015-06-30": -33.532, "2015-03-31": "36.80100", "2014-12-31": 42.339, "2014-09-30": -76.268, "2014-06-30": -54.549, "2014-03-31": "-14.96000", "2013-12-31": -33.055, "2013-09-30": -40.331, "2013-06-30": -31.317, "2013-03-31": "2.25200", "2012-12-31": -49.847, "2012-09-30": -37.231, "2012-06-30": -31.701, "2012-03-31": "-6.56400", "2011-12-31": 4.01, "2011-09-30": -36.53, "2011-06-30": -41.687, "2011-03-31": "-23.45000", "2010-12-31": -11.49, "2010-09-30": -32.072, "2010-06-30": -33.603, "2010-03-31": "-9.60400", "2009-12-31": -44.755, "2009-09-30": -22.404, "2009-06-30": -31.421, "2009-03-31": "3.28500", "2008-12-31": -20.68, "2008-09-30": -5.742, "2008-06-30": -29.136, "2008-03-31": "24.76800", "2007-12-31": -12.964, "2007-09-30": -6.95, "2007-06-30": -47.965, "2007-03-31": "49.69200", "2006-12-31": -9.305, "2006-09-30": -0.259, "2006-06-30": -38.125, "2006-03-31": "-28.57000", "2005-12-31": -31.07, "2005-09-30": -33.715, "2005-06-30": -13.992, "2005-03-31": "-28.20800"}, "Net Cash Flow": {"2020-12-31": 208.341, "2020-09-30": 70.294, "2020-06-30": 23.898, "2020-03-31": "-8.93100", "2019-12-31": -13.67, "2019-09-30": -6.849, "2019-06-30": -5.771, "2019-03-31": "-7.17800", "2018-12-31": -23.083, "2018-09-30": -27.682, "2018-06-30": 15.33, "2018-03-31": "-28.44600", "2017-12-31": 18.656, "2017-09-30": 3.044, "2017-06-30": 5.567, "2017-03-31": "5.50700", "2016-12-31": 4.829, "2016-09-30": 8.933, "2016-06-30": 8.186, "2016-03-31": "3.95900", "2015-12-31": -12.156, "2015-09-30": -22.002, "2015-06-30": -19.008, "2015-03-31": "-140.37600", "2014-12-31": 29.801, "2014-09-30": -12.313, "2014-06-30": 18.845, "2014-03-31": "7.14500", "2013-12-31": 14.247, "2013-09-30": 13.798, "2013-06-30": 22.649, "2013-03-31": "4.37800", "2012-12-31": 2.545, "2012-09-30": 19.628, "2012-06-30": 16.322, "2012-03-31": "1.59600", "2011-12-31": 2.396, "2011-09-30": 22.101, "2011-06-30": 5.939, "2011-03-31": "-3.45600", "2010-12-31": 23.403, "2010-09-30": 15.537, "2010-06-30": 11.621, "2010-03-31": "-0.37400", "2009-12-31": 0, "2009-09-30": 2.984, "2009-06-30": 17.449, "2009-03-31": "7.42700", "2008-12-31": -5.718, "2008-09-30": 9.321, "2008-06-30": 15.045, "2008-03-31": "-0.14000", "2007-12-31": 1.853, "2007-09-30": 8.919, "2007-06-30": -4.349, "2007-03-31": "-7.72900", "2006-12-31": 10.716, "2006-09-30": 0.927, "2006-06-30": 14.684, "2006-03-31": "-31.81200", "2005-12-31": 9.383, "2005-09-30": 5.414, "2005-06-30": 7.775, "2005-03-31": "-2.57700"}, "Stock-Based Compensation": {"2020-12-31": -23.008, "2020-09-30": 7.927, "2020-06-30": 7.797, "2020-03-31": "7.28400", "2019-12-31": 16.655, "2019-09-30": 9.391, "2019-06-30": 6.898, "2019-03-31": "6.33400", "2018-12-31": 6.209, "2018-09-30": 6.596, "2018-06-30": 6.392, "2018-03-31": "5.96000", "2017-12-31": 5.755, "2017-09-30": 6.02, "2017-06-30": 6.087, "2017-03-31": "5.65500", "2016-12-31": 4.87, "2016-09-30": 5.094, "2016-06-30": 5.005, "2016-03-31": "4.92200", "2015-12-31": 5.124, "2015-09-30": 5.118, "2015-06-30": 4.99, "2015-03-31": "4.65200", "2014-12-31": 4.636, "2014-09-30": 4.643, "2014-06-30": 4.712, "2014-03-31": "4.10800", "2013-12-31": 4.274, "2013-09-30": 4.157, "2013-06-30": 4.159, "2013-03-31": "3.94900", "2012-12-31": 4.268, "2012-09-30": 4.012, "2012-06-30": 3.863, "2012-03-31": "3.80900", "2011-12-31": 3.999, "2011-09-30": 3.996, "2011-06-30": 3.536, "2011-03-31": "3.96500", "2010-12-31": 3.475, "2010-09-30": 3.185, "2010-06-30": 3.258, "2010-03-31": "3.34400", "2009-12-31": 2.774, "2009-09-30": 2.908, "2009-06-30": 3.011, "2009-03-31": "2.93000", "2008-12-31": 2.418, "2008-09-30": 2.485, "2008-06-30": 2.72, "2008-03-31": "2.87800", "2007-12-31": 2.202, "2007-09-30": 2.461, "2007-06-30": 1.697, "2007-03-31": "2.41600", "2006-12-31": 2.699, "2006-09-30": 2.585, "2006-06-30": 2.715, "2006-03-31": "2.84300", "2005-12-31": 0.029, "2005-09-30": 0.155, "2005-06-30": 0, "2005-03-31": ""}, "Common Stock Dividends Paid": {"2020-12-31": 0, "2020-09-30": 0, "2020-06-30": 0, "2020-03-31": "", "2019-12-31": 0, "2019-09-30": 0, "2019-06-30": 0, "2019-03-31": "", "2018-12-31": 0, "2018-09-30": 0, "2018-06-30": 0, "2018-03-31": "", "2017-12-31": 0, "2017-09-30": 0, "2017-06-30": 0, "2017-03-31": "", "2016-12-31": 0, "2016-09-30": 0, "2016-06-30": 0, "2016-03-31": "", "2015-12-31": 0, "2015-09-30": 0, "2015-06-30": 0, "2015-03-31": "", "2014-12-31": 0, "2014-09-30": 0, "2014-06-30": 0, "2014-03-31": "", "2013-12-31": 0, "2013-09-30": 0, "2013-06-30": 0, "2013-03-31": "", "2012-12-31": 0, "2012-09-30": 0, "2012-06-30": 0, "2012-03-31": "", "2011-12-31": 0, "2011-09-30": 0, "2011-06-30": 0, "2011-03-31": "", "2010-12-31": 0, "2010-09-30": 0, "2010-06-30": 0, "2010-03-31": "", "2009-12-31": 0, "2009-09-30": 0, "2009-06-30": 0, "2009-03-31": "", "2008-12-31": 0, "2008-09-30": 0, "2008-06-30": 0, "2008-03-31": "", "2007-12-31": 0, "2007-09-30": 0, "2007-06-30": 0, "2007-03-31": "", "2006-12-31": 0, "2006-09-30": 0, "2006-06-30": 0, "2006-03-31": "", "2005-12-31": 0, "2005-09-30": 0, "2005-06-30": 0, "2005-03-31": ""}}, "financial ratios": {"Current Ratio": {"2019-12-31": "0.93700", "2018-12-31": "0.84910", "2017-12-31": "0.96760", "2016-12-31": "0.90480", "2015-12-31": "0.95900", "2014-12-31": "0.92510", "2013-12-31": "1.36450", "2012-12-31": "1.40170", "2011-12-31": "1.19990", "2010-12-31": "1.61550", "2009-12-31": "1.46830", "2008-12-31": "1.20520", "2007-12-31": "1.36830", "2006-12-31": "2.42310", "2005-12-31": "2.80810"}, "Long-term Debt / Capital": {"2019-12-31": "0.79720", "2018-12-31": "1.01560", "2017-12-31": "1.09750", "2016-12-31": "1.22320", "2015-12-31": "1.16370", "2014-12-31": "0.74850", "2013-12-31": "0.22490", "2012-12-31": "0.00220", "2011-12-31": "0.00460", "2010-12-31": "0.00590", "2009-12-31": "0.00830", "2008-12-31": "0.01150", "2007-12-31": "0.01290", "2006-12-31": "0.01550", "2005-12-31": ""}, "Debt/Equity Ratio": {"2019-12-31": "5.55420", "2018-12-31": "-108.33800", "2017-12-31": "-23.42180", "2016-12-31": "-11.12720", "2015-12-31": "-13.93040", "2014-12-31": "7.64530", "2013-12-31": "0.82670", "2012-12-31": "0.33710", "2011-12-31": "0.45670", "2010-12-31": "0.23210", "2009-12-31": "0.24070", "2008-12-31": "0.35710", "2007-12-31": "0.17950", "2006-12-31": "0.01740", "2005-12-31": "0.00150"}, "Gross Margin": {"2019-12-31": "56.73460", "2018-12-31": "56.09610", "2017-12-31": "55.73130", "2016-12-31": "54.94110", "2015-12-31": "55.57620", "2014-12-31": "54.92750", "2013-12-31": "54.90820", "2012-12-31": "54.05760", "2011-12-31": "53.04930", "2010-12-31": "52.44040", "2009-12-31": "51.01440", "2008-12-31": "51.73340", "2007-12-31": "50.24330", "2006-12-31": "51.34900", "2005-12-31": "50.60380"}, "Operating Margin": {"2019-12-31": "22.96910", "2018-12-31": "22.19980", "2017-12-31": "20.97590", "2016-12-31": "19.72710", "2015-12-31": "18.72240", "2014-12-31": "17.51610", "2013-12-31": "19.37190", "2012-12-31": "20.30120", "2011-12-31": "19.38350", "2010-12-31": "18.47770", "2009-12-31": "17.05730", "2008-12-31": "16.84090", "2007-12-31": "14.76150", "2006-12-31": "17.30890", "2005-12-31": "18.07430"}, "EBIT Margin": {"2019-12-31": "22.96910", "2018-12-31": "22.19980", "2017-12-31": "20.97590", "2016-12-31": "19.72710", "2015-12-31": "18.72240", "2014-12-31": "17.51610", "2013-12-31": "19.37190", "2012-12-31": "20.30120", "2011-12-31": "19.38350", "2010-12-31": "18.47770", "2009-12-31": "17.05730", "2008-12-31": "16.84090", "2007-12-31": "14.76150", "2006-12-31": "17.30890", "2005-12-31": "18.07430"}, "EBITDA Margin": {"2019-12-31": "26.62570", "2018-12-31": "25.95800", "2017-12-31": "25.19820", "2016-12-31": "24.18020", "2015-12-31": "23.11640", "2014-12-31": "21.47940", "2013-12-31": "23.33660", "2012-12-31": "24.35330", "2011-12-31": "23.33880", "2010-12-31": "22.64260", "2009-12-31": "21.88200", "2008-12-31": "21.52670", "2007-12-31": "19.20110", "2006-12-31": "21.34290", "2005-12-31": "21.89330"}, "Pre-Tax Profit Margin": {"2019-12-31": "21.69660", "2018-12-31": "20.68200", "2017-12-31": "19.35230", "2016-12-31": "18.12790", "2015-12-31": "17.05120", "2014-12-31": "16.59400", "2013-12-31": "19.11760", "2012-12-31": "20.15070", "2011-12-31": "19.23560", "2010-12-31": "18.31890", "2009-12-31": "16.91870", "2008-12-31": "16.61930", "2007-12-31": "14.61630", "2006-12-31": "17.69000", "2005-12-31": "18.56650"}, "Net Profit Margin": {"2019-12-31": "17.77050", "2018-12-31": "17.03520", "2017-12-31": "13.36400", "2016-12-31": "12.50660", "2015-12-31": "11.99070", "2014-12-31": "12.24290", "2013-12-31": "13.63780", "2012-12-31": "13.78350", "2011-12-31": "13.27540", "2010-12-31": "12.80450", "2009-12-31": "11.84770", "2008-12-31": "11.34430", "2007-12-31": "10.19060", "2006-12-31": "12.67430", "2005-12-31": "12.26370"}, "Asset Turnover": {"2019-12-31": "1.31350", "2018-12-31": "1.43960", "2017-12-31": "1.14920", "2016-12-31": "1.15990", "2015-12-31": "1.08600", "2014-12-31": "1.07340", "2013-12-31": "1.11910", "2012-12-31": "1.17190", "2011-12-31": "1.18230", "2010-12-31": "1.22990", "2009-12-31": "1.27590", "2008-12-31": "1.33780", "2007-12-31": "1.31380", "2006-12-31": "1.32090", "2005-12-31": "1.30040"}, "Inventory Turnover Ratio": {"2019-12-31": "5.33980", "2018-12-31": "5.60690", "2017-12-31": "5.30480", "2016-12-31": "5.06210", "2015-12-31": "3.76850", "2014-12-31": "4.17660", "2013-12-31": "4.65380", "2012-12-31": "4.21570", "2011-12-31": "4.29890", "2010-12-31": "4.10340", "2009-12-31": "4.57640", "2008-12-31": "4.26360", "2007-12-31": "4.64590", "2006-12-31": "3.74590", "2005-12-31": "4.54370"}, "Receiveable Turnover": {"2019-12-31": "8.93720", "2018-12-31": "8.89370", "2017-12-31": "8.39340", "2016-12-31": "8.68200", "2015-12-31": "8.50630", "2014-12-31": "9.75070", "2013-12-31": "8.71350", "2012-12-31": "9.35010", "2011-12-31": "8.62640", "2010-12-31": "9.18880", "2009-12-31": "8.96240", "2008-12-31": "9.18430", "2007-12-31": "8.51190", "2006-12-31": "9.08130", "2005-12-31": "8.90100"}, "Days Sales In Receivables": {"2019-12-31": "40.84030", "2018-12-31": "41.04030", "2017-12-31": "43.48670", "2016-12-31": "42.04090", "2015-12-31": "42.90930", "2014-12-31": "37.43330", "2013-12-31": "41.88920", "2012-12-31": "39.03720", "2011-12-31": "42.31220", "2010-12-31": "39.72220", "2009-12-31": "40.72580", "2008-12-31": "39.74180", "2007-12-31": "42.88110", "2006-12-31": "40.19250", "2005-12-31": "41.00660"}, "ROE - Return On Equity": {"2019-12-31": "240.56930", "2018-12-31": "-4083.64700", "2017-12-31": "-488.96670", "2016-12-31": "-205.20090", "2015-12-31": "-228.74560", "2014-12-31": "154.73470", "2013-12-31": "36.23870", "2012-12-31": "28.02120", "2011-12-31": "29.97700", "2010-12-31": "24.60820", "2009-12-31": "23.75440", "2008-12-31": "26.51090", "2007-12-31": "21.44860", "2006-12-31": "22.85600", "2005-12-31": "21.20650"}, "Return On Tangible Equity": {"2019-12-31": "-355.40630", "2018-12-31": "-141.98880", "2017-12-31": "-88.47560", "2016-12-31": "-66.76390", "2015-12-31": "-60.26100", "2014-12-31": "-137.85950", "2013-12-31": "67.34610", "2012-12-31": "44.74740", "2011-12-31": "54.32110", "2010-12-31": "38.25490", "2009-12-31": "40.47960", "2008-12-31": "50.26810", "2007-12-31": "46.56260", "2006-12-31": "37.14550", "2005-12-31": "31.26860"}, "ROA - Return On Assets": {"2019-12-31": "23.34500", "2018-12-31": "24.52580", "2017-12-31": "15.36520", "2016-12-31": "14.50670", "2015-12-31": "13.02620", "2014-12-31": "13.14470", "2013-12-31": "15.26140", "2012-12-31": "16.15500", "2011-12-31": "15.69190", "2010-12-31": "15.75220", "2009-12-31": "15.11820", "2008-12-31": "15.17680", "2007-12-31": "13.38890", "2006-12-31": "16.74140", "2005-12-31": "15.94820"}, "ROI - Return On Investment": {"2019-12-31": "48.79380", "2018-12-31": "63.67800", "2017-12-31": "47.67350", "2016-12-31": "45.79410", "2015-12-31": "37.44660", "2014-12-31": "38.91260", "2013-12-31": "28.08880", "2012-12-31": "27.96000", "2011-12-31": "29.83870", "2010-12-31": "24.46260", "2009-12-31": "23.55840", "2008-12-31": "26.20620", "2007-12-31": "21.17190", "2006-12-31": "22.50210", "2005-12-31": "21.20650"}, "Book Value Per Share": {"2019-12-31": "2.08050", "2018-12-31": "-0.10720", "2017-12-31": "-0.61810", "2016-12-31": "-1.23010", "2015-12-31": "-0.93330", "2014-12-31": "2.48220", "2013-12-31": "5.02740", "2012-12-31": "5.83640", "2011-12-31": "4.89640", "2010-12-31": "5.01020", "2009-12-31": "4.41960", "2008-12-31": "3.69950", "2007-12-31": "3.59260", "2006-12-31": "3.22260", "2005-12-31": "2.89920"}, "Operating Cash Flow Per Share": {"2019-12-31": 0.7227, "2018-12-31": 0.3547, "2017-12-31": 0.4382, "2016-12-31": 1.361, "2015-12-31": 0.0449, "2014-12-31": 0.0451, "2013-12-31": 0.2981, "2012-12-31": 0.1086, "2011-12-31": 0.3704, "2010-12-31": 0.0598, "2009-12-31": 0.2904, "2008-12-31": 0.1029, "2007-12-31": 0.215, "2006-12-31": -0.0224, "2005-12-31": 0.8556}, "Free Cash Flow Per Share": {"2019-12-31": 0.2609, "2018-12-31": -0.1232, "2017-12-31": 0.3206, "2016-12-31": 1.5335, "2015-12-31": -0.2975, "2014-12-31": 0.221, "2013-12-31": 0.0918, "2012-12-31": 0.0208, "2011-12-31": 0.2713, "2010-12-31": 0.1344, "2009-12-31": 0.6128, "2008-12-31": -0.1145, "2007-12-31": 0.0467, "2006-12-31": -0.202, "2005-12-31": 0.6982}}, "financial ratios, quarterly": {"Current Ratio": {"2020-09-30": "1.64880", "2020-06-30": "1.44220", "2020-03-31": "0.85240", "2019-12-31": "0.93700", "2019-09-30": "1.12250", "2019-06-30": "1.15090", "2019-03-31": "1.01160", "2018-12-31": "0.84910", "2018-09-30": "0.92710", "2018-06-30": "0.95550", "2018-03-31": "0.96280", "2017-12-31": "0.96760", "2017-09-30": "0.94600", "2017-06-30": "0.91730", "2017-03-31": "0.93860", "2016-12-31": "0.90480", "2016-09-30": "1.08930", "2016-06-30": "0.99800", "2016-03-31": "0.92070", "2015-12-31": "0.95900", "2015-09-30": "1.01050", "2015-06-30": "1.07430", "2015-03-31": "1.00680", "2014-12-31": "0.92510", "2014-09-30": "1.11480", "2014-06-30": "1.16880", "2014-03-31": "1.32100", "2013-12-31": "1.36450", "2013-09-30": "1.05440", "2013-06-30": "1.11460", "2013-03-31": "1.35220", "2012-12-31": "1.40170", "2012-09-30": "1.37260", "2012-06-30": "1.32480", "2012-03-31": "1.24600", "2011-12-31": "1.19990", "2011-09-30": "1.51840", "2011-06-30": "1.65550", "2011-03-31": "1.70760", "2010-12-31": "1.61550", "2010-09-30": "1.58680", "2010-06-30": "1.51380", "2010-03-31": "1.37760", "2009-12-31": "1.46830", "2009-09-30": "1.94260", "2009-06-30": "1.80350", "2009-03-31": "1.25890", "2008-12-31": "1.20520", "2008-09-30": "1.14830", "2008-06-30": "1.13380", "2008-03-31": "1.21640", "2007-12-31": "1.36830", "2007-09-30": "1.40440", "2007-06-30": "1.32260", "2007-03-31": "1.57500", "2006-12-31": "2.42310", "2006-09-30": "2.50050", "2006-06-30": "2.20400", "2006-03-31": "2.85620", "2005-12-31": "2.80810", "2005-09-30": "3.07300", "2005-06-30": "3.29570", "2005-03-31": "3.36670"}, "Long-term Debt / Capital": {"2020-09-30": "0.65920", "2020-06-30": "0.76690", "2020-03-31": "0.86580", "2019-12-31": "0.79720", "2019-09-30": "0.77460", "2019-06-30": "0.80330", "2019-03-31": "0.93100", "2018-12-31": "1.01560", "2018-09-30": "1.00210", "2018-06-30": "1.07260", "2018-03-31": "1.08750", "2017-12-31": "1.09750", "2017-09-30": "1.08710", "2017-06-30": "1.16730", "2017-03-31": "1.14190", "2016-12-31": "1.22320", "2016-09-30": "0.91970", "2016-06-30": "1.01440", "2016-03-31": "1.14020", "2015-12-31": "1.16370", "2015-09-30": "1.06920", "2015-06-30": "0.98650", "2015-03-31": "0.93880", "2014-12-31": "0.74850", "2014-09-30": "0.61820", "2014-06-30": "0.24880", "2014-03-31": "0.22660", "2013-12-31": "0.22490", "2013-09-30": "0.00120", "2013-06-30": "0.00160", "2013-03-31": "0.00180", "2012-12-31": "0.00220", "2012-09-30": "0.00290", "2012-06-30": "0.00340", "2012-03-31": "0.00400", "2011-12-31": "0.00460", "2011-09-30": "0.00460", "2011-06-30": "0.00480", "2011-03-31": "0.00530", "2010-12-31": "0.00590", "2010-09-30": "0.00660", "2010-06-30": "0.00730", "2010-03-31": "0.00810", "2009-12-31": "0.00830", "2009-09-30": "0.14460", "2009-06-30": "0.15250", "2009-03-31": "0.01090", "2008-12-31": "0.01150", "2008-09-30": "0.01170", "2008-06-30": "0.01230", "2008-03-31": "0.01260", "2007-12-31": "0.01290", "2007-09-30": "0.01390", "2007-06-30": "0.01560", "2007-03-31": "0.01500", "2006-12-31": "0.01550", "2006-09-30": "0.01680", "2006-06-30": "0.01870", "2006-03-31": "", "2005-12-31": "", "2005-09-30": "", "2005-06-30": "", "2005-03-31": ""}, "Debt/Equity Ratio": {"2020-09-30": "2.04780", "2020-06-30": "3.73500", "2020-03-31": "10.95910", "2019-12-31": "5.55420", "2019-09-30": "4.56850", "2019-06-30": "5.54990", "2019-03-31": "20.17220", "2018-12-31": "-108.33800", "2018-09-30": "-791.97580", "2018-06-30": "-25.46280", "2018-03-31": "-20.75260", "2017-12-31": "-23.42180", "2017-09-30": "-26.66610", "2017-06-30": "-15.15430", "2017-03-31": "-17.12670", "2016-12-31": "-11.12720", "2016-09-30": "20.33270", "2016-06-30": "-136.02710", "2016-03-31": "-16.56150", "2015-12-31": "-13.93040", "2015-09-30": "-30.07420", "2015-06-30": "131.07190", "2015-03-31": "31.45190", "2014-12-31": "7.64530", "2014-09-30": "3.25330", "2014-06-30": "1.17900", "2014-03-31": "0.91000", "2013-12-31": "0.82670", "2013-09-30": "0.74560", "2013-06-30": "0.67240", "2013-03-31": "0.41540", "2012-12-31": "0.33710", "2012-09-30": "0.38010", "2012-06-30": "0.41860", "2012-03-31": "0.45370", "2011-12-31": "0.45670", "2011-09-30": "0.26900", "2011-06-30": "0.22400", "2011-03-31": "0.21890", "2010-12-31": "0.23210", "2010-09-30": "0.23850", "2010-06-30": "0.26430", "2010-03-31": "0.32640", "2009-12-31": "0.24070", "2009-09-30": "0.29600", "2009-06-30": "0.34060", "2009-03-31": "0.38400", "2008-12-31": "0.35710", "2008-09-30": "0.45460", "2008-06-30": "0.38290", "2008-03-31": "0.33720", "2007-12-31": "0.17950", "2007-09-30": "0.19970", "2007-06-30": "0.23540", "2007-03-31": "0.19940", "2006-12-31": "0.01740", "2006-09-30": "0.01880", "2006-06-30": "0.02090", "2006-03-31": "", "2005-12-31": "0.00150", "2005-09-30": "0.00140", "2005-06-30": "0.00140", "2005-03-31": "0.00140"}, "Gross Margin": {"2020-09-30": "58.54980", "2020-06-30": "59.49600", "2020-03-31": "57.41170", "2019-12-31": "54.69510", "2019-09-30": "56.98800", "2019-06-30": "57.70860", "2019-03-31": "57.56330", "2018-12-31": "54.67210", "2018-09-30": "56.03520", "2018-06-30": "57.24290", "2018-03-31": "56.37420", "2017-12-31": "53.83570", "2017-09-30": "55.69420", "2017-06-30": "57.51460", "2017-03-31": "55.88300", "2016-12-31": "54.31790", "2016-09-30": "55.03580", "2016-06-30": "55.84230", "2016-03-31": "54.49340", "2015-12-31": "54.46670", "2015-09-30": "55.18730", "2015-06-30": "56.31090", "2015-03-31": "56.35480", "2014-12-31": "51.75750", "2014-09-30": "55.62530", "2014-06-30": "56.01270", "2014-03-31": "56.10640", "2013-12-31": "53.28380", "2013-09-30": "54.91710", "2013-06-30": "56.07130", "2013-03-31": "55.39620", "2012-12-31": "52.90450", "2012-09-30": "54.08830", "2012-06-30": "55.02440", "2012-03-31": "54.16390", "2011-12-31": "51.71890", "2011-09-30": "52.72130", "2011-06-30": "54.75110", "2011-03-31": "52.93470", "2010-12-31": "51.01940", "2010-09-30": "52.74190", "2010-06-30": "53.03500", "2010-03-31": "53.01590", "2009-12-31": "49.17270", "2009-09-30": "50.35390", "2009-06-30": "52.09940", "2009-03-31": "52.62440", "2008-12-31": "49.53740", "2008-09-30": "51.03650", "2008-06-30": "53.91170", "2008-03-31": "52.12750", "2007-12-31": "49.90180", "2007-09-30": "51.65030", "2007-06-30": "48.18520", "2007-03-31": "51.42150", "2006-12-31": "50.08560", "2006-09-30": "52.40630", "2006-06-30": "51.75270", "2006-03-31": "51.15540", "2005-12-31": "50.85700", "2005-09-30": "51.45160", "2005-06-30": "50.16190", "2005-03-31": "49.91280"}, "Operating Margin": {"2020-09-30": "23.80970", "2020-06-30": "30.30900", "2020-03-31": "23.04280", "2019-12-31": "19.09850", "2019-09-30": "23.09620", "2019-06-30": "26.49160", "2019-03-31": "23.11200", "2018-12-31": "20.99560", "2018-09-30": "21.51440", "2018-06-30": "25.06990", "2018-03-31": "21.02530", "2017-12-31": "19.32500", "2017-09-30": "20.41020", "2017-06-30": "24.08220", "2017-03-31": "19.96510", "2016-12-31": "18.92230", "2016-09-30": "19.73180", "2016-06-30": "22.32510", "2016-03-31": "17.67290", "2015-12-31": "16.74090", "2015-09-30": "17.69130", "2015-06-30": "21.36310", "2015-03-31": "19.03460", "2014-12-31": "9.88780", "2014-09-30": "18.82260", "2014-06-30": "21.33150", "2014-03-31": "19.44630", "2013-12-31": "17.32020", "2013-09-30": "19.35730", "2013-06-30": "22.33890", "2013-03-31": "18.42420", "2012-12-31": "19.84960", "2012-09-30": "19.94200", "2012-06-30": "22.58820", "2012-03-31": "18.72060", "2011-12-31": "18.00090", "2011-09-30": "18.63940", "2011-06-30": "22.43050", "2011-03-31": "18.29080", "2010-12-31": "17.90400", "2010-09-30": "18.47510", "2010-06-30": "19.48080", "2010-03-31": "18.03480", "2009-12-31": "16.33050", "2009-09-30": "17.05970", "2009-06-30": "18.50650", "2009-03-31": "16.25720", "2008-12-31": "14.73490", "2008-09-30": "15.53090", "2008-06-30": "20.98980", "2008-03-31": "15.54520", "2007-12-31": "14.99860", "2007-09-30": "15.73640", "2007-06-30": "13.69650", "2007-03-31": "14.62290", "2006-12-31": "15.33230", "2006-09-30": "18.39150", "2006-06-30": "19.34850", "2006-03-31": "16.04090", "2005-12-31": "18.07750", "2005-09-30": "19.05690", "2005-06-30": "17.98290", "2005-03-31": "17.14800"}, "EBIT Margin": {"2020-09-30": "23.80970", "2020-06-30": "30.30900", "2020-03-31": "23.04280", "2019-12-31": "19.09850", "2019-09-30": "23.09620", "2019-06-30": "26.49160", "2019-03-31": "23.11200", "2018-12-31": "20.99560", "2018-09-30": "21.51440", "2018-06-30": "25.06990", "2018-03-31": "21.02530", "2017-12-31": "19.32500", "2017-09-30": "20.41020", "2017-06-30": "24.08220", "2017-03-31": "19.96510", "2016-12-31": "18.92230", "2016-09-30": "19.73180", "2016-06-30": "22.32510", "2016-03-31": "17.67290", "2015-12-31": "16.74090", "2015-09-30": "17.69130", "2015-06-30": "21.36310", "2015-03-31": "19.03460", "2014-12-31": "9.88780", "2014-09-30": "18.82260", "2014-06-30": "21.33150", "2014-03-31": "19.44630", "2013-12-31": "17.32020", "2013-09-30": "19.35730", "2013-06-30": "22.33890", "2013-03-31": "18.42420", "2012-12-31": "19.84960", "2012-09-30": "19.94200", "2012-06-30": "22.58820", "2012-03-31": "18.72060", "2011-12-31": "18.00090", "2011-09-30": "18.63940", "2011-06-30": "22.43050", "2011-03-31": "18.29080", "2010-12-31": "17.90410", "2010-09-30": "18.47510", "2010-06-30": "19.48080", "2010-03-31": "18.03480", "2009-12-31": "16.33050", "2009-09-30": "17.05970", "2009-06-30": "18.50650", "2009-03-31": "16.25720", "2008-12-31": "14.73490", "2008-09-30": "15.53090", "2008-06-30": "20.98980", "2008-03-31": "15.54520", "2007-12-31": "14.99870", "2007-09-30": "15.73640", "2007-06-30": "13.69650", "2007-03-31": "14.62290", "2006-12-31": "15.33230", "2006-09-30": "18.39150", "2006-06-30": "19.34850", "2006-03-31": "16.04090", "2005-12-31": "18.07750", "2005-09-30": "19.05690", "2005-06-30": "17.98290", "2005-03-31": "17.14800"}, "EBITDA Margin": {"2020-09-30": "", "2020-06-30": "", "2020-03-31": "", "2019-12-31": "", "2019-09-30": "", "2019-06-30": "", "2019-03-31": "", "2018-12-31": "", "2018-09-30": "", "2018-06-30": "", "2018-03-31": "", "2017-12-31": "", "2017-09-30": "", "2017-06-30": "", "2017-03-31": "", "2016-12-31": "", "2016-09-30": "", "2016-06-30": "", "2016-03-31": "", "2015-12-31": "", "2015-09-30": "", "2015-06-30": "", "2015-03-31": "", "2014-12-31": "", "2014-09-30": "", "2014-06-30": "", "2014-03-31": "", "2013-12-31": "", "2013-09-30": "", "2013-06-30": "", "2013-03-31": "", "2012-12-31": "", "2012-09-30": "", "2012-06-30": "", "2012-03-31": "", "2011-12-31": "", "2011-09-30": "", "2011-06-30": "", "2011-03-31": "", "2010-12-31": "", "2010-09-30": "", "2010-06-30": "", "2010-03-31": "", "2009-12-31": "", "2009-09-30": "", "2009-06-30": "", "2009-03-31": "", "2008-12-31": "", "2008-09-30": "", "2008-06-30": "", "2008-03-31": "", "2007-12-31": "", "2007-09-30": "", "2007-06-30": "", "2007-03-31": "", "2006-12-31": "", "2006-09-30": "", "2006-06-30": "", "2006-03-31": "", "2005-12-31": "", "2005-09-30": "", "2005-06-30": "", "2005-03-31": ""}, "Pre-Tax Profit Margin": {"2020-09-30": "22.71500", "2020-06-30": "28.83070", "2020-03-31": "21.83700", "2019-12-31": "17.92170", "2019-09-30": "21.93910", "2019-06-30": "25.17680", "2019-03-31": "21.66320", "2018-12-31": "19.48450", "2018-09-30": "19.99070", "2018-06-30": "23.64330", "2018-03-31": "19.40810", "2017-12-31": "17.72030", "2017-09-30": "18.71010", "2017-06-30": "22.51440", "2017-03-31": "18.34050", "2016-12-31": "17.41030", "2016-09-30": "18.18480", "2016-06-30": "20.76560", "2016-03-31": "15.88050", "2015-12-31": "14.95800", "2015-09-30": "15.95250", "2015-06-30": "19.74220", "2015-03-31": "17.49750", "2014-12-31": "8.48450", "2014-09-30": "17.78460", "2014-06-30": "20.69660", "2014-03-31": "18.80690", "2013-12-31": "16.93380", "2013-09-30": "19.05960", "2013-06-30": "22.13040", "2013-03-31": "18.30650", "2012-12-31": "19.74230", "2012-09-30": "19.81520", "2012-06-30": "22.45530", "2012-03-31": "18.48600", "2011-12-31": "17.80460", "2011-09-30": "18.48060", "2011-06-30": "22.31630", "2011-03-31": "18.16810", "2010-12-31": "17.78490", "2010-09-30": "18.27070", "2010-06-30": "19.28510", "2010-03-31": "17.91860", "2009-12-31": "16.24060", "2009-09-30": "16.90990", "2009-06-30": "18.35480", "2009-03-31": "16.08970", "2008-12-31": "14.49610", "2008-09-30": "15.30790", "2008-06-30": "20.76060", "2008-03-31": "15.35050", "2007-12-31": "14.99090", "2007-09-30": "15.51190", "2007-06-30": "13.34470", "2007-03-31": "14.63620", "2006-12-31": "15.77190", "2006-09-30": "18.71650", "2006-06-30": "19.65890", "2006-03-31": "16.49820", "2005-12-31": "18.58600", "2005-09-30": "19.63760", "2005-06-30": "18.52520", "2005-03-31": "17.47800"}, "Net Profit Margin": {"2020-09-30": "20.25790", "2020-06-30": "23.35980", "2020-03-31": "17.85420", "2019-12-31": "14.94700", "2019-09-30": "17.98060", "2019-06-30": "20.27180", "2019-03-31": "17.82480", "2018-12-31": "15.58800", "2018-09-30": "17.09620", "2018-06-30": "18.71560", "2018-03-31": "16.63720", "2017-12-31": "7.55890", "2017-09-30": "14.33220", "2017-06-30": "16.77150", "2017-03-31": "14.93850", "2016-12-31": "11.82160", "2016-09-30": "12.59290", "2016-06-30": "14.40340", "2016-03-31": "11.02120", "2015-12-31": "11.09600", "2015-09-30": "10.88200", "2015-06-30": "13.76870", "2015-03-31": "12.18220", "2014-12-31": "7.37610", "2014-09-30": "13.59550", "2014-06-30": "14.66670", "2014-03-31": "12.93300", "2013-12-31": "12.21700", "2013-09-30": "13.50530", "2013-06-30": "15.31410", "2013-03-31": "13.50770", "2012-12-31": "13.56770", "2012-09-30": "13.58360", "2012-06-30": "15.28890", "2012-03-31": "12.62660", "2011-12-31": "12.37300", "2011-09-30": "12.79500", "2011-06-30": "15.30760", "2011-03-31": "12.50960", "2010-12-31": "12.81770", "2010-09-30": "12.86740", "2010-06-30": "13.21330", "2010-03-31": "12.29900", "2009-12-31": "11.44910", "2009-09-30": "12.17040", "2009-06-30": "12.67000", "2009-03-31": "11.02580", "2008-12-31": "9.68170", "2008-09-30": "10.23490", "2008-06-30": "14.03000", "2008-03-31": "11.06140", "2007-12-31": "10.42090", "2007-09-30": "11.24530", "2007-06-30": "9.13920", "2007-03-31": "9.95810", "2006-12-31": "12.83600", "2006-09-30": "13.31680", "2006-06-30": "13.47170", "2006-03-31": "10.86620", "2005-12-31": "11.99440", "2005-09-30": "13.03480", "2005-06-30": "12.40930", "2005-03-31": "11.60560"}, "Asset Turnover": {"2020-09-30": "0.35250", "2020-06-30": "0.32520", "2020-03-31": "0.33210", "2019-12-31": "0.33040", "2019-09-30": "0.34560", "2019-06-30": "0.35960", "2019-03-31": "0.34270", "2018-12-31": "0.35740", "2018-09-30": "0.35310", "2018-06-30": "0.38190", "2018-03-31": "0.36590", "2017-12-31": "0.29540", "2017-09-30": "0.29470", "2017-06-30": "0.31090", "2017-03-31": "0.29390", "2016-12-31": "0.28940", "2016-09-30": "0.29880", "2016-06-30": "0.31330", "2016-03-31": "0.28240", "2015-12-31": "0.27100", "2015-09-30": "0.27510", "2015-06-30": "0.27980", "2015-03-31": "0.26730", "2014-12-31": "0.25430", "2014-09-30": "0.29720", "2014-06-30": "0.30400", "2014-03-31": "0.28530", "2013-12-31": "0.28770", "2013-09-30": "0.28300", "2013-06-30": "0.30290", "2013-03-31": "0.29320", "2012-12-31": "0.28950", "2012-09-30": "0.28850", "2012-06-30": "0.31450", "2012-03-31": "0.30410", "2011-12-31": "0.29800", "2011-09-30": "0.31050", "2011-06-30": "0.33440", "2011-03-31": "0.32180", "2010-12-31": "0.31630", "2010-09-30": "0.31270", "2010-06-30": "0.33760", "2010-03-31": "0.32580", "2009-12-31": "0.33440", "2009-09-30": "0.31800", "2009-06-30": "0.33280", "2009-03-31": "0.30690", "2008-12-31": "0.31780", "2008-09-30": "0.32250", "2008-06-30": "0.36680", "2008-03-31": "0.33800", "2007-12-31": "0.34890", "2007-09-30": "0.34020", "2007-06-30": "0.36680", "2007-03-31": "0.32660", "2006-12-31": "0.34350", "2006-09-30": "0.35690", "2006-06-30": "0.38170", "2006-03-31": "0.35380", "2005-12-31": "0.34030", "2005-09-30": "0.32090", "2005-06-30": "0.32110", "2005-03-31": "0.31240"}, "Inventory Turnover Ratio": {"2020-09-30": "1.37490", "2020-06-30": "1.12590", "2020-03-31": "1.26040", "2019-12-31": "1.40650", "2019-09-30": "1.27070", "2019-06-30": "1.33210", "2019-03-31": "1.29020", "2018-12-31": "1.43690", "2018-09-30": "1.33460", "2018-06-30": "1.40700", "2018-03-31": "1.31010", "2017-12-31": "1.42190", "2017-09-30": "1.23320", "2017-06-30": "1.27420", "2017-03-31": "1.18380", "2016-12-31": "1.28050", "2016-09-30": "1.19650", "2016-06-30": "1.17270", "2016-03-31": "1.03400", "2015-12-31": "0.96380", "2015-09-30": "0.94650", "2015-06-30": "0.97880", "2015-03-31": "0.96290", "2014-12-31": "1.05890", "2014-09-30": "1.09090", "2014-06-30": "1.18020", "2014-03-31": "1.12030", "2013-12-31": "1.23970", "2013-09-30": "1.04470", "2013-06-30": "1.09900", "2013-03-31": "0.99930", "2012-12-31": "1.06770", "2012-09-30": "0.98210", "2012-06-30": "1.05050", "2012-03-31": "1.04820", "2011-12-31": "1.11440", "2011-09-30": "1.03750", "2011-06-30": "1.07390", "2011-03-31": "1.08420", "2010-12-31": "1.08680", "2010-09-30": "0.96860", "2010-06-30": "1.08330", "2010-03-31": "1.03090", "2009-12-31": "1.24430", "2009-09-30": "1.03340", "2009-06-30": "1.03550", "2009-03-31": "0.90650", "2008-12-31": "1.05910", "2008-09-30": "1.08890", "2008-06-30": "1.21780", "2008-03-31": "1.19380", "2007-12-31": "1.24210", "2007-09-30": "1.15200", "2007-06-30": "1.34160", "2007-03-31": "0.96430", "2006-12-31": "0.99940", "2006-09-30": "0.95640", "2006-06-30": "1.07940", "2006-03-31": "1.01120", "2005-12-31": "1.18290", "2005-09-30": "0.95680", "2005-06-30": "0.97910", "2005-03-31": "0.97280"}, "Receiveable Turnover": {"2020-09-30": "2.13800", "2020-06-30": "1.99050", "2020-03-31": "2.08790", "2019-12-31": "2.24810", "2019-09-30": "2.25590", "2019-06-30": "2.16700", "2019-03-31": "2.04890", "2018-12-31": "2.20770", "2018-09-30": "2.06170", "2018-06-30": "2.19140", "2018-03-31": "2.06900", "2017-12-31": "2.15740", "2017-09-30": "2.15630", "2017-06-30": "2.11830", "2017-03-31": "2.05020", "2016-12-31": "2.16630", "2016-09-30": "2.19010", "2016-06-30": "2.19840", "2016-03-31": "1.96890", "2015-12-31": "2.12240", "2015-09-30": "2.12880", "2015-06-30": "2.07250", "2015-03-31": "1.94910", "2014-12-31": "2.30970", "2014-09-30": "2.39000", "2014-06-30": "2.31330", "2014-03-31": "2.00200", "2013-12-31": "2.24040", "2013-09-30": "2.23200", "2013-06-30": "2.21580", "2013-03-31": "2.08890", "2012-12-31": "2.31010", "2012-09-30": "2.23150", "2012-06-30": "2.28090", "2012-03-31": "2.00440", "2011-12-31": "2.17450", "2011-09-30": "2.23060", "2011-06-30": "2.12880", "2011-03-31": "2.12770", "2010-12-31": "2.36310", "2010-09-30": "2.23840", "2010-06-30": "2.21400", "2010-03-31": "2.05740", "2009-12-31": "2.34860", "2009-09-30": "2.25050", "2009-06-30": "2.23710", "2009-03-31": "2.05160", "2008-12-31": "2.18200", "2008-09-30": "2.24080", "2008-06-30": "2.32710", "2008-03-31": "1.98870", "2007-12-31": "2.26020", "2007-09-30": "2.21830", "2007-06-30": "2.22190", "2007-03-31": "2.01500", "2006-12-31": "2.36160", "2006-09-30": "2.36290", "2006-06-30": "2.26540", "2006-03-31": "2.05290", "2005-12-31": "2.32910", "2005-09-30": "2.32120", "2005-06-30": "2.19620", "2005-03-31": "2.01580"}, "Days Sales In Receivables": {"2020-09-30": "42.09450", "2020-06-30": "45.21510", "2020-03-31": "43.10540", "2019-12-31": "40.03340", "2019-09-30": "39.89520", "2019-06-30": "41.53160", "2019-03-31": "43.92680", "2018-12-31": "40.76720", "2018-09-30": "43.65340", "2018-06-30": "41.06930", "2018-03-31": "43.49970", "2017-12-31": "41.71680", "2017-09-30": "41.73840", "2017-06-30": "42.48750", "2017-03-31": "43.89790", "2016-12-31": "41.54540", "2016-09-30": "41.09470", "2016-06-30": "40.93850", "2016-03-31": "45.71070", "2015-12-31": "42.40490", "2015-09-30": "42.27830", "2015-06-30": "43.42630", "2015-03-31": "46.17480", "2014-12-31": "38.96530", "2014-09-30": "37.65620", "2014-06-30": "38.90500", "2014-03-31": "44.95440", "2013-12-31": "40.17100", "2013-09-30": "40.32290", "2013-06-30": "40.61660", "2013-03-31": "43.08540", "2012-12-31": "38.95990", "2012-09-30": "40.33180", "2012-06-30": "39.45880", "2012-03-31": "44.90040", "2011-12-31": "41.38900", "2011-09-30": "40.34860", "2011-06-30": "42.27700", "2011-03-31": "42.29850", "2010-12-31": "38.08610", "2010-09-30": "40.20670", "2010-06-30": "40.65060", "2010-03-31": "43.74530", "2009-12-31": "38.32140", "2009-09-30": "39.99190", "2009-06-30": "40.23130", "2009-03-31": "43.86780", "2008-12-31": "41.24580", "2008-09-30": "40.16350", "2008-06-30": "38.67430", "2008-03-31": "45.25580", "2007-12-31": "39.81960", "2007-09-30": "40.57210", "2007-06-30": "40.50510", "2007-03-31": "44.66480", "2006-12-31": "38.10960", "2006-09-30": "38.08890", "2006-06-30": "39.72830", "2006-03-31": "43.84080", "2005-12-31": "38.64120", "2005-09-30": "38.77310", "2005-06-30": "40.97930", "2005-03-31": "44.64810"}, "ROE - Return On Equity": {"2020-09-30": "33.17070", "2020-06-30": "54.49740", "2020-03-31": "103.51780", "2019-12-31": "50.91750", "2019-09-30": "53.68830", "2019-06-30": "73.27410", "2019-03-31": "198.01190", "2018-12-31": "-927.93380", "2018-09-30": "-6838.53000", "2018-06-30": "-266.05260", "2018-03-31": "-182.67160", "2017-12-31": "-71.11560", "2017-09-30": "-145.71690", "2017-06-30": "-99.18710", "2017-03-31": "-93.43270", "2016-12-31": "-48.39620", "2016-09-30": "102.66600", "2016-06-30": "-790.84220", "2016-03-31": "-62.37550", "2015-12-31": "-52.84840", "2015-09-30": "-113.98340", "2015-06-30": "665.86800", "2015-03-31": "136.67730", "2014-12-31": "22.06930", "2014-09-30": "22.73190", "2014-06-30": "12.63860", "2014-03-31": "9.09570", "2013-12-31": "8.34330", "2013-09-30": "8.54220", "2013-06-30": "9.82530", "2013-03-31": "7.10710", "2012-12-31": "6.81490", "2012-09-30": "6.94260", "2012-06-30": "8.69920", "2012-03-31": "7.18560", "2011-12-31": "7.04200", "2011-09-30": "6.56960", "2011-06-30": "7.99160", "2011-03-31": "6.13260", "2010-12-31": "6.33490", "2010-09-30": "6.35050", "2010-06-30": "7.09490", "2010-03-31": "6.64370", "2009-12-31": "6.01680", "2009-09-30": "6.31180", "2009-06-30": "7.15450", "2009-03-31": "5.84780", "2008-12-31": "5.37550", "2008-09-30": "5.87640", "2008-06-30": "9.18730", "2008-03-31": "6.35350", "2007-12-31": "5.82400", "2007-09-30": "6.13960", "2007-06-30": "5.63360", "2007-03-31": "5.10260", "2006-12-31": "6.01960", "2006-09-30": "6.43810", "2006-06-30": "7.22060", "2006-03-31": "5.03310", "2005-12-31": "5.42720", "2005-09-30": "5.41120", "2005-06-30": "5.08200", "2005-03-31": "4.56580"}, "Return On Tangible Equity": {"2020-09-30": "97.84220", "2020-06-30": "-844.41120", "2020-03-31": "-61.08880", "2019-12-31": "-75.22330", "2019-09-30": "-241.26670", "2019-06-30": "-154.05110", "2019-03-31": "-50.80930", "2018-12-31": "-32.26430", "2018-09-30": "-35.87520", "2018-06-30": "-39.39690", "2018-03-31": "-30.65330", "2017-12-31": "-12.86800", "2017-09-30": "-24.05280", "2017-06-30": "-25.97020", "2017-03-31": "-23.00410", "2016-12-31": "-15.74610", "2016-09-30": "-32.53120", "2016-06-30": "-28.13330", "2016-03-31": "-14.89560", "2015-12-31": "-13.92240", "2015-09-30": "-15.91860", "2015-06-30": "-24.89950", "2015-03-31": "-22.97150", "2014-12-31": "-19.66240", "2014-09-30": "-831.14220", "2014-06-30": "26.53120", "2014-03-31": "16.97350", "2013-12-31": "15.50520", "2013-09-30": "15.62010", "2013-06-30": "16.87020", "2013-03-31": "11.27880", "2012-12-31": "10.88270", "2012-09-30": "11.29550", "2012-06-30": "14.48140", "2012-03-31": "12.59750", "2011-12-31": "12.76070", "2011-09-30": "9.99010", "2011-06-30": "12.11580", "2011-03-31": "9.39350", "2010-12-31": "9.84800", "2010-09-30": "10.19530", "2010-06-30": "11.51070", "2010-03-31": "11.41680", "2009-12-31": "10.25310", "2009-09-30": "11.07850", "2009-06-30": "12.80640", "2009-03-31": "10.63780", "2008-12-31": "10.19260", "2008-09-30": "12.47840", "2008-06-30": "21.12660", "2008-03-31": "14.58840", "2007-12-31": "12.64330", "2007-09-30": "13.99930", "2007-06-30": "14.06850", "2007-03-31": "11.38350", "2006-12-31": "9.78300", "2006-09-30": "9.79080", "2006-06-30": "11.50890", "2006-03-31": "7.49500", "2005-12-31": "8.00240", "2005-09-30": "8.08640", "2005-06-30": "7.19980", "2005-03-31": "6.63450"}, "ROA - Return On Assets": {"2020-09-30": "7.14660", "2020-06-30": "7.59910", "2020-03-31": "5.93010", "2019-12-31": "4.94110", "2019-09-30": "6.21410", "2019-06-30": "7.29020", "2019-03-31": "6.11010", "2018-12-31": "5.57300", "2018-09-30": "6.03510", "2018-06-30": "7.14680", "2018-03-31": "6.08890", "2017-12-31": "2.23470", "2017-09-30": "4.22410", "2017-06-30": "5.21690", "2017-03-31": "4.39270", "2016-12-31": "3.42140", "2016-09-30": "3.76250", "2016-06-30": "4.51280", "2016-03-31": "3.11260", "2015-12-31": "3.00950", "2015-09-30": "2.99410", "2015-06-30": "3.85400", "2015-03-31": "3.25490", "2014-12-31": "1.87480", "2014-09-30": "4.04170", "2014-06-30": "4.46110", "2014-03-31": "3.69100", "2013-12-31": "3.51360", "2013-09-30": "3.82280", "2013-06-30": "4.63880", "2013-03-31": "3.96130", "2012-12-31": "3.92900", "2012-09-30": "3.92120", "2012-06-30": "4.80830", "2012-03-31": "3.83880", "2011-12-31": "3.68620", "2011-09-30": "3.97190", "2011-06-30": "5.11840", "2011-03-31": "4.02490", "2010-12-31": "4.05510", "2010-09-30": "4.02590", "2010-06-30": "4.46150", "2010-03-31": "4.00690", "2009-12-31": "3.82930", "2009-09-30": "3.87000", "2009-06-30": "4.21620", "2009-03-31": "3.38360", "2008-12-31": "3.07730", "2008-09-30": "3.30030", "2008-06-30": "5.14640", "2008-03-31": "3.73900", "2007-12-31": "3.63550", "2007-09-30": "3.82580", "2007-06-30": "3.35270", "2007-03-31": "3.25250", "2006-12-31": "4.40920", "2006-09-30": "4.75320", "2006-06-30": "5.14180", "2006-03-31": "3.84500", "2005-12-31": "4.08150", "2005-09-30": "4.18240", "2005-06-30": "3.98460", "2005-03-31": "3.62560"}, "ROI - Return On Investment": {"2020-09-30": "11.30390", "2020-06-30": "12.70250", "2020-03-31": "13.88790", "2019-12-31": "10.32740", "2019-09-30": "12.10180", "2019-06-30": "14.41360", "2019-03-31": "13.67260", "2018-12-31": "14.46970", "2018-09-30": "14.04670", "2018-06-30": "19.32840", "2018-03-31": "15.97720", "2017-12-31": "6.93370", "2017-09-30": "12.68790", "2017-06-30": "16.59080", "2017-03-31": "13.25600", "2016-12-31": "10.80040", "2016-09-30": "8.24120", "2016-06-30": "11.40130", "2016-03-31": "8.74610", "2015-12-31": "8.65150", "2015-09-30": "7.88740", "2015-06-30": "9.01850", "2015-03-31": "8.37090", "2014-12-31": "5.55000", "2014-09-30": "8.67910", "2014-06-30": "9.49430", "2014-03-31": "7.03460", "2013-12-31": "6.46690", "2013-09-30": "8.53230", "2013-06-30": "9.80950", "2013-03-31": "7.09430", "2012-12-31": "6.80000", "2012-09-30": "6.92270", "2012-06-30": "8.66950", "2012-03-31": "7.15710", "2011-12-31": "7.00950", "2011-09-30": "6.53910", "2011-06-30": "7.95290", "2011-03-31": "6.10000", "2010-12-31": "6.29740", "2010-09-30": "6.30850", "2010-06-30": "7.04310", "2010-03-31": "6.58980", "2009-12-31": "5.96710", "2009-09-30": "5.39890", "2009-06-30": "6.06320", "2009-03-31": "5.78420", "2008-12-31": "5.31370", "2008-09-30": "5.80790", "2008-06-30": "9.07400", "2008-03-31": "6.27330", "2007-12-31": "5.74890", "2007-09-30": "6.05440", "2007-06-30": "5.54570", "2007-03-31": "5.02610", "2006-12-31": "5.92640", "2006-09-30": "6.32990", "2006-06-30": "7.08570", "2006-03-31": "5.03310", "2005-12-31": "5.42720", "2005-09-30": "5.41120", "2005-06-30": "5.08200", "2005-03-31": "4.56580"}, "Book Value Per Share": {"2020-09-30": "5.17130", "2020-06-30": "3.21460", "2020-03-31": "1.27230", "2019-12-31": "2.08050", "2019-09-30": "2.36030", "2019-06-30": "1.99240", "2019-03-31": "0.60280", "2018-12-31": "-0.10720", "2018-09-30": "-0.01570", "2018-06-30": "-0.47150", "2018-03-31": "-0.56300", "2017-12-31": "-0.61810", "2017-09-30": "-0.55430", "2017-06-30": "-0.98470", "2017-03-31": "-0.84050", "2016-12-31": "-1.23010", "2016-09-30": "0.61300", "2016-06-30": "-0.09490", "2016-03-31": "-0.82400", "2015-12-31": "-0.93330", "2015-09-30": "-0.42550", "2015-06-30": "0.09230", "2015-03-31": "0.36410", "2014-12-31": "2.48220", "2014-09-30": "2.37710", "2014-06-30": "4.49430", "2014-03-31": "4.99370", "2013-12-31": "5.02740", "2013-09-30": "5.14620", "2013-06-30": "5.21930", "2013-03-31": "5.82090", "2012-12-31": "5.83640", "2012-09-30": "5.64480", "2012-06-30": "5.37630", "2012-03-31": "5.14780", "2011-12-31": "4.89640", "2011-09-30": "5.21300", "2011-06-30": "5.35630", "2011-03-31": "5.20710", "2010-12-31": "5.01020", "2010-09-30": "4.76440", "2010-06-30": "4.54990", "2010-03-31": "4.32020", "2009-12-31": "4.41960", "2009-09-30": "4.26820", "2009-06-30": "4.01720", "2009-03-31": "3.78030", "2008-12-31": "3.69950", "2008-09-30": "3.67830", "2008-06-30": "3.59790", "2008-03-31": "3.58990", "2007-12-31": "3.59260", "2007-09-30": "3.43570", "2007-06-30": "3.15420", "2007-03-31": "3.32230", "2006-12-31": "3.22260", "2006-09-30": "3.10060", "2006-06-30": "2.86210", "2006-03-31": "2.87080", "2005-12-31": "2.89920", "2005-09-30": "2.95910", "2005-06-30": "3.01120", "2005-03-31": "2.96430"}, "Operating Cash Flow Per Share": {"2020-09-30": 2.2186, "2020-06-30": 2.4102, "2020-03-31": "0.32140", "2019-12-31": 1.7802, "2019-09-30": 1.5076, "2019-06-30": 1.5645, "2019-03-31": "0.39270", "2018-12-31": 1.5327, "2018-09-30": 1.2544, "2018-06-30": 1.3428, "2018-03-31": "0.39240", "2017-12-31": 1.3426, "2017-09-30": 1.251, "2017-06-30": 1.2265, "2017-03-31": "0.34750", "2016-12-31": 1.1159, "2016-09-30": 1.0954, "2016-06-30": 1.221, "2016-03-31": "0.29710", "2015-12-31": 0.8348, "2015-09-30": 0.8388, "2015-06-30": 0.8481, "2015-03-31": "-0.15330", "2014-12-31": 0.2546, "2014-09-30": 0.9561, "2014-06-30": 0.7926, "2014-03-31": "0.32020", "2013-12-31": 0.5825, "2013-09-30": 0.7537, "2013-06-30": 0.7525, "2013-03-31": "0.18970", "2012-12-31": 0.612, "2012-09-30": 0.6674, "2012-06-30": 0.5664, "2012-03-31": "0.13450", "2011-12-31": 0.4622, "2011-09-30": 0.6576, "2011-06-30": 0.5385, "2011-03-31": "0.21340", "2010-12-31": 0.4049, "2010-09-30": 0.467, "2010-06-30": 0.4694, "2010-03-31": "0.16000", "2009-12-31": 0.4896, "2009-09-30": 0.368, "2009-06-30": 0.4798, "2009-03-31": "0.10410", "2008-12-31": 0.2636, "2008-09-30": 0.3419, "2008-06-30": 0.5675, "2008-03-31": "-0.02190", "2007-12-31": 0.307, "2007-09-30": 0.2543, "2007-06-30": 0.5007, "2007-03-31": "-0.01380", "2006-12-31": 0.2878, "2006-09-30": 0.2062, "2006-06-30": 0.3618, "2006-03-31": "-0.02260", "2005-12-31": 0.2938, "2005-09-30": 0.2823, "2005-06-30": 0.2775, "2005-03-31": "0.00200"}, "Free Cash Flow Per Share": {"2020-09-30": 1.9998, "2020-06-30": 2.1239, "2020-03-31": "-0.24370", "2019-12-31": 1.254, "2019-09-30": 1.0852, "2019-06-30": 1.1793, "2019-03-31": "-0.04370", "2018-12-31": 1.1586, "2018-09-30": 0.9, "2018-06-30": 1.0297, "2018-03-31": "0.12560", "2017-12-31": 1.1212, "2017-09-30": 1.071, "2017-06-30": 1.0601, "2017-03-31": "0.08480", "2016-12-31": 0.9511, "2016-09-30": 0.9642, "2016-06-30": 1.0452, "2016-03-31": "0.05600", "2015-12-31": 0.6762, "2015-09-30": 0.6091, "2015-06-30": 0.592, "2015-03-31": "-0.39430", "2014-12-31": 0.1333, "2014-09-30": 0.7796, "2014-06-30": 0.6553, "2014-03-31": "0.21230", "2013-12-31": 0.4408, "2013-09-30": 0.6011, "2013-06-30": 0.5093, "2013-03-31": "0.00830", "2012-12-31": 0.4844, "2012-09-30": 0.4981, "2012-06-30": 0.4343, "2012-03-31": "0.05090", "2011-12-31": 0.3797, "2011-09-30": 0.5363, "2011-06-30": 0.3978, "2011-03-31": "0.13310", "2010-12-31": 0.3201, "2010-09-30": 0.3717, "2010-06-30": 0.3942, "2010-03-31": "0.08960", "2009-12-31": 0.372, "2009-09-30": 0.2524, "2009-06-30": 0.3792, "2009-03-31": "0.03760", "2008-12-31": 0.0661, "2008-09-30": 0.1575, "2008-06-30": 0.3609, "2008-03-31": "-0.15610", "2007-12-31": 0.1281, "2007-09-30": 0.1316, "2007-06-30": 0.3776, "2007-03-31": "-0.09440", "2006-12-31": 0.2028, "2006-09-30": 0.1461, "2006-06-30": 0.222, "2006-03-31": "-0.07470", "2005-12-31": 0.2517, "2005-09-30": 0.2441, "2005-06-30": 0.2333, "2005-03-31": "-0.03090"}}, "revenue": {"IDEXX Laboratories Annual Revenue (Millions of US $)": {"2020": "$2,707", "2019": "$2,407", "2018": "$2,213", "2017": "$1,969", "2016": "$1,775", "2015": "$1,602", "2014": "$1,486", "2013": "$1,377", "2012": "$1,293", "2011": "$1,219", "2010": "$1,103", "2009": "$1,032", "2008": "$1,024", "2007": "$923", "2006": "$739", "2005": "$638"}, "IDEXX Laboratories Quarterly Revenue (Millions of US $)": {"2020-12-31": "$721", "2020-09-30": "$722", "2020-06-30": "$638", "2020-03-31": "$626", "2019-12-31": "$605", "2019-09-30": "$605", "2019-06-30": "$620", "2019-03-31": "$576", "2018-12-31": "$549", "2018-09-30": "$545", "2018-06-30": "$581", "2018-03-31": "$538", "2017-12-31": "$506", "2017-09-30": "$492", "2017-06-30": "$509", "2017-03-31": "$462", "2016-12-31": "$443", "2016-09-30": "$448", "2016-06-30": "$467", "2016-03-31": "$418", "2015-12-31": "$400", "2015-09-30": "$406", "2015-06-30": "$413", "2015-03-31": "$382", "2014-12-31": "$352", "2014-09-30": "$384", "2014-06-30": "$390", "2014-03-31": "$360", "2013-12-31": "$354", "2013-09-30": "$338", "2013-06-30": "$353", "2013-03-31": "$332", "2012-12-31": "$320", "2012-09-30": "$315", "2012-06-30": "$336", "2012-03-31": "$323", "2011-12-31": "$307", "2011-09-30": "$301", "2011-06-30": "$318", "2011-03-31": "$293", "2010-12-31": "$284", "2010-09-30": "$270", "2010-06-30": "$281", "2010-03-31": "$269", "2009-12-31": "$270", "2009-09-30": "$259", "2009-06-30": "$266", "2009-03-31": "$236", "2008-12-31": "$243", "2008-09-30": "$251", "2008-06-30": "$281", "2008-03-31": "$249", "2007-12-31": "$245", "2007-09-30": "$229", "2007-06-30": "$237", "2007-03-31": "$211", "2006-12-31": "$192", "2006-09-30": "$187", "2006-06-30": "$191", "2006-03-31": "$168", "2005-12-31": "$167", "2005-09-30": "$158", "2005-06-30": "$161", "2005-03-31": "$152"}}, "gross-profit": {"IDEXX Laboratories Annual Gross Profit (Millions of US $)": {"2020": "$1,571", "2019": "$1,366", "2018": "$1,242", "2017": "$1,097", "2016": "$975", "2015": "$890", "2014": "$816", "2013": "$756", "2012": "$699", "2011": "$647", "2010": "$579", "2009": "$526", "2008": "$530", "2007": "$464", "2006": "$380", "2005": "$323"}, "IDEXX Laboratories Quarterly Gross Profit (Millions of US $)": {"2020-12-31": "$410", "2020-09-30": "$423", "2020-06-30": "$379", "2020-03-31": "$360", "2019-12-31": "$331", "2019-09-30": "$345", "2019-06-30": "$358", "2019-03-31": "$332", "2018-12-31": "$300", "2018-09-30": "$306", "2018-06-30": "$332", "2018-03-31": "$303", "2017-12-31": "$272", "2017-09-30": "$274", "2017-06-30": "$293", "2017-03-31": "$258", "2016-12-31": "$241", "2016-09-30": "$247", "2016-06-30": "$261", "2016-03-31": "$228", "2015-12-31": "$218", "2015-09-30": "$224", "2015-06-30": "$233", "2015-03-31": "$216", "2014-12-31": "$182", "2014-09-30": "$213", "2014-06-30": "$219", "2014-03-31": "$202", "2013-12-31": "$189", "2013-09-30": "$186", "2013-06-30": "$198", "2013-03-31": "$184", "2012-12-31": "$169", "2012-09-30": "$171", "2012-06-30": "$185", "2012-03-31": "$175", "2011-12-31": "$159", "2011-09-30": "$159", "2011-06-30": "$174", "2011-03-31": "$155", "2010-12-31": "$145", "2010-09-30": "$142", "2010-06-30": "$149", "2010-03-31": "$142", "2009-12-31": "$133", "2009-09-30": "$130", "2009-06-30": "$138", "2009-03-31": "$124", "2008-12-31": "$121", "2008-09-30": "$128", "2008-06-30": "$151", "2008-03-31": "$130", "2007-12-31": "$122", "2007-09-30": "$118", "2007-06-30": "$114", "2007-03-31": "$109", "2006-12-31": "$96", "2006-09-30": "$98", "2006-06-30": "$99", "2006-03-31": "$86", "2005-12-31": "$85", "2005-09-30": "$81", "2005-06-30": "$81", "2005-03-31": "$76"}}, "operating-income": {"IDEXX Laboratories Annual Operating Income (Millions of US $)": {"2020": "$695", "2019": "$553", "2018": "$491", "2017": "$413", "2016": "$350", "2015": "$300", "2014": "$260", "2013": "$267", "2012": "$263", "2011": "$236", "2010": "$204", "2009": "$176", "2008": "$172", "2007": "$136", "2006": "$128", "2005": "$115"}, "IDEXX Laboratories Quarterly Operating Income (Millions of US $)": {"2020-12-31": "$185", "2020-09-30": "$172", "2020-06-30": "$193", "2020-03-31": "$144", "2019-12-31": "$116", "2019-09-30": "$140", "2019-06-30": "$164", "2019-03-31": "$133", "2018-12-31": "$115", "2018-09-30": "$117", "2018-06-30": "$146", "2018-03-31": "$113", "2017-12-31": "$98", "2017-09-30": "$100", "2017-06-30": "$123", "2017-03-31": "$92", "2016-12-31": "$84", "2016-09-30": "$88", "2016-06-30": "$104", "2016-03-31": "$74", "2015-12-31": "$67", "2015-09-30": "$72", "2015-06-30": "$88", "2015-03-31": "$73", "2014-12-31": "$35", "2014-09-30": "$72", "2014-06-30": "$83", "2014-03-31": "$70", "2013-12-31": "$61", "2013-09-30": "$65", "2013-06-30": "$79", "2013-03-31": "$61", "2012-12-31": "$63", "2012-09-30": "$63", "2012-06-30": "$76", "2012-03-31": "$60", "2011-12-31": "$55", "2011-09-30": "$56", "2011-06-30": "$71", "2011-03-31": "$54", "2010-12-31": "$51", "2010-09-30": "$50", "2010-06-30": "$55", "2010-03-31": "$48", "2009-12-31": "$44", "2009-09-30": "$44", "2009-06-30": "$49", "2009-03-31": "$38", "2008-12-31": "$36", "2008-09-30": "$39", "2008-06-30": "$59", "2008-03-31": "$39", "2007-12-31": "$37", "2007-09-30": "$36", "2007-06-30": "$32", "2007-03-31": "$31", "2006-12-31": "$29", "2006-09-30": "$34", "2006-06-30": "$37", "2006-03-31": "$27", "2005-12-31": "$30", "2005-09-30": "$30", "2005-06-30": "$29", "2005-03-31": "$26"}}, "ebitda": {"IDEXX Laboratories Annual EBITDA (Millions of US $)": {"2019": "$641", "2018": "$575", "2017": "$496", "2016": "$429", "2015": "$370", "2014": "$319", "2013": "$321", "2012": "$315", "2011": "$284", "2010": "$250", "2009": "$226", "2008": "$220", "2007": "$177", "2006": "$158", "2005": "$140"}, "IDEXX Laboratories Quarterly EBITDA (Millions of US $)": {"2020-09-30": "$197", "2020-06-30": "$217", "2020-03-31": "$168", "2019-12-31": "$138", "2019-09-30": "$162", "2019-06-30": "$186", "2019-03-31": "$154", "2018-12-31": "$136", "2018-09-30": "$138", "2018-06-30": "$166", "2018-03-31": "$134", "2017-12-31": "$119", "2017-09-30": "$121", "2017-06-30": "$143", "2017-03-31": "$113", "2016-12-31": "$105", "2016-09-30": "$108", "2016-06-30": "$124", "2016-03-31": "$92", "2015-12-31": "$85", "2015-09-30": "$91", "2015-06-30": "$105", "2015-03-31": "$89", "2014-12-31": "$50", "2014-09-30": "$88", "2014-06-30": "$98", "2014-03-31": "$83", "2013-12-31": "$75", "2013-09-30": "$79", "2013-06-30": "$93", "2013-03-31": "$75", "2012-12-31": "$77", "2012-09-30": "$76", "2012-06-30": "$89", "2012-03-31": "$73", "2011-12-31": "$68", "2011-09-30": "$68", "2011-06-30": "$83", "2011-03-31": "$65", "2010-12-31": "$63", "2010-09-30": "$61", "2010-06-30": "$66", "2010-03-31": "$60", "2009-12-31": "$57", "2009-09-30": "$57", "2009-06-30": "$61", "2009-03-31": "$51", "2008-12-31": "$48", "2008-09-30": "$51", "2008-06-30": "$71", "2008-03-31": "$50", "2007-12-31": "$48", "2007-09-30": "$46", "2007-06-30": "$43", "2007-03-31": "$40", "2006-12-31": "$38", "2006-09-30": "$42", "2006-06-30": "$45", "2006-03-31": "$34", "2005-12-31": "$37", "2005-09-30": "$36", "2005-06-30": "$35", "2005-03-31": "$32"}}, "net-income": {"IDEXX Laboratories Annual Net Income (Millions of US $)": {"2020": "$582", "2019": "$428", "2018": "$377", "2017": "$263", "2016": "$222", "2015": "$192", "2014": "$182", "2013": "$188", "2012": "$178", "2011": "$162", "2010": "$141", "2009": "$122", "2008": "$116", "2007": "$94", "2006": "$94", "2005": "$78"}, "IDEXX Laboratories Quarterly Net Income (Millions of US $)": {"2020-12-31": "$175", "2020-09-30": "$146", "2020-06-30": "$149", "2020-03-31": "$112", "2019-12-31": "$90", "2019-09-30": "$109", "2019-06-30": "$126", "2019-03-31": "$103", "2018-12-31": "$86", "2018-09-30": "$93", "2018-06-30": "$109", "2018-03-31": "$89", "2017-12-31": "$38", "2017-09-30": "$71", "2017-06-30": "$85", "2017-03-31": "$69", "2016-12-31": "$52", "2016-09-30": "$56", "2016-06-30": "$67", "2016-03-31": "$46", "2015-12-31": "$44", "2015-09-30": "$44", "2015-06-30": "$57", "2015-03-31": "$47", "2014-12-31": "$26", "2014-09-30": "$52", "2014-06-30": "$57", "2014-03-31": "$47", "2013-12-31": "$43", "2013-09-30": "$46", "2013-06-30": "$54", "2013-03-31": "$45", "2012-12-31": "$43", "2012-09-30": "$43", "2012-06-30": "$51", "2012-03-31": "$41", "2011-12-31": "$38", "2011-09-30": "$39", "2011-06-30": "$49", "2011-03-31": "$37", "2010-12-31": "$36", "2010-09-30": "$35", "2010-06-30": "$37", "2010-03-31": "$33", "2009-12-31": "$31", "2009-09-30": "$32", "2009-06-30": "$34", "2009-03-31": "$26", "2008-12-31": "$24", "2008-09-30": "$26", "2008-06-30": "$39", "2008-03-31": "$28", "2007-12-31": "$26", "2007-09-30": "$26", "2007-06-30": "$22", "2007-03-31": "$21", "2006-12-31": "$25", "2006-09-30": "$25", "2006-06-30": "$26", "2006-03-31": "$18", "2005-12-31": "$20", "2005-09-30": "$21", "2005-06-30": "$20", "2005-03-31": "$18"}}, "eps-earnings-per-share-diluted": {"IDEXX Laboratories Annual EPS": {"2020": "$6.71", "2019": "$4.89", "2018": "$4.26", "2017": "$2.94", "2016": "$2.44", "2015": "$2.05", "2014": "$1.79", "2013": "$1.74", "2012": "$1.59", "2011": "$1.39", "2010": "$1.19", "2009": "$1.01", "2008": "$0.94", "2007": "$0.73", "2006": "$0.71", "2005": "$0.58"}, "IDEXX Laboratories Quarterly EPS": {"2020-12-31": "$2.01", "2020-09-30": "$1.69", "2020-06-30": "$1.72", "2020-03-31": "$1.29", "2019-12-31": "$1.05", "2019-09-30": "$1.24", "2019-06-30": "$1.43", "2019-03-31": "$1.17", "2018-12-31": "$0.97", "2018-09-30": "$1.05", "2018-06-30": "$1.23", "2018-03-31": "$1.01", "2017-12-31": "$0.43", "2017-09-30": "$0.79", "2017-06-30": "$0.95", "2017-03-31": "$0.77", "2016-12-31": "$0.57", "2016-09-30": "$0.62", "2016-06-30": "$0.74", "2016-03-31": "$0.51", "2015-12-31": "$0.48", "2015-09-30": "$0.48", "2015-06-30": "$0.60", "2015-03-31": "$0.49", "2014-12-31": "$0.28", "2014-09-30": "$0.52", "2014-06-30": "$0.55", "2014-03-31": "$0.45", "2013-12-31": "$0.41", "2013-09-30": "$0.43", "2013-06-30": "$0.50", "2013-03-31": "$0.41", "2012-12-31": "$0.39", "2012-09-30": "$0.38", "2012-06-30": "$0.46", "2012-03-31": "$0.36", "2011-12-31": "$0.34", "2011-09-30": "$0.33", "2011-06-30": "$0.42", "2011-03-31": "$0.31", "2010-12-31": "$0.31", "2010-09-30": "$0.30", "2010-06-30": "$0.31", "2010-03-31": "$0.28", "2009-12-31": "$0.26", "2009-09-30": "$0.26", "2009-06-30": "$0.28", "2009-03-31": "$0.22", "2008-12-31": "$0.20", "2008-09-30": "$0.21", "2008-06-30": "$0.32", "2008-03-31": "$0.22", "2007-12-31": "$0.20", "2007-09-30": "$0.20", "2007-06-30": "$0.17", "2007-03-31": "$0.16", "2006-12-31": "$0.19", "2006-09-30": "$0.19", "2006-06-30": "$0.20", "2006-03-31": "$0.14", "2005-12-31": "$0.15", "2005-09-30": "$0.15", "2005-06-30": "$0.15", "2005-03-31": "$0.13"}}, "shares-outstanding": {"IDEXX Laboratories Annual Shares Outstanding (Millions of Shares)": {"2020": "87", "2019": "88", "2018": "88", "2017": "90", "2016": "91", "2015": "94", "2014": "102", "2013": "108", "2012": "112", "2011": "116", "2010": "119", "2009": "121", "2008": "124", "2007": "129", "2006": "132", "2005": "136"}, "IDEXX Laboratories Quarterly Shares Outstanding (Millions of Shares)": {"2020-12-31": "87", "2020-09-30": "87", "2020-06-30": "86", "2020-03-31": "87", "2019-12-31": "88", "2019-09-30": "88", "2019-06-30": "88", "2019-03-31": "88", "2018-12-31": "88", "2018-09-30": "88", "2018-06-30": "89", "2018-03-31": "89", "2017-12-31": "90", "2017-09-30": "89", "2017-06-30": "90", "2017-03-31": "90", "2016-12-31": "91", "2016-09-30": "91", "2016-06-30": "91", "2016-03-31": "91", "2015-12-31": "94", "2015-09-30": "93", "2015-06-30": "94", "2015-03-31": "96", "2014-12-31": "102", "2014-09-30": "101", "2014-06-30": "104", "2014-03-31": "105", "2013-12-31": "108", "2013-09-30": "106", "2013-06-30": "109", "2013-03-31": "111", "2012-12-31": "112", "2012-09-30": "112", "2012-06-30": "112", "2012-03-31": "113", "2011-12-31": "116", "2011-09-30": "116", "2011-06-30": "117", "2011-03-31": "118", "2010-12-31": "119", "2010-09-30": "119", "2010-06-30": "119", "2010-03-31": "120", "2009-12-31": "121", "2009-09-30": "121", "2009-06-30": "121", "2009-03-31": "121", "2008-12-31": "124", "2008-09-30": "124", "2008-06-30": "125", "2008-03-31": "127", "2007-12-31": "129", "2007-09-30": "128", "2007-06-30": "129", "2007-03-31": "130", "2006-12-31": "132", "2006-09-30": "131", "2006-06-30": "132", "2006-03-31": "134", "2005-12-31": "136", "2005-09-30": "136", "2005-06-30": "136", "2005-03-31": "138"}}, "total-assets": {"IDEXX Laboratories Annual Total Assets (Millions of US $)": {"2019": "$1,832", "2018": "$1,537", "2017": "$1,713", "2016": "$1,531", "2015": "$1,475", "2014": "$1,384", "2013": "$1,231", "2012": "$1,104", "2011": "$1,031", "2010": "$897", "2009": "$809", "2008": "$765", "2007": "$702", "2006": "$560", "2005": "$491"}, "IDEXX Laboratories Quarterly Total Assets (Millions of US $)": {"2020-09-30": "$2,047", "2020-06-30": "$1,961", "2020-03-31": "$1,886", "2019-12-31": "$1,832", "2019-09-30": "$1,751", "2019-06-30": "$1,724", "2019-03-31": "$1,681", "2018-12-31": "$1,537", "2018-09-30": "$1,545", "2018-06-30": "$1,521", "2018-03-31": "$1,469", "2017-12-31": "$1,713", "2017-09-30": "$1,669", "2017-06-30": "$1,637", "2017-03-31": "$1,572", "2016-12-31": "$1,531", "2016-09-30": "$1,500", "2016-06-30": "$1,489", "2016-03-31": "$1,479", "2015-12-31": "$1,475", "2015-09-30": "$1,477", "2015-06-30": "$1,477", "2015-03-31": "$1,431", "2014-12-31": "$1,384", "2014-09-30": "$1,291", "2014-06-30": "$1,283", "2014-03-31": "$1,262", "2013-12-31": "$1,231", "2013-09-30": "$1,195", "2013-06-30": "$1,164", "2013-03-31": "$1,133", "2012-12-31": "$1,104", "2012-09-30": "$1,093", "2012-06-30": "$1,067", "2012-03-31": "$1,061", "2011-12-31": "$1,031", "2011-09-30": "$969", "2011-06-30": "$951", "2011-03-31": "$909", "2010-12-31": "$897", "2010-09-30": "$862", "2010-06-30": "$834", "2010-03-31": "$824", "2009-12-31": "$809", "2009-09-30": "$815", "2009-06-30": "$799", "2009-03-31": "$771", "2008-12-31": "$765", "2008-09-30": "$779", "2008-06-30": "$765", "2008-03-31": "$737", "2007-12-31": "$702", "2007-09-30": "$674", "2007-06-30": "$646", "2007-03-31": "$646", "2006-12-31": "$560", "2006-09-30": "$525", "2006-06-30": "$501", "2006-03-31": "$475", "2005-12-31": "$491", "2005-09-30": "$493", "2005-06-30": "$500", "2005-03-31": "$488"}}, "cash-on-hand": {"IDEXX Laboratories Annual Cash on Hand (Millions of US $)": {"2019": "$90", "2018": "$124", "2017": "$472", "2016": "$392", "2015": "$343", "2014": "$323", "2013": "$279", "2012": "$224", "2011": "$184", "2010": "$157", "2009": "$107", "2008": "$79", "2007": "$60", "2006": "$97", "2005": "$133"}, "IDEXX Laboratories Quarterly Cash on Hand (Millions of US $)": {"2020-09-30": "$176", "2020-06-30": "$105", "2020-03-31": "$81", "2019-12-31": "$90", "2019-09-30": "$104", "2019-06-30": "$111", "2019-03-31": "$117", "2018-12-31": "$124", "2018-09-30": "$147", "2018-06-30": "$175", "2018-03-31": "$159", "2017-12-31": "$472", "2017-09-30": "$454", "2017-06-30": "$423", "2017-03-31": "$400", "2016-12-31": "$392", "2016-09-30": "$391", "2016-06-30": "$370", "2016-03-31": "$351", "2015-12-31": "$343", "2015-09-30": "$350", "2015-06-30": "$344", "2015-03-31": "$321", "2014-12-31": "$323", "2014-09-30": "$293", "2014-06-30": "$305", "2014-03-31": "$286", "2013-12-31": "$279", "2013-09-30": "$265", "2013-06-30": "$251", "2013-03-31": "$228", "2012-12-31": "$224", "2012-09-30": "$221", "2012-06-30": "$202", "2012-03-31": "$185", "2011-12-31": "$184", "2011-09-30": "$181", "2011-06-30": "$159", "2011-03-31": "$153", "2010-12-31": "$157", "2010-09-30": "$134", "2010-06-30": "$118", "2010-03-31": "$106", "2009-12-31": "$107", "2009-09-30": "$107", "2009-06-30": "$104", "2009-03-31": "$86", "2008-12-31": "$79", "2008-09-30": "$85", "2008-06-30": "$75", "2008-03-31": "$60", "2007-12-31": "$60", "2007-09-30": "$59", "2007-06-30": "$50", "2007-03-31": "$54", "2006-12-31": "$97", "2006-09-30": "$95", "2006-06-30": "$77", "2006-03-31": "$93", "2005-12-31": "$133", "2005-09-30": "$129", "2005-06-30": "$131", "2005-03-31": "$110"}}, "long-term-debt": {"IDEXX Laboratories Annual Long Term Debt (Millions of US $)": {"2019": "$699", "2018": "$601", "2017": "$606", "2016": "$593", "2015": "$597", "2014": "$350", "2013": "$150", "2012": "$1", "2011": "$3", "2010": "$3", "2009": "$4", "2008": "$5", "2007": "$6", "2006": "$6", "2005": "$"}, "IDEXX Laboratories Quarterly Long Term Debt (Millions of US $)": {"2020-09-30": "$853", "2020-06-30": "$900", "2020-03-31": "$697", "2019-12-31": "$699", "2019-09-30": "$697", "2019-06-30": "$701", "2019-03-31": "$699", "2018-12-31": "$601", "2018-09-30": "$665", "2018-06-30": "$603", "2018-03-31": "$609", "2017-12-31": "$606", "2017-09-30": "$604", "2017-06-30": "$601", "2017-03-31": "$595", "2016-12-31": "$593", "2016-09-30": "$630", "2016-06-30": "$598", "2016-03-31": "$600", "2015-12-31": "$597", "2015-09-30": "$600", "2015-06-30": "$623", "2015-03-31": "$522", "2014-12-31": "$350", "2014-09-30": "$372", "2014-06-30": "$150", "2014-03-31": "$150", "2013-12-31": "$150", "2013-09-30": "$1", "2013-06-30": "$1", "2013-03-31": "$1", "2012-12-31": "$1", "2012-09-30": "$2", "2012-06-30": "$2", "2012-03-31": "$2", "2011-12-31": "$3", "2011-09-30": "$3", "2011-06-30": "$3", "2011-03-31": "$3", "2010-12-31": "$3", "2010-09-30": "$4", "2010-06-30": "$4", "2010-03-31": "$4", "2009-12-31": "$4", "2009-09-30": "$84", "2009-06-30": "$85", "2009-03-31": "$5", "2008-12-31": "$5", "2008-09-30": "$5", "2008-06-30": "$5", "2008-03-31": "$6", "2007-12-31": "$6", "2007-09-30": "$6", "2007-06-30": "$6", "2007-03-31": "$6", "2006-12-31": "$6", "2006-09-30": "$7", "2006-06-30": "$7", "2006-03-31": "", "2005-12-31": "", "2005-09-30": "", "2005-06-30": "", "2005-03-31": ""}}, "total-liabilities": {"IDEXX Laboratories Annual Total Liabilities (Millions of US $)": {"2019": "$1,655", "2018": "$1,547", "2017": "$1,767", "2016": "$1,639", "2015": "$1,559", "2014": "$1,267", "2013": "$712", "2012": "$467", "2011": "$491", "2010": "$323", "2009": "$294", "2008": "$327", "2007": "$264", "2006": "$150", "2005": "$122"}, "IDEXX Laboratories Quarterly Total Liabilities (Millions of US $)": {"2020-09-30": "$1,606", "2020-06-30": "$1,687", "2020-03-31": "$1,778", "2019-12-31": "$1,655", "2019-09-30": "$1,549", "2019-06-30": "$1,553", "2019-03-31": "$1,629", "2018-12-31": "$1,547", "2018-09-30": "$1,546", "2018-06-30": "$1,562", "2018-03-31": "$1,518", "2017-12-31": "$1,767", "2017-09-30": "$1,718", "2017-06-30": "$1,723", "2017-03-31": "$1,646", "2016-12-31": "$1,639", "2016-09-30": "$1,445", "2016-06-30": "$1,498", "2016-03-31": "$1,552", "2015-12-31": "$1,559", "2015-09-30": "$1,516", "2015-06-30": "$1,469", "2015-03-31": "$1,397", "2014-12-31": "$1,267", "2014-09-30": "$1,061", "2014-06-30": "$830", "2014-03-31": "$750", "2013-12-31": "$712", "2013-09-30": "$660", "2013-06-30": "$614", "2013-03-31": "$501", "2012-12-31": "$467", "2012-09-30": "$476", "2012-06-30": "$477", "2012-03-31": "$494", "2011-12-31": "$491", "2011-09-30": "$383", "2011-06-30": "$342", "2011-03-31": "$313", "2010-12-31": "$323", "2010-09-30": "$316", "2010-06-30": "$309", "2010-03-31": "$327", "2009-12-31": "$294", "2009-09-30": "$315", "2009-06-30": "$328", "2009-03-31": "$325", "2008-12-31": "$327", "2008-09-30": "$341", "2008-06-30": "$336", "2008-03-31": "$303", "2007-12-31": "$264", "2007-09-30": "$254", "2007-06-30": "$262", "2007-03-31": "$234", "2006-12-31": "$150", "2006-09-30": "$137", "2006-06-30": "$144", "2006-03-31": "$112", "2005-12-31": "$122", "2005-09-30": "$112", "2005-06-30": "$108", "2005-03-31": "$100"}}, "total-share-holder-equity": {"IDEXX Laboratories Annual Share Holder Equity (Millions of US $)": {"2019": "$178", "2018": "$-9", "2017": "$-54", "2016": "$-108", "2015": "$-84", "2014": "$118", "2013": "$518", "2012": "$636", "2011": "$540", "2010": "$574", "2009": "$515", "2008": "$438", "2007": "$438", "2006": "$410", "2005": "$369"}, "IDEXX Laboratories Quarterly Share Holder Equity (Millions of US $)": {"2020-09-30": "$441", "2020-06-30": "$273", "2020-03-31": "$108", "2019-12-31": "$178", "2019-09-30": "$203", "2019-06-30": "$172", "2019-03-31": "$52", "2018-12-31": "$-9", "2018-09-30": "$-1", "2018-06-30": "$-41", "2018-03-31": "$-49", "2017-12-31": "$-54", "2017-09-30": "$-48", "2017-06-30": "$-86", "2017-03-31": "$-74", "2016-12-31": "$-108", "2016-09-30": "$55", "2016-06-30": "$-8", "2016-03-31": "$-74", "2015-12-31": "$-84", "2015-09-30": "$-39", "2015-06-30": "$9", "2015-03-31": "$34", "2014-12-31": "$118", "2014-09-30": "$229", "2014-06-30": "$453", "2014-03-31": "$512", "2013-12-31": "$518", "2013-09-30": "$535", "2013-06-30": "$550", "2013-03-31": "$631", "2012-12-31": "$636", "2012-09-30": "$618", "2012-06-30": "$590", "2012-03-31": "$567", "2011-12-31": "$540", "2011-09-30": "$586", "2011-06-30": "$609", "2011-03-31": "$597", "2010-12-31": "$574", "2010-09-30": "$547", "2010-06-30": "$524", "2010-03-31": "$497", "2009-12-31": "$515", "2009-09-30": "$500", "2009-06-30": "$471", "2009-03-31": "$446", "2008-12-31": "$438", "2008-09-30": "$437", "2008-06-30": "$428", "2008-03-31": "$434", "2007-12-31": "$438", "2007-09-30": "$420", "2007-06-30": "$385", "2007-03-31": "$412", "2006-12-31": "$410", "2006-09-30": "$388", "2006-06-30": "$357", "2006-03-31": "$363", "2005-12-31": "$369", "2005-09-30": "$381", "2005-06-30": "$392", "2005-03-31": "$387"}}, "profit-margins": {"current": "21.49%"}, "gross margin": {"2020-12-31": "58.07%", "2020-09-30": "57.62%", "2020-06-30": "57.19%", "2020-03-31": "56.76%", "2019-12-31": "56.77%", "2019-09-30": "56.81%", "2019-06-30": "56.59%", "2019-03-31": "56.42%", "2018-12-31": "56.08%", "2018-09-30": "55.90%", "2018-06-30": "55.79%", "2018-03-31": "55.84%", "2017-12-31": "55.71%", "2017-09-30": "55.93%", "2017-06-30": "55.80%", "2017-03-31": "55.33%", "2016-12-31": "55.01%", "2016-09-30": "55.05%", "2016-06-30": "55.06%", "2016-03-31": "55.16%", "2015-12-31": "55.65%", "2015-09-30": "55.05%", "2015-06-30": "55.13%", "2015-03-31": "55.04%", "2014-12-31": "54.91%", "2014-09-30": "55.31%", "2014-06-30": "55.20%", "2014-03-31": "55.16%", "2013-12-31": "54.97%", "2013-09-30": "54.88%", "2013-06-30": "54.70%", "2013-03-31": "54.41%", "2012-12-31": "54.10%", "2012-09-30": "53.86%", "2012-06-30": "53.51%", "2012-03-31": "53.40%", "2011-12-31": "53.08%", "2011-09-30": "52.93%", "2011-06-30": "52.88%", "2011-03-31": "52.39%", "2010-12-31": "52.36%", "2010-09-30": "51.93%", "2010-06-30": "51.34%", "2010-03-31": "51.03%", "2009-12-31": "50.92%", "2009-09-30": "51.10%", "2009-06-30": "51.31%", "2009-03-31": "51.83%", "2008-12-31": "51.76%", "2008-09-30": "51.75%", "2008-06-30": "51.89%", "2008-03-31": "50.42%", "2007-12-31": "50.22%", "2007-09-30": "50.29%", "2007-06-30": "50.42%", "2007-03-31": "51.47%", "2006-12-31": "51.36%", "2006-09-30": "51.61%", "2006-06-30": "51.32%", "2006-03-31": "50.92%", "2005-12-31": "50.63%"}, "operating margin": {"2020-12-31": "25.64%", "2020-09-30": "24.12%", "2020-06-30": "23.97%", "2020-03-31": "22.96%", "2019-12-31": "22.98%", "2019-09-30": "23.49%", "2019-06-30": "23.10%", "2019-03-31": "22.70%", "2018-12-31": "22.19%", "2018-09-30": "21.84%", "2018-06-30": "21.59%", "2018-03-31": "21.22%", "2017-12-31": "20.98%", "2017-09-30": "20.93%", "2017-06-30": "20.78%", "2017-03-31": "20.22%", "2016-12-31": "19.71%", "2016-09-30": "19.22%", "2016-06-30": "18.75%", "2016-03-31": "18.39%", "2015-12-31": "18.74%", "2015-09-30": "17.26%", "2015-06-30": "17.50%", "2015-03-31": "17.44%", "2014-12-31": "17.50%", "2014-09-30": "19.22%", "2014-06-30": "19.35%", "2014-03-31": "19.57%", "2013-12-31": "19.32%", "2013-09-30": "19.96%", "2013-06-30": "20.15%", "2013-03-31": "20.18%", "2012-12-31": "20.25%", "2012-09-30": "19.83%", "2012-06-30": "19.49%", "2012-03-31": "19.38%", "2011-12-31": "19.36%", "2011-09-30": "19.40%", "2011-06-30": "19.40%", "2011-03-31": "18.62%", "2010-12-31": "18.48%", "2010-09-30": "18.07%", "2010-06-30": "17.70%", "2010-03-31": "17.39%", "2009-12-31": "16.97%", "2009-09-30": "16.63%", "2009-06-30": "16.27%", "2009-03-31": "17.01%", "2008-12-31": "16.89%", "2008-09-30": "16.96%", "2008-06-30": "17.03%", "2008-03-31": "15.00%", "2007-12-31": "14.75%", "2007-09-30": "14.73%", "2007-06-30": "15.24%", "2007-03-31": "16.77%", "2006-12-31": "17.21%", "2006-09-30": "17.95%", "2006-06-30": "18.13%", "2006-03-31": "17.74%", "2005-12-31": "18.03%"}, "ebitda margin": {"2020-09-30": "27.79%", "2020-06-30": "27.69%", "2020-03-31": "26.63%", "2019-12-31": "26.60%", "2019-09-30": "27.15%", "2019-06-30": "26.81%", "2019-03-31": "26.39%", "2018-12-31": "25.94%", "2018-09-30": "25.67%", "2018-06-30": "25.51%", "2018-03-31": "25.28%", "2017-12-31": "25.19%", "2017-09-30": "25.29%", "2017-06-30": "25.19%", "2017-03-31": "24.73%", "2016-12-31": "24.16%", "2016-09-30": "23.60%", "2016-06-30": "23.18%", "2016-03-31": "22.79%", "2015-12-31": "23.11%", "2015-09-30": "21.57%", "2015-06-30": "21.69%", "2015-03-31": "21.55%", "2014-12-31": "21.47%", "2014-09-30": "23.12%", "2014-06-30": "23.23%", "2014-03-31": "23.49%", "2013-12-31": "23.38%", "2013-09-30": "24.13%", "2013-06-30": "24.32%", "2013-03-31": "24.33%", "2012-12-31": "24.34%", "2012-09-30": "23.89%", "2012-06-30": "23.52%", "2012-03-31": "23.38%", "2011-12-31": "23.30%", "2011-09-30": "23.33%", "2011-06-30": "23.35%", "2011-03-31": "22.61%", "2010-12-31": "22.64%", "2010-09-30": "22.39%", "2010-06-30": "22.24%", "2010-03-31": "22.09%", "2009-12-31": "21.92%", "2009-09-30": "21.61%", "2009-06-30": "21.18%", "2009-03-31": "21.86%", "2008-12-31": "21.48%", "2008-09-30": "21.44%", "2008-06-30": "21.41%", "2008-03-31": "19.48%", "2007-12-31": "19.20%", "2007-09-30": "19.22%", "2007-06-30": "19.71%", "2007-03-31": "21.13%", "2006-12-31": "21.54%", "2006-09-30": "22.16%", "2006-06-30": "22.22%", "2006-03-31": "21.71%", "2005-12-31": "21.94%"}, "pre tax profit margin": {"2020-12-31": "24.46%", "2020-09-30": "22.93%", "2020-06-30": "22.76%", "2020-03-31": "21.78%", "2019-12-31": "21.74%", "2019-09-30": "22.17%", "2019-06-30": "21.70%", "2019-03-31": "21.24%", "2018-12-31": "20.65%", "2018-09-30": "20.28%", "2018-06-30": "19.98%", "2018-03-31": "19.61%", "2017-12-31": "19.40%", "2017-09-30": "19.36%", "2017-06-30": "19.28%", "2017-03-31": "18.74%", "2016-12-31": "18.13%", "2016-09-30": "17.60%", "2016-06-30": "17.03%", "2016-03-31": "16.68%", "2015-12-31": "17.11%", "2015-09-30": "15.71%", "2015-06-30": "16.13%", "2015-03-31": "16.31%", "2014-12-31": "16.62%", "2014-09-30": "18.62%", "2014-06-30": "18.93%", "2014-03-31": "19.22%", "2013-12-31": "19.10%", "2013-09-30": "19.81%", "2013-06-30": "20.08%", "2013-03-31": "20.11%", "2012-12-31": "20.17%", "2012-09-30": "19.75%", "2012-06-30": "19.42%", "2012-03-31": "19.38%", "2011-12-31": "19.28%", "2011-09-30": "19.23%", "2011-06-30": "19.14%", "2011-03-31": "18.26%", "2010-12-31": "18.21%", "2010-09-30": "17.89%", "2010-06-30": "17.61%", "2010-03-31": "17.39%", "2009-12-31": "16.97%", "2009-09-30": "16.53%", "2009-06-30": "16.06%", "2009-03-31": "16.72%", "2008-12-31": "16.50%", "2008-09-30": "16.67%", "2008-06-30": "16.83%", "2008-03-31": "14.90%", "2007-12-31": "14.75%", "2007-09-30": "14.84%", "2007-06-30": "15.48%", "2007-03-31": "17.16%", "2006-12-31": "17.75%", "2006-09-30": "18.51%", "2006-06-30": "18.71%", "2006-03-31": "18.35%", "2005-12-31": "18.65%"}, "net profit margin": {"2020-12-31": "21.50%", "2020-09-30": "19.18%", "2020-06-30": "18.59%", "2020-03-31": "17.79%", "2019-12-31": "17.79%", "2019-09-30": "18.04%", "2019-06-30": "17.82%", "2019-03-31": "17.37%", "2018-12-31": "17.04%", "2018-09-30": "15.16%", "2018-06-30": "14.50%", "2018-03-31": "13.84%", "2017-12-31": "13.36%", "2017-09-30": "14.53%", "2017-06-30": "14.07%", "2017-03-31": "13.41%", "2016-12-31": "12.44%", "2016-09-30": "12.29%", "2016-06-30": "11.89%", "2016-03-31": "11.67%", "2015-12-31": "11.99%", "2015-09-30": "11.20%", "2015-06-30": "11.89%", "2015-03-31": "12.07%", "2014-12-31": "12.25%", "2014-09-30": "13.37%", "2014-06-30": "13.38%", "2014-03-31": "13.52%", "2013-12-31": "13.65%", "2013-09-30": "14.00%", "2013-06-30": "14.02%", "2013-03-31": "13.97%", "2012-12-31": "13.76%", "2012-09-30": "13.51%", "2012-06-30": "13.34%", "2012-03-31": "13.37%", "2011-12-31": "13.37%", "2011-09-30": "13.46%", "2011-06-30": "13.48%", "2011-03-31": "12.85%", "2010-12-31": "12.77%", "2010-09-30": "12.48%", "2010-06-30": "12.33%", "2010-03-31": "12.22%", "2009-12-31": "11.93%", "2009-09-30": "11.55%", "2009-06-30": "11.04%", "2009-03-31": "11.37%", "2008-12-31": "11.43%", "2008-09-30": "11.60%", "2008-06-30": "11.85%", "2008-03-31": "10.63%", "2007-12-31": "10.30%", "2007-09-30": "10.82%", "2007-06-30": "11.25%", "2007-03-31": "12.42%", "2006-12-31": "12.74%", "2006-09-30": "12.48%", "2006-06-30": "12.43%", "2006-03-31": "12.08%", "2005-12-31": "12.38%"}, "pe ratio": {"current": "74.91", "2021-02-05": "106.94", "2020-12-31": "106.36", "2020-09-30": "68.49", "2020-06-30": "62.41", "2020-03-31": "48.45", "2019-12-31": "53.51", "2019-09-30": "56.42", "2019-06-30": "59.47", "2019-03-31": "50.47", "2018-12-31": "43.56", "2018-09-30": "67.11", "2018-06-30": "62.99", "2018-03-31": "60.19", "2017-12-31": "53.19", "2017-09-30": "50.32", "2017-06-30": "55.28", "2017-03-31": "57.05", "2016-12-31": "47.87", "2016-09-30": "47.97", "2016-06-30": "42.02", "2016-03-31": "37.84", "2015-12-31": "35.57", "2015-09-30": "40.38", "2015-06-30": "34.21", "2015-03-31": "42.32", "2014-12-31": "41.65", "2014-09-30": "30.68", "2014-06-30": "36.40", "2014-03-31": "34.10", "2013-12-31": "30.57", "2013-09-30": "28.97", "2013-06-30": "26.85", "2013-03-31": "28.34", "2012-12-31": "29.27", "2012-09-30": "32.47", "2012-06-30": "32.48", "2012-03-31": "30.36", "2011-12-31": "27.68", "2011-09-30": "25.26", "2011-06-30": "29.27", "2011-03-31": "31.65", "2010-12-31": "29.21", "2010-09-30": "27.31", "2010-06-30": "27.68", "2010-03-31": "27.02", "2009-12-31": "26.59", "2009-09-30": "26.46", "2009-06-30": "25.81", "2009-03-31": "18.49", "2008-12-31": "19.29", "2008-09-30": "29.15", "2008-06-30": "26.13", "2008-03-31": "31.38", "2007-12-31": "40.02", "2007-09-30": "38.05", "2007-06-30": "33.44", "2007-03-31": "29.81", "2006-12-31": "27.92"}, "price sales": {"2021-02-05": "16.10", "2020-12-31": "16.01", "2020-09-30": "13.17", "2020-06-30": "11.62", "2020-03-31": "8.61", "2019-12-31": "9.50", "2019-09-30": "10.16", "2019-06-30": "10.58", "2019-03-31": "8.76", "2018-12-31": "7.45", "2018-09-30": "10.22", "2018-06-30": "9.17", "2018-03-31": "8.37", "2017-12-31": "7.12", "2017-09-30": "7.34", "2017-06-30": "7.84", "2017-03-31": "7.71", "2016-12-31": "6.01", "2016-09-30": "5.96", "2016-06-30": "5.05", "2016-03-31": "4.44", "2015-12-31": "4.28", "2015-09-30": "4.58", "2015-06-30": "4.10", "2015-03-31": "5.13", "2014-12-31": "5.12", "2014-09-30": "4.12", "2014-06-30": "4.89", "2014-03-31": "4.62", "2013-12-31": "4.19", "2013-09-30": "4.07", "2013-06-30": "3.77", "2013-03-31": "3.97", "2012-12-31": "4.03", "2012-09-30": "4.40", "2012-06-30": "4.34", "2012-03-31": "4.05", "2011-12-31": "3.69", "2011-09-30": "3.39", "2011-06-30": "3.94", "2011-03-31": "4.07", "2010-12-31": "3.74", "2010-09-30": "3.39", "2010-06-30": "3.40", "2010-03-31": "3.27", "2009-12-31": "3.14", "2009-09-30": "3.04", "2009-06-30": "2.84", "2009-03-31": "2.11", "2008-12-31": "2.20", "2008-09-30": "3.37", "2008-06-30": "3.08", "2008-03-31": "3.29", "2007-12-31": "4.10", "2007-09-30": "4.08", "2007-06-30": "3.72", "2007-03-31": "3.68", "2006-12-31": "3.54"}, "price book": {"current": "67.75", "2021-02-05": "97.20", "2020-09-30": "76.02", "2020-06-30": "102.71", "2020-03-31": "190.40", "2019-12-31": "125.51", "2019-09-30": "115.21", "2019-06-30": "138.19", "2019-03-31": "370.94", "2018-12-31": "-1735.26", "2018-09-30": "-15901.91", "2018-06-30": "-462.23", "2018-03-31": "-339.95", "2017-12-31": "-253.00", "2017-09-30": "-280.52", "2017-06-30": "-163.93", "2017-03-31": "-183.95", "2016-12-31": "-95.33", "2016-09-30": "183.90", "2016-06-30": "-978.50", "2016-03-31": "-95.05", "2015-12-31": "-78.13", "2015-09-30": "-174.59", "2015-06-30": "694.91", "2015-03-31": "212.14", "2014-12-31": "29.87", "2014-09-30": "24.78", "2014-06-30": "14.86", "2014-03-31": "12.16", "2013-12-31": "10.58", "2013-09-30": "9.68", "2013-06-30": "8.59", "2013-03-31": "7.94", "2012-12-31": "7.95", "2012-09-30": "8.80", "2012-06-30": "8.94", "2012-03-31": "8.49", "2011-12-31": "7.86", "2011-09-30": "6.62", "2011-06-30": "7.24", "2011-03-31": "7.41", "2010-12-31": "6.91", "2010-09-30": "6.48", "2010-06-30": "6.69", "2010-03-31": "6.66", "2009-12-31": "6.05", "2009-09-30": "5.86", "2009-06-30": "5.75", "2009-03-31": "4.57", "2008-12-31": "4.88", "2008-09-30": "7.45", "2008-06-30": "6.77", "2008-03-31": "6.86", "2007-12-31": "8.16", "2007-09-30": "7.97", "2007-06-30": "7.50", "2007-03-31": "6.59", "2006-12-31": "6.15", "2006-09-30": "7.35", "2006-06-30": "6.56", "2006-03-31": "7.52"}, "price fcf": {"2021-02-05": "", "2020-09-30": "$5.13", "2020-06-30": "$4.22", "2020-03-31": "$3.27", "2019-12-31": "$3.47", "2019-09-30": "$3.38", "2019-06-30": "$3.19", "2019-03-31": "$3.04", "2018-12-31": "$3.21", "2018-09-30": "$3.18", "2018-06-30": "$3.35", "2018-03-31": "$3.38", "2017-12-31": "$3.34", "2017-09-30": "$3.17", "2017-06-30": "$3.06", "2017-03-31": "$3.05", "2016-12-31": "$3.02", "2016-09-30": "$2.74", "2016-06-30": "$2.39", "2016-03-31": "$1.93", "2015-12-31": "$1.48", "2015-09-30": "$0.94", "2015-06-30": "$1.11", "2015-03-31": "$1.17", "2014-12-31": "$1.78", "2014-09-30": "$2.09", "2014-06-30": "$1.91", "2014-03-31": "$1.76", "2013-12-31": "$1.56", "2013-09-30": "$1.60", "2013-06-30": "$1.50", "2013-03-31": "$1.43", "2012-12-31": "$1.47", "2012-09-30": "$1.36", "2012-06-30": "$1.40", "2012-03-31": "$1.36", "2011-12-31": "$1.45", "2011-09-30": "$1.39", "2011-06-30": "$1.22", "2011-03-31": "$1.22", "2010-12-31": "$1.18", "2010-09-30": "$1.23", "2010-06-30": "$1.11", "2010-03-31": "$1.09", "2009-12-31": "$1.04", "2009-09-30": "$0.74", "2009-06-30": "$0.64", "2009-03-31": "$0.62", "2008-12-31": "$0.43", "2008-09-30": "$0.49", "2008-06-30": "$0.46", "2008-03-31": "$0.48", "2007-12-31": "$0.54", "2007-09-30": "$0.62", "2007-06-30": "$0.63", "2007-03-31": "$0.48", "2006-12-31": "$0.50"}, "net worth": {"value": "$42.88B"}, "current ratio": {"2020-12-31": "1.82", "2020-09-30": "1.65", "2020-06-30": "1.44", "2020-03-31": "0.85", "2019-12-31": "0.94", "2019-09-30": "1.12", "2019-06-30": "1.15", "2019-03-31": "1.01", "2018-12-31": "0.85", "2018-09-30": "0.93", "2018-06-30": "0.96", "2018-03-31": "0.96", "2017-12-31": "0.97", "2017-09-30": "0.95", "2017-06-30": "0.92", "2017-03-31": "0.94", "2016-12-31": "0.91", "2016-09-30": "1.09", "2016-06-30": "1.00", "2016-03-31": "0.92", "2015-12-31": "0.96", "2015-09-30": "1.01", "2015-06-30": "1.07", "2015-03-31": "1.01", "2014-12-31": "0.93", "2014-09-30": "1.12", "2014-06-30": "1.17", "2014-03-31": "1.32", "2013-12-31": "1.36", "2013-09-30": "1.05", "2013-06-30": "1.12", "2013-03-31": "1.35", "2012-12-31": "1.40", "2012-09-30": "1.37", "2012-06-30": "1.33", "2012-03-31": "1.25", "2011-12-31": "1.20", "2011-09-30": "1.52", "2011-06-30": "1.66", "2011-03-31": "1.71", "2010-12-31": "1.62", "2010-09-30": "1.59", "2010-06-30": "1.51", "2010-03-31": "1.38", "2009-12-31": "1.47", "2009-09-30": "1.94", "2009-06-30": "1.80", "2009-03-31": "1.26", "2008-12-31": "1.21", "2008-09-30": "1.15", "2008-06-30": "1.13", "2008-03-31": "1.22", "2007-12-31": "1.37", "2007-09-30": "1.40", "2007-06-30": "1.32", "2007-03-31": "1.58", "2006-12-31": "2.42", "2006-09-30": "2.50", "2006-06-30": "2.20", "2006-03-31": "2.86", "2005-12-31": "2.81", "2005-09-30": "3.07", "2005-06-30": "3.30", "2005-03-31": "3.37"}, "quick ratio": {"2020-12-31": "1.46", "2020-09-30": "1.24", "2020-06-30": "1.02", "2020-03-31": "0.60", "2019-12-31": "0.67", "2019-09-30": "0.80", "2019-06-30": "0.83", "2019-03-31": "0.74", "2018-12-31": "0.62", "2018-09-30": "0.69", "2018-06-30": "0.73", "2018-03-31": "0.72", "2017-12-31": "0.80", "2017-09-30": "0.77", "2017-06-30": "0.75", "2017-03-31": "0.76", "2016-12-31": "0.74", "2016-09-30": "0.87", "2016-06-30": "0.78", "2016-03-31": "0.71", "2015-12-31": "0.74", "2015-09-30": "0.78", "2015-06-30": "0.84", "2015-03-31": "0.79", "2014-12-31": "0.73", "2014-09-30": "0.87", "2014-06-30": "0.93", "2014-03-31": "1.05", "2013-12-31": "1.09", "2013-09-30": "0.81", "2013-06-30": "0.86", "2013-03-31": "1.02", "2012-12-31": "1.06", "2012-09-30": "1.02", "2012-06-30": "0.98", "2012-03-31": "0.92", "2011-12-31": "0.90", "2011-09-30": "1.11", "2011-06-30": "1.21", "2011-03-31": "1.24", "2010-12-31": "1.17", "2010-09-30": "1.10", "2010-06-30": "1.06", "2010-03-31": "0.95", "2009-12-31": "1.04", "2009-09-30": "1.32", "2009-06-30": "1.23", "2009-03-31": "0.84", "2008-12-31": "0.81", "2008-09-30": "0.78", "2008-06-30": "0.78", "2008-03-31": "0.84", "2007-12-31": "0.93", "2007-09-30": "0.94", "2007-06-30": "0.89", "2007-03-31": "1.01", "2006-12-31": "1.65", "2006-09-30": "1.70", "2006-06-30": "1.51", "2006-03-31": "2.03", "2005-12-31": "2.16", "2005-09-30": "2.25", "2005-06-30": "2.42", "2005-03-31": "2.44"}, "debt equity ratio": {"current": "1.36", "2020-12-31": "1.71", "2020-09-30": "3.64", "2020-06-30": "6.17", "2020-03-31": "16.46", "2019-12-31": "9.31", "2019-09-30": "7.64", "2019-06-30": "9.05", "2019-03-31": "31.41", "2018-12-31": "-167.51", "2018-09-30": "-1134.18", "2018-06-30": "-38.23", "2018-03-31": "-31.00", "2017-12-31": "-32.82", "2017-09-30": "-35.50", "2017-06-30": "-20.01", "2017-03-31": "-22.27", "2016-12-31": "-15.15", "2016-09-30": "26.29", "2016-06-30": "-176.25", "2016-03-31": "-21.04", "2015-12-31": "-18.56", "2015-09-30": "-39.07", "2015-06-30": "171.77", "2015-03-31": "40.99", "2014-12-31": "10.77", "2014-09-30": "4.62", "2014-06-30": "1.83", "2014-03-31": "1.46", "2013-12-31": "1.38", "2013-09-30": "1.24", "2013-06-30": "1.12", "2013-03-31": "0.79", "2012-12-31": "0.74", "2012-09-30": "0.77", "2012-06-30": "0.81", "2012-03-31": "0.87", "2011-12-31": "0.91", "2011-09-30": "0.65", "2011-06-30": "0.56", "2011-03-31": "0.52", "2010-12-31": "0.56", "2010-09-30": "0.58", "2010-06-30": "0.59", "2010-03-31": "0.66", "2009-12-31": "0.57", "2009-09-30": "0.63", "2009-06-30": "0.70", "2009-03-31": "0.73", "2008-12-31": "0.75", "2008-09-30": "0.78", "2008-06-30": "0.79", "2008-03-31": "0.70", "2007-12-31": "0.60", "2007-09-30": "0.61", "2007-06-30": "0.68", "2007-03-31": "0.57", "2006-12-31": "0.37", "2006-09-30": "0.35", "2006-06-30": "0.40", "2006-03-31": "0.31", "2005-12-31": "0.33", "2005-09-30": "0.29", "2005-06-30": "0.28", "2005-03-31": "0.26"}, "return on equity": {"2020-12-31": "160.00%", "2020-09-30": "198.80%", "2020-06-30": "241.47%", "2020-03-31": "264.45%", "2019-12-31": "282.98%", "2019-09-30": "405.74%", "2019-06-30": "762.62%", "2019-03-31": "156400.00%", "2018-12-31": "-1508.00%", "2018-09-30": "-907.59%", "2018-06-30": "-639.58%", "2018-03-31": "-477.64%", "2017-12-31": "-401.53%", "2017-09-30": "-350.63%", "2017-06-30": "-492.02%", "2017-03-31": "-722.96%", "2016-12-31": "-654.81%", "2016-09-30": "-767.57%", "2016-06-30": "-392.20%", "2016-03-31": "-406.38%", "2015-12-31": "-960.00%", "2015-09-30": "570.49%", "2015-06-30": "186.67%", "2015-03-31": "87.29%", "2014-12-31": "55.49%", "2014-09-30": "46.50%", "2014-06-30": "38.26%", "2014-03-31": "35.93%", "2013-12-31": "33.66%", "2013-09-30": "31.97%", "2013-06-30": "30.39%", "2013-03-31": "29.41%", "2012-12-31": "29.53%", "2012-09-30": "29.89%", "2012-06-30": "29.61%", "2012-03-31": "29.02%", "2011-12-31": "27.96%", "2011-09-30": "27.22%", "2011-06-30": "26.99%", "2011-03-31": "25.87%", "2010-12-31": "26.33%", "2010-09-30": "26.12%", "2010-06-30": "26.13%", "2010-03-31": "26.22%", "2009-12-31": "25.47%", "2009-09-30": "25.01%", "2009-06-30": "24.55%", "2009-03-31": "26.30%", "2008-12-31": "26.94%", "2008-09-30": "27.40%", "2008-06-30": "27.67%", "2008-03-31": "24.33%", "2007-12-31": "22.96%", "2007-09-30": "23.11%", "2007-06-30": "23.32%", "2007-03-31": "24.76%", "2006-12-31": "24.77%", "2006-09-30": "24.10%", "2006-06-30": "23.13%", "2006-03-31": "21.00%", "2005-12-31": "20.67%"}, "return on assets": {"2020-12-31": "28.43%", "2020-09-30": "25.73%", "2020-06-30": "24.76%", "2020-03-31": "24.30%", "2019-12-31": "24.50%", "2019-09-30": "25.34%", "2019-06-30": "25.16%", "2019-03-31": "24.89%", "2018-12-31": "24.84%", "2018-09-30": "21.06%", "2018-06-30": "19.27%", "2018-03-31": "17.45%", "2017-12-31": "15.96%", "2017-09-30": "17.29%", "2017-06-30": "16.79%", "2017-03-31": "16.02%", "2016-12-31": "14.74%", "2016-09-30": "14.34%", "2016-06-30": "13.58%", "2016-03-31": "12.93%", "2015-12-31": "13.11%", "2015-09-30": "12.06%", "2015-06-30": "13.04%", "2015-03-31": "13.51%", "2014-12-31": "13.95%", "2014-09-30": "15.71%", "2014-06-30": "15.53%", "2014-03-31": "15.66%", "2013-12-31": "15.92%", "2013-09-30": "16.36%", "2013-06-30": "16.47%", "2013-03-31": "16.56%", "2012-12-31": "16.46%", "2012-09-30": "16.27%", "2012-06-30": "16.38%", "2012-03-31": "16.65%", "2011-12-31": "16.89%", "2011-09-30": "17.28%", "2011-06-30": "17.35%", "2011-03-31": "16.56%", "2010-12-31": "16.51%", "2010-09-30": "16.34%", "2010-06-30": "16.21%", "2010-03-31": "16.01%", "2009-12-31": "15.40%", "2009-09-30": "14.73%", "2009-06-30": "14.13%", "2009-03-31": "14.94%", "2008-12-31": "15.36%", "2008-09-30": "15.96%", "2008-06-30": "16.54%", "2008-03-31": "14.79%", "2007-12-31": "14.24%", "2007-09-30": "14.89%", "2007-06-30": "15.65%", "2007-03-31": "17.38%", "2006-12-31": "18.24%", "2006-09-30": "17.87%", "2006-06-30": "17.35%", "2006-03-31": "16.13%", "2005-12-31": "16.02%"}, "return on investments": {"2020-12-31": "58.28%", "2020-09-30": "60.26%", "2020-06-30": "63.19%", "2020-03-31": "65.33%", "2019-12-31": "65.08%", "2019-09-30": "70.91%", "2019-06-30": "73.50%", "2019-03-31": "79.56%", "2018-12-31": "82.59%", "2018-09-30": "81.09%", "2018-06-30": "81.97%", "2018-03-31": "79.52%", "2017-12-31": "77.05%", "2017-09-30": "76.84%", "2017-06-30": "70.17%", "2017-03-31": "64.56%", "2016-12-31": "61.27%", "2016-09-30": "57.59%", "2016-06-30": "57.93%", "2016-03-31": "53.97%", "2015-12-31": "53.07%", "2015-09-30": "48.38%", "2015-06-30": "47.52%", "2015-03-31": "47.22%", "2014-12-31": "44.56%", "2014-09-30": "45.13%", "2014-06-30": "45.18%", "2014-03-31": "45.51%", "2013-12-31": "44.57%", "2013-09-30": "45.50%", "2013-06-30": "43.62%", "2013-03-31": "42.40%", "2012-12-31": "43.34%", "2012-09-30": "43.76%", "2012-06-30": "43.11%", "2012-03-31": "41.87%", "2011-12-31": "40.29%", "2011-09-30": "39.01%", "2011-06-30": "38.63%", "2011-03-31": "37.23%", "2010-12-31": "37.83%", "2010-09-30": "37.56%", "2010-06-30": "35.83%", "2010-03-31": "34.28%", "2009-12-31": "33.19%", "2009-09-30": "32.86%", "2009-06-30": "34.27%", "2009-03-31": "38.87%", "2008-12-31": "39.36%", "2008-09-30": "39.57%", "2008-06-30": "39.24%", "2008-03-31": "33.88%", "2007-12-31": "32.40%", "2007-09-30": "31.01%", "2007-06-30": "31.13%", "2007-03-31": "32.91%", "2006-12-31": "43.27%", "2006-09-30": "67.55%", "2006-06-30": "136.26%", "2006-03-31": "inf%", "2005-12-31": "inf%"}, "return on tangible equity": {"2020-09-30": "-1162.57%", "2020-06-30": "-502.73%", "2020-03-31": "-406.51%", "2019-12-31": "-381.29%", "2019-09-30": "-285.04%", "2019-06-30": "-201.48%", "2019-03-31": "-155.78%", "2018-12-31": "-137.84%", "2018-09-30": "-116.87%", "2018-06-30": "-105.95%", "2018-03-31": "-93.40%", "2017-12-31": "-86.23%", "2017-09-30": "-88.29%", "2017-06-30": "-92.25%", "2017-03-31": "-93.31%", "2016-12-31": "-83.79%", "2016-09-30": "-81.84%", "2016-06-30": "-70.22%", "2016-03-31": "-67.31%", "2015-12-31": "-74.64%", "2015-09-30": "-82.66%", "2015-06-30": "-127.72%", "2015-03-31": "-582.40%", "2014-12-31": "206.23%", "2014-09-30": "104.19%", "2014-06-30": "72.62%", "2014-03-31": "65.12%", "2013-12-31": "58.29%", "2013-09-30": "53.37%", "2013-06-30": "49.47%", "2013-03-31": "47.58%", "2012-12-31": "48.93%", "2012-09-30": "51.07%", "2012-06-30": "49.71%", "2012-03-31": "47.44%", "2011-12-31": "44.20%", "2011-09-30": "41.66%", "2011-06-30": "41.81%", "2011-03-31": "40.76%", "2010-12-31": "42.66%", "2010-09-30": "43.35%", "2010-06-30": "44.37%", "2010-03-31": "45.65%", "2009-12-31": "44.93%", "2009-09-30": "45.31%", "2009-06-30": "46.56%", "2009-03-31": "53.00%", "2008-12-31": "57.64%", "2008-09-30": "60.79%", "2008-06-30": "62.55%", "2008-03-31": "55.97%", "2007-12-31": "52.41%", "2007-09-30": "48.52%", "2007-06-30": "43.97%", "2007-03-31": "42.36%", "2006-12-31": "38.56%", "2006-09-30": "36.59%", "2006-06-30": "34.94%", "2006-03-31": "30.80%", "2005-12-31": "30.12%"}, "dividend yield history": {"last payout": "$0.00", "last yield": "0.00%"}}