{"ticker": "IFF", "price": {"title": "International Flavors & Fragrances Historical Annual Stock Price Data", "value": 136.77, "historical": {"2021": {"Average Stock Price": "120.5757", "Year Open": "105.0800", "Year High": "136.7700", "Year Low": "105.0800", "Year Close": "136.7700", "Annual % Change": "25.66%"}, "2020": {"Average Stock Price": "121.8565", "Year Open": "127.5500", "Year High": "142.6700", "Year Low": "94.2800", "Year Close": "108.8400", "Annual % Change": "-15.64%"}, "2019": {"Average Stock Price": "131.6519", "Year Open": "134.5800", "Year High": "152.1500", "Year Low": "106.5000", "Year Close": "129.0200", "Annual % Change": "-3.91%"}, "2018": {"Average Stock Price": "136.2817", "Year Open": "154.5600", "Year High": "156.8700", "Year Low": "122.1300", "Year Close": "134.2700", "Annual % Change": "-12.02%"}, "2017": {"Average Stock Price": "136.5237", "Year Open": "117.1700", "Year High": "155.4400", "Year Low": "115.2600", "Year Close": "152.6100", "Annual % Change": "29.52%"}, "2016": {"Average Stock Price": "124.2447", "Year Open": "118.0300", "Year High": "142.9700", "Year Low": "100.4900", "Year Close": "117.8300", "Annual % Change": "-1.51%"}, "2015": {"Average Stock Price": "113.6408", "Year Open": "100.8500", "Year High": "122.7700", "Year Low": "98.1500", "Year Close": "119.6400", "Annual % Change": "18.03%"}, "2014": {"Average Stock Price": "97.1346", "Year Open": "85.6500", "Year High": "105.4300", "Year Low": "83.8400", "Year Close": "101.3600", "Annual % Change": "17.89%"}, "2013": {"Average Stock Price": "79.1227", "Year Open": "68.3500", "Year High": "89.8900", "Year Low": "68.1000", "Year Close": "85.9800", "Annual % Change": "29.22%"}, "2012": {"Average Stock Price": "58.9385", "Year Open": "52.8800", "Year High": "67.4100", "Year Low": "52.8800", "Year Close": "66.5400", "Annual % Change": "26.94%"}, "2011": {"Average Stock Price": "58.7788", "Year Open": "55.6500", "Year High": "65.2400", "Year Low": "51.3100", "Year Close": "52.4200", "Annual % Change": "-5.70%"}, "2010": {"Average Stock Price": "47.1413", "Year Open": "42.0100", "Year High": "55.7700", "Year Low": "39.7700", "Year Close": "55.5900", "Annual % Change": "35.12%"}, "2009": {"Average Stock Price": "34.0644", "Year Open": "30.6000", "Year High": "41.8500", "Year Low": "25.3000", "Year Close": "41.1400", "Annual % Change": "38.43%"}, "2008": {"Average Stock Price": "39.5098", "Year Open": "47.2000", "Year High": "47.2000", "Year Low": "24.9000", "Year Close": "29.7200", "Annual % Change": "-38.25%"}, "2007": {"Average Stock Price": "49.9050", "Year Open": "48.9200", "Year High": "54.2000", "Year Low": "46.0000", "Year Close": "48.1300", "Annual % Change": "-2.10%"}, "2006": {"Average Stock Price": "38.0258", "Year Open": "33.7500", "Year High": "49.8000", "Year Low": "32.8400", "Year Close": "49.1600", "Annual % Change": "46.75%"}, "2005": {"Average Stock Price": "37.1752", "Year Open": "42.1000", "Year High": "42.4500", "Year Low": "31.9500", "Year Close": "33.5000", "Annual % Change": "-21.80%"}, "2004": {"Average Stock Price": "37.5583", "Year Open": "34.3900", "Year High": "43.0500", "Year Low": "33.2500", "Year Close": "42.8400", "Annual % Change": "22.68%"}, "2003": {"Average Stock Price": "32.1645", "Year Open": "35.7800", "Year High": "36.5700", "Year Low": "29.6600", "Year Close": "34.9200", "Annual % Change": "-0.51%"}, "2002": {"Average Stock Price": "32.7098", "Year Open": "29.5500", "Year High": "37.3200", "Year Low": "27.4200", "Year Close": "35.1000", "Annual % Change": "18.14%"}, "2001": {"Average Stock Price": "25.9860", "Year Open": "20.2500", "Year High": "31.4500", "Year Low": "20.2100", "Year Close": "29.7100", "Annual % Change": "46.28%"}, "2000": {"Average Stock Price": "27.8363", "Year Open": "35.5600", "Year High": "37.3100", "Year Low": "15.1300", "Year Close": "20.3100", "Annual % Change": "-46.03%"}, "1999": {"Average Stock Price": "40.0834", "Year Open": "45.0600", "Year High": "47.1300", "Year Low": "34.2500", "Year Close": "37.6300", "Annual % Change": "-14.84%"}, "1998": {"Average Stock Price": "43.1533", "Year Open": "51.3100", "Year High": "51.3100", "Year Low": "32.8100", "Year Close": "44.1900", "Annual % Change": "-14.19%"}, "1997": {"Average Stock Price": "47.7249", "Year Open": "45.2500", "Year High": "53.2500", "Year Low": "40.5000", "Year Close": "51.5000", "Annual % Change": "14.44%"}, "1996": {"Average Stock Price": "46.4753", "Year Open": "47.8800", "Year High": "51.3800", "Year Low": "41.5000", "Year Close": "45.0000", "Annual % Change": "-6.25%"}, "1995": {"Average Stock Price": "49.5918", "Year Open": "45.1300", "Year High": "54.8800", "Year Low": "45.1300", "Year Close": "48.0000", "Annual % Change": "3.78%"}, "1994": {"Average Stock Price": "40.2824", "Year Open": "37.2500", "Year High": "47.0000", "Year Low": "35.7500", "Year Close": "46.2500", "Annual % Change": "21.98%"}, "1993": {"Average Stock Price": "37.0731", "Year Open": "35.9567", "Year High": "39.5433", "Year Low": "33.1667", "Year Close": "37.9167", "Annual % Change": "4.60%"}, "1992": {"Average Stock Price": "35.2842", "Year Open": "33.8333", "Year High": "38.7067", "Year Low": "31.7933", "Year Close": "36.2500", "Annual % Change": "5.97%"}, "1991": {"Average Stock Price": "27.6307", "Year Open": "24.5000", "Year High": "34.2067", "Year Low": "23.1667", "Year Close": "34.2067", "Annual % Change": "37.75%"}, "1990": {"Average Stock Price": "21.9138", "Year Open": "22.4167", "Year High": "25.0000", "Year Low": "18.4167", "Year Close": "24.8333", "Annual % Change": "9.96%"}, "1989": {"Average Stock Price": "19.2715", "Year Open": "16.5000", "Year High": "23.9167", "Year Low": "16.1667", "Year Close": "22.5833", "Annual % Change": "37.23%"}, "1988": {"Average Stock Price": "16.1005", "Year Open": "15.0833", "Year High": "18.0000", "Year Low": "14.7933", "Year Close": "16.4567", "Annual % Change": "11.24%"}, "1987": {"Average Stock Price": "15.8464", "Year Open": "12.7500", "Year High": "19.0000", "Year Low": "12.5833", "Year Close": "14.7933", "Annual % Change": "19.14%"}, "1986": {"Average Stock Price": "13.6259", "Year Open": "12.9567", "Year High": "16.0833", "Year Low": "11.5833", "Year Close": "12.4167", "Annual % Change": "-6.87%"}, "1985": {"Average Stock Price": "10.0958", "Year Open": "9.0833", "Year High": "13.3333", "Year Low": "8.7067", "Year Close": "13.3333", "Annual % Change": "42.86%"}, "1984": {"Average Stock Price": "8.6748", "Year Open": "9.1267", "Year High": "9.5433", "Year Low": "7.6667", "Year Close": "9.3333", "Annual % Change": "2.75%"}, "1983": {"Average Stock Price": "9.7306", "Year Open": "8.9167", "Year High": "11.7500", "Year Low": "8.0000", "Year Close": "9.0833", "Annual % Change": "-1.34%"}, "1982": {"Average Stock Price": "7.2876", "Year Open": "6.6267", "Year High": "9.8333", "Year Low": "5.8333", "Year Close": "9.2067", "Annual % Change": "41.64%"}}}, "market cap": {"value": "$13.68B"}, "income statement": {"Revenue": {"2019-12-31": "5140.08400", "2018-12-31": "3977.53900", "2017-12-31": "3398.71900", "2016-12-31": "3116.35000", "2015-12-31": "3023.18900", "2014-12-31": "3088.53300", "2013-12-31": "2952.89600", "2012-12-31": "2821.44600", "2011-12-31": "2788.01800", "2010-12-31": "2622.86200", "2009-12-31": "2326.15800", "2008-12-31": "2389.37200", "2007-12-31": "2276.63800", "2006-12-31": "2095.39000", "2005-12-31": "1993.39300"}, "Cost Of Goods Sold": {"2019-12-31": "3027.33600", "2018-12-31": "2294.83200", "2017-12-31": "1926.25600", "2016-12-31": "1720.78700", "2015-12-31": "1671.59000", "2014-12-31": "1726.38300", "2013-12-31": "1668.69100", "2012-12-31": "1645.91200", "2011-12-31": "1683.36200", "2010-12-31": "1530.26000", "2009-12-31": "1391.91300", "2008-12-31": "1418.44100", "2007-12-31": "1324.42400", "2006-12-31": "1211.25900", "2005-12-31": "1168.99200"}, "Gross Profit": {"2019-12-31": "2112.74800", "2018-12-31": "1682.70700", "2017-12-31": "1472.46300", "2016-12-31": "1395.56300", "2015-12-31": "1351.59900", "2014-12-31": "1362.15000", "2013-12-31": "1284.20500", "2012-12-31": "1175.53400", "2011-12-31": "1104.65600", "2010-12-31": "1092.60200", "2009-12-31": "934.24500", "2008-12-31": "970.93100", "2007-12-31": "952.21400", "2006-12-31": "884.13090", "2005-12-31": "824.40100"}, "Research And Development Expenses": {"2019-12-31": "346.12800", "2018-12-31": "311.58300", "2017-12-31": "295.46900", "2016-12-31": "258.86300", "2015-12-31": "246.10100", "2014-12-31": "253.64000", "2013-12-31": "259.83800", "2012-12-31": "233.71300", "2011-12-31": "219.78100", "2010-12-31": "218.77200", "2009-12-31": "184.77100", "2008-12-31": "196.86300", "2007-12-31": "196.89300", "2006-12-31": "185.69200", "2005-12-31": "179.81200"}, "SG&A Expenses": {"2019-12-31": "876.12100", "2018-12-31": "707.46100", "2017-12-31": "570.14400", "2016-12-31": "572.51800", "2015-12-31": "494.51700", "2014-12-31": "507.56300", "2013-12-31": "505.87700", "2012-12-31": "453.53500", "2011-12-31": "443.97400", "2010-12-31": "447.39200", "2009-12-31": "390.88500", "2008-12-31": "400.72300", "2007-12-31": "375.28700", "2006-12-31": "351.92300", "2005-12-31": "339.32300"}, "Other Operating Income Or Expenses": {"2019-12-31": "-2.36700", "2018-12-31": "1.17700", "2017-12-31": "0.18400", "2016-12-31": "10.83600", "2015-12-31": "0.00000", "2014-12-31": "", "2013-12-31": "", "2012-12-31": "", "2011-12-31": "", "2010-12-31": "", "2009-12-31": "", "2008-12-31": "", "2007-12-31": "", "2006-12-31": "", "2005-12-31": ""}, "Operating Expenses": {"2019-12-31": "4474.81400", "2018-12-31": "3393.65700", "2017-12-31": "2846.08900", "2016-12-31": "2563.39500", "2015-12-31": "2434.84200", "2014-12-31": "2496.21200", "2013-12-31": "2436.55700", "2012-12-31": "2334.82800", "2011-12-31": "2360.28900", "2010-12-31": "2206.50100", "2009-12-31": "1985.87000", "2008-12-31": "2034.23900", "2007-12-31": "1909.48200", "2006-12-31": "1766.39700", "2005-12-31": "1726.51700"}, "Operating Income": {"2019-12-31": "665.27000", "2018-12-31": "583.88210", "2017-12-31": "552.63010", "2016-12-31": "552.95480", "2015-12-31": "588.34690", "2014-12-31": "592.32080", "2013-12-31": "516.33910", "2012-12-31": "486.61820", "2011-12-31": "427.72880", "2010-12-31": "416.36110", "2009-12-31": "340.28800", "2008-12-31": "355.13290", "2007-12-31": "367.15590", "2006-12-31": "328.99280", "2005-12-31": "266.87600"}, "Total Non-Operating Income/Expense": {"2019-12-31": "-107.81800", "2018-12-31": "-136.12500", "2017-12-31": "-15.58500", "2016-12-31": "-29.23800", "2015-12-31": "-49.24600", "2014-12-31": "-43.26000", "2013-12-31": "-31.12900", "2012-12-31": "-43.20300", "2011-12-31": "-54.18300", "2010-12-31": "-56.76800", "2009-12-31": "-63.73900", "2008-12-31": "-71.21100", "2007-12-31": "-36.34200", "2006-12-31": "-15.71100", "2005-12-31": "-20.68800"}, "Pre-Tax Income": {"2019-12-31": "557.45200", "2018-12-31": "447.75700", "2017-12-31": "537.04500", "2016-12-31": "523.71700", "2015-12-31": "539.10100", "2014-12-31": "549.06100", "2013-12-31": "485.21000", "2012-12-31": "443.41500", "2011-12-31": "373.54600", "2010-12-31": "359.59300", "2009-12-31": "276.54900", "2008-12-31": "283.92200", "2007-12-31": "330.81400", "2006-12-31": "313.28200", "2005-12-31": "246.18800"}, "Income Taxes": {"2019-12-31": "97.18400", "2018-12-31": "107.97600", "2017-12-31": "241.38000", "2016-12-31": "118.68600", "2015-12-31": "119.85400", "2014-12-31": "134.51800", "2013-12-31": "131.66600", "2012-12-31": "189.28100", "2011-12-31": "106.68000", "2010-12-31": "96.03600", "2009-12-31": "81.02300", "2008-12-31": "54.29400", "2007-12-31": "83.68600", "2006-12-31": "86.78200", "2005-12-31": "53.12200"}, "Income After Taxes": {"2019-12-31": "460.26800", "2018-12-31": "339.78100", "2017-12-31": "295.66500", "2016-12-31": "405.03100", "2015-12-31": "419.24700", "2014-12-31": "414.54300", "2013-12-31": "353.54400", "2012-12-31": "254.13400", "2011-12-31": "266.86600", "2010-12-31": "263.55700", "2009-12-31": "195.52600", "2008-12-31": "229.62800", "2007-12-31": "247.12800", "2006-12-31": "226.50000", "2005-12-31": "193.06600"}, "Other Income": {"2019-12-31": "", "2018-12-31": "", "2017-12-31": "", "2016-12-31": "", "2015-12-31": "", "2014-12-31": "", "2013-12-31": "", "2012-12-31": "", "2011-12-31": "", "2010-12-31": "", "2009-12-31": "", "2008-12-31": "", "2007-12-31": "", "2006-12-31": "", "2005-12-31": ""}, "Income From Continuous Operations": {"2019-12-31": "460.26800", "2018-12-31": "339.78100", "2017-12-31": "295.66500", "2016-12-31": "405.03100", "2015-12-31": "419.24700", "2014-12-31": "414.54300", "2013-12-31": "353.54400", "2012-12-31": "254.13400", "2011-12-31": "266.86600", "2010-12-31": "263.55700", "2009-12-31": "195.52600", "2008-12-31": "229.62800", "2007-12-31": "247.12800", "2006-12-31": "226.50000", "2005-12-31": "193.06600"}, "Income From Discontinued Operations": {"2019-12-31": "", "2018-12-31": "", "2017-12-31": "", "2016-12-31": "", "2015-12-31": "", "2014-12-31": "", "2013-12-31": "", "2012-12-31": "", "2011-12-31": "", "2010-12-31": "", "2009-12-31": "", "2008-12-31": "", "2007-12-31": "", "2006-12-31": "", "2005-12-31": ""}, "Net Income": {"2019-12-31": "455.87300", "2018-12-31": "337.30200", "2017-12-31": "295.66500", "2016-12-31": "405.03100", "2015-12-31": "419.24700", "2014-12-31": "414.54300", "2013-12-31": "353.54400", "2012-12-31": "254.13400", "2011-12-31": "266.86600", "2010-12-31": "263.55700", "2009-12-31": "195.52600", "2008-12-31": "229.62800", "2007-12-31": "247.12800", "2006-12-31": "226.50000", "2005-12-31": "193.06600"}, "EBITDA": {"2019-12-31": "988.60000", "2018-12-31": "757.67410", "2017-12-31": "670.59710", "2016-12-31": "655.42380", "2015-12-31": "677.94390", "2014-12-31": "681.67480", "2013-12-31": "599.56610", "2012-12-31": "563.28520", "2011-12-31": "503.05580", "2010-12-31": "495.60310", "2009-12-31": "418.81300", "2008-12-31": "431.11890", "2007-12-31": "449.94390", "2006-12-31": "418.72580", "2005-12-31": "358.80400"}, "EBIT": {"2019-12-31": "665.27000", "2018-12-31": "583.88210", "2017-12-31": "552.63010", "2016-12-31": "552.95480", "2015-12-31": "588.34690", "2014-12-31": "592.32080", "2013-12-31": "516.33910", "2012-12-31": "486.61820", "2011-12-31": "427.72880", "2010-12-31": "416.36110", "2009-12-31": "340.28800", "2008-12-31": "355.13290", "2007-12-31": "367.15590", "2006-12-31": "328.99280", "2005-12-31": "266.87600"}, "Basic Shares Outstanding": {"2019-12-31": "111.96600", "2018-12-31": "87.55100", "2017-12-31": "79.07000", "2016-12-31": "79.64800", "2015-12-31": "80.44900", "2014-12-31": "80.93600", "2013-12-31": "81.32200", "2012-12-31": "81.10800", "2011-12-31": "80.45600", "2010-12-31": "79.49500", "2009-12-31": "78.40300", "2008-12-31": "79.03200", "2007-12-31": "86.54100", "2006-12-31": "90.44300", "2005-12-31": "93.58400"}, "Shares Outstanding": {"2019-12-31": "113.30700", "2018-12-31": "88.12100", "2017-12-31": "79.37000", "2016-12-31": "79.98100", "2015-12-31": "80.89100", "2014-12-31": "81.49400", "2013-12-31": "81.93000", "2012-12-31": "81.83300", "2011-12-31": "81.46700", "2010-12-31": "80.44000", "2009-12-31": "79.09400", "2008-12-31": "79.72300", "2007-12-31": "87.52800", "2006-12-31": "91.36900", "2005-12-31": "94.82600"}, "Basic EPS": {"2019-12-31": "4.05000", "2018-12-31": "3.81000", "2017-12-31": "3.73000", "2016-12-31": "5.07000", "2015-12-31": "5.19000", "2014-12-31": "5.09000", "2013-12-31": "4.32000", "2012-12-31": "3.11000", "2011-12-31": "3.30000", "2010-12-31": "3.29000", "2009-12-31": "2.48000", "2008-12-31": "2.89000", "2007-12-31": "2.84000", "2006-12-31": "2.50000", "2005-12-31": "2.06000"}, "EPS - Earnings Per Share": {"2019-12-31": "4.00000", "2018-12-31": "3.79000", "2017-12-31": "3.72000", "2016-12-31": "5.05000", "2015-12-31": "5.16000", "2014-12-31": "5.06000", "2013-12-31": "4.29000", "2012-12-31": "3.09000", "2011-12-31": "3.26000", "2010-12-31": "3.26000", "2009-12-31": "2.46000", "2008-12-31": "2.86000", "2007-12-31": "2.81000", "2006-12-31": "2.48000", "2005-12-31": "2.04000"}}, "income statement, quarterly": {"Revenue": {"2020-09-30": "1268.07600", "2020-06-30": "1198.77300", "2020-03-31": "1347.31700", "2019-12-31": "1283.76900", "2019-09-30": "1267.34500", "2019-06-30": "1291.56800", "2019-03-31": "1297.40200", "2018-12-31": "1219.04700", "2018-09-30": "907.54800", "2018-06-30": "920.01600", "2018-03-31": "930.92800", "2017-12-31": "854.62490", "2017-09-30": "872.94000", "2017-06-30": "842.86100", "2017-03-31": "828.29300", "2016-12-31": "762.55910", "2016-09-30": "777.00100", "2016-06-30": "793.47800", "2016-03-31": "783.31200", "2015-12-31": "715.64890", "2015-09-30": "765.09200", "2015-06-30": "767.54100", "2015-03-31": "774.90700", "2014-12-31": "756.08190", "2014-09-30": "773.81300", "2014-06-30": "788.41400", "2014-03-31": "770.22400", "2013-12-31": "725.16910", "2013-09-30": "742.25600", "2013-06-30": "757.63500", "2013-03-31": "727.83600", "2012-12-31": "680.55790", "2012-09-30": "708.95500", "2012-06-30": "721.31700", "2012-03-31": "710.61600", "2011-12-31": "644.38320", "2011-09-30": "713.77500", "2011-06-30": "715.58900", "2011-03-31": "714.27100", "2010-12-31": "629.87010", "2010-09-30": "673.28300", "2010-06-30": "665.80000", "2010-03-31": "653.90900", "2009-12-31": "585.63290", "2009-09-30": "612.63400", "2009-06-30": "568.26100", "2009-03-31": "559.63000", "2008-12-31": "539.10300", "2008-09-30": "617.53800", "2008-06-30": "636.12600", "2008-03-31": "596.60500", "2007-12-31": "553.49790", "2007-09-30": "583.31300", "2007-06-30": "573.72600", "2007-03-31": "566.10100", "2006-12-31": "514.31790", "2006-09-30": "539.13500", "2006-06-30": "530.50500", "2006-03-31": "511.43200", "2005-12-31": "461.64490", "2005-09-30": "493.11800", "2005-06-30": "515.57800", "2005-03-31": "523.05200"}, "Cost Of Goods Sold": {"2020-09-30": "743.64900", "2020-06-30": "716.93100", "2020-03-31": "781.45000", "2019-12-31": "781.60690", "2019-09-30": "734.25700", "2019-06-30": "745.32900", "2019-03-31": "766.14300", "2018-12-31": "741.53210", "2018-09-30": "506.88200", "2018-06-30": "521.29900", "2018-03-31": "525.11900", "2017-12-31": "498.62700", "2017-09-30": "492.54200", "2017-06-30": "469.87700", "2017-03-31": "465.21000", "2016-12-31": "439.11390", "2016-09-30": "430.73300", "2016-06-30": "427.83700", "2016-03-31": "423.10300", "2015-12-31": "402.49300", "2015-09-30": "417.96600", "2015-06-30": "422.50100", "2015-03-31": "428.63000", "2014-12-31": "428.10210", "2014-09-30": "433.70200", "2014-06-30": "435.76700", "2014-03-31": "428.81200", "2013-12-31": "411.71410", "2013-09-30": "416.85200", "2013-06-30": "423.64900", "2013-03-31": "416.47600", "2012-12-31": "393.49000", "2012-09-30": "407.43100", "2012-06-30": "419.77400", "2012-03-31": "425.21700", "2011-12-31": "399.98500", "2011-09-30": "435.40000", "2011-06-30": "431.16600", "2011-03-31": "416.81100", "2010-12-31": "377.52400", "2010-09-30": "388.23500", "2010-06-30": "380.79900", "2010-03-31": "383.70200", "2009-12-31": "350.22090", "2009-09-30": "363.78000", "2009-06-30": "340.34700", "2009-03-31": "337.56500", "2008-12-31": "324.17410", "2008-09-30": "370.79900", "2008-06-30": "372.34500", "2008-03-31": "351.12300", "2007-12-31": "328.19890", "2007-09-30": "339.17500", "2007-06-30": "327.66800", "2007-03-31": "329.38200", "2006-12-31": "303.40310", "2006-09-30": "310.14900", "2006-06-30": "302.88900", "2006-03-31": "294.81800", "2005-12-31": "274.81790", "2005-09-30": "286.71200", "2005-06-30": "299.06500", "2005-03-31": "308.39700"}, "Gross Profit": {"2020-09-30": "524.42710", "2020-06-30": "481.84190", "2020-03-31": "565.86700", "2019-12-31": "502.16200", "2019-09-30": "533.08800", "2019-06-30": "546.23900", "2019-03-31": "531.25900", "2018-12-31": "477.51500", "2018-09-30": "400.66600", "2018-06-30": "398.71700", "2018-03-31": "405.80900", "2017-12-31": "355.99800", "2017-09-30": "380.39800", "2017-06-30": "372.98400", "2017-03-31": "363.08300", "2016-12-31": "323.44520", "2016-09-30": "346.26800", "2016-06-30": "365.64100", "2016-03-31": "360.20900", "2015-12-31": "313.15590", "2015-09-30": "347.12600", "2015-06-30": "345.04000", "2015-03-31": "346.27700", "2014-12-31": "327.97990", "2014-09-30": "340.11100", "2014-06-30": "352.64700", "2014-03-31": "341.41200", "2013-12-31": "313.45500", "2013-09-30": "325.40400", "2013-06-30": "333.98600", "2013-03-31": "311.36000", "2012-12-31": "287.06800", "2012-09-30": "301.52400", "2012-06-30": "301.54300", "2012-03-31": "285.39900", "2011-12-31": "244.39820", "2011-09-30": "278.37500", "2011-06-30": "284.42300", "2011-03-31": "297.46000", "2010-12-31": "252.34600", "2010-09-30": "285.04800", "2010-06-30": "285.00100", "2010-03-31": "270.20700", "2009-12-31": "235.41200", "2009-09-30": "248.85400", "2009-06-30": "227.91400", "2009-03-31": "222.06500", "2008-12-31": "214.92890", "2008-09-30": "246.73900", "2008-06-30": "263.78100", "2008-03-31": "245.48200", "2007-12-31": "225.29890", "2007-09-30": "244.13800", "2007-06-30": "246.05800", "2007-03-31": "236.71900", "2006-12-31": "210.91480", "2006-09-30": "228.98600", "2006-06-30": "227.61600", "2006-03-31": "216.61400", "2005-12-31": "186.82700", "2005-09-30": "206.40600", "2005-06-30": "216.51300", "2005-03-31": "214.65500"}, "Research And Development Expenses": {"2020-09-30": "89.96800", "2020-06-30": "80.94800", "2020-03-31": "85.90900", "2019-12-31": "85.63900", "2019-09-30": "85.07700", "2019-06-30": "84.81600", "2019-03-31": "90.59600", "2018-12-31": "83.03800", "2018-09-30": "75.30200", "2018-06-30": "74.76700", "2018-03-31": "78.47600", "2017-12-31": "76.82000", "2017-09-30": "73.76200", "2017-06-30": "72.76100", "2017-03-31": "72.12600", "2016-12-31": "67.81100", "2016-09-30": "64.41500", "2016-06-30": "63.25200", "2016-03-31": "63.38500", "2015-12-31": "57.37500", "2015-09-30": "62.75000", "2015-06-30": "62.51400", "2015-03-31": "63.46200", "2014-12-31": "62.00400", "2014-09-30": "63.70100", "2014-06-30": "66.43100", "2014-03-31": "61.50400", "2013-12-31": "70.41100", "2013-09-30": "65.65400", "2013-06-30": "64.67200", "2013-03-31": "59.10100", "2012-12-31": "62.24700", "2012-09-30": "57.65800", "2012-06-30": "56.40000", "2012-03-31": "57.40800", "2011-12-31": "52.45900", "2011-09-30": "53.63700", "2011-06-30": "56.22900", "2011-03-31": "57.45600", "2010-12-31": "57.08300", "2010-09-30": "53.21400", "2010-06-30": "55.84400", "2010-03-31": "52.63100", "2009-12-31": "43.80000", "2009-09-30": "49.39200", "2009-06-30": "44.24800", "2009-03-31": "47.33100", "2008-12-31": "36.51200", "2008-09-30": "52.12900", "2008-06-30": "56.16600", "2008-03-31": "52.05600", "2007-12-31": "51.76800", "2007-09-30": "49.73300", "2007-06-30": "48.76000", "2007-03-31": "46.63200", "2006-12-31": "48.03100", "2006-09-30": "46.47100", "2006-06-30": "45.58800", "2006-03-31": "45.60200", "2005-12-31": "46.02800", "2005-09-30": "44.65100", "2005-06-30": "44.38000", "2005-03-31": "44.75300"}, "SG&A Expenses": {"2020-09-30": "234.52000", "2020-06-30": "230.40700", "2020-03-31": "229.71400", "2019-12-31": "242.01000", "2019-09-30": "210.82900", "2019-06-30": "210.10000", "2019-03-31": "213.18200", "2018-12-31": "249.61400", "2018-09-30": "157.79600", "2018-06-30": "157.40700", "2018-03-31": "142.64400", "2017-12-31": "141.46900", "2017-09-30": "145.65200", "2017-06-30": "139.31900", "2017-03-31": "143.70400", "2016-12-31": "164.14500", "2016-09-30": "152.04600", "2016-06-30": "132.78400", "2016-03-31": "123.54300", "2015-12-31": "122.25000", "2015-09-30": "122.24900", "2015-06-30": "131.02300", "2015-03-31": "118.99500", "2014-12-31": "127.69900", "2014-09-30": "123.21200", "2014-06-30": "132.91900", "2014-03-31": "123.73300", "2013-12-31": "148.19000", "2013-09-30": "118.22100", "2013-06-30": "124.81300", "2013-03-31": "114.65300", "2012-12-31": "125.59300", "2012-09-30": "109.69100", "2012-06-30": "112.83500", "2012-03-31": "105.41600", "2011-12-31": "134.34800", "2011-09-30": "96.78300", "2011-06-30": "106.22400", "2011-03-31": "106.61900", "2010-12-31": "110.90500", "2010-09-30": "108.95500", "2010-06-30": "119.52300", "2010-03-31": "108.00900", "2009-12-31": "102.30700", "2009-09-30": "101.19900", "2009-06-30": "96.03200", "2009-03-31": "91.34700", "2008-12-31": "113.44700", "2008-09-30": "92.46500", "2008-06-30": "104.66200", "2008-03-31": "90.14900", "2007-12-31": "98.35400", "2007-09-30": "94.46400", "2007-06-30": "91.19800", "2007-03-31": "91.27100", "2006-12-31": "90.55900", "2006-09-30": "88.09200", "2006-06-30": "87.68400", "2006-03-31": "85.58800", "2005-12-31": "85.69100", "2005-09-30": "86.02200", "2005-06-30": "82.86600", "2005-03-31": "84.74400"}, "Other Operating Income Or Expenses": {"2020-09-30": "-0.41500", "2020-06-30": "-0.39900", "2020-03-31": "-0.75400", "2019-12-31": "-1.23100", "2019-09-30": "-0.37200", "2019-06-30": "-0.95200", "2019-03-31": "0.18800", "2018-12-31": "0.74200", "2018-09-30": "1.63000", "2018-06-30": "-1.26400", "2018-03-31": "0.06900", "2017-12-31": "0.06400", "2017-09-30": "0.03100", "2017-06-30": "0.06800", "2017-03-31": "0.02100", "2016-12-31": "7.83900", "2016-09-30": "0.08700", "2016-06-30": "0.19700", "2016-03-31": "2.71300", "2015-12-31": "", "2015-09-30": "", "2015-06-30": "", "2015-03-31": "", "2014-12-31": "", "2014-09-30": "", "2014-06-30": "", "2014-03-31": "", "2013-12-31": "", "2013-09-30": "", "2013-06-30": "", "2013-03-31": "", "2012-12-31": "", "2012-09-30": "", "2012-06-30": "", "2012-03-31": "", "2011-12-31": "", "2011-09-30": "", "2011-06-30": "", "2011-03-31": "", "2010-12-31": "", "2010-09-30": "", "2010-06-30": "", "2010-03-31": "", "2009-12-31": "", "2009-09-30": "", "2009-06-30": "", "2009-03-31": "", "2008-12-31": "", "2008-09-30": "", "2008-06-30": "", "2008-03-31": "", "2007-12-31": "", "2007-09-30": "", "2007-06-30": "", "2007-03-31": "", "2006-12-31": "", "2006-09-30": "", "2006-06-30": "", "2006-03-31": "", "2005-12-31": "", "2005-09-30": "", "2005-06-30": "", "2005-03-31": ""}, "Operating Expenses": {"2020-09-30": "1117.78700", "2020-06-30": "1079.40300", "2020-03-31": "1151.09500", "2019-12-31": "1166.97000", "2019-09-30": "1082.68100", "2019-06-30": "1091.63100", "2019-03-31": "1133.53200", "2018-12-31": "1123.79800", "2018-09-30": "748.28000", "2018-06-30": "765.50700", "2018-03-31": "756.07200", "2017-12-31": "732.74690", "2017-09-30": "723.94000", "2017-06-30": "691.17410", "2017-03-31": "698.22800", "2016-12-31": "668.63540", "2016-09-30": "652.57500", "2016-06-30": "628.80600", "2016-03-31": "613.37900", "2015-12-31": "594.62890", "2015-09-30": "608.37900", "2015-06-30": "618.72000", "2015-03-31": "613.11400", "2014-12-31": "625.51920", "2014-09-30": "621.22300", "2014-06-30": "635.29900", "2014-03-31": "614.17100", "2013-12-31": "630.36080", "2013-09-30": "600.72700", "2013-06-30": "615.23900", "2013-03-31": "590.23000", "2012-12-31": "581.32980", "2012-09-30": "574.78000", "2012-06-30": "589.00900", "2012-03-31": "589.70900", "2011-12-31": "596.59630", "2011-09-30": "585.17500", "2011-06-30": "597.60400", "2011-03-31": "580.91400", "2010-12-31": "546.40290", "2010-09-30": "552.75900", "2010-06-30": "558.00900", "2010-03-31": "549.33000", "2009-12-31": "498.48710", "2009-09-30": "524.87100", "2009-06-30": "484.73100", "2009-03-31": "477.78100", "2008-12-31": "481.76420", "2008-09-30": "516.93000", "2008-06-30": "534.45700", "2008-03-31": "501.08800", "2007-12-31": "480.53310", "2007-09-30": "486.92700", "2007-06-30": "471.18100", "2007-03-31": "470.84100", "2006-12-31": "447.70900", "2006-09-30": "448.74100", "2006-06-30": "439.56800", "2006-03-31": "430.37900", "2005-12-31": "433.62400", "2005-09-30": "421.15300", "2005-06-30": "430.07800", "2005-03-31": "441.66200"}, "Operating Income": {"2020-09-30": "150.28910", "2020-06-30": "119.36990", "2020-03-31": "196.22200", "2019-12-31": "116.79900", "2019-09-30": "184.66410", "2019-06-30": "199.93700", "2019-03-31": "163.87000", "2018-12-31": "95.24920", "2018-09-30": "159.26790", "2018-06-30": "154.50900", "2018-03-31": "174.85600", "2017-12-31": "121.87810", "2017-09-30": "149.00000", "2017-06-30": "151.68700", "2017-03-31": "130.06510", "2016-12-31": "93.92370", "2016-09-30": "124.42600", "2016-06-30": "164.67210", "2016-03-31": "169.93300", "2015-12-31": "121.02000", "2015-09-30": "156.71300", "2015-06-30": "148.82100", "2015-03-31": "161.79300", "2014-12-31": "130.56270", "2014-09-30": "152.59000", "2014-06-30": "153.11500", "2014-03-31": "156.05300", "2013-12-31": "94.80840", "2013-09-30": "141.52900", "2013-06-30": "142.39610", "2013-03-31": "137.60600", "2012-12-31": "99.22820", "2012-09-30": "134.17500", "2012-06-30": "132.30800", "2012-03-31": "120.90700", "2011-12-31": "47.78690", "2011-09-30": "128.60000", "2011-06-30": "117.98500", "2011-03-31": "133.35700", "2010-12-31": "83.46720", "2010-09-30": "120.52400", "2010-06-30": "107.79100", "2010-03-31": "104.57900", "2009-12-31": "87.14590", "2009-09-30": "87.76300", "2009-06-30": "83.53000", "2009-03-31": "81.84900", "2008-12-31": "57.33890", "2008-09-30": "100.60800", "2008-06-30": "101.66900", "2008-03-31": "95.51700", "2007-12-31": "72.96480", "2007-09-30": "96.38600", "2007-06-30": "102.54500", "2007-03-31": "95.26000", "2006-12-31": "66.60880", "2006-09-30": "90.39400", "2006-06-30": "90.93700", "2006-03-31": "81.05300", "2005-12-31": "28.02090", "2005-09-30": "71.96500", "2005-06-30": "85.50000", "2005-03-31": "81.39000"}, "Total Non-Operating Income/Expense": {"2020-09-30": "-44.78900", "2020-06-30": "-16.30500", "2020-03-31": "-42.71400", "2019-12-31": "-20.27000", "2019-09-30": "-27.79800", "2019-06-30": "-30.45600", "2019-03-31": "-29.29400", "2018-12-31": "-28.94900", "2018-09-30": "-58.56600", "2018-06-30": "-32.59100", "2018-03-31": "-16.01900", "2017-12-31": "-6.68600", "2017-09-30": "-7.67400", "2017-06-30": "-9.64700", "2017-03-31": "8.42200", "2016-12-31": "9.45700", "2016-09-30": "-11.03600", "2016-06-30": "-12.62200", "2016-03-31": "-15.03700", "2015-12-31": "-18.20400", "2015-09-30": "-13.81400", "2015-06-30": "-11.84300", "2015-03-31": "-5.38500", "2014-12-31": "-12.97300", "2014-09-30": "-10.40500", "2014-06-30": "-6.76200", "2014-03-31": "-13.12000", "2013-12-31": "-11.85000", "2013-09-30": "-7.54500", "2013-06-30": "-1.65100", "2013-03-31": "-10.08300", "2012-12-31": "-10.53900", "2012-09-30": "-12.33100", "2012-06-30": "-9.76800", "2012-03-31": "-10.56500", "2011-12-31": "-7.25700", "2011-09-30": "-16.12600", "2011-06-30": "-13.06400", "2011-03-31": "-17.73600", "2010-12-31": "-12.77100", "2010-09-30": "-14.34100", "2010-06-30": "-14.15800", "2010-03-31": "-15.49800", "2009-12-31": "-16.02500", "2009-09-30": "-13.47900", "2009-06-30": "-15.61600", "2009-03-31": "-18.61900", "2008-12-31": "-15.21500", "2008-09-30": "-21.04200", "2008-06-30": "-14.42800", "2008-03-31": "-20.52600", "2007-12-31": "-6.84000", "2007-09-30": "-15.77800", "2007-06-30": "-5.57700", "2007-03-31": "-8.14700", "2006-12-31": "-4.19300", "2006-09-30": "0.30800", "2006-06-30": "-6.01400", "2006-03-31": "-5.81200", "2005-12-31": "-6.45200", "2005-09-30": "-5.71200", "2005-06-30": "-3.50400", "2005-03-31": "-5.02000"}, "Pre-Tax Income": {"2020-09-30": "105.50000", "2020-06-30": "103.06500", "2020-03-31": "153.50800", "2019-12-31": "96.52900", "2019-09-30": "156.86600", "2019-06-30": "169.48100", "2019-03-31": "134.57600", "2018-12-31": "66.30000", "2018-09-30": "100.70200", "2018-06-30": "121.91800", "2018-03-31": "158.83700", "2017-12-31": "115.19200", "2017-09-30": "141.32600", "2017-06-30": "142.04000", "2017-03-31": "138.48700", "2016-12-31": "103.38100", "2016-09-30": "113.39000", "2016-06-30": "152.05000", "2016-03-31": "154.89600", "2015-12-31": "102.81600", "2015-09-30": "142.89900", "2015-06-30": "136.97800", "2015-03-31": "156.40800", "2014-12-31": "117.59000", "2014-09-30": "142.18500", "2014-06-30": "146.35300", "2014-03-31": "142.93300", "2013-12-31": "82.95800", "2013-09-30": "133.98400", "2013-06-30": "140.74500", "2013-03-31": "127.52300", "2012-12-31": "88.68900", "2012-09-30": "121.84400", "2012-06-30": "122.54000", "2012-03-31": "110.34200", "2011-12-31": "40.53000", "2011-09-30": "112.47400", "2011-06-30": "104.92100", "2011-03-31": "115.62100", "2010-12-31": "70.69600", "2010-09-30": "106.18300", "2010-06-30": "93.63300", "2010-03-31": "89.08100", "2009-12-31": "71.12100", "2009-09-30": "74.28400", "2009-06-30": "67.91400", "2009-03-31": "63.23000", "2008-12-31": "42.12400", "2008-09-30": "79.56600", "2008-06-30": "87.24100", "2008-03-31": "74.99100", "2007-12-31": "66.12500", "2007-09-30": "80.60800", "2007-06-30": "96.96800", "2007-03-31": "87.11300", "2006-12-31": "62.41600", "2006-09-30": "90.70200", "2006-06-30": "84.92300", "2006-03-31": "75.24100", "2005-12-31": "21.56900", "2005-09-30": "66.25300", "2005-06-30": "81.99600", "2005-03-31": "76.37000"}, "Income Taxes": {"2020-09-30": "19.26900", "2020-06-30": "15.69900", "2020-03-31": "26.29700", "2019-12-31": "16.15100", "2019-09-30": "27.05900", "2019-06-30": "30.61200", "2019-03-31": "23.36200", "2018-12-31": "50.80000", "2018-09-30": "4.98600", "2018-06-30": "22.76900", "2018-03-31": "29.42100", "2017-12-31": "155.34700", "2017-09-30": "31.06500", "2017-06-30": "32.24500", "2017-03-31": "22.72300", "2016-12-31": "23.46300", "2016-09-30": "23.61300", "2016-06-30": "35.31700", "2016-03-31": "36.29300", "2015-12-31": "23.64800", "2015-09-30": "36.45200", "2015-06-30": "31.60400", "2015-03-31": "28.15000", "2014-12-31": "27.45400", "2014-09-30": "34.77000", "2014-06-30": "36.06800", "2014-03-31": "36.22600", "2013-12-31": "21.47900", "2013-09-30": "34.93800", "2013-06-30": "38.42300", "2013-03-31": "36.82600", "2012-12-31": "20.57000", "2012-09-30": "105.48100", "2012-06-30": "33.94400", "2012-03-31": "29.28600", "2011-12-31": "16.13600", "2011-09-30": "30.23300", "2011-06-30": "28.73300", "2011-03-31": "31.57800", "2010-12-31": "15.11800", "2010-09-30": "29.14500", "2010-06-30": "26.48100", "2010-03-31": "25.29200", "2009-12-31": "23.67500", "2009-09-30": "21.48400", "2009-06-30": "19.83100", "2009-03-31": "16.03300", "2008-12-31": "-6.84000", "2008-09-30": "21.88200", "2008-06-30": "20.20900", "2008-03-31": "19.04300", "2007-12-31": "18.90200", "2007-09-30": "21.76400", "2007-06-30": "18.59600", "2007-03-31": "24.42400", "2006-12-31": "14.43400", "2006-09-30": "27.05600", "2006-06-30": "23.74100", "2006-03-31": "21.55100", "2005-12-31": "6.33100", "2005-09-30": "-2.31900", "2005-06-30": "25.28300", "2005-03-31": "23.82700"}, "Income After Taxes": {"2020-09-30": "86.23100", "2020-06-30": "87.36600", "2020-03-31": "127.21100", "2019-12-31": "80.37810", "2019-09-30": "129.80700", "2019-06-30": "138.86900", "2019-03-31": "111.21400", "2018-12-31": "15.50000", "2018-09-30": "95.71600", "2018-06-30": "99.14900", "2018-03-31": "129.41600", "2017-12-31": "-40.15500", "2017-09-30": "110.26100", "2017-06-30": "109.79500", "2017-03-31": "115.76400", "2016-12-31": "79.91800", "2016-09-30": "89.77700", "2016-06-30": "116.73300", "2016-03-31": "118.60300", "2015-12-31": "79.16800", "2015-09-30": "106.44700", "2015-06-30": "105.37400", "2015-03-31": "128.25800", "2014-12-31": "90.13600", "2014-09-30": "107.41500", "2014-06-30": "110.28500", "2014-03-31": "106.70700", "2013-12-31": "61.47900", "2013-09-30": "99.04600", "2013-06-30": "102.32200", "2013-03-31": "90.69700", "2012-12-31": "68.11900", "2012-09-30": "16.36300", "2012-06-30": "88.59600", "2012-03-31": "81.05600", "2011-12-31": "24.39400", "2011-09-30": "82.24100", "2011-06-30": "76.18800", "2011-03-31": "84.04300", "2010-12-31": "55.57800", "2010-09-30": "77.03800", "2010-06-30": "67.15200", "2010-03-31": "63.78900", "2009-12-31": "47.44600", "2009-09-30": "52.80000", "2009-06-30": "48.08300", "2009-03-31": "47.19700", "2008-12-31": "48.96400", "2008-09-30": "57.68400", "2008-06-30": "67.03200", "2008-03-31": "55.94800", "2007-12-31": "47.22300", "2007-09-30": "58.84400", "2007-06-30": "78.37200", "2007-03-31": "62.68900", "2006-12-31": "47.98200", "2006-09-30": "63.64600", "2006-06-30": "61.18200", "2006-03-31": "53.69000", "2005-12-31": "15.23800", "2005-09-30": "68.57200", "2005-06-30": "56.71300", "2005-03-31": "52.54300"}, "Other Income": {"2020-09-30": "", "2020-06-30": "", "2020-03-31": "", "2019-12-31": "", "2019-09-30": "", "2019-06-30": "", "2019-03-31": "", "2018-12-31": "", "2018-09-30": "", "2018-06-30": "", "2018-03-31": "", "2017-12-31": "", "2017-09-30": "", "2017-06-30": "", "2017-03-31": "", "2016-12-31": "", "2016-09-30": "", "2016-06-30": "", "2016-03-31": "", "2015-12-31": "", "2015-09-30": "", "2015-06-30": "", "2015-03-31": "", "2014-12-31": "", "2014-09-30": "", "2014-06-30": "", "2014-03-31": "", "2013-12-31": "", "2013-09-30": "", "2013-06-30": "", "2013-03-31": "", "2012-12-31": "", "2012-09-30": "", "2012-06-30": "", "2012-03-31": "", "2011-12-31": "", "2011-09-30": "", "2011-06-30": "", "2011-03-31": "", "2010-12-31": "", "2010-09-30": "", "2010-06-30": "", "2010-03-31": "", "2009-12-31": "", "2009-09-30": "", "2009-06-30": "", "2009-03-31": "", "2008-12-31": "", "2008-09-30": "", "2008-06-30": "", "2008-03-31": "", "2007-12-31": "", "2007-09-30": "", "2007-06-30": "", "2007-03-31": "", "2006-12-31": "", "2006-09-30": "", "2006-06-30": "", "2006-03-31": "", "2005-12-31": "", "2005-09-30": "", "2005-06-30": "", "2005-03-31": ""}, "Income From Continuous Operations": {"2020-09-30": "86.23100", "2020-06-30": "87.36600", "2020-03-31": "127.21100", "2019-12-31": "80.37810", "2019-09-30": "129.80700", "2019-06-30": "138.86900", "2019-03-31": "111.21400", "2018-12-31": "15.50000", "2018-09-30": "95.71600", "2018-06-30": "99.14900", "2018-03-31": "129.41600", "2017-12-31": "-40.15500", "2017-09-30": "110.26100", "2017-06-30": "109.79500", "2017-03-31": "115.76400", "2016-12-31": "79.91800", "2016-09-30": "89.77700", "2016-06-30": "116.73300", "2016-03-31": "118.60300", "2015-12-31": "79.16800", "2015-09-30": "106.44700", "2015-06-30": "105.37400", "2015-03-31": "128.25800", "2014-12-31": "90.13600", "2014-09-30": "107.41500", "2014-06-30": "110.28500", "2014-03-31": "106.70700", "2013-12-31": "61.47900", "2013-09-30": "99.04600", "2013-06-30": "102.32200", "2013-03-31": "90.69700", "2012-12-31": "68.11900", "2012-09-30": "16.36300", "2012-06-30": "88.59600", "2012-03-31": "81.05600", "2011-12-31": "24.39400", "2011-09-30": "82.24100", "2011-06-30": "76.18800", "2011-03-31": "84.04300", "2010-12-31": "55.57800", "2010-09-30": "77.03800", "2010-06-30": "67.15200", "2010-03-31": "63.78900", "2009-12-31": "47.44600", "2009-09-30": "52.80000", "2009-06-30": "48.08300", "2009-03-31": "47.19700", "2008-12-31": "48.96400", "2008-09-30": "57.68400", "2008-06-30": "67.03200", "2008-03-31": "55.94800", "2007-12-31": "47.22300", "2007-09-30": "58.84400", "2007-06-30": "78.37200", "2007-03-31": "62.68900", "2006-12-31": "47.98200", "2006-09-30": "63.64600", "2006-06-30": "61.18200", "2006-03-31": "53.69000", "2005-12-31": "15.23800", "2005-09-30": "68.57200", "2005-06-30": "56.71300", "2005-03-31": "52.54300"}, "Income From Discontinued Operations": {"2020-09-30": "", "2020-06-30": "", "2020-03-31": "", "2019-12-31": "", "2019-09-30": "", "2019-06-30": "", "2019-03-31": "", "2018-12-31": "", "2018-09-30": "", "2018-06-30": "", "2018-03-31": "", "2017-12-31": "", "2017-09-30": "", "2017-06-30": "", "2017-03-31": "", "2016-12-31": "", "2016-09-30": "", "2016-06-30": "", "2016-03-31": "", "2015-12-31": "", "2015-09-30": "", "2015-06-30": "", "2015-03-31": "", "2014-12-31": "", "2014-09-30": "", "2014-06-30": "", "2014-03-31": "", "2013-12-31": "", "2013-09-30": "", "2013-06-30": "", "2013-03-31": "", "2012-12-31": "", "2012-09-30": "", "2012-06-30": "", "2012-03-31": "", "2011-12-31": "", "2011-09-30": "", "2011-06-30": "", "2011-03-31": "", "2010-12-31": "", "2010-09-30": "", "2010-06-30": "", "2010-03-31": "", "2009-12-31": "", "2009-09-30": "", "2009-06-30": "", "2009-03-31": "", "2008-12-31": "", "2008-09-30": "", "2008-06-30": "", "2008-03-31": "", "2007-12-31": "", "2007-09-30": "", "2007-06-30": "", "2007-03-31": "", "2006-12-31": "", "2006-09-30": "", "2006-06-30": "", "2006-03-31": "", "2005-12-31": "", "2005-09-30": "", "2005-06-30": "", "2005-03-31": ""}, "Net Income": {"2020-09-30": "84.82800", "2020-06-30": "86.20400", "2020-03-31": "124.60700", "2019-12-31": "83.54300", "2019-09-30": "127.12400", "2019-06-30": "136.37700", "2019-03-31": "108.82900", "2018-12-31": "13.02100", "2018-09-30": "95.71600", "2018-06-30": "99.14900", "2018-03-31": "129.41600", "2017-12-31": "-40.15500", "2017-09-30": "110.26100", "2017-06-30": "109.79500", "2017-03-31": "115.76400", "2016-12-31": "79.91800", "2016-09-30": "89.77700", "2016-06-30": "116.73300", "2016-03-31": "118.60300", "2015-12-31": "79.16800", "2015-09-30": "106.44700", "2015-06-30": "105.37400", "2015-03-31": "128.25800", "2014-12-31": "90.13600", "2014-09-30": "107.41500", "2014-06-30": "110.28500", "2014-03-31": "106.70700", "2013-12-31": "61.47900", "2013-09-30": "99.04600", "2013-06-30": "102.32200", "2013-03-31": "90.69700", "2012-12-31": "68.11900", "2012-09-30": "16.36300", "2012-06-30": "88.59600", "2012-03-31": "81.05600", "2011-12-31": "24.39400", "2011-09-30": "82.24100", "2011-06-30": "76.18800", "2011-03-31": "84.04300", "2010-12-31": "55.57800", "2010-09-30": "77.03800", "2010-06-30": "67.15200", "2010-03-31": "63.78900", "2009-12-31": "47.44600", "2009-09-30": "52.80000", "2009-06-30": "48.08300", "2009-03-31": "47.19700", "2008-12-31": "48.96400", "2008-09-30": "57.68400", "2008-06-30": "67.03200", "2008-03-31": "55.94800", "2007-12-31": "47.22300", "2007-09-30": "58.84400", "2007-06-30": "78.37200", "2007-03-31": "62.68900", "2006-12-31": "47.98200", "2006-09-30": "63.64600", "2006-06-30": "61.18200", "2006-03-31": "53.69000", "2005-12-31": "15.23800", "2005-09-30": "68.57200", "2005-06-30": "56.71300", "2005-03-31": "52.54300"}, "EBITDA": {"2020-09-30": "233.62110", "2020-06-30": "199.01890", "2020-03-31": "276.81700", "2019-12-31": "204.69990", "2019-09-30": "265.27910", "2019-06-30": "272.97600", "2019-03-31": "245.64500", "2018-12-31": "173.04710", "2018-09-30": "190.29390", "2018-06-30": "186.09300", "2018-03-31": "208.24000", "2017-12-31": "154.39900", "2017-09-30": "178.64100", "2017-06-30": "180.69000", "2017-03-31": "156.86710", "2016-12-31": "121.28370", "2016-09-30": "149.79200", "2016-06-30": "187.71810", "2016-03-31": "196.63000", "2015-12-31": "145.51800", "2015-09-30": "180.77100", "2015-06-30": "169.87700", "2015-03-31": "181.77800", "2014-12-31": "151.23870", "2014-09-30": "172.13700", "2014-06-30": "179.41600", "2014-03-31": "178.88300", "2013-12-31": "116.95130", "2013-09-30": "162.80600", "2013-06-30": "162.79800", "2013-03-31": "157.01100", "2012-12-31": "119.56310", "2012-09-30": "153.41310", "2012-06-30": "150.36310", "2012-03-31": "139.94600", "2011-12-31": "66.86890", "2011-09-30": "147.48900", "2011-06-30": "137.37900", "2011-03-31": "151.31900", "2010-12-31": "102.57220", "2010-09-30": "140.44000", "2010-06-30": "127.98000", "2010-03-31": "124.61100", "2009-12-31": "107.59690", "2009-09-30": "107.57400", "2009-06-30": "103.16200", "2009-03-31": "100.48000", "2008-12-31": "73.30890", "2008-09-30": "118.09500", "2008-06-30": "124.70400", "2008-03-31": "115.01100", "2007-12-31": "92.92780", "2007-09-30": "116.92400", "2007-06-30": "123.69300", "2007-03-31": "116.39900", "2006-12-31": "89.43180", "2006-09-30": "112.70200", "2006-06-30": "113.27800", "2006-03-31": "103.31400", "2005-12-31": "50.40290", "2005-09-30": "95.08200", "2005-06-30": "109.04000", "2005-03-31": "104.27900"}, "EBIT": {"2020-09-30": "150.28910", "2020-06-30": "119.36990", "2020-03-31": "196.22200", "2019-12-31": "116.79900", "2019-09-30": "184.66410", "2019-06-30": "199.93700", "2019-03-31": "163.87000", "2018-12-31": "95.24920", "2018-09-30": "159.26790", "2018-06-30": "154.50900", "2018-03-31": "174.85600", "2017-12-31": "121.87810", "2017-09-30": "149.00000", "2017-06-30": "151.68700", "2017-03-31": "130.06510", "2016-12-31": "93.92380", "2016-09-30": "124.42600", "2016-06-30": "164.67210", "2016-03-31": "169.93300", "2015-12-31": "121.02000", "2015-09-30": "156.71300", "2015-06-30": "148.82100", "2015-03-31": "161.79300", "2014-12-31": "130.56280", "2014-09-30": "152.59000", "2014-06-30": "153.11500", "2014-03-31": "156.05300", "2013-12-31": "94.80810", "2013-09-30": "141.52900", "2013-06-30": "142.39610", "2013-03-31": "137.60600", "2012-12-31": "99.22810", "2012-09-30": "134.17500", "2012-06-30": "132.30800", "2012-03-31": "120.90700", "2011-12-31": "47.78670", "2011-09-30": "128.60000", "2011-06-30": "117.98500", "2011-03-31": "133.35700", "2010-12-31": "83.46710", "2010-09-30": "120.52400", "2010-06-30": "107.79100", "2010-03-31": "104.57900", "2009-12-31": "87.14590", "2009-09-30": "87.76300", "2009-06-30": "83.53000", "2009-03-31": "81.84900", "2008-12-31": "57.33890", "2008-09-30": "100.60800", "2008-06-30": "101.66900", "2008-03-31": "95.51700", "2007-12-31": "72.96480", "2007-09-30": "96.38600", "2007-06-30": "102.54500", "2007-03-31": "95.26000", "2006-12-31": "66.60880", "2006-09-30": "90.39400", "2006-06-30": "90.93700", "2006-03-31": "81.05300", "2005-12-31": "28.02100", "2005-09-30": "71.96500", "2005-06-30": "85.50000", "2005-03-31": "81.39000"}, "Basic Shares Outstanding": {"2020-09-30": "112.18300", "2020-06-30": "112.17700", "2020-03-31": "112.08200", "2019-12-31": "111.96600", "2019-09-30": "111.99800", "2019-06-30": "111.99600", "2019-03-31": "111.86400", "2018-12-31": "87.55100", "2018-09-30": "81.26300", "2018-06-30": "79.06500", "2018-03-31": "79.01800", "2017-12-31": "79.07000", "2017-09-30": "79.06300", "2017-06-30": "79.07200", "2017-03-31": "79.09800", "2016-12-31": "79.64800", "2016-09-30": "79.58000", "2016-06-30": "79.76400", "2016-03-31": "79.66600", "2015-12-31": "80.44900", "2015-09-30": "80.33000", "2015-06-30": "80.79000", "2015-03-31": "80.65400", "2014-12-31": "80.93600", "2014-09-30": "80.94200", "2014-06-30": "80.94900", "2014-03-31": "81.05300", "2013-12-31": "81.32200", "2013-09-30": "81.43700", "2013-06-30": "81.30900", "2013-03-31": "81.29100", "2012-12-31": "81.10800", "2012-09-30": "81.24600", "2012-06-30": "81.09500", "2012-03-31": "80.77700", "2011-12-31": "80.45600", "2011-09-30": "80.64400", "2011-06-30": "80.45100", "2011-03-31": "80.04900", "2010-12-31": "79.49500", "2010-09-30": "79.35700", "2010-06-30": "79.18800", "2010-03-31": "78.76700", "2009-12-31": "78.40300", "2009-09-30": "78.49100", "2009-06-30": "78.35200", "2009-03-31": "78.19500", "2008-12-31": "79.03200", "2008-09-30": "78.07700", "2008-06-30": "79.62700", "2008-03-31": "80.29600", "2007-12-31": "86.54100", "2007-09-30": "87.06300", "2007-06-30": "89.17400", "2007-03-31": "89.37800", "2006-12-31": "90.44300", "2006-09-30": "90.05300", "2006-06-30": "90.86900", "2006-03-31": "91.53500", "2005-12-31": "93.58400", "2005-09-30": "93.38000", "2005-06-30": "93.87600", "2005-03-31": "94.32500"}, "Shares Outstanding": {"2020-09-30": "113.62200", "2020-06-30": "113.67500", "2020-03-31": "113.59400", "2019-12-31": "113.30700", "2019-09-30": "113.49300", "2019-06-30": "112.87200", "2019-03-31": "113.38900", "2018-12-31": "88.12100", "2018-09-30": "81.64700", "2018-06-30": "79.30300", "2018-03-31": "79.39300", "2017-12-31": "79.37000", "2017-09-30": "79.36200", "2017-06-30": "79.30500", "2017-03-31": "79.40900", "2016-12-31": "79.98100", "2016-09-30": "79.93500", "2016-06-30": "80.04000", "2016-03-31": "80.05500", "2015-12-31": "80.89100", "2015-09-30": "80.73700", "2015-06-30": "81.19200", "2015-03-31": "81.19500", "2014-12-31": "81.49400", "2014-09-30": "81.50800", "2014-06-30": "81.43000", "2014-03-31": "81.73200", "2013-12-31": "81.93000", "2013-09-30": "82.04300", "2013-06-30": "82.04100", "2013-03-31": "82.02400", "2012-12-31": "81.83300", "2012-09-30": "81.89800", "2012-06-30": "81.78200", "2012-03-31": "81.66700", "2011-12-31": "81.46700", "2011-09-30": "81.62800", "2011-06-30": "81.48900", "2011-03-31": "81.15000", "2010-12-31": "80.44000", "2010-09-30": "80.26600", "2010-06-30": "80.11100", "2010-03-31": "79.69200", "2009-12-31": "79.09400", "2009-09-30": "79.15900", "2009-06-30": "79.05000", "2009-03-31": "78.74700", "2008-12-31": "79.72300", "2008-09-30": "78.79900", "2008-06-30": "80.37100", "2008-03-31": "81.07900", "2007-12-31": "87.52800", "2007-09-30": "88.05600", "2007-06-30": "90.12400", "2007-03-31": "90.65800", "2006-12-31": "91.36900", "2006-09-30": "90.98800", "2006-06-30": "91.78700", "2006-03-31": "92.20700", "2005-12-31": "94.82600", "2005-09-30": "94.62200", "2005-06-30": "95.25500", "2005-03-31": "96.02500"}, "Basic EPS": {"2020-09-30": "0.76000", "2020-06-30": "0.75000", "2020-03-31": "1.16000", "2019-12-31": "0.72000", "2019-09-30": "1.15000", "2019-06-30": "1.21000", "2019-03-31": "0.97000", "2018-12-31": "-0.25000", "2018-09-30": "1.18000", "2018-06-30": "1.25000", "2018-03-31": "1.63000", "2017-12-31": "-0.51000", "2017-09-30": "1.39000", "2017-06-30": "1.39000", "2017-03-31": "1.46000", "2016-12-31": "1.00000", "2016-09-30": "1.13000", "2016-06-30": "1.46000", "2016-03-31": "1.48000", "2015-12-31": "0.99000", "2015-09-30": "1.32000", "2015-06-30": "1.30000", "2015-03-31": "1.58000", "2014-12-31": "1.11000", "2014-09-30": "1.32000", "2014-06-30": "1.35000", "2014-03-31": "1.31000", "2013-12-31": "0.75000", "2013-09-30": "1.21000", "2013-06-30": "1.25000", "2013-03-31": "1.11000", "2012-12-31": "0.82000", "2012-09-30": "0.20000", "2012-06-30": "1.09000", "2012-03-31": "1.00000", "2011-12-31": "0.31000", "2011-09-30": "1.01000", "2011-06-30": "0.94000", "2011-03-31": "1.04000", "2010-12-31": "0.69000", "2010-09-30": "0.96000", "2010-06-30": "0.84000", "2010-03-31": "0.80000", "2009-12-31": "0.60000", "2009-09-30": "0.67000", "2009-06-30": "0.61000", "2009-03-31": "0.60000", "2008-12-31": "0.63000", "2008-09-30": "0.73000", "2008-06-30": "0.84000", "2008-03-31": "0.69000", "2007-12-31": "0.58000", "2007-09-30": "0.68000", "2007-06-30": "0.88000", "2007-03-31": "0.70000", "2006-12-31": "0.53000", "2006-09-30": "0.71000", "2006-06-30": "0.67000", "2006-03-31": "0.59000", "2005-12-31": "0.17000", "2005-09-30": "0.73000", "2005-06-30": "0.60000", "2005-03-31": "0.56000"}, "EPS - Earnings Per Share": {"2020-09-30": "0.75000", "2020-06-30": "0.74000", "2020-03-31": "1.15000", "2019-12-31": "0.71000", "2019-09-30": "1.13000", "2019-06-30": "1.20000", "2019-03-31": "0.96000", "2018-12-31": "-0.26000", "2018-09-30": "1.17000", "2018-06-30": "1.25000", "2018-03-31": "1.63000", "2017-12-31": "-0.50000", "2017-09-30": "1.39000", "2017-06-30": "1.38000", "2017-03-31": "1.45000", "2016-12-31": "1.00000", "2016-09-30": "1.12000", "2016-06-30": "1.46000", "2016-03-31": "1.47000", "2015-12-31": "0.99000", "2015-09-30": "1.31000", "2015-06-30": "1.29000", "2015-03-31": "1.57000", "2014-12-31": "1.10000", "2014-09-30": "1.31000", "2014-06-30": "1.35000", "2014-03-31": "1.30000", "2013-12-31": "0.75000", "2013-09-30": "1.20000", "2013-06-30": "1.24000", "2013-03-31": "1.10000", "2012-12-31": "0.82000", "2012-09-30": "0.20000", "2012-06-30": "1.08000", "2012-03-31": "0.99000", "2011-12-31": "0.30000", "2011-09-30": "1.00000", "2011-06-30": "0.93000", "2011-03-31": "1.03000", "2010-12-31": "0.68000", "2010-09-30": "0.95000", "2010-06-30": "0.83000", "2010-03-31": "0.80000", "2009-12-31": "0.60000", "2009-09-30": "0.66000", "2009-06-30": "0.60000", "2009-03-31": "0.60000", "2008-12-31": "0.61000", "2008-09-30": "0.73000", "2008-06-30": "0.83000", "2008-03-31": "0.69000", "2007-12-31": "0.58000", "2007-09-30": "0.67000", "2007-06-30": "0.87000", "2007-03-31": "0.69000", "2006-12-31": "0.53000", "2006-09-30": "0.70000", "2006-06-30": "0.67000", "2006-03-31": "0.58000", "2005-12-31": "0.17000", "2005-09-30": "0.72000", "2005-06-30": "0.60000", "2005-03-31": "0.55000"}}, "balance sheet": {"Cash On Hand": {"2019-12-31": "623.94500", "2018-12-31": "648.52200", "2017-12-31": "368.04600", "2016-12-31": "323.99200", "2015-12-31": "181.98800", "2014-12-31": "478.57300", "2013-12-31": "405.50500", "2012-12-31": "324.42200", "2011-12-31": "88.27900", "2010-12-31": "131.33200", "2009-12-31": "80.13500", "2008-12-31": "178.46700", "2007-12-31": "152.07500", "2006-12-31": "115.11200", "2005-12-31": "272.89700"}, "Receivables": {"2019-12-31": "876.19700", "2018-12-31": "937.76500", "2017-12-31": "663.66300", "2016-12-31": "550.65800", "2015-12-31": "537.89600", "2014-12-31": "493.76800", "2013-12-31": "524.49300", "2012-12-31": "499.44300", "2011-12-31": "472.34600", "2010-12-31": "451.80400", "2009-12-31": "444.26500", "2008-12-31": "400.97100", "2007-12-31": "450.57900", "2006-12-31": "405.30200", "2005-12-31": "368.51900"}, "Inventory": {"2019-12-31": "1123.06800", "2018-12-31": "1078.53700", "2017-12-31": "649.44800", "2016-12-31": "592.01700", "2015-12-31": "572.04700", "2014-12-31": "568.72900", "2013-12-31": "533.80600", "2012-12-31": "540.65800", "2011-12-31": "544.43900", "2010-12-31": "531.67500", "2009-12-31": "444.97700", "2008-12-31": "479.56700", "2007-12-31": "484.22200", "2006-12-31": "446.60600", "2005-12-31": "430.79400"}, "Pre-Paid Expenses": {"2019-12-31": "319.33400", "2018-12-31": "277.03600", "2017-12-31": "215.38700", "2016-12-31": "142.34700", "2015-12-31": "145.17800", "2014-12-31": "141.24800", "2013-12-31": "148.91000", "2012-12-31": "142.40100", "2011-12-31": "158.10200", "2010-12-31": "136.22400", "2009-12-31": "103.68700", "2008-12-31": "90.70800", "2007-12-31": "44.55400", "2006-12-31": "23.33500", "2005-12-31": "43.69800"}, "Other Current Assets": {"2019-12-31": "", "2018-12-31": "", "2017-12-31": "", "2016-12-31": "", "2015-12-31": "", "2014-12-31": "", "2013-12-31": "", "2012-12-31": "", "2011-12-31": "", "2010-12-31": "", "2009-12-31": "", "2008-12-31": "", "2007-12-31": "", "2006-12-31": "", "2005-12-31": ""}, "Total Current Assets": {"2019-12-31": "2942.54400", "2018-12-31": "2941.86000", "2017-12-31": "1896.54400", "2016-12-31": "1609.01400", "2015-12-31": "1437.10900", "2014-12-31": "1710.02700", "2013-12-31": "1652.90300", "2012-12-31": "1572.68700", "2011-12-31": "1317.22000", "2010-12-31": "1325.19500", "2009-12-31": "1128.06600", "2008-12-31": "1202.41600", "2007-12-31": "1156.09300", "2006-12-31": "1079.80300", "2005-12-31": "1191.27400"}, "Property, Plant, And Equipment": {"2019-12-31": "1386.92000", "2018-12-31": "1241.15200", "2017-12-31": "880.58000", "2016-12-31": "775.71600", "2015-12-31": "732.79400", "2014-12-31": "720.26800", "2013-12-31": "687.21500", "2012-12-31": "654.64100", "2011-12-31": "608.06500", "2010-12-31": "538.11800", "2009-12-31": "501.29300", "2008-12-31": "496.85600", "2007-12-31": "508.82000", "2006-12-31": "495.12400", "2005-12-31": "499.14500"}, "Long-Term Investments": {"2019-12-31": "", "2018-12-31": "", "2017-12-31": "", "2016-12-31": "", "2015-12-31": "", "2014-12-31": "", "2013-12-31": "", "2012-12-31": "", "2011-12-31": "", "2010-12-31": "", "2009-12-31": "", "2008-12-31": "", "2007-12-31": "", "2006-12-31": "", "2005-12-31": ""}, "Goodwill And Intangible Assets": {"2019-12-31": "8349.53100", "2018-12-31": "8417.71000", "2017-12-31": "1572.07500", "2016-12-31": "1365.90600", "2015-12-31": "1247.39300", "2014-12-31": "752.04100", "2013-12-31": "696.19700", "2012-12-31": "702.27000", "2011-12-31": "708.34500", "2010-12-31": "714.41600", "2009-12-31": "720.53000", "2008-12-31": "726.68300", "2007-12-31": "732.83590", "2006-12-31": "745.71590", "2005-12-31": "772.65100"}, "Other Long-Term Assets": {"2019-12-31": "608.41600", "2018-12-31": "288.67300", "2017-12-31": "249.72700", "2016-12-31": "127.71200", "2015-12-31": "118.39100", "2014-12-31": "129.23800", "2013-12-31": "140.97900", "2012-12-31": "159.52000", "2011-12-31": "179.83300", "2010-12-31": "171.92600", "2009-12-31": "165.16500", "2008-12-31": "192.30500", "2007-12-31": "219.47900", "2006-12-31": "158.26100", "2005-12-31": "175.12600"}, "Total Long-Term Assets": {"2019-12-31": "10344.87000", "2018-12-31": "9947.53500", "2017-12-31": "2702.38200", "2016-12-31": "2407.97000", "2015-12-31": "2264.90100", "2014-12-31": "1784.59400", "2013-12-31": "1678.82800", "2012-12-31": "1673.50500", "2011-12-31": "1648.36100", "2010-12-31": "1547.26000", "2009-12-31": "1516.70800", "2008-12-31": "1547.49700", "2007-12-31": "1570.22100", "2006-12-31": "1399.10100", "2005-12-31": "1446.92200"}, "Total Assets": {"2019-12-31": "13287.41000", "2018-12-31": "12889.39000", "2017-12-31": "4598.92600", "2016-12-31": "4016.98400", "2015-12-31": "3702.01000", "2014-12-31": "3494.62100", "2013-12-31": "3331.73100", "2012-12-31": "3246.19200", "2011-12-31": "2965.58100", "2010-12-31": "2872.45500", "2009-12-31": "2644.77400", "2008-12-31": "2749.91300", "2007-12-31": "2726.31400", "2006-12-31": "2478.90400", "2005-12-31": "2638.19600"}, "Total Current Liabilities": {"2019-12-31": "1552.19000", "2018-12-31": "1128.31100", "2017-12-31": "768.76800", "2016-12-31": "898.29700", "2015-12-31": "725.15600", "2014-12-31": "518.80800", "2013-12-31": "560.36600", "2012-12-31": "629.87800", "2011-12-31": "564.56600", "2010-12-31": "660.95100", "2009-12-31": "484.45400", "2008-12-31": "451.04100", "2007-12-31": "543.44300", "2006-12-31": "446.77100", "2005-12-31": "1202.69600"}, "Long Term Debt": {"2019-12-31": "3997.43800", "2018-12-31": "4504.41700", "2017-12-31": "1632.18600", "2016-12-31": "1066.85500", "2015-12-31": "935.37300", "2014-12-31": "934.23200", "2013-12-31": "932.66500", "2012-12-31": "881.10400", "2011-12-31": "778.24800", "2010-12-31": "787.66800", "2009-12-31": "934.74900", "2008-12-31": "1153.67200", "2007-12-31": "1060.16800", "2006-12-31": "791.44300", "2005-12-31": "131.28100"}, "Other Non-Current Liabilities": {"2019-12-31": "502.36600", "2018-12-31": "248.43600", "2017-12-31": "191.29400", "2016-12-31": "137.47500", "2015-12-31": "160.84900", "2014-12-31": "118.02400", "2013-12-31": "92.08500", "2012-12-31": "110.60800", "2011-12-31": "151.87200", "2010-12-31": "147.77900", "2009-12-31": "157.82700", "2008-12-31": "229.69500", "2007-12-31": "271.85600", "2006-12-31": "100.11700", "2005-12-31": "113.70700"}, "Total Long Term Liabilities": {"2019-12-31": "5505.67300", "2018-12-31": "5717.71000", "2017-12-31": "2140.86400", "2016-12-31": "1487.55300", "2015-12-31": "1381.86500", "2014-12-31": "1453.12400", "2013-12-31": "1304.31400", "2012-12-31": "1363.75900", "2011-12-31": "1293.60800", "2010-12-31": "1208.34900", "2009-12-31": "1388.41000", "2008-12-31": "1718.23000", "2007-12-31": "1565.67400", "2006-12-31": "1126.96500", "2005-12-31": "520.15300"}, "Total Liabilities": {"2019-12-31": "7057.86300", "2018-12-31": "6846.02100", "2017-12-31": "2909.63200", "2016-12-31": "2385.85000", "2015-12-31": "2107.02100", "2014-12-31": "1971.93200", "2013-12-31": "1864.68000", "2012-12-31": "1993.63700", "2011-12-31": "1858.17400", "2010-12-31": "1869.30000", "2009-12-31": "1872.86400", "2008-12-31": "2169.27100", "2007-12-31": "2109.11700", "2006-12-31": "1573.73600", "2005-12-31": "1722.84900"}, "Common Stock Net": {"2019-12-31": "16.06600", "2018-12-31": "16.06600", "2017-12-31": "14.47000", "2016-12-31": "14.47000", "2015-12-31": "14.47000", "2014-12-31": "14.47000", "2013-12-31": "14.47000", "2012-12-31": "14.47000", "2011-12-31": "14.47000", "2010-12-31": "14.47000", "2009-12-31": "14.47000", "2008-12-31": "14.47000", "2007-12-31": "14.47000", "2006-12-31": "14.47000", "2005-12-31": "14.47000"}, "Retained Earnings (Accumulated Deficit)": {"2019-12-31": "4117.80400", "2018-12-31": "3956.22100", "2017-12-31": "3870.62100", "2016-12-31": "3818.53500", "2015-12-31": "3604.25400", "2014-12-31": "3350.73400", "2013-12-31": "3075.65700", "2012-12-31": "2841.16600", "2011-12-31": "2692.89300", "2010-12-31": "2519.70600", "2009-12-31": "2339.20500", "2008-12-31": "2222.64100", "2007-12-31": "2078.93700", "2006-12-31": "1909.59900", "2005-12-31": "1752.05500"}, "Comprehensive Income": {"2019-12-31": "-343.85100", "2018-12-31": "-305.23100", "2017-12-31": "-340.06600", "2016-12-31": "-328.07000", "2015-12-31": "-315.94100", "2014-12-31": "-367.08800", "2013-12-31": "-288.43300", "2012-12-31": "-309.90300", "2011-12-31": "-263.90000", "2010-12-31": "-200.52500", "2009-12-31": "-202.36800", "2008-12-31": "-175.25900", "2007-12-31": "-111.35700", "2006-12-31": "-165.01800", "2005-12-31": "-102.98600"}, "Other Share Holders Equity": {"2019-12-31": "-373.04300", "2018-12-31": "-396.99600", "2017-12-31": "-297.41600", "2016-12-31": "-352.02500", "2015-12-31": "-297.49900", "2014-12-31": "-173.34200", "2013-12-31": "-104.27800", "2012-12-31": "-93.72200", "2011-12-31": "-111.40900", "2010-12-31": "-74.82600", "2009-12-31": "-68.60600", "2008-12-31": "-149.84600", "2007-12-31": "-32.99000", "2006-12-31": "-31.85400", "2005-12-31": "-47.36900"}, "Share Holder Equity": {"2019-12-31": "6229.54800", "2018-12-31": "6043.37400", "2017-12-31": "1689.29400", "2016-12-31": "1631.13400", "2015-12-31": "1594.98900", "2014-12-31": "1522.68900", "2013-12-31": "1467.05100", "2012-12-31": "1252.55500", "2011-12-31": "1107.40700", "2010-12-31": "1003.15500", "2009-12-31": "771.91000", "2008-12-31": "580.64200", "2007-12-31": "617.19700", "2006-12-31": "905.16800", "2005-12-31": "915.34700"}, "Total Liabilities And Share Holders Equity": {"2019-12-31": "13287.41000", "2018-12-31": "12889.39000", "2017-12-31": "4598.92600", "2016-12-31": "4016.98400", "2015-12-31": "3702.01000", "2014-12-31": "3494.62100", "2013-12-31": "3331.73100", "2012-12-31": "3246.19200", "2011-12-31": "2965.58100", "2010-12-31": "2872.45500", "2009-12-31": "2644.77400", "2008-12-31": "2749.91300", "2007-12-31": "2726.31400", "2006-12-31": "2478.90400", "2005-12-31": "2638.19600"}}, "balance sheet, quarterly": {"Cash On Hand": {"2020-09-30": "482.68100", "2020-06-30": "507.53400", "2020-03-31": "442.94500", "2019-12-31": "623.94500", "2019-09-30": "504.05400", "2019-06-30": "454.82000", "2019-03-31": "497.12900", "2018-12-31": "648.52200", "2018-09-30": "5274.45900", "2018-06-30": "322.42300", "2018-03-31": "305.27600", "2017-12-31": "368.04600", "2017-09-30": "316.00200", "2017-06-30": "491.38600", "2017-03-31": "300.06700", "2016-12-31": "323.99200", "2016-09-30": "498.73000", "2016-06-30": "539.99200", "2016-03-31": "528.87700", "2015-12-31": "181.98800", "2015-09-30": "272.27600", "2015-06-30": "377.25400", "2015-03-31": "443.68900", "2014-12-31": "478.57300", "2014-09-30": "404.83600", "2014-06-30": "326.85300", "2014-03-31": "268.58400", "2013-12-31": "405.50500", "2013-09-30": "343.14900", "2013-06-30": "365.89700", "2013-03-31": "300.04600", "2012-12-31": "324.42200", "2012-09-30": "97.18100", "2012-06-30": "104.63700", "2012-03-31": "76.52600", "2011-12-31": "88.27900", "2011-09-30": "107.28300", "2011-06-30": "123.43100", "2011-03-31": "111.97000", "2010-12-31": "131.33200", "2010-09-30": "114.88500", "2010-06-30": "110.55200", "2010-03-31": "89.81800", "2009-12-31": "80.13500", "2009-09-30": "154.57200", "2009-06-30": "164.15900", "2009-03-31": "87.91700", "2008-12-31": "178.46700", "2008-09-30": "109.36000", "2008-06-30": "119.54500", "2008-03-31": "61.16400", "2007-12-31": "152.07500", "2007-09-30": "62.56400", "2007-06-30": "124.75400", "2007-03-31": "83.73200", "2006-12-31": "115.11200", "2006-09-30": "163.08400", "2006-06-30": "30.15200", "2006-03-31": "205.58100", "2005-12-31": "272.89700", "2005-09-30": "28.64700", "2005-06-30": "60.22500", "2005-03-31": "23.17500"}, "Receivables": {"2020-09-30": "928.62500", "2020-06-30": "961.56800", "2020-03-31": "943.11400", "2019-12-31": "876.19700", "2019-09-30": "942.70500", "2019-06-30": "1046.02800", "2019-03-31": "1003.96500", "2018-12-31": "937.76500", "2018-09-30": "701.11100", "2018-06-30": "723.85500", "2018-03-31": "734.37800", "2017-12-31": "663.66300", "2017-09-30": "691.23900", "2017-06-30": "665.51100", "2017-03-31": "637.52100", "2016-12-31": "550.65800", "2016-09-30": "587.07400", "2016-06-30": "621.16400", "2016-03-31": "609.58700", "2015-12-31": "537.89600", "2015-09-30": "569.60800", "2015-06-30": "566.41400", "2015-03-31": "525.26000", "2014-12-31": "493.76800", "2014-09-30": "562.61700", "2014-06-30": "583.22000", "2014-03-31": "574.67800", "2013-12-31": "524.49300", "2013-09-30": "553.88400", "2013-06-30": "541.60700", "2013-03-31": "527.56400", "2012-12-31": "499.44300", "2012-09-30": "534.75800", "2012-06-30": "516.59800", "2012-03-31": "521.60600", "2011-12-31": "472.34600", "2011-09-30": "518.96700", "2011-06-30": "545.55000", "2011-03-31": "520.07800", "2010-12-31": "451.80400", "2010-09-30": "511.97300", "2010-06-30": "475.99600", "2010-03-31": "468.82000", "2009-12-31": "444.26500", "2009-09-30": "477.21800", "2009-06-30": "471.76700", "2009-03-31": "418.38400", "2008-12-31": "400.97100", "2008-09-30": "458.49800", "2008-06-30": "464.48700", "2008-03-31": "451.29000", "2007-12-31": "450.57900", "2007-09-30": "430.66100", "2007-06-30": "415.01100", "2007-03-31": "400.17900", "2006-12-31": "405.30200", "2006-09-30": "373.22000", "2006-06-30": "375.62500", "2006-03-31": "348.46600", "2005-12-31": "368.51900", "2005-09-30": "338.82800", "2005-06-30": "358.74300", "2005-03-31": "374.06500"}, "Inventory": {"2020-09-30": "1151.28100", "2020-06-30": "1165.86000", "2020-03-31": "1075.91300", "2019-12-31": "1123.06800", "2019-09-30": "1126.38900", "2019-06-30": "1163.65300", "2019-03-31": "1114.48800", "2018-12-31": "1078.53700", "2018-09-30": "719.50800", "2018-06-30": "695.19200", "2018-03-31": "687.81700", "2017-12-31": "649.44800", "2017-09-30": "619.51600", "2017-06-30": "623.76200", "2017-03-31": "604.25100", "2016-12-31": "592.01700", "2016-09-30": "585.18500", "2016-06-30": "584.48900", "2016-03-31": "600.69600", "2015-12-31": "572.04700", "2015-09-30": "589.46300", "2015-06-30": "561.71500", "2015-03-31": "536.46500", "2014-12-31": "568.72900", "2014-09-30": "556.30200", "2014-06-30": "554.87100", "2014-03-31": "552.11600", "2013-12-31": "533.80600", "2013-09-30": "520.70700", "2013-06-30": "512.78400", "2013-03-31": "515.78600", "2012-12-31": "540.65800", "2012-09-30": "547.67600", "2012-06-30": "539.26700", "2012-03-31": "555.01700", "2011-12-31": "544.43900", "2011-09-30": "534.76500", "2011-06-30": "568.16200", "2011-03-31": "559.55000", "2010-12-31": "531.67500", "2010-09-30": "503.99100", "2010-06-30": "454.60800", "2010-03-31": "446.91200", "2009-12-31": "444.97700", "2009-09-30": "435.74400", "2009-06-30": "441.00700", "2009-03-31": "452.28200", "2008-12-31": "479.56700", "2008-09-30": "509.28100", "2008-06-30": "525.65100", "2008-03-31": "512.03400", "2007-12-31": "484.22200", "2007-09-30": "467.90300", "2007-06-30": "454.73700", "2007-03-31": "445.20400", "2006-12-31": "446.60600", "2006-09-30": "433.45800", "2006-06-30": "443.33900", "2006-03-31": "437.56000", "2005-12-31": "430.79400", "2005-09-30": "437.29400", "2005-06-30": "432.07300", "2005-03-31": "441.79800"}, "Pre-Paid Expenses": {"2020-09-30": "383.61800", "2020-06-30": "377.62300", "2020-03-31": "356.32200", "2019-12-31": "319.33400", "2019-09-30": "325.41000", "2019-06-30": "325.52500", "2019-03-31": "310.24300", "2018-12-31": "277.03600", "2018-09-30": "251.74900", "2018-06-30": "285.11000", "2018-03-31": "242.87000", "2017-12-31": "215.38700", "2017-09-30": "222.99000", "2017-06-30": "213.26700", "2017-03-31": "169.59400", "2016-12-31": "142.34700", "2016-09-30": "186.04600", "2016-06-30": "183.78900", "2016-03-31": "152.36900", "2015-12-31": "145.17800", "2015-09-30": "194.81800", "2015-06-30": "201.94800", "2015-03-31": "232.56900", "2014-12-31": "141.24800", "2014-09-30": "165.53900", "2014-06-30": "148.62900", "2014-03-31": "144.07900", "2013-12-31": "148.91000", "2013-09-30": "155.39100", "2013-06-30": "156.13100", "2013-03-31": "138.96500", "2012-12-31": "142.40100", "2012-09-30": "153.38300", "2012-06-30": "149.15300", "2012-03-31": "137.31100", "2011-12-31": "158.10200", "2011-09-30": "173.75500", "2011-06-30": "147.99000", "2011-03-31": "137.44800", "2010-12-31": "136.22400", "2010-09-30": "", "2010-06-30": "", "2010-03-31": "", "2009-12-31": "103.68700", "2009-09-30": "", "2009-06-30": "", "2009-03-31": "", "2008-12-31": "90.70800", "2008-09-30": "", "2008-06-30": "", "2008-03-31": "", "2007-12-31": "44.55400", "2007-09-30": "", "2007-06-30": "", "2007-03-31": "", "2006-12-31": "23.33500", "2006-09-30": "", "2006-06-30": "", "2006-03-31": "", "2005-12-31": "43.69800", "2005-09-30": "", "2005-06-30": "", "2005-03-31": ""}, "Other Current Assets": {"2020-09-30": "", "2020-06-30": "", "2020-03-31": "", "2019-12-31": "", "2019-09-30": "", "2019-06-30": "", "2019-03-31": "", "2018-12-31": "", "2018-09-30": "", "2018-06-30": "", "2018-03-31": "", "2017-12-31": "", "2017-09-30": "", "2017-06-30": "", "2017-03-31": "", "2016-12-31": "", "2016-09-30": "", "2016-06-30": "", "2016-03-31": "", "2015-12-31": "", "2015-09-30": "", "2015-06-30": "", "2015-03-31": "", "2014-12-31": "", "2014-09-30": "", "2014-06-30": "", "2014-03-31": "", "2013-12-31": "", "2013-09-30": "", "2013-06-30": "", "2013-03-31": "", "2012-12-31": "", "2012-09-30": "", "2012-06-30": "", "2012-03-31": "", "2011-12-31": "", "2011-09-30": "", "2011-06-30": "", "2011-03-31": "", "2010-12-31": "", "2010-09-30": "122.60200", "2010-06-30": "115.97100", "2010-03-31": "106.79600", "2009-12-31": "", "2009-09-30": "107.58800", "2009-06-30": "95.17300", "2009-03-31": "77.95500", "2008-12-31": "", "2008-09-30": "99.06600", "2008-06-30": "39.29300", "2008-03-31": "78.74500", "2007-12-31": "", "2007-09-30": "88.05700", "2007-06-30": "95.55900", "2007-03-31": "115.63100", "2006-12-31": "", "2006-09-30": "95.29200", "2006-06-30": "85.08300", "2006-03-31": "93.50400", "2005-12-31": "", "2005-09-30": "89.51500", "2005-06-30": "65.43400", "2005-03-31": "62.12000"}, "Total Current Assets": {"2020-09-30": "2946.20500", "2020-06-30": "3012.58500", "2020-03-31": "2818.29400", "2019-12-31": "2942.54400", "2019-09-30": "2898.55800", "2019-06-30": "2990.02600", "2019-03-31": "2925.82500", "2018-12-31": "2941.86000", "2018-09-30": "6946.82700", "2018-06-30": "2026.58000", "2018-03-31": "1970.34100", "2017-12-31": "1896.54400", "2017-09-30": "1849.74700", "2017-06-30": "1993.92600", "2017-03-31": "1711.43300", "2016-12-31": "1609.01400", "2016-09-30": "1857.03500", "2016-06-30": "1929.43400", "2016-03-31": "1891.52900", "2015-12-31": "1437.10900", "2015-09-30": "1638.75100", "2015-06-30": "1722.25400", "2015-03-31": "1755.11000", "2014-12-31": "1710.02700", "2014-09-30": "1712.60900", "2014-06-30": "1644.04800", "2014-03-31": "1569.85100", "2013-12-31": "1652.90300", "2013-09-30": "1633.86700", "2013-06-30": "1633.89300", "2013-03-31": "1534.69800", "2012-12-31": "1572.68700", "2012-09-30": "1388.96400", "2012-06-30": "1364.25300", "2012-03-31": "1345.36500", "2011-12-31": "1317.22000", "2011-09-30": "1383.43700", "2011-06-30": "1439.23000", "2011-03-31": "1387.61900", "2010-12-31": "1325.19500", "2010-09-30": "1328.15000", "2010-06-30": "1223.62000", "2010-03-31": "1170.93400", "2009-12-31": "1128.06600", "2009-09-30": "1191.78100", "2009-06-30": "1187.21100", "2009-03-31": "1052.05700", "2008-12-31": "1202.41600", "2008-09-30": "1239.40900", "2008-06-30": "1279.02100", "2008-03-31": "1180.14000", "2007-12-31": "1156.09300", "2007-09-30": "1118.26100", "2007-06-30": "1154.31600", "2007-03-31": "1120.31200", "2006-12-31": "1079.80300", "2006-09-30": "1134.22900", "2006-06-30": "995.53400", "2006-03-31": "1153.56200", "2005-12-31": "1191.27400", "2005-09-30": "965.34200", "2005-06-30": "983.75200", "2005-03-31": "973.25100"}, "Property, Plant, And Equipment": {"2020-09-30": "1380.42300", "2020-06-30": "1355.61900", "2020-03-31": "1339.12400", "2019-12-31": "1386.92000", "2019-09-30": "1313.53900", "2019-06-30": "1316.30500", "2019-03-31": "1294.02900", "2018-12-31": "1241.15200", "2018-09-30": "874.81700", "2018-06-30": "867.62900", "2018-03-31": "887.48300", "2017-12-31": "880.58000", "2017-09-30": "828.59200", "2017-06-30": "811.82600", "2017-03-31": "791.92000", "2016-12-31": "775.71600", "2016-09-30": "745.24100", "2016-06-30": "737.35300", "2016-03-31": "733.93900", "2015-12-31": "732.79400", "2015-09-30": "708.90200", "2015-06-30": "714.80900", "2015-03-31": "692.00800", "2014-12-31": "720.26800", "2014-09-30": "700.94800", "2014-06-30": "698.84200", "2014-03-31": "696.23400", "2013-12-31": "687.21500", "2013-09-30": "656.66200", "2013-06-30": "651.01100", "2013-03-31": "644.91000", "2012-12-31": "654.64100", "2012-09-30": "619.91700", "2012-06-30": "604.02200", "2012-03-31": "611.44100", "2011-12-31": "608.06500", "2011-09-30": "563.69100", "2011-06-30": "564.69300", "2011-03-31": "551.08200", "2010-12-31": "538.11800", "2010-09-30": "505.67300", "2010-06-30": "482.04100", "2010-03-31": "489.75900", "2009-12-31": "501.29300", "2009-09-30": "492.16300", "2009-06-30": "488.79000", "2009-03-31": "474.38200", "2008-12-31": "496.85600", "2008-09-30": "503.54400", "2008-06-30": "514.92000", "2008-03-31": "523.42000", "2007-12-31": "508.82000", "2007-09-30": "492.59300", "2007-06-30": "482.86100", "2007-03-31": "487.03500", "2006-12-31": "495.12400", "2006-09-30": "479.46800", "2006-06-30": "487.63100", "2006-03-31": "485.62400", "2005-12-31": "499.14500", "2005-09-30": "494.18000", "2005-06-30": "484.06900", "2005-03-31": "491.72100"}, "Long-Term Investments": {"2020-09-30": "", "2020-06-30": "", "2020-03-31": "", "2019-12-31": "", "2019-09-30": "", "2019-06-30": "", "2019-03-31": "", "2018-12-31": "", "2018-09-30": "", "2018-06-30": "", "2018-03-31": "", "2017-12-31": "", "2017-09-30": "", "2017-06-30": "", "2017-03-31": "", "2016-12-31": "", "2016-09-30": "", "2016-06-30": "", "2016-03-31": "", "2015-12-31": "", "2015-09-30": "", "2015-06-30": "", "2015-03-31": "", "2014-12-31": "", "2014-09-30": "", "2014-06-30": "", "2014-03-31": "", "2013-12-31": "", "2013-09-30": "", "2013-06-30": "", "2013-03-31": "", "2012-12-31": "", "2012-09-30": "", "2012-06-30": "", "2012-03-31": "", "2011-12-31": "", "2011-09-30": "", "2011-06-30": "", "2011-03-31": "", "2010-12-31": "", "2010-09-30": "", "2010-06-30": "", "2010-03-31": "", "2009-12-31": "", "2009-09-30": "", "2009-06-30": "", "2009-03-31": "", "2008-12-31": "", "2008-09-30": "", "2008-06-30": "", "2008-03-31": "", "2007-12-31": "", "2007-09-30": "", "2007-06-30": "", "2007-03-31": "", "2006-12-31": "", "2006-09-30": "", "2006-06-30": "", "2006-03-31": "", "2005-12-31": "", "2005-09-30": "", "2005-06-30": "", "2005-03-31": ""}, "Goodwill And Intangible Assets": {"2020-09-30": "8102.96400", "2020-06-30": "8029.71000", "2020-03-31": "7945.00500", "2019-12-31": "8349.53100", "2019-09-30": "8211.37800", "2019-06-30": "8450.98400", "2019-03-31": "8408.17700", "2018-12-31": "8417.71000", "2018-09-30": "1538.43900", "2018-06-30": "1540.01200", "2018-03-31": "1580.07700", "2017-12-31": "1572.07500", "2017-09-30": "1577.75700", "2017-06-30": "1571.22900", "2017-03-31": "1510.68300", "2016-12-31": "1365.90600", "2016-09-30": "1226.11900", "2016-06-30": "1229.38100", "2016-03-31": "1253.26500", "2015-12-31": "1247.39300", "2015-09-30": "1255.36100", "2015-06-30": "908.97400", "2015-03-31": "750.20100", "2014-12-31": "752.04100", "2014-09-30": "753.88100", "2014-06-30": "755.66000", "2014-03-31": "759.31600", "2013-12-31": "696.19700", "2013-09-30": "697.71590", "2013-06-30": "699.23390", "2013-03-31": "700.75200", "2012-12-31": "702.27000", "2012-09-30": "703.78800", "2012-06-30": "705.30690", "2012-03-31": "706.82700", "2011-12-31": "708.34500", "2011-09-30": "709.86300", "2011-06-30": "711.38100", "2011-03-31": "712.89900", "2010-12-31": "714.41600", "2010-09-30": "715.93400", "2010-06-30": "717.45200", "2010-03-31": "718.99100", "2009-12-31": "720.53000", "2009-09-30": "722.06800", "2009-06-30": "723.60500", "2009-03-31": "725.14400", "2008-12-31": "726.68300", "2008-09-30": "728.22090", "2008-06-30": "729.75900", "2008-03-31": "731.29800", "2007-12-31": "732.83590", "2007-09-30": "735.04900", "2007-06-30": "738.60500", "2007-03-31": "742.16000", "2006-12-31": "745.71590", "2006-09-30": "761.51900", "2006-06-30": "765.23000", "2006-03-31": "768.94100", "2005-12-31": "772.65100", "2005-09-30": "778.37300", "2005-06-30": "782.14100", "2005-03-31": "785.90800"}, "Other Long-Term Assets": {"2020-09-30": "655.78200", "2020-06-30": "591.21600", "2020-03-31": "586.65300", "2019-12-31": "608.41600", "2019-09-30": "561.24900", "2019-06-30": "590.76700", "2019-03-31": "583.38900", "2018-12-31": "288.67300", "2018-09-30": "167.97800", "2018-06-30": "157.01700", "2018-03-31": "155.14400", "2017-12-31": "249.72700", "2017-09-30": "106.24800", "2017-06-30": "91.53500", "2017-03-31": "89.96500", "2016-12-31": "127.71200", "2016-09-30": "120.11300", "2016-06-30": "119.43700", "2016-03-31": "122.73700", "2015-12-31": "118.39100", "2015-09-30": "129.22400", "2015-06-30": "132.14400", "2015-03-31": "130.90500", "2014-12-31": "129.23800", "2014-09-30": "148.58100", "2014-06-30": "150.15300", "2014-03-31": "141.07700", "2013-12-31": "140.97900", "2013-09-30": "175.33400", "2013-06-30": "169.81700", "2013-03-31": "164.76600", "2012-12-31": "159.52000", "2012-09-30": "189.60700", "2012-06-30": "190.69200", "2012-03-31": "184.23300", "2011-12-31": "179.83300", "2011-09-30": "177.10500", "2011-06-30": "178.19800", "2011-03-31": "174.15300", "2010-12-31": "171.92600", "2010-09-30": "174.10900", "2010-06-30": "167.62600", "2010-03-31": "166.76300", "2009-12-31": "165.16500", "2009-09-30": "228.89700", "2009-06-30": "222.89300", "2009-03-31": "212.80400", "2008-12-31": "192.30500", "2008-09-30": "304.56000", "2008-06-30": "295.07800", "2008-03-31": "305.99700", "2007-12-31": "219.47900", "2007-09-30": "187.75600", "2007-06-30": "171.20600", "2007-03-31": "147.88600", "2006-12-31": "158.26100", "2006-09-30": "206.73800", "2006-06-30": "204.18500", "2006-03-31": "178.82000", "2005-12-31": "175.12600", "2005-09-30": "177.25800", "2005-06-30": "117.04600", "2005-03-31": "122.46500"}, "Total Long-Term Assets": {"2020-09-30": "10139.17000", "2020-06-30": "9976.54500", "2020-03-31": "9870.78200", "2019-12-31": "10344.87000", "2019-09-30": "10086.17000", "2019-06-30": "10358.06000", "2019-03-31": "10285.59000", "2018-12-31": "9947.53500", "2018-09-30": "2668.71500", "2018-06-30": "2646.86200", "2018-03-31": "2710.93500", "2017-12-31": "2702.38200", "2017-09-30": "2670.69100", "2017-06-30": "2624.94900", "2017-03-31": "2540.82600", "2016-12-31": "2407.97000", "2016-09-30": "2240.09400", "2016-06-30": "2225.19400", "2016-03-31": "2270.93100", "2015-12-31": "2264.90100", "2015-09-30": "2272.93400", "2015-06-30": "1931.37400", "2015-03-31": "1752.06200", "2014-12-31": "1784.59400", "2014-09-30": "1763.90000", "2014-06-30": "1756.48500", "2014-03-31": "1751.50200", "2013-12-31": "1678.82800", "2013-09-30": "1690.64400", "2013-06-30": "1675.02800", "2013-03-31": "1665.85100", "2012-12-31": "1673.50500", "2012-09-30": "1670.94100", "2012-06-30": "1661.05400", "2012-03-31": "1668.03300", "2011-12-31": "1648.36100", "2011-09-30": "1570.09200", "2011-06-30": "1569.37100", "2011-03-31": "1558.92700", "2010-12-31": "1547.26000", "2010-09-30": "1536.15700", "2010-06-30": "1503.26200", "2010-03-31": "1507.29200", "2009-12-31": "1516.70800", "2009-09-30": "1598.98000", "2009-06-30": "1588.32700", "2009-03-31": "1567.57500", "2008-12-31": "1547.49700", "2008-09-30": "1536.32500", "2008-06-30": "1539.75700", "2008-03-31": "1560.71500", "2007-12-31": "1570.22100", "2007-09-30": "1415.39800", "2007-06-30": "1392.67200", "2007-03-31": "1377.08100", "2006-12-31": "1399.10100", "2006-09-30": "1447.72500", "2006-06-30": "1457.04600", "2006-03-31": "1433.38500", "2005-12-31": "1446.92200", "2005-09-30": "1449.81100", "2005-06-30": "1383.25600", "2005-03-31": "1400.09400"}, "Total Assets": {"2020-09-30": "13085.37000", "2020-06-30": "12989.13000", "2020-03-31": "12689.08000", "2019-12-31": "13287.41000", "2019-09-30": "12984.72000", "2019-06-30": "13348.08000", "2019-03-31": "13211.42000", "2018-12-31": "12889.39000", "2018-09-30": "9615.54200", "2018-06-30": "4673.44200", "2018-03-31": "4681.27600", "2017-12-31": "4598.92600", "2017-09-30": "4520.43800", "2017-06-30": "4618.87500", "2017-03-31": "4252.25900", "2016-12-31": "4016.98400", "2016-09-30": "4097.12900", "2016-06-30": "4154.62800", "2016-03-31": "4162.46000", "2015-12-31": "3702.01000", "2015-09-30": "3911.68500", "2015-06-30": "3653.62800", "2015-03-31": "3507.17200", "2014-12-31": "3494.62100", "2014-09-30": "3476.50900", "2014-06-30": "3400.53300", "2014-03-31": "3321.35300", "2013-12-31": "3331.73100", "2013-09-30": "3324.51100", "2013-06-30": "3308.92100", "2013-03-31": "3200.54900", "2012-12-31": "3246.19200", "2012-09-30": "3059.90500", "2012-06-30": "3025.30700", "2012-03-31": "3013.39800", "2011-12-31": "2965.58100", "2011-09-30": "2953.52900", "2011-06-30": "3008.60100", "2011-03-31": "2946.54600", "2010-12-31": "2872.45500", "2010-09-30": "2864.30700", "2010-06-30": "2726.88200", "2010-03-31": "2678.22600", "2009-12-31": "2644.77400", "2009-09-30": "2790.76100", "2009-06-30": "2775.53800", "2009-03-31": "2619.63200", "2008-12-31": "2749.91300", "2008-09-30": "2775.73400", "2008-06-30": "2818.77800", "2008-03-31": "2740.85500", "2007-12-31": "2726.31400", "2007-09-30": "2533.65900", "2007-06-30": "2546.98800", "2007-03-31": "2497.39300", "2006-12-31": "2478.90400", "2006-09-30": "2581.95400", "2006-06-30": "2452.58000", "2006-03-31": "2586.94700", "2005-12-31": "2638.19600", "2005-09-30": "2415.15300", "2005-06-30": "2367.00800", "2005-03-31": "2373.34500"}, "Total Current Liabilities": {"2020-09-30": "1616.25900", "2020-06-30": "1344.17200", "2020-03-31": "1426.99500", "2019-12-31": "1552.19000", "2019-09-30": "1412.44900", "2019-06-30": "1149.53300", "2019-03-31": "1144.13400", "2018-12-31": "1128.31100", "2018-09-30": "758.45600", "2018-06-30": "699.37000", "2018-03-31": "716.75200", "2017-12-31": "768.76800", "2017-09-30": "696.12700", "2017-06-30": "861.22300", "2017-03-31": "985.82400", "2016-12-31": "898.29700", "2016-09-30": "855.92400", "2016-06-30": "688.25100", "2016-03-31": "712.74800", "2015-12-31": "725.15600", "2015-09-30": "687.32000", "2015-06-30": "523.52100", "2015-03-31": "487.32000", "2014-12-31": "518.80800", "2014-09-30": "516.85400", "2014-06-30": "468.65000", "2014-03-31": "484.54100", "2013-12-31": "560.36600", "2013-09-30": "509.57600", "2013-06-30": "566.82400", "2013-03-31": "540.26000", "2012-12-31": "629.87800", "2012-09-30": "652.91000", "2012-06-30": "507.42300", "2012-03-31": "520.85200", "2011-12-31": "564.56600", "2011-09-30": "575.26200", "2011-06-30": "628.65200", "2011-03-31": "633.97200", "2010-12-31": "660.95100", "2010-09-30": "643.59700", "2010-06-30": "495.35900", "2010-03-31": "475.34200", "2009-12-31": "484.45400", "2009-09-30": "357.16700", "2009-06-30": "408.40900", "2009-03-31": "346.67300", "2008-12-31": "451.04100", "2008-09-30": "420.67200", "2008-06-30": "542.83100", "2008-03-31": "517.98900", "2007-12-31": "543.44300", "2007-09-30": "414.00800", "2007-06-30": "351.94700", "2007-03-31": "344.06400", "2006-12-31": "446.77100", "2006-09-30": "734.80100", "2006-06-30": "704.46100", "2006-03-31": "1176.26700", "2005-12-31": "1202.69600", "2005-09-30": "927.58900", "2005-06-30": "941.18600", "2005-03-31": "412.65900"}, "Long Term Debt": {"2020-09-30": "3890.76200", "2020-06-30": "4181.70100", "2020-03-31": "3946.90500", "2019-12-31": "3997.43800", "2019-09-30": "4008.13400", "2019-06-30": "4428.67500", "2019-03-31": "4421.43000", "2018-12-31": "4504.41700", "2018-09-30": "4331.24200", "2018-06-30": "1717.18900", "2018-03-31": "1676.21100", "2017-12-31": "1632.18600", "2017-09-30": "1625.50200", "2017-06-30": "1636.33800", "2017-03-31": "1186.41700", "2016-12-31": "1066.85500", "2016-09-30": "1110.20100", "2016-06-30": "1357.68400", "2016-03-31": "1369.95500", "2015-12-31": "935.37300", "2015-09-30": "1057.99200", "2015-06-30": "989.19600", "2015-03-31": "935.17000", "2014-12-31": "934.23200", "2014-09-30": "933.62500", "2014-06-30": "932.62100", "2014-03-31": "931.63500", "2013-12-31": "932.66500", "2013-09-30": "933.46400", "2013-06-30": "932.79600", "2013-03-31": "915.78200", "2012-12-31": "881.10400", "2012-09-30": "676.95800", "2012-06-30": "777.40400", "2012-03-31": "777.95300", "2011-12-31": "778.24800", "2011-09-30": "757.07000", "2011-06-30": "767.35300", "2011-03-31": "786.98000", "2010-12-31": "787.66800", "2010-09-30": "810.71900", "2010-06-30": "934.60000", "2010-03-31": "934.07600", "2009-12-31": "934.74900", "2009-09-30": "1156.02700", "2009-06-30": "1140.92900", "2009-03-31": "1124.90300", "2008-12-31": "1153.67200", "2008-09-30": "1131.41800", "2008-06-30": "1068.88400", "2008-03-31": "1071.34200", "2007-12-31": "1060.16800", "2007-09-30": "1134.49300", "2007-06-30": "785.77400", "2007-03-31": "799.73500", "2006-12-31": "791.44300", "2006-09-30": "505.59800", "2006-06-30": "415.79100", "2006-03-31": "130.15500", "2005-12-31": "131.28100", "2005-09-30": "136.37400", "2005-06-30": "139.42000", "2005-03-31": "660.86200"}, "Other Non-Current Liabilities": {"2020-09-30": "517.29600", "2020-06-30": "494.40100", "2020-03-31": "494.19300", "2019-12-31": "502.36600", "2019-09-30": "530.97400", "2019-06-30": "514.80200", "2019-03-31": "492.02900", "2018-12-31": "248.43600", "2018-09-30": "235.33200", "2018-06-30": "238.63500", "2018-03-31": "245.48400", "2017-12-31": "191.29400", "2017-09-30": "156.78300", "2017-06-30": "151.54500", "2017-03-31": "158.84600", "2016-12-31": "137.47500", "2016-09-30": "147.66200", "2016-06-30": "144.90800", "2016-03-31": "157.95000", "2015-12-31": "160.84900", "2015-09-30": "171.56300", "2015-06-30": "115.24200", "2015-03-31": "113.02200", "2014-12-31": "118.02400", "2014-09-30": "116.70500", "2014-06-30": "110.83000", "2014-03-31": "105.32200", "2013-12-31": "92.08500", "2013-09-30": "102.25300", "2013-06-30": "94.63500", "2013-03-31": "92.83700", "2012-12-31": "110.60800", "2012-09-30": "118.25200", "2012-06-30": "153.17500", "2012-03-31": "151.33500", "2011-12-31": "151.87200", "2011-09-30": "150.32800", "2011-06-30": "150.87700", "2011-03-31": "149.68300", "2010-12-31": "147.77900", "2010-09-30": "164.66500", "2010-06-30": "154.64700", "2010-03-31": "157.07800", "2009-12-31": "157.82700", "2009-09-30": "178.11500", "2009-06-30": "170.43500", "2009-03-31": "167.61900", "2008-12-31": "229.69500", "2008-09-30": "275.61600", "2008-06-30": "337.02200", "2008-03-31": "338.36500", "2007-12-31": "271.85600", "2007-09-30": "213.97000", "2007-06-30": "183.77500", "2007-03-31": "180.84900", "2006-12-31": "100.11700", "2006-09-30": "103.48700", "2006-06-30": "108.11500", "2006-03-31": "113.79800", "2005-12-31": "113.70700", "2005-09-30": "129.45500", "2005-06-30": "103.42200", "2005-03-31": "101.72600"}, "Total Long Term Liabilities": {"2020-09-30": "5378.80000", "2020-06-30": "5644.04200", "2020-03-31": "5421.40700", "2019-12-31": "5505.67300", "2019-09-30": "5505.28800", "2019-06-30": "5988.56200", "2019-03-31": "5912.80800", "2018-12-31": "5717.71000", "2018-09-30": "4819.13700", "2018-06-30": "2217.86900", "2018-03-31": "2185.56200", "2017-12-31": "2140.86400", "2017-09-30": "2061.82300", "2017-06-30": "2077.56600", "2017-03-31": "1634.91800", "2016-12-31": "1487.55300", "2016-09-30": "1543.00700", "2016-06-30": "1788.44500", "2016-03-31": "1814.15200", "2015-12-31": "1381.86500", "2015-09-30": "1628.21600", "2015-06-30": "1503.43300", "2015-03-31": "1447.75500", "2014-12-31": "1453.12400", "2014-09-30": "1316.00100", "2014-06-30": "1329.93900", "2014-03-31": "1315.87400", "2013-12-31": "1304.31400", "2013-09-30": "1375.40500", "2013-06-30": "1367.66700", "2013-03-31": "1349.43700", "2012-12-31": "1363.75900", "2012-09-30": "1156.18500", "2012-06-30": "1291.37300", "2012-03-31": "1291.49000", "2011-12-31": "1293.60800", "2011-09-30": "1179.80300", "2011-06-30": "1191.23500", "2011-03-31": "1209.72800", "2010-12-31": "1208.34900", "2010-09-30": "1269.83800", "2010-06-30": "1383.49200", "2010-03-31": "1386.01300", "2009-12-31": "1388.41000", "2009-09-30": "1670.80600", "2009-06-30": "1647.90800", "2009-03-31": "1627.36600", "2008-12-31": "1718.23000", "2008-09-30": "1631.03000", "2008-06-30": "1632.96200", "2008-03-31": "1639.71500", "2007-12-31": "1565.67400", "2007-09-30": "1571.94400", "2007-06-30": "1200.38500", "2007-03-31": "1213.74500", "2006-12-31": "1126.96500", "2006-09-30": "888.04100", "2006-06-30": "802.12100", "2006-03-31": "520.43900", "2005-12-31": "520.15300", "2005-09-30": "559.01290", "2005-06-30": "537.25700", "2005-03-31": "1058.17800"}, "Total Liabilities": {"2020-09-30": "6995.05900", "2020-06-30": "6988.21400", "2020-03-31": "6848.40200", "2019-12-31": "7057.86300", "2019-09-30": "6917.73600", "2019-06-30": "7138.09500", "2019-03-31": "7056.94200", "2018-12-31": "6846.02100", "2018-09-30": "5577.59300", "2018-06-30": "2917.23900", "2018-03-31": "2902.31400", "2017-12-31": "2909.63200", "2017-09-30": "2757.95000", "2017-06-30": "2938.78900", "2017-03-31": "2620.74200", "2016-12-31": "2385.85000", "2016-09-30": "2398.93100", "2016-06-30": "2476.69600", "2016-03-31": "2526.90000", "2015-12-31": "2107.02100", "2015-09-30": "2315.53600", "2015-06-30": "2026.95400", "2015-03-31": "1935.07500", "2014-12-31": "1971.93200", "2014-09-30": "1832.85500", "2014-06-30": "1798.58900", "2014-03-31": "1800.41500", "2013-12-31": "1864.68000", "2013-09-30": "1884.98100", "2013-06-30": "1934.49100", "2013-03-31": "1889.69700", "2012-12-31": "1993.63700", "2012-09-30": "1809.09500", "2012-06-30": "1798.79600", "2012-03-31": "1812.34200", "2011-12-31": "1858.17400", "2011-09-30": "1755.06500", "2011-06-30": "1819.88700", "2011-03-31": "1843.70000", "2010-12-31": "1869.30000", "2010-09-30": "1913.43500", "2010-06-30": "1878.85100", "2010-03-31": "1861.35500", "2009-12-31": "1872.86400", "2009-09-30": "2027.97300", "2009-06-30": "2056.31700", "2009-03-31": "1974.03900", "2008-12-31": "2169.27100", "2008-09-30": "2051.70200", "2008-06-30": "2175.79300", "2008-03-31": "2157.70400", "2007-12-31": "2109.11700", "2007-09-30": "1985.95200", "2007-06-30": "1552.33200", "2007-03-31": "1557.80900", "2006-12-31": "1573.73600", "2006-09-30": "1622.84200", "2006-06-30": "1506.58200", "2006-03-31": "1696.70600", "2005-12-31": "1722.84900", "2005-09-30": "1486.60200", "2005-06-30": "1478.44300", "2005-03-31": "1470.83700"}, "Common Stock Net": {"2020-09-30": "16.06600", "2020-06-30": "16.06600", "2020-03-31": "16.06600", "2019-12-31": "16.06600", "2019-09-30": "16.06600", "2019-06-30": "16.06600", "2019-03-31": "16.06600", "2018-12-31": "16.06600", "2018-09-30": "16.06600", "2018-06-30": "14.47000", "2018-03-31": "14.47000", "2017-12-31": "14.47000", "2017-09-30": "14.47000", "2017-06-30": "14.47000", "2017-03-31": "14.47000", "2016-12-31": "14.47000", "2016-09-30": "14.47000", "2016-06-30": "14.47000", "2016-03-31": "14.47000", "2015-12-31": "14.47000", "2015-09-30": "14.47000", "2015-06-30": "14.47000", "2015-03-31": "14.47000", "2014-12-31": "14.47000", "2014-09-30": "14.47000", "2014-06-30": "14.47000", "2014-03-31": "14.47000", "2013-12-31": "14.47000", "2013-09-30": "14.47000", "2013-06-30": "14.47000", "2013-03-31": "14.47000", "2012-12-31": "14.47000", "2012-09-30": "14.47000", "2012-06-30": "14.47000", "2012-03-31": "14.47000", "2011-12-31": "14.47000", "2011-09-30": "14.47000", "2011-06-30": "14.47000", "2011-03-31": "14.47000", "2010-12-31": "14.47000", "2010-09-30": "14.47000", "2010-06-30": "14.47000", "2010-03-31": "14.47000", "2009-12-31": "14.47000", "2009-09-30": "14.47000", "2009-06-30": "14.47000", "2009-03-31": "14.47000", "2008-12-31": "14.47000", "2008-09-30": "14.47000", "2008-06-30": "14.47000", "2008-03-31": "14.47000", "2007-12-31": "14.47000", "2007-09-30": "14.47000", "2007-06-30": "14.47000", "2007-03-31": "14.47000", "2006-12-31": "14.47000", "2006-09-30": "14.47000", "2006-06-30": "14.47000", "2006-03-31": "14.47000", "2005-12-31": "14.47000", "2005-09-30": "14.47000", "2005-06-30": "14.47000", "2005-03-31": "14.47000"}, "Retained Earnings (Accumulated Deficit)": {"2020-09-30": "4170.89400", "2020-06-30": "4168.37800", "2020-03-31": "4162.34700", "2019-12-31": "4117.80400", "2019-09-30": "4114.29900", "2019-06-30": "4069.21100", "2019-03-31": "4011.32600", "2018-12-31": "3956.22100", "2018-09-30": "4021.17200", "2018-06-30": "3992.45200", "2018-03-31": "3947.79100", "2017-12-31": "3870.62100", "2017-09-30": "3965.13300", "2017-06-30": "3909.20000", "2017-03-31": "3850.95500", "2016-12-31": "3818.53500", "2016-09-30": "3789.27100", "2016-06-30": "3750.36400", "2016-03-31": "3678.21900", "2015-12-31": "3604.25400", "2015-09-30": "3569.91100", "2015-06-30": "3508.34700", "2015-03-31": "3441.03300", "2014-12-31": "3350.73400", "2014-09-30": "3298.76100", "2014-06-30": "3229.30100", "2014-03-31": "3150.68800", "2013-12-31": "3075.65700", "2013-09-30": "3045.82900", "2013-06-30": "2978.70900", "2013-03-31": "2904.13100", "2012-12-31": "2841.16600", "2012-09-30": "2800.92700", "2012-06-30": "2812.29300", "2012-03-31": "2748.82800", "2011-12-31": "2692.89300", "2011-09-30": "2693.58400", "2011-06-30": "2636.41900", "2011-03-31": "2582.05700", "2010-12-31": "2519.70600", "2010-09-30": "2485.78500", "2010-06-30": "2430.32200", "2010-03-31": "2383.14500", "2009-12-31": "2339.20500", "2009-09-30": "2311.54400", "2009-06-30": "2278.49900", "2009-03-31": "2250.16500", "2008-12-31": "2222.64100", "2008-09-30": "2187.81000", "2008-06-30": "2149.77900", "2008-03-31": "2100.82000", "2007-12-31": "2078.93700", "2007-09-30": "2050.34300", "2007-06-30": "2011.85200", "2007-03-31": "1952.23100", "2006-12-31": "1909.59900", "2006-09-30": "1880.38100", "2006-06-30": "1833.30000", "2006-03-31": "1788.94500", "2005-12-31": "1752.05500", "2005-09-30": "1754.01100", "2005-06-30": "1702.72000", "2005-03-31": "1663.41100"}, "Comprehensive Income": {"2020-09-30": "-939.41900", "2020-06-30": "-1017.46600", "2020-03-31": "-1164.20800", "2019-12-31": "-716.89400", "2019-09-30": "-867.55200", "2019-06-30": "-668.35900", "2019-03-31": "-657.35400", "2018-12-31": "-305.23100", "2018-09-30": "-715.10500", "2018-06-30": "-692.49800", "2018-03-31": "-620.57900", "2017-12-31": "-340.06600", "2017-09-30": "-656.65100", "2017-06-30": "-676.20100", "2017-03-31": "-681.46800", "2016-12-31": "-328.07000", "2016-09-30": "-611.64700", "2016-06-30": "-608.31000", "2016-03-31": "-606.99900", "2015-12-31": "-315.94100", "2015-09-30": "-611.63600", "2015-06-30": "-556.24800", "2015-03-31": "-573.31500", "2014-12-31": "-367.08800", "2014-09-30": "-399.06100", "2014-06-30": "-383.71400", "2014-03-31": "-397.28200", "2013-12-31": "-288.43300", "2013-09-30": "-403.55800", "2013-06-30": "-412.53200", "2013-03-31": "-398.39500", "2012-12-31": "-309.90300", "2012-09-30": "-361.69700", "2012-06-30": "-388.16200", "2012-03-31": "-342.94400", "2011-12-31": "-263.90000", "2011-09-30": "-280.84700", "2011-06-30": "-230.17900", "2011-03-31": "-245.91400", "2010-12-31": "-200.52500", "2010-09-30": "-265.37400", "2010-06-30": "-303.60600", "2010-03-31": "-279.97200", "2009-12-31": "-202.36800", "2009-09-30": "-248.44600", "2009-06-30": "-254.20000", "2009-03-31": "-297.65900", "2008-12-31": "-175.25900", "2008-09-30": "-102.56100", "2008-06-30": "-105.61400", "2008-03-31": "-110.49000", "2007-12-31": "-111.35700", "2007-09-30": "-143.26000", "2007-06-30": "-155.85600", "2007-03-31": "-159.78900", "2006-12-31": "-165.01800", "2006-09-30": "-113.38200", "2006-06-30": "-120.73300", "2006-03-31": "-102.18000", "2005-12-31": "-102.98600", "2005-09-30": "-114.33300", "2005-06-30": "-115.03000", "2005-03-31": "-117.24100"}, "Other Share Holders Equity": {"2020-09-30": "", "2020-06-30": "", "2020-03-31": "", "2019-12-31": "", "2019-09-30": "", "2019-06-30": "", "2019-03-31": "", "2018-12-31": "-396.99600", "2018-09-30": "", "2018-06-30": "", "2018-03-31": "", "2017-12-31": "-297.41600", "2017-09-30": "", "2017-06-30": "", "2017-03-31": "", "2016-12-31": "-352.02500", "2016-09-30": "", "2016-06-30": "", "2016-03-31": "", "2015-12-31": "-297.49900", "2015-09-30": "", "2015-06-30": "", "2015-03-31": "", "2014-12-31": "-173.34200", "2014-09-30": "", "2014-06-30": "", "2014-03-31": "", "2013-12-31": "-104.27800", "2013-09-30": "", "2013-06-30": "", "2013-03-31": "", "2012-12-31": "-93.72200", "2012-09-30": "", "2012-06-30": "", "2012-03-31": "", "2011-12-31": "-111.40900", "2011-09-30": "", "2011-06-30": "", "2011-03-31": "", "2010-12-31": "-74.82600", "2010-09-30": "", "2010-06-30": "", "2010-03-31": "", "2009-12-31": "-68.60600", "2009-09-30": "", "2009-06-30": "", "2009-03-31": "", "2008-12-31": "-149.84600", "2008-09-30": "-32.14600", "2008-06-30": "-66.86900", "2008-03-31": "-65.46400", "2007-12-31": "-32.99000", "2007-09-30": "-27.81100", "2007-06-30": "-14.85200", "2007-03-31": "-32.51100", "2006-12-31": "-31.85400", "2006-09-30": "-26.39300", "2006-06-30": "-36.16300", "2006-03-31": "-42.53200", "2005-12-31": "-47.36900", "2005-09-30": "-41.55400", "2005-06-30": "-48.02700", "2005-03-31": "-19.37200"}, "Share Holder Equity": {"2020-09-30": "6090.31500", "2020-06-30": "6000.91600", "2020-03-31": "5840.67400", "2019-12-31": "6229.54800", "2019-09-30": "6066.98800", "2019-06-30": "6209.98700", "2019-03-31": "6154.47800", "2018-12-31": "6043.37400", "2018-09-30": "4037.94900", "2018-06-30": "1756.20300", "2018-03-31": "1778.96200", "2017-12-31": "1689.29400", "2017-09-30": "1762.48800", "2017-06-30": "1680.08600", "2017-03-31": "1631.51700", "2016-12-31": "1631.13400", "2016-09-30": "1698.19800", "2016-06-30": "1677.93200", "2016-03-31": "1635.56000", "2015-12-31": "1594.98900", "2015-09-30": "1596.14900", "2015-06-30": "1626.67400", "2015-03-31": "1572.09700", "2014-12-31": "1522.68900", "2014-09-30": "1643.65400", "2014-06-30": "1601.94400", "2014-03-31": "1520.93800", "2013-12-31": "1467.05100", "2013-09-30": "1439.53000", "2013-06-30": "1374.43000", "2013-03-31": "1310.85200", "2012-12-31": "1252.55500", "2012-09-30": "1250.81000", "2012-06-30": "1226.51100", "2012-03-31": "1201.05600", "2011-12-31": "1107.40700", "2011-09-30": "1198.46400", "2011-06-30": "1188.71400", "2011-03-31": "1102.84600", "2010-12-31": "1003.15500", "2010-09-30": "950.87200", "2010-06-30": "848.03100", "2010-03-31": "816.87100", "2009-12-31": "771.91000", "2009-09-30": "762.78800", "2009-06-30": "719.22100", "2009-03-31": "645.59300", "2008-12-31": "580.64200", "2008-09-30": "724.03200", "2008-06-30": "642.98500", "2008-03-31": "583.15100", "2007-12-31": "617.19700", "2007-09-30": "547.70700", "2007-06-30": "994.65600", "2007-03-31": "939.58400", "2006-12-31": "905.16800", "2006-09-30": "959.11200", "2006-06-30": "945.99800", "2006-03-31": "890.24100", "2005-12-31": "915.34700", "2005-09-30": "928.55100", "2005-06-30": "888.56500", "2005-03-31": "902.50800"}, "Total Liabilities And Share Holders Equity": {"2020-09-30": "13085.37000", "2020-06-30": "12989.13000", "2020-03-31": "12689.08000", "2019-12-31": "13287.41000", "2019-09-30": "12984.72000", "2019-06-30": "13348.08000", "2019-03-31": "13211.42000", "2018-12-31": "12889.39000", "2018-09-30": "9615.54200", "2018-06-30": "4673.44200", "2018-03-31": "4681.27600", "2017-12-31": "4598.92600", "2017-09-30": "4520.43800", "2017-06-30": "4618.87500", "2017-03-31": "4252.25900", "2016-12-31": "4016.98400", "2016-09-30": "4097.12900", "2016-06-30": "4154.62800", "2016-03-31": "4162.46000", "2015-12-31": "3702.01000", "2015-09-30": "3911.68500", "2015-06-30": "3653.62800", "2015-03-31": "3507.17200", "2014-12-31": "3494.62100", "2014-09-30": "3476.50900", "2014-06-30": "3400.53300", "2014-03-31": "3321.35300", "2013-12-31": "3331.73100", "2013-09-30": "3324.51100", "2013-06-30": "3308.92100", "2013-03-31": "3200.54900", "2012-12-31": "3246.19200", "2012-09-30": "3059.90500", "2012-06-30": "3025.30700", "2012-03-31": "3013.39800", "2011-12-31": "2965.58100", "2011-09-30": "2953.52900", "2011-06-30": "3008.60100", "2011-03-31": "2946.54600", "2010-12-31": "2872.45500", "2010-09-30": "2864.30700", "2010-06-30": "2726.88200", "2010-03-31": "2678.22600", "2009-12-31": "2644.77400", "2009-09-30": "2790.76100", "2009-06-30": "2775.53800", "2009-03-31": "2619.63200", "2008-12-31": "2749.91300", "2008-09-30": "2775.73400", "2008-06-30": "2818.77800", "2008-03-31": "2740.85500", "2007-12-31": "2726.31400", "2007-09-30": "2533.65900", "2007-06-30": "2546.98800", "2007-03-31": "2497.39300", "2006-12-31": "2478.90400", "2006-09-30": "2581.95400", "2006-06-30": "2452.58000", "2006-03-31": "2586.94700", "2005-12-31": "2638.19600", "2005-09-30": "2415.15300", "2005-06-30": "2367.00800", "2005-03-31": "2373.34500"}}, "cash flow statement": {"Net Income/Loss": {"2019-12-31": "460.26800", "2018-12-31": "339.78100", "2017-12-31": "295.66500", "2016-12-31": "405.03100", "2015-12-31": "419.24700", "2014-12-31": "414.54300", "2013-12-31": "353.54400", "2012-12-31": "254.13400", "2011-12-31": "266.86600", "2010-12-31": "263.55700", "2009-12-31": "195.52600", "2008-12-31": "229.62800", "2007-12-31": "247.12800", "2006-12-31": "226.50000", "2005-12-31": "193.06600"}, "Total Depreciation And Amortization - Cash Flow": {"2019-12-31": "323.33000", "2018-12-31": "173.79200", "2017-12-31": "117.96700", "2016-12-31": "102.46900", "2015-12-31": "89.59700", "2014-12-31": "89.35400", "2013-12-31": "83.22700", "2012-12-31": "76.66700", "2011-12-31": "75.32700", "2010-12-31": "79.24200", "2009-12-31": "78.52500", "2008-12-31": "75.98600", "2007-12-31": "82.78800", "2006-12-31": "89.73300", "2005-12-31": "91.92800"}, "Other Non-Cash Items": {"2019-12-31": "-46.14400", "2018-12-31": "51.49800", "2017-12-31": "-22.24300", "2016-12-31": "-18.24600", "2015-12-31": "-32.31600", "2014-12-31": "-1.75200", "2013-12-31": "-47.48600", "2012-12-31": "-33.76400", "2011-12-31": "46.30300", "2010-12-31": "1.40000", "2009-12-31": "-2.22900", "2008-12-31": "22.34700", "2007-12-31": "3.97700", "2006-12-31": "-17.07400", "2005-12-31": "-27.64000"}, "Total Non-Cash Items": {"2019-12-31": "277.18600", "2018-12-31": "225.29000", "2017-12-31": "95.72400", "2016-12-31": "84.22300", "2015-12-31": "57.28100", "2014-12-31": "87.60200", "2013-12-31": "35.74100", "2012-12-31": "42.90300", "2011-12-31": "121.63000", "2010-12-31": "80.64200", "2009-12-31": "76.29600", "2008-12-31": "98.33300", "2007-12-31": "86.76500", "2006-12-31": "72.65900", "2005-12-31": "64.28800"}, "Change In Accounts Receivable": {"2019-12-31": "59.55500", "2018-12-31": "-49.95800", "2017-12-31": "-68.85100", "2016-12-31": "-21.54400", "2015-12-31": "-91.71200", "2014-12-31": "-2.63500", "2013-12-31": "-53.15600", "2012-12-31": "-33.05600", "2011-12-31": "-35.69700", "2010-12-31": "-12.14300", "2009-12-31": "-27.38000", "2008-12-31": "-34.36800", "2007-12-31": "-21.10700", "2006-12-31": "-27.15300", "2005-12-31": "-1.89700"}, "Change In Inventories": {"2019-12-31": "-62.12900", "2018-12-31": "-117.64100", "2017-12-31": "-18.91100", "2016-12-31": "15.45200", "2015-12-31": "-37.62800", "2014-12-31": "-40.04200", "2013-12-31": "4.82200", "2012-12-31": "4.57100", "2011-12-31": "-25.19900", "2010-12-31": "-86.25000", "2009-12-31": "47.09000", "2008-12-31": "-19.73600", "2007-12-31": "-12.40600", "2006-12-31": "9.49200", "2005-12-31": "-0.11700"}, "Change In Accounts Payable": {"2019-12-31": "55.46400", "2018-12-31": "55.13600", "2017-12-31": "29.11400", "2016-12-31": "-7.64200", "2015-12-31": "89.27300", "2014-12-31": "19.40300", "2013-12-31": "21.31300", "2012-12-31": "-0.74000", "2011-12-31": "-5.85900", "2010-12-31": "39.97300", "2009-12-31": "43.78000", "2008-12-31": "-30.58500", "2007-12-31": "22.29800", "2006-12-31": "38.08700", "2005-12-31": "-6.36900"}, "Change In Assets/Liabilities": {"2019-12-31": "-74.51000", "2018-12-31": "-7.46500", "2017-12-31": "16.19200", "2016-12-31": "13.38300", "2015-12-31": "19.12900", "2014-12-31": "101.44800", "2013-12-31": "22.02400", "2012-12-31": "-7.85100", "2011-12-31": "-37.09600", "2010-12-31": "-47.48700", "2009-12-31": "-56.57100", "2008-12-31": "-22.65900", "2007-12-31": "-8.61600", "2006-12-31": "-37.96600", "2005-12-31": "-71.81100"}, "Total Change In Assets/Liabilities": {"2019-12-31": "-38.48900", "2018-12-31": "-127.49600", "2017-12-31": "-0.63300", "2016-12-31": "60.88500", "2015-12-31": "-9.21300", "2014-12-31": "16.24500", "2013-12-31": "18.27700", "2012-12-31": "26.75900", "2011-12-31": "-199.30600", "2010-12-31": "-29.06300", "2009-12-31": "19.81500", "2008-12-31": "-107.34800", "2007-12-31": "-19.83100", "2006-12-31": "-17.54000", "2005-12-31": "-80.19400"}, "Cash Flow From Operating Activities": {"2019-12-31": "698.96500", "2018-12-31": "437.57500", "2017-12-31": "390.75600", "2016-12-31": "550.13900", "2015-12-31": "467.31500", "2014-12-31": "518.39000", "2013-12-31": "407.56200", "2012-12-31": "323.79600", "2011-12-31": "189.19000", "2010-12-31": "315.13600", "2009-12-31": "291.63700", "2008-12-31": "220.61300", "2007-12-31": "314.06200", "2006-12-31": "281.61900", "2005-12-31": "177.16000"}, "Net Change In Property, Plant, And Equipment": {"2019-12-31": "-193.86600", "2018-12-31": "-161.91800", "2017-12-31": "-112.83400", "2016-12-31": "-119.55600", "2015-12-31": "-96.72800", "2014-12-31": "-139.88700", "2013-12-31": "-106.84500", "2012-12-31": "-124.37700", "2011-12-31": "-126.75200", "2010-12-31": "-104.64400", "2009-12-31": "-65.03500", "2008-12-31": "-82.54700", "2007-12-31": "-65.61400", "2006-12-31": "-58.28200", "2005-12-31": "-93.43300"}, "Net Change In Intangible Assets": {"2019-12-31": "-6.07000", "2018-12-31": "-3.32600", "2017-12-31": "0.00000", "2016-12-31": "0.00000", "2015-12-31": "", "2014-12-31": "", "2013-12-31": "", "2012-12-31": "", "2011-12-31": "", "2010-12-31": "", "2009-12-31": "", "2008-12-31": "", "2007-12-31": "", "2006-12-31": "", "2005-12-31": ""}, "Net Acquisitions/Divestitures": {"2019-12-31": "-49.06500", "2018-12-31": "-4857.34300", "2017-12-31": "-192.32800", "2016-12-31": "-236.83600", "2015-12-31": "-493.42400", "2014-12-31": "-102.50000", "2013-12-31": "", "2012-12-31": "", "2011-12-31": "", "2010-12-31": "", "2009-12-31": "", "2008-12-31": "", "2007-12-31": "", "2006-12-31": "", "2005-12-31": ""}, "Net Change In Short-term Investments": {"2019-12-31": "", "2018-12-31": "", "2017-12-31": "", "2016-12-31": "", "2015-12-31": "", "2014-12-31": "", "2013-12-31": "", "2012-12-31": "", "2011-12-31": "", "2010-12-31": "", "2009-12-31": "", "2008-12-31": "", "2007-12-31": "", "2006-12-31": "", "2005-12-31": ""}, "Net Change In Long-Term Investments": {"2019-12-31": "", "2018-12-31": "", "2017-12-31": "", "2016-12-31": "", "2015-12-31": "", "2014-12-31": "", "2013-12-31": "", "2012-12-31": "-1.12700", "2011-12-31": "-1.93600", "2010-12-31": "-3.85800", "2009-12-31": "-2.24900", "2008-12-31": "-7.19800", "2007-12-31": "-2.69900", "2006-12-31": "-17.35500", "2005-12-31": ""}, "Net Change In Investments - Total": {"2019-12-31": "", "2018-12-31": "", "2017-12-31": "", "2016-12-31": "", "2015-12-31": "", "2014-12-31": "", "2013-12-31": "", "2012-12-31": "-1.12700", "2011-12-31": "-1.93600", "2010-12-31": "-3.85800", "2009-12-31": "-2.24900", "2008-12-31": "-7.19800", "2007-12-31": "-2.69900", "2006-12-31": "-17.35500", "2005-12-31": ""}, "Investing Activities - Other": {"2019-12-31": "23.13500", "2018-12-31": "9.35200", "2017-12-31": "5.23200", "2016-12-31": "0.92900", "2015-12-31": "12.99600", "2014-12-31": "21.05400", "2013-12-31": "1.43900", "2012-12-31": "11.24300", "2011-12-31": "-2.47500", "2010-12-31": "1.71900", "2009-12-31": "-13.60400", "2008-12-31": "", "2007-12-31": "16.95900", "2006-12-31": "27.23500", "2005-12-31": "2.78700"}, "Cash Flow From Investing Activities": {"2019-12-31": "-225.86600", "2018-12-31": "-5013.23500", "2017-12-31": "-299.93000", "2016-12-31": "-355.46300", "2015-12-31": "-577.15600", "2014-12-31": "-221.33300", "2013-12-31": "-105.40600", "2012-12-31": "-114.26100", "2011-12-31": "-131.16300", "2010-12-31": "-106.78300", "2009-12-31": "-80.88800", "2008-12-31": "-89.74500", "2007-12-31": "-51.35400", "2006-12-31": "-48.40200", "2005-12-31": "-90.64600"}, "Net Long-Term Debt": {"2019-12-31": "-155.26100", "2018-12-31": "2880.11700", "2017-12-31": "248.25000", "2016-12-31": "430.55900", "2015-12-31": "", "2014-12-31": "3.60900", "2013-12-31": "197.78600", "2012-12-31": "", "2011-12-31": "-123.70800", "2010-12-31": "", "2009-12-31": "-201.10200", "2008-12-31": "-0.19700", "2007-12-31": "498.56900", "2006-12-31": "-125.66300", "2005-12-31": "-11.65300"}, "Net Current Debt": {"2019-12-31": "-1.02100", "2018-12-31": "-0.92700", "2017-12-31": "-4.49900", "2016-12-31": "-131.07400", "2015-12-31": "138.03600", "2014-12-31": "8.33200", "2013-12-31": "-283.22500", "2012-12-31": "138.75600", "2011-12-31": "92.66200", "2010-12-31": "-103.19000", "2009-12-31": "-37.29200", "2008-12-31": "2.90200", "2007-12-31": "-129.64800", "2006-12-31": "-48.71400", "2005-12-31": "312.09400"}, "Debt Issuance/Retirement Net - Total": {"2019-12-31": "-156.28200", "2018-12-31": "2879.19000", "2017-12-31": "243.75100", "2016-12-31": "299.48500", "2015-12-31": "138.03600", "2014-12-31": "11.94100", "2013-12-31": "-85.43900", "2012-12-31": "138.75600", "2011-12-31": "-31.04600", "2010-12-31": "-103.19000", "2009-12-31": "-238.39400", "2008-12-31": "2.70500", "2007-12-31": "368.92100", "2006-12-31": "-174.37700", "2005-12-31": "300.44100"}, "Net Common Equity Issued/Repurchased": {"2019-12-31": "", "2018-12-31": "2252.61900", "2017-12-31": "-57.74000", "2016-12-31": "-126.63000", "2015-12-31": "-121.30700", "2014-12-31": "-86.33900", "2013-12-31": "-47.56400", "2012-12-31": "9.21100", "2011-12-31": "14.65600", "2010-12-31": "26.22400", "2009-12-31": "5.04300", "2008-12-31": "-22.64200", "2007-12-31": "-526.88490", "2006-12-31": "-160.13100", "2005-12-31": "-75.30400"}, "Net Total Equity Issued/Repurchased": {"2019-12-31": "", "2018-12-31": "2252.61900", "2017-12-31": "-57.74000", "2016-12-31": "-126.63000", "2015-12-31": "-121.30700", "2014-12-31": "-86.33900", "2013-12-31": "-47.56400", "2012-12-31": "9.21100", "2011-12-31": "14.65600", "2010-12-31": "26.22400", "2009-12-31": "5.04300", "2008-12-31": "-22.64200", "2007-12-31": "-526.88490", "2006-12-31": "-160.13100", "2005-12-31": "-75.30400"}, "Total Common And Preferred Stock Dividends Paid": {"2019-12-31": "-313.51000", "2018-12-31": "-230.21800", "2017-12-31": "-206.11800", "2016-12-31": "-184.89700", "2015-12-31": "-158.87000", "2014-12-31": "-133.23900", "2013-12-31": "-87.34700", "2012-12-31": "-130.94300", "2011-12-31": "-90.25000", "2010-12-31": "-81.18100", "2009-12-31": "-78.84100", "2008-12-31": "-74.86500", "2007-12-31": "-76.60000", "2006-12-31": "-67.38100", "2005-12-31": "-67.77900"}, "Financial Activities - Other": {"2019-12-31": "-35.26500", "2018-12-31": "-30.88800", "2017-12-31": "-22.45100", "2016-12-31": "-22.38500", "2015-12-31": "-22.89200", "2014-12-31": "5.30700", "2013-12-31": "3.31200", "2012-12-31": "8.38000", "2011-12-31": "5.93300", "2010-12-31": "1.40300", "2009-12-31": "", "2008-12-31": "0.13300", "2007-12-31": "6.56800", "2006-12-31": "4.65300", "2005-12-31": ""}, "Cash Flow From Financial Activities": {"2019-12-31": "-505.05700", "2018-12-31": "4870.70300", "2017-12-31": "-42.55800", "2016-12-31": "-34.42700", "2015-12-31": "-165.03300", "2014-12-31": "-202.33000", "2013-12-31": "-217.03800", "2012-12-31": "25.40400", "2011-12-31": "-100.70700", "2010-12-31": "-156.74400", "2009-12-31": "-312.19200", "2008-12-31": "-94.66900", "2007-12-31": "-227.99600", "2006-12-31": "-397.23600", "2005-12-31": "157.35800"}, "Net Cash Flow": {"2019-12-31": "-24.57700", "2018-12-31": "280.47600", "2017-12-31": "44.05400", "2016-12-31": "142.00400", "2015-12-31": "-296.58500", "2014-12-31": "73.06800", "2013-12-31": "81.08300", "2012-12-31": "236.14300", "2011-12-31": "-43.05300", "2010-12-31": "51.19700", "2009-12-31": "-98.33200", "2008-12-31": "26.99600", "2007-12-31": "36.96300", "2006-12-31": "-158.03700", "2005-12-31": "239.94900"}, "Stock-Based Compensation": {"2019-12-31": "34.48200", "2018-12-31": "29.40100", "2017-12-31": "26.56700", "2016-12-31": "24.58700", "2015-12-31": "23.16000", "2014-12-31": "22.64800", "2013-12-31": "23.73600", "2012-12-31": "19.71600", "2011-12-31": "20.54700", "2010-12-31": "18.38200", "2009-12-31": "17.44900", "2008-12-31": "17.24600", "2007-12-31": "18.16800", "2006-12-31": "18.18500", "2005-12-31": "7.35000"}, "Common Stock Dividends Paid": {"2019-12-31": "-313.51000", "2018-12-31": "-230.21800", "2017-12-31": "-206.11800", "2016-12-31": "-184.89700", "2015-12-31": "-158.87000", "2014-12-31": "-133.23900", "2013-12-31": "-87.34700", "2012-12-31": "-130.94300", "2011-12-31": "-90.25000", "2010-12-31": "-81.18100", "2009-12-31": "-78.84100", "2008-12-31": "-74.86500", "2007-12-31": "-76.60000", "2006-12-31": "-67.38100", "2005-12-31": "-67.77900"}}, "cash flow statement, quarterly": {"Net Income/Loss": {"2020-09-30": 86.231, "2020-06-30": 87.366, "2020-03-31": "127.21100", "2019-12-31": 80.378, "2019-09-30": 129.807, "2019-06-30": 138.869, "2019-03-31": "111.21400", "2018-12-31": 15.5, "2018-09-30": 95.717, "2018-06-30": 99.148, "2018-03-31": "129.41600", "2017-12-31": -40.155, "2017-09-30": 110.261, "2017-06-30": 109.795, "2017-03-31": "115.76400", "2016-12-31": 79.917, "2016-09-30": 89.777, "2016-06-30": 116.734, "2016-03-31": "118.60300", "2015-12-31": 79.167, "2015-09-30": 106.448, "2015-06-30": 105.374, "2015-03-31": "128.25800", "2014-12-31": 90.135, "2014-09-30": 107.416, "2014-06-30": 110.285, "2014-03-31": "106.70700", "2013-12-31": 61.479, "2013-09-30": 99.045, "2013-06-30": 102.323, "2013-03-31": "90.69700", "2012-12-31": 68.118, "2012-09-30": 16.365, "2012-06-30": 88.595, "2012-03-31": "81.05600", "2011-12-31": 24.394, "2011-09-30": 82.241, "2011-06-30": 76.188, "2011-03-31": "84.04300", "2010-12-31": 55.577, "2010-09-30": 77.039, "2010-06-30": 67.152, "2010-03-31": "63.78900", "2009-12-31": 47.448, "2009-09-30": 52.799, "2009-06-30": 48.082, "2009-03-31": "47.19700", "2008-12-31": 48.969, "2008-09-30": 57.684, "2008-06-30": 67.027, "2008-03-31": "55.94800", "2007-12-31": 47.223, "2007-09-30": 58.844, "2007-06-30": 78.372, "2007-03-31": "62.68900", "2006-12-31": 47.982, "2006-09-30": 63.646, "2006-06-30": 61.182, "2006-03-31": "53.69000", "2005-12-31": 15.238, "2005-09-30": 68.572, "2005-06-30": 56.713, "2005-03-31": "52.54300"}, "Total Depreciation And Amortization - Cash Flow": {"2020-09-30": 83.332, "2020-06-30": 79.649, "2020-03-31": "80.59500", "2019-12-31": 87.901, "2019-09-30": 80.615, "2019-06-30": 73.039, "2019-03-31": "81.77500", "2018-12-31": 77.798, "2018-09-30": 31.026, "2018-06-30": 31.584, "2018-03-31": "33.38400", "2017-12-31": 32.521, "2017-09-30": 29.641, "2017-06-30": 29.003, "2017-03-31": "26.80200", "2016-12-31": 27.36, "2016-09-30": 25.366, "2016-06-30": 23.046, "2016-03-31": "26.69700", "2015-12-31": 24.498, "2015-09-30": 24.058, "2015-06-30": 21.056, "2015-03-31": "19.98500", "2014-12-31": 20.676, "2014-09-30": 19.547, "2014-06-30": 26.301, "2014-03-31": "22.83000", "2013-12-31": 22.143, "2013-09-30": 21.277, "2013-06-30": 20.402, "2013-03-31": "19.40500", "2012-12-31": 20.335, "2012-09-30": 19.238, "2012-06-30": 18.055, "2012-03-31": "19.03900", "2011-12-31": 19.082, "2011-09-30": 18.889, "2011-06-30": 19.394, "2011-03-31": "17.96200", "2010-12-31": 19.105, "2010-09-30": 19.916, "2010-06-30": 20.189, "2010-03-31": "20.03200", "2009-12-31": 20.451, "2009-09-30": 19.811, "2009-06-30": 19.632, "2009-03-31": "18.63100", "2008-12-31": 15.97, "2008-09-30": 17.487, "2008-06-30": 23.035, "2008-03-31": "19.49400", "2007-12-31": 19.963, "2007-09-30": 20.538, "2007-06-30": 21.148, "2007-03-31": "21.13900", "2006-12-31": 22.823, "2006-09-30": 22.308, "2006-06-30": 22.341, "2006-03-31": "22.26100", "2005-12-31": 22.382, "2005-09-30": 23.117, "2005-06-30": 23.54, "2005-03-31": "22.88900"}, "Other Non-Cash Items": {"2020-09-30": -25.464, "2020-06-30": -8.04, "2020-03-31": "6.20200", "2019-12-31": -22.182, "2019-09-30": -5.131, "2019-06-30": -9.902, "2019-03-31": "-8.92900", "2018-12-31": 2.037, "2018-09-30": 41.683, "2018-06-30": -0.821, "2018-03-31": "8.59900", "2017-12-31": 66.251, "2017-09-30": -3.032, "2017-06-30": -50.017, "2017-03-31": "-35.44500", "2016-12-31": 1.314, "2016-09-30": -7.457, "2016-06-30": -12.103, "2016-03-31": "0.00000", "2015-12-31": -2.339, "2015-09-30": -3.249, "2015-06-30": 7.967, "2015-03-31": "-34.69500", "2014-12-31": 7.969, "2014-09-30": -22.602, "2014-06-30": 6.067, "2014-03-31": "6.81400", "2013-12-31": -42.379, "2013-09-30": -6.107, "2013-06-30": -14.67, "2013-03-31": "15.67000", "2012-12-31": -0.787, "2012-09-30": -29.812, "2012-06-30": 10.964, "2012-03-31": "-14.12900", "2011-12-31": 2.746, "2011-09-30": 1.25, "2011-06-30": 20.382, "2011-03-31": "21.92500", "2010-12-31": 28.372, "2010-09-30": -21.17, "2010-06-30": -5.471, "2010-03-31": "-0.33100", "2009-12-31": -17.349, "2009-09-30": -0.694, "2009-06-30": 5.879, "2009-03-31": "9.93500", "2008-12-31": 9.112, "2008-09-30": 4.17, "2008-06-30": 5.087, "2008-03-31": "3.97800", "2007-12-31": 4.284, "2007-09-30": -6.447, "2007-06-30": -9.017, "2007-03-31": "15.15700", "2006-12-31": -6.503, "2006-09-30": -15.113, "2006-06-30": -6.629, "2006-03-31": "11.17100", "2005-12-31": 0.032, "2005-09-30": -43.64, "2005-06-30": 5.026, "2005-03-31": "10.94200"}, "Total Non-Cash Items": {"2020-09-30": 57.868, "2020-06-30": 71.609, "2020-03-31": "86.79700", "2019-12-31": 65.719, "2019-09-30": 75.484, "2019-06-30": 63.137, "2019-03-31": "72.84600", "2018-12-31": 79.835, "2018-09-30": 72.709, "2018-06-30": 30.763, "2018-03-31": "41.98300", "2017-12-31": 98.772, "2017-09-30": 26.609, "2017-06-30": -21.014, "2017-03-31": "-8.64300", "2016-12-31": 28.674, "2016-09-30": 17.909, "2016-06-30": 10.943, "2016-03-31": "26.69700", "2015-12-31": 22.159, "2015-09-30": 20.809, "2015-06-30": 29.023, "2015-03-31": "-14.71000", "2014-12-31": 28.645, "2014-09-30": -3.055, "2014-06-30": 32.368, "2014-03-31": "29.64400", "2013-12-31": -20.236, "2013-09-30": 15.17, "2013-06-30": 5.732, "2013-03-31": "35.07500", "2012-12-31": 19.548, "2012-09-30": -10.574, "2012-06-30": 29.019, "2012-03-31": "4.91000", "2011-12-31": 21.828, "2011-09-30": 20.139, "2011-06-30": 39.776, "2011-03-31": "39.88700", "2010-12-31": 47.477, "2010-09-30": -1.254, "2010-06-30": 14.718, "2010-03-31": "19.70100", "2009-12-31": 3.102, "2009-09-30": 19.117, "2009-06-30": 25.511, "2009-03-31": "28.56600", "2008-12-31": 25.082, "2008-09-30": 21.657, "2008-06-30": 28.122, "2008-03-31": "23.47200", "2007-12-31": 24.247, "2007-09-30": 14.091, "2007-06-30": 12.131, "2007-03-31": "36.29600", "2006-12-31": 16.32, "2006-09-30": 7.195, "2006-06-30": 15.712, "2006-03-31": "33.43200", "2005-12-31": 22.414, "2005-09-30": -20.523, "2005-06-30": 28.566, "2005-03-31": "33.83100"}, "Change In Accounts Receivable": {"2020-09-30": 38.146, "2020-06-30": 0.853, "2020-03-31": "-133.29100", "2019-12-31": 82.433, "2019-09-30": 64.233, "2019-06-30": -31.176, "2019-03-31": "-55.93500", "2018-12-31": 43.24, "2018-09-30": 6.765, "2018-06-30": -38.662, "2018-03-31": "-61.30100", "2017-12-31": 26.094, "2017-09-30": -17.365, "2017-06-30": -16.722, "2017-03-31": "-60.85800", "2016-12-31": 14.526, "2016-09-30": 34.291, "2016-06-30": -9.706, "2016-03-31": "-60.65500", "2015-12-31": 16.851, "2015-09-30": -16.234, "2015-06-30": -29.438, "2015-03-31": "-62.89100", "2014-12-31": 45.294, "2014-09-30": 2.307, "2014-06-30": -8.667, "2014-03-31": "-41.56900", "2013-12-31": 18.895, "2013-09-30": -11.298, "2013-06-30": -26.305, "2013-03-31": "-34.44800", "2012-12-31": 33.308, "2012-09-30": -8.329, "2012-06-30": -16.815, "2012-03-31": "-41.22000", "2011-12-31": 36.231, "2011-09-30": 1.244, "2011-06-30": -17.608, "2011-03-31": "-55.56400", "2010-12-31": 48.783, "2010-09-30": -7.16, "2010-06-30": -24.474, "2010-03-31": "-29.29200", "2009-12-31": 28.9, "2009-09-30": 5.401, "2009-06-30": -25.459, "2009-03-31": "-36.22200", "2008-12-31": 37.445, "2008-09-30": -13.934, "2008-06-30": -23.077, "2008-03-31": "-34.80200", "2007-12-31": 45.247, "2007-09-30": -12.296, "2007-06-30": -15.604, "2007-03-31": "-38.45400", "2006-12-31": 32.541, "2006-09-30": 0.633, "2006-06-30": -15.163, "2006-03-31": "-45.16400", "2005-12-31": 42.93, "2005-09-30": 5.599, "2005-06-30": -2.169, "2005-03-31": "-48.25700"}, "Change In Inventories": {"2020-09-30": 24.477, "2020-06-30": -66.68, "2020-03-31": "-0.56800", "2019-12-31": 22.011, "2019-09-30": -12.595, "2019-06-30": -46.826, "2019-03-31": "-24.71900", "2018-12-31": -24.936, "2018-09-30": -24.765, "2018-06-30": -37.755, "2018-03-31": "-30.18500", "2017-12-31": -25.122, "2017-09-30": 10.439, "2017-06-30": -4.119, "2017-03-31": "-0.10900", "2016-12-31": 15.612, "2016-09-30": 7.111, "2016-06-30": -10.527, "2016-03-31": "3.25600", "2015-12-31": -5.973, "2015-09-30": -21.821, "2015-06-30": -23.006, "2015-03-31": "13.17200", "2014-12-31": -18.433, "2014-09-30": -23.459, "2014-06-30": 2.441, "2014-03-31": "-0.59100", "2013-12-31": -5.857, "2013-09-30": -4.015, "2013-06-30": -3.514, "2013-03-31": "18.20800", "2012-12-31": 8.322, "2012-09-30": 1.892, "2012-06-30": -4.842, "2012-03-31": "-0.80100", "2011-12-31": -18.25, "2011-09-30": 7.149, "2011-06-30": -2.165, "2011-03-31": "-11.93300", "2010-12-31": -33.095, "2010-09-30": -22.771, "2010-06-30": -24.328, "2010-03-31": "-6.05600", "2009-12-31": -14.22, "2009-09-30": 14.042, "2009-06-30": 34.465, "2009-03-31": "12.80300", "2008-12-31": 6.724, "2008-09-30": -1.309, "2008-06-30": -20.254, "2008-03-31": "-4.89700", "2007-12-31": -10.025, "2007-09-30": -1.123, "2007-06-30": -2.906, "2007-03-31": "1.64800", "2006-12-31": -2.836, "2006-09-30": 11.165, "2006-06-30": 2.857, "2006-03-31": "-1.69400", "2005-12-31": 1.652, "2005-09-30": -2.961, "2005-06-30": -4.092, "2005-03-31": "5.28400"}, "Change In Accounts Payable": {"2020-09-30": -40.672, "2020-06-30": 93.9, "2020-03-31": "-31.63500", "2019-12-31": 94.796, "2019-09-30": -31.687, "2019-06-30": -16.633, "2019-03-31": "8.98800", "2018-12-31": 72.334, "2018-09-30": -10.059, "2018-06-30": 1.296, "2018-03-31": "-8.43500", "2017-12-31": 49.674, "2017-09-30": 2.919, "2017-06-30": -21.501, "2017-03-31": "-1.97800", "2016-12-31": 21.881, "2016-09-30": -0.356, "2016-06-30": 0.208, "2016-03-31": "-29.37500", "2015-12-31": 34.791, "2015-09-30": 27.148, "2015-06-30": 22.716, "2015-03-31": "4.61800", "2014-12-31": 21.862, "2014-09-30": 28.372, "2014-06-30": -18.842, "2014-03-31": "-11.98900", "2013-12-31": 32.894, "2013-09-30": -1.383, "2013-06-30": 19.141, "2013-03-31": "-29.33900", "2012-12-31": 32.912, "2012-09-30": -12.438, "2012-06-30": -10.561, "2012-03-31": "-10.65300", "2011-12-31": 13.128, "2011-09-30": 20.741, "2011-06-30": -20.456, "2011-03-31": "-19.27200", "2010-12-31": -52.868, "2010-09-30": 34.261, "2010-06-30": 72.287, "2010-03-31": "-13.70700", "2009-12-31": 28.133, "2009-09-30": 43.108, "2009-06-30": 30.113, "2009-03-31": "-57.57400", "2008-12-31": 0.224, "2008-09-30": -14.749, "2008-06-30": 32.754, "2008-03-31": "-48.81400", "2007-12-31": 41.636, "2007-09-30": 19.197, "2007-06-30": 24.236, "2007-03-31": "-62.77100", "2006-12-31": 3.648, "2006-09-30": 36.775, "2006-06-30": -1.226, "2006-03-31": "-1.11000", "2005-12-31": -10.945, "2005-09-30": 45.1, "2005-06-30": -11.073, "2005-03-31": "-29.45100"}, "Change In Assets/Liabilities": {"2020-09-30": -60.921, "2020-06-30": -57.587, "2020-03-31": "52.92900", "2019-12-31": -45.425, "2019-09-30": -35.508, "2019-06-30": 23.295, "2019-03-31": "-16.87200", "2018-12-31": 46.845, "2018-09-30": 2.659, "2018-06-30": -29.219, "2018-03-31": "-27.75000", "2017-12-31": 52.511, "2017-09-30": -19.04, "2017-06-30": -22.669, "2017-03-31": "5.39000", "2016-12-31": 20.131, "2016-09-30": -1.467, "2016-06-30": 12.16, "2016-03-31": "-17.44100", "2015-12-31": 34.704, "2015-09-30": -8.663, "2015-06-30": 14.969, "2015-03-31": "-21.88100", "2014-12-31": 48.854, "2014-09-30": 30.999, "2014-06-30": 7.618, "2014-03-31": "13.97700", "2013-12-31": 65.915, "2013-09-30": 6.479, "2013-06-30": -38.84, "2013-03-31": "-11.53000", "2012-12-31": 4.197, "2012-09-30": -0.184, "2012-06-30": -26.177, "2012-03-31": "14.31300", "2011-12-31": -15.455, "2011-09-30": -8.707, "2011-06-30": -14.66, "2011-03-31": "1.72600", "2010-12-31": -35.907, "2010-09-30": 0.57, "2010-06-30": -10.107, "2010-03-31": "-2.04300", "2009-12-31": -14.694, "2009-09-30": -21.932, "2009-06-30": -10.807, "2009-03-31": "-9.13800", "2008-12-31": -34.329, "2008-09-30": 8.299, "2008-06-30": -13.363, "2008-03-31": "16.73400", "2007-12-31": -26.348, "2007-09-30": 17.727, "2007-06-30": -3.733, "2007-03-31": "3.73800", "2006-12-31": -53.543, "2006-09-30": -2.667, "2006-06-30": 16.286, "2006-03-31": "1.95800", "2005-12-31": -35.723, "2005-09-30": -11.734, "2005-06-30": 3.606, "2005-03-31": "-27.96000"}, "Total Change In Assets/Liabilities": {"2020-09-30": 62.533, "2020-06-30": 32.476, "2020-03-31": "-197.06300", "2019-12-31": 169.833, "2019-09-30": -7.172, "2019-06-30": -64.322, "2019-03-31": "-136.82800", "2018-12-31": 140.282, "2018-09-30": -21.637, "2018-06-30": -63.347, "2018-03-31": "-182.79400", "2017-12-31": 132.65, "2017-09-30": 4.698, "2017-06-30": -49.355, "2017-03-31": "-88.62600", "2016-12-31": 99.711, "2016-09-30": 61.855, "2016-06-30": 4.676, "2016-03-31": "-105.35700", "2015-12-31": 71.294, "2015-09-30": 1.12, "2015-06-30": 0.445, "2015-03-31": "-82.07200", "2014-12-31": 82.107, "2014-09-30": 59.112, "2014-06-30": -23.616, "2014-03-31": "-101.35800", "2013-12-31": 109.003, "2013-09-30": 25.058, "2013-06-30": -8.731, "2013-03-31": "-107.05300", "2012-12-31": 98.552, "2012-09-30": -3.579, "2012-06-30": -34.884, "2012-03-31": "-33.33000", "2011-12-31": 26.242, "2011-09-30": 12.201, "2011-06-30": -78.875, "2011-03-31": "-158.87400", "2010-12-31": 3.757, "2010-09-30": 4.9, "2010-06-30": 13.378, "2010-03-31": "-51.09800", "2009-12-31": 41.015, "2009-09-30": 40.619, "2009-06-30": 28.312, "2009-03-31": "-90.13100", "2008-12-31": 10.064, "2008-09-30": -21.693, "2008-06-30": -23.94, "2008-03-31": "-71.77900", "2007-12-31": 50.51, "2007-09-30": 23.505, "2007-06-30": 1.993, "2007-03-31": "-95.83900", "2006-12-31": -20.19, "2006-09-30": 45.906, "2006-06-30": 2.754, "2006-03-31": "-46.01000", "2005-12-31": -2.086, "2005-09-30": 36.004, "2005-06-30": -13.728, "2005-03-31": "-100.38400"}, "Cash Flow From Operating Activities": {"2020-09-30": 206.632, "2020-06-30": 191.451, "2020-03-31": "16.94500", "2019-12-31": 315.93, "2019-09-30": 198.119, "2019-06-30": 137.684, "2019-03-31": "47.23200", "2018-12-31": 235.617, "2018-09-30": 146.789, "2018-06-30": 66.564, "2018-03-31": "-11.39500", "2017-12-31": 191.267, "2017-09-30": 141.568, "2017-06-30": 39.426, "2017-03-31": "18.49500", "2016-12-31": 208.302, "2016-09-30": 169.541, "2016-06-30": 132.353, "2016-03-31": "39.94300", "2015-12-31": 172.62, "2015-09-30": 128.377, "2015-06-30": 134.842, "2015-03-31": "31.47600", "2014-12-31": 200.887, "2014-09-30": 163.473, "2014-06-30": 119.037, "2014-03-31": "34.99300", "2013-12-31": 150.246, "2013-09-30": 139.273, "2013-06-30": 99.324, "2013-03-31": "18.71900", "2012-12-31": 186.218, "2012-09-30": 2.212, "2012-06-30": 82.73, "2012-03-31": "52.63600", "2011-12-31": 72.464, "2011-09-30": 114.581, "2011-06-30": 37.089, "2011-03-31": "-34.94400", "2010-12-31": 106.811, "2010-09-30": 80.685, "2010-06-30": 95.248, "2010-03-31": "32.39200", "2009-12-31": 91.565, "2009-09-30": 112.535, "2009-06-30": 101.905, "2009-03-31": "-14.36800", "2008-12-31": 84.115, "2008-09-30": 57.648, "2008-06-30": 71.209, "2008-03-31": "7.64100", "2007-12-31": 121.98, "2007-09-30": 96.44, "2007-06-30": 92.496, "2007-03-31": "3.14600", "2006-12-31": 44.112, "2006-09-30": 116.747, "2006-06-30": 79.648, "2006-03-31": "41.11200", "2005-12-31": 35.566, "2005-09-30": 84.053, "2005-06-30": 71.551, "2005-03-31": "-14.01000"}, "Net Change In Property, Plant, And Equipment": {"2020-09-30": -26.527, "2020-06-30": -34.853, "2020-03-31": "-44.48800", "2019-12-31": -68.024, "2019-09-30": -31.433, "2019-06-30": -40.77, "2019-03-31": "-53.63900", "2018-12-31": -60.458, "2018-09-30": -34.657, "2018-06-30": -33.991, "2018-03-31": "-32.81200", "2017-12-31": -36.791, "2017-09-30": -30.363, "2017-06-30": -19.637, "2017-03-31": "-26.04300", "2016-12-31": -53.041, "2016-09-30": -26.909, "2016-06-30": -18.46, "2016-03-31": "-21.14600", "2015-12-31": -33.527, "2015-09-30": -26.779, "2015-06-30": -18.491, "2015-03-31": "-17.93100", "2014-12-31": -44.573, "2014-09-30": -37.144, "2014-06-30": -26.376, "2014-03-31": "-31.79400", "2013-12-31": -37.179, "2013-09-30": -25.444, "2013-06-30": -14.565, "2013-03-31": "-29.65700", "2012-12-31": -40.424, "2012-09-30": -30.244, "2012-06-30": -25.019, "2012-03-31": "-28.69000", "2011-12-31": -52.478, "2011-09-30": -28.974, "2011-06-30": -26.069, "2011-03-31": "-19.23100", "2010-12-31": -52.588, "2010-09-30": -16.481, "2010-06-30": -22.689, "2010-03-31": "-12.88600", "2009-12-31": -36.472, "2009-09-30": -10.853, "2009-06-30": -10.741, "2009-03-31": "-6.96900", "2008-12-31": -34.957, "2008-09-30": -19.716, "2008-06-30": -16.379, "2008-03-31": "-11.49500", "2007-12-31": -38.249, "2007-09-30": -14.785, "2007-06-30": -4.442, "2007-03-31": "-8.13800", "2006-12-31": -42.287, "2006-09-30": -2.693, "2006-06-30": -8.939, "2006-03-31": "-4.36300", "2005-12-31": -32.905, "2005-09-30": -22.812, "2005-06-30": -22.195, "2005-03-31": "-15.52100"}, "Net Change In Intangible Assets": {"2020-09-30": 0, "2020-06-30": 0, "2020-03-31": "", "2019-12-31": 0, "2019-09-30": -6.07, "2019-06-30": 0, "2019-03-31": "", "2018-12-31": -3.326, "2018-09-30": 0, "2018-06-30": 0, "2018-03-31": "", "2017-12-31": 0, "2017-09-30": 0, "2017-06-30": 0, "2017-03-31": "", "2016-12-31": 0, "2016-09-30": 0, "2016-06-30": 0, "2016-03-31": "", "2015-12-31": 0, "2015-09-30": 0, "2015-06-30": 0, "2015-03-31": "", "2014-12-31": 0, "2014-09-30": 0, "2014-06-30": 0, "2014-03-31": "", "2013-12-31": 0, "2013-09-30": 0, "2013-06-30": 0, "2013-03-31": "", "2012-12-31": 0, "2012-09-30": 0, "2012-06-30": 0, "2012-03-31": "", "2011-12-31": 0, "2011-09-30": 0, "2011-06-30": 0, "2011-03-31": "", "2010-12-31": 0, "2010-09-30": 0, "2010-06-30": 0, "2010-03-31": "", "2009-12-31": 0, "2009-09-30": 0, "2009-06-30": 0, "2009-03-31": "", "2008-12-31": 0, "2008-09-30": 0, "2008-06-30": 0, "2008-03-31": "", "2007-12-31": 0, "2007-09-30": 0, "2007-06-30": 0, "2007-03-31": "", "2006-12-31": 0, "2006-09-30": 0, "2006-06-30": 0, "2006-03-31": "", "2005-12-31": 0, "2005-09-30": 0, "2005-06-30": 0, "2005-03-31": ""}, "Net Acquisitions/Divestitures": {"2020-09-30": 0, "2020-06-30": 0, "2020-03-31": "", "2019-12-31": 0, "2019-09-30": -0.001, "2019-06-30": -15.169, "2019-03-31": "-33.89500", "2018-12-31": -4857.321, "2018-09-30": 0, "2018-06-30": 0, "2018-03-31": "-0.02200", "2017-12-31": -1.024, "2017-09-30": 0, "2017-06-30": -53.211, "2017-03-31": "-138.09300", "2016-12-31": -236.836, "2016-09-30": 0, "2016-06-30": 0, "2016-03-31": "", "2015-12-31": 0.045, "2015-09-30": -304.634, "2015-06-30": -188.835, "2015-03-31": "", "2014-12-31": 0, "2014-09-30": 0, "2014-06-30": -0.1, "2014-03-31": "-102.40000", "2013-12-31": 0, "2013-09-30": 0, "2013-06-30": 0, "2013-03-31": "", "2012-12-31": 0, "2012-09-30": 0, "2012-06-30": 0, "2012-03-31": "", "2011-12-31": 0, "2011-09-30": 0, "2011-06-30": 0, "2011-03-31": "", "2010-12-31": 0, "2010-09-30": 0, "2010-06-30": 0, "2010-03-31": "", "2009-12-31": 0, "2009-09-30": 0, "2009-06-30": 0, "2009-03-31": "", "2008-12-31": 0, "2008-09-30": 0, "2008-06-30": 0, "2008-03-31": "", "2007-12-31": 0, "2007-09-30": 0, "2007-06-30": 0, "2007-03-31": "", "2006-12-31": 0, "2006-09-30": 0, "2006-06-30": 0, "2006-03-31": "", "2005-12-31": 0, "2005-09-30": 0, "2005-06-30": 0, "2005-03-31": ""}, "Net Change In Short-term Investments": {"2020-09-30": 0, "2020-06-30": 0, "2020-03-31": "", "2019-12-31": 0, "2019-09-30": 0, "2019-06-30": 0, "2019-03-31": "", "2018-12-31": 0, "2018-09-30": 0, "2018-06-30": 0, "2018-03-31": "", "2017-12-31": 0, "2017-09-30": 0, "2017-06-30": 0, "2017-03-31": "", "2016-12-31": 0, "2016-09-30": 0, "2016-06-30": 0, "2016-03-31": "", "2015-12-31": 0, "2015-09-30": 0, "2015-06-30": 0, "2015-03-31": "", "2014-12-31": 0, "2014-09-30": 0, "2014-06-30": 0, "2014-03-31": "", "2013-12-31": 0, "2013-09-30": 0, "2013-06-30": 0, "2013-03-31": "", "2012-12-31": 0, "2012-09-30": 0, "2012-06-30": 0, "2012-03-31": "", "2011-12-31": 0, "2011-09-30": 0, "2011-06-30": 0, "2011-03-31": "", "2010-12-31": 0, "2010-09-30": 0, "2010-06-30": 1.856, "2010-03-31": "-1.85600", "2009-12-31": 0, "2009-09-30": 0, "2009-06-30": 0, "2009-03-31": "", "2008-12-31": 0, "2008-09-30": 0, "2008-06-30": 0, "2008-03-31": "", "2007-12-31": 0, "2007-09-30": 0, "2007-06-30": 4.875, "2007-03-31": "-4.87500", "2006-12-31": -0.025, "2006-09-30": 0, "2006-06-30": 0, "2006-03-31": "0.02500", "2005-12-31": -0.035, "2005-09-30": 0, "2005-06-30": 0, "2005-03-31": "0.03500"}, "Net Change In Long-Term Investments": {"2020-09-30": 0, "2020-06-30": 0, "2020-03-31": "", "2019-12-31": 0, "2019-09-30": 0, "2019-06-30": 0, "2019-03-31": "", "2018-12-31": 0, "2018-09-30": 0, "2018-06-30": 0, "2018-03-31": "", "2017-12-31": 0, "2017-09-30": 0, "2017-06-30": 0, "2017-03-31": "", "2016-12-31": 0, "2016-09-30": 0, "2016-06-30": 0, "2016-03-31": "", "2015-12-31": 0, "2015-09-30": 0, "2015-06-30": 0, "2015-03-31": "", "2014-12-31": 0, "2014-09-30": 0, "2014-06-30": 0, "2014-03-31": "", "2013-12-31": 0, "2013-09-30": 0, "2013-06-30": 0, "2013-03-31": "", "2012-12-31": 0, "2012-09-30": -0.092, "2012-06-30": -0.399, "2012-03-31": "-0.63600", "2011-12-31": -0.203, "2011-09-30": -0.362, "2011-06-30": -1.154, "2011-03-31": "-0.21700", "2010-12-31": -0.266, "2010-09-30": -1.148, "2010-06-30": -2.444, "2010-03-31": "", "2009-12-31": 1.039, "2009-09-30": -1.406, "2009-06-30": -1.684, "2009-03-31": "-0.19800", "2008-12-31": -1.499, "2008-09-30": -1.716, "2008-06-30": -0.199, "2008-03-31": "-3.78400", "2007-12-31": 1.671, "2007-09-30": -8.562, "2007-06-30": -4.786, "2007-03-31": "8.97800", "2006-12-31": -17.355, "2006-09-30": 0, "2006-06-30": 0, "2006-03-31": "", "2005-12-31": 0, "2005-09-30": 0, "2005-06-30": 0, "2005-03-31": ""}, "Net Change In Investments - Total": {"2020-09-30": 0, "2020-06-30": 0, "2020-03-31": "", "2019-12-31": 0, "2019-09-30": 0, "2019-06-30": 0, "2019-03-31": "", "2018-12-31": 0, "2018-09-30": 0, "2018-06-30": 0, "2018-03-31": "", "2017-12-31": 0, "2017-09-30": 0, "2017-06-30": 0, "2017-03-31": "", "2016-12-31": 0, "2016-09-30": 0, "2016-06-30": 0, "2016-03-31": "", "2015-12-31": 0, "2015-09-30": 0, "2015-06-30": 0, "2015-03-31": "", "2014-12-31": 0, "2014-09-30": 0, "2014-06-30": 0, "2014-03-31": "", "2013-12-31": 0, "2013-09-30": 0, "2013-06-30": 0, "2013-03-31": "", "2012-12-31": 0, "2012-09-30": -0.092, "2012-06-30": -0.399, "2012-03-31": "-0.63600", "2011-12-31": -0.203, "2011-09-30": -0.362, "2011-06-30": -1.154, "2011-03-31": "-0.21700", "2010-12-31": -0.266, "2010-09-30": -1.148, "2010-06-30": -0.588, "2010-03-31": "-1.85600", "2009-12-31": 1.039, "2009-09-30": -1.406, "2009-06-30": -1.684, "2009-03-31": "-0.19800", "2008-12-31": -1.499, "2008-09-30": -1.716, "2008-06-30": -0.199, "2008-03-31": "-3.78400", "2007-12-31": 1.671, "2007-09-30": -8.562, "2007-06-30": 0.089, "2007-03-31": "4.10300", "2006-12-31": -17.38, "2006-09-30": 0, "2006-06-30": 0, "2006-03-31": "0.02500", "2005-12-31": -0.035, "2005-09-30": 0, "2005-06-30": 0, "2005-03-31": "0.03500"}, "Investing Activities - Other": {"2020-09-30": -14.597, "2020-06-30": 0, "2020-03-31": "1.73900", "2019-12-31": 0, "2019-09-30": 25.9, "2019-06-30": 0, "2019-03-31": "-2.76500", "2018-12-31": 10.157, "2018-09-30": 1.837, "2018-06-30": -0.237, "2018-03-31": "-2.40500", "2017-12-31": 1.065, "2017-09-30": -0.79, "2017-06-30": 3.009, "2017-03-31": "1.94800", "2016-12-31": 0.649, "2016-09-30": 0.921, "2016-06-30": -0.641, "2016-03-31": "", "2015-12-31": 2.393, "2015-09-30": 0.32, "2015-06-30": 10.283, "2015-03-31": "", "2014-12-31": 3.776, "2014-09-30": 0, "2014-06-30": 5.442, "2014-03-31": "11.83600", "2013-12-31": 0.02, "2013-09-30": 0, "2013-06-30": 0.096, "2013-03-31": "1.32300", "2012-12-31": 3.956, "2012-09-30": 5.327, "2012-06-30": 0, "2012-03-31": "1.96000", "2011-12-31": -0.255, "2011-09-30": -3.196, "2011-06-30": 0.976, "2011-03-31": "", "2010-12-31": 0.051, "2010-09-30": 0, "2010-06-30": 1.668, "2010-03-31": "", "2009-12-31": 0, "2009-09-30": 0, "2009-06-30": -1.688, "2009-03-31": "-11.91600", "2008-12-31": 0, "2008-09-30": 0, "2008-06-30": 0, "2008-03-31": "", "2007-12-31": 16.959, "2007-09-30": 0, "2007-06-30": 0, "2007-03-31": "", "2006-12-31": 27.235, "2006-09-30": 0, "2006-06-30": 0, "2006-03-31": "", "2005-12-31": 2.787, "2005-09-30": 0, "2005-06-30": 0, "2005-03-31": ""}, "Cash Flow From Investing Activities": {"2020-09-30": -41.124, "2020-06-30": -34.853, "2020-03-31": "-42.74900", "2019-12-31": -68.024, "2019-09-30": -11.604, "2019-06-30": -55.939, "2019-03-31": "-90.29900", "2018-12-31": -4910.948, "2018-09-30": -32.82, "2018-06-30": -34.228, "2018-03-31": "-35.23900", "2017-12-31": -36.75, "2017-09-30": -31.153, "2017-06-30": -69.839, "2017-03-31": "-162.18800", "2016-12-31": -289.228, "2016-09-30": -25.988, "2016-06-30": -19.101, "2016-03-31": "-21.14600", "2015-12-31": -31.089, "2015-09-30": -331.093, "2015-06-30": -197.043, "2015-03-31": "-17.93100", "2014-12-31": -40.797, "2014-09-30": -37.144, "2014-06-30": -21.034, "2014-03-31": "-122.35800", "2013-12-31": -37.159, "2013-09-30": -25.444, "2013-06-30": -14.469, "2013-03-31": "-28.33400", "2012-12-31": -36.468, "2012-09-30": -25.009, "2012-06-30": -25.418, "2012-03-31": "-27.36600", "2011-12-31": -52.936, "2011-09-30": -32.532, "2011-06-30": -26.247, "2011-03-31": "-19.44800", "2010-12-31": -52.803, "2010-09-30": -17.629, "2010-06-30": -21.609, "2010-03-31": "-14.74200", "2009-12-31": -35.433, "2009-09-30": -12.259, "2009-06-30": -14.113, "2009-03-31": "-19.08300", "2008-12-31": -36.456, "2008-09-30": -21.432, "2008-06-30": -16.578, "2008-03-31": "-15.27900", "2007-12-31": -19.619, "2007-09-30": -23.347, "2007-06-30": -4.353, "2007-03-31": "-4.03500", "2006-12-31": -32.432, "2006-09-30": -2.693, "2006-06-30": -8.939, "2006-03-31": "-4.33800", "2005-12-31": -30.153, "2005-09-30": -22.812, "2005-06-30": -22.195, "2005-03-31": "-15.48600"}, "Net Long-Term Debt": {"2020-09-30": -111.805, "2020-06-30": -11.695, "2020-03-31": "-11.58400", "2019-12-31": -54.476, "2019-09-30": -53.368, "2019-06-30": -11.261, "2019-03-31": "-36.15600", "2018-12-31": 242.513, "2018-09-30": 2637.604, "2018-06-30": 0, "2018-03-31": "", "2017-12-31": 0, "2017-09-30": -250, "2017-06-30": 498.25, "2017-03-31": "", "2016-12-31": 0, "2016-09-30": -125, "2016-06-30": 0, "2016-03-31": "555.55900", "2015-12-31": 0, "2015-09-30": -86.162, "2015-06-30": 86.162, "2015-03-31": "", "2014-12-31": -0.491, "2014-09-30": 4.1, "2014-06-30": 0, "2014-03-31": "", "2013-12-31": 0, "2013-09-30": -100, "2013-06-30": 297.786, "2013-03-31": "", "2012-12-31": 0, "2012-09-30": 0, "2012-06-30": 0, "2012-03-31": "", "2011-12-31": -23.708, "2011-09-30": -100, "2011-06-30": 0, "2011-03-31": "", "2010-12-31": 0, "2010-09-30": 0, "2010-06-30": 0, "2010-03-31": "", "2009-12-31": -148.302, "2009-09-30": -52.8, "2009-06-30": 0, "2009-03-31": "", "2008-12-31": -0.197, "2008-09-30": 0, "2008-06-30": 0, "2008-03-31": "", "2007-12-31": -1.431, "2007-09-30": 500, "2007-06-30": 0, "2007-03-31": "", "2006-12-31": -1.363, "2006-09-30": 93.485, "2006-06-30": -217.785, "2006-03-31": "", "2005-12-31": 0, "2005-09-30": 0.002, "2005-06-30": -2.292, "2005-03-31": "-9.36300"}, "Net Current Debt": {"2020-09-30": 0.468, "2020-06-30": -1.292, "2020-03-31": "0.16900", "2019-12-31": -1.032, "2019-09-30": 0.003, "2019-06-30": -2.887, "2019-03-31": "2.89500", "2018-12-31": -113.41, "2018-09-30": 2.224, "2018-06-30": 56.571, "2018-03-31": "53.68800", "2017-12-31": -40.497, "2017-09-30": 14.403, "2017-06-30": -186.327, "2017-03-31": "207.92200", "2016-12-31": -2.75, "2016-09-30": 9.818, "2016-06-30": -13.54, "2016-03-31": "-124.60200", "2015-12-31": -111.962, "2015-09-30": 280.281, "2015-06-30": -30.548, "2015-03-31": "0.26500", "2014-12-31": -0.594, "2014-09-30": 6.82, "2014-06-30": 0.797, "2014-03-31": "1.30900", "2013-12-31": -0.31, "2013-09-30": 1.146, "2013-06-30": -283.709, "2013-03-31": "-0.35200", "2012-12-31": 130.38, "2012-09-30": 34.41, "2012-06-30": -9.84, "2012-03-31": "-16.19400", "2011-12-31": 9.37, "2011-09-30": 24.209, "2011-06-30": 7.511, "2011-03-31": "51.57200", "2010-12-31": -27.104, "2010-09-30": -42.449, "2010-06-30": -38.988, "2010-03-31": "5.35100", "2009-12-31": 11.026, "2009-09-30": -22.44, "2009-06-30": -18.614, "2009-03-31": "-7.26400", "2008-12-31": 43.022, "2008-09-30": -27.787, "2008-06-30": 24.235, "2008-03-31": "-36.56800", "2007-12-31": 8.189, "2007-09-30": -137.341, "2007-06-30": -2.399, "2007-03-31": "1.90300", "2006-12-31": -11.91, "2006-09-30": -4.296, "2006-06-30": -13.104, "2006-03-31": "-19.40400", "2005-12-31": 270.815, "2005-09-30": -58.464, "2005-06-30": 36.682, "2005-03-31": "63.06100"}, "Debt Issuance/Retirement Net - Total": {"2020-09-30": -111.337, "2020-06-30": -12.987, "2020-03-31": "-11.41500", "2019-12-31": -55.508, "2019-09-30": -53.365, "2019-06-30": -14.148, "2019-03-31": "-33.26100", "2018-12-31": 129.103, "2018-09-30": 2639.828, "2018-06-30": 56.571, "2018-03-31": "53.68800", "2017-12-31": -40.497, "2017-09-30": -235.597, "2017-06-30": 311.923, "2017-03-31": "207.92200", "2016-12-31": -2.75, "2016-09-30": -115.182, "2016-06-30": -13.54, "2016-03-31": "430.95700", "2015-12-31": -111.962, "2015-09-30": 194.119, "2015-06-30": 55.614, "2015-03-31": "0.26500", "2014-12-31": -1.085, "2014-09-30": 10.92, "2014-06-30": 0.797, "2014-03-31": "1.30900", "2013-12-31": -0.31, "2013-09-30": -98.854, "2013-06-30": 14.077, "2013-03-31": "-0.35200", "2012-12-31": 130.38, "2012-09-30": 34.41, "2012-06-30": -9.84, "2012-03-31": "-16.19400", "2011-12-31": -14.338, "2011-09-30": -75.791, "2011-06-30": 7.511, "2011-03-31": "51.57200", "2010-12-31": -27.104, "2010-09-30": -42.449, "2010-06-30": -38.988, "2010-03-31": "5.35100", "2009-12-31": -137.276, "2009-09-30": -75.24, "2009-06-30": -18.614, "2009-03-31": "-7.26400", "2008-12-31": 42.825, "2008-09-30": -27.787, "2008-06-30": 24.235, "2008-03-31": "-36.56800", "2007-12-31": 6.758, "2007-09-30": 362.659, "2007-06-30": -2.399, "2007-03-31": "1.90300", "2006-12-31": -13.273, "2006-09-30": 89.189, "2006-06-30": -230.889, "2006-03-31": "-19.40400", "2005-12-31": 270.815, "2005-09-30": -58.462, "2005-06-30": 34.39, "2005-03-31": "53.69800"}, "Net Common Equity Issued/Repurchased": {"2020-09-30": 0, "2020-06-30": 0, "2020-03-31": "", "2019-12-31": -0.2, "2019-09-30": 0, "2019-06-30": 0, "2019-03-31": "0.20000", "2018-12-31": -0.871, "2018-09-30": 2268.965, "2018-06-30": -4.858, "2018-03-31": "-10.61700", "2017-12-31": -4.858, "2017-09-30": 0, "2017-06-30": -15.27, "2017-03-31": "-37.61200", "2016-12-31": -33.076, "2016-09-30": -22.334, "2016-06-30": -31.376, "2016-03-31": "-39.84400", "2015-12-31": -40.358, "2015-09-30": -42.422, "2015-06-30": -28.094, "2015-03-31": "-10.43300", "2014-12-31": -35.247, "2014-09-30": -18.013, "2014-06-30": -13.87, "2014-03-31": "-19.20900", "2013-12-31": -19.254, "2013-09-30": -12.702, "2013-06-30": -3.336, "2013-03-31": "-12.27200", "2012-12-31": 1.547, "2012-09-30": 2.264, "2012-06-30": 4.296, "2012-03-31": "1.10400", "2011-12-31": 0.337, "2011-09-30": 1.164, "2011-06-30": 9.676, "2011-03-31": "3.47900", "2010-12-31": 9.119, "2010-09-30": 2.431, "2010-06-30": 7.302, "2010-03-31": "7.37200", "2009-12-31": 4.907, "2009-09-30": 0.596, "2009-06-30": 1.16, "2009-03-31": "-1.62000", "2008-12-31": -0.091, "2008-09-30": 4.604, "2008-06-30": 0.526, "2008-03-31": "-27.68100", "2007-12-31": 1.5061, "2007-09-30": -484.141, "2007-06-30": -28.534, "2007-03-31": "-15.71600", "2006-12-31": -38.404, "2006-09-30": -53.558, "2006-06-30": 0.756, "2006-03-31": "-68.92500", "2005-12-31": -13.588, "2005-09-30": -18.492, "2005-06-30": -26.79, "2005-03-31": "-16.43400"}, "Net Total Equity Issued/Repurchased": {"2020-09-30": 0, "2020-06-30": 0, "2020-03-31": "", "2019-12-31": -0.2, "2019-09-30": 0, "2019-06-30": 0, "2019-03-31": "0.20000", "2018-12-31": -0.871, "2018-09-30": 2268.965, "2018-06-30": -4.858, "2018-03-31": "-10.61700", "2017-12-31": -4.858, "2017-09-30": 0, "2017-06-30": -15.27, "2017-03-31": "-37.61200", "2016-12-31": -33.076, "2016-09-30": -22.334, "2016-06-30": -31.376, "2016-03-31": "-39.84400", "2015-12-31": -40.358, "2015-09-30": -42.422, "2015-06-30": -28.094, "2015-03-31": "-10.43300", "2014-12-31": -35.247, "2014-09-30": -18.013, "2014-06-30": -13.87, "2014-03-31": "-19.20900", "2013-12-31": -19.254, "2013-09-30": -12.702, "2013-06-30": -3.336, "2013-03-31": "-12.27200", "2012-12-31": 1.547, "2012-09-30": 2.264, "2012-06-30": 4.296, "2012-03-31": "1.10400", "2011-12-31": 0.337, "2011-09-30": 1.164, "2011-06-30": 9.676, "2011-03-31": "3.47900", "2010-12-31": 9.119, "2010-09-30": 2.431, "2010-06-30": 7.302, "2010-03-31": "7.37200", "2009-12-31": 4.907, "2009-09-30": 0.596, "2009-06-30": 1.16, "2009-03-31": "-1.62000", "2008-12-31": -0.091, "2008-09-30": 4.604, "2008-06-30": 0.526, "2008-03-31": "-27.68100", "2007-12-31": 1.5061, "2007-09-30": -484.141, "2007-06-30": -28.534, "2007-03-31": "-15.71600", "2006-12-31": -38.404, "2006-09-30": -53.558, "2006-06-30": 0.756, "2006-03-31": "-68.92500", "2005-12-31": -13.588, "2005-09-30": -18.492, "2005-06-30": -26.79, "2005-03-31": "-16.43400"}, "Total Common And Preferred Stock Dividends Paid": {"2020-09-30": -80.173, "2020-06-30": -80.062, "2020-03-31": "-80.03800", "2019-12-31": -80.033, "2019-09-30": -77.899, "2019-06-30": -77.799, "2019-03-31": "-77.77900", "2018-12-31": -66.9, "2018-09-30": -54.494, "2018-06-30": -54.404, "2018-03-31": "-54.42000", "2017-12-31": -54.44, "2017-09-30": -50.494, "2017-06-30": -50.507, "2017-03-31": "-50.67700", "2016-12-31": -50.846, "2016-09-30": -44.588, "2016-06-30": -44.637, "2016-03-31": "-44.82600", "2015-12-31": -44.995, "2015-09-30": -37.948, "2015-06-30": -37.956, "2015-03-31": "-37.97100", "2014-12-31": -38.126, "2014-09-30": -31.696, "2014-06-30": -31.674, "2014-03-31": "-31.74300", "2013-12-31": -31.822, "2013-09-30": -27.792, "2013-06-30": -27.733, "2013-03-31": "", "2012-12-31": -55.485, "2012-09-30": -25.252, "2012-06-30": -25.12, "2012-03-31": "-25.08600", "2011-12-31": -25.076, "2011-09-30": -21.825, "2011-06-30": -21.692, "2011-03-31": "-21.65700", "2010-12-31": -21.576, "2010-09-30": -19.974, "2010-06-30": -19.845, "2010-03-31": "-19.78600", "2009-12-31": -0.4, "2009-09-30": -39.103, "2009-06-30": 0, "2009-03-31": "-39.33800", "2008-12-31": -19.651, "2008-09-30": -18.071, "2008-06-30": -18.515, "2008-03-31": "-18.62800", "2007-12-31": -20.352, "2007-09-30": -19.018, "2007-06-30": -18.466, "2007-03-31": "-18.76400", "2006-12-31": -16.566, "2006-09-30": -16.825, "2006-06-30": -16.801, "2006-03-31": "-17.18900", "2005-12-31": -17.286, "2005-09-30": -17.389, "2005-06-30": -16.533, "2005-03-31": "-16.57100"}, "Financial Activities - Other": {"2020-09-30": -11.91, "2020-06-30": -14.312, "2020-03-31": "-15.77500", "2019-12-31": -3.508, "2019-09-30": -0.111, "2019-06-30": -30.307, "2019-03-31": "-1.33900", "2018-12-31": -11.724, "2018-09-30": -8.667, "2018-06-30": -7.231, "2018-03-31": "-3.26600", "2017-12-31": -0.259, "2017-09-30": -0.024, "2017-06-30": -19.468, "2017-03-31": "-2.70000", "2016-12-31": -1.046, "2016-09-30": 0.016, "2016-06-30": -6.019, "2016-03-31": "-15.33600", "2015-12-31": -34.596, "2015-09-30": 0.096, "2015-06-30": 3.011, "2015-03-31": "8.59700", "2014-12-31": 0.25, "2014-09-30": 0.292, "2014-06-30": 4.45, "2014-03-31": "0.31500", "2013-12-31": 0.529, "2013-09-30": 0.397, "2013-06-30": 1.642, "2013-03-31": "0.74400", "2012-12-31": 1.46, "2012-09-30": 0.407, "2012-06-30": 5.201, "2012-03-31": "1.31200", "2011-12-31": 0.71, "2011-09-30": 0.148, "2011-06-30": 4.259, "2011-03-31": "0.81600", "2010-12-31": 1.403, "2010-09-30": 0, "2010-06-30": 0, "2010-03-31": "", "2009-12-31": 0, "2009-09-30": 0, "2009-06-30": 0, "2009-03-31": "", "2008-12-31": 0.042, "2008-09-30": 0.053, "2008-06-30": 0.038, "2008-03-31": "", "2007-12-31": 0.215, "2007-09-30": 2.439, "2007-06-30": 2.182, "2007-03-31": "1.73200", "2006-12-31": 4.291, "2006-09-30": 0.157, "2006-06-30": 0.122, "2006-03-31": "0.08300", "2005-12-31": 0, "2005-09-30": 0, "2005-06-30": 0, "2005-03-31": ""}, "Cash Flow From Financial Activities": {"2020-09-30": -203.42, "2020-06-30": -107.361, "2020-03-31": "-107.22800", "2019-12-31": -139.249, "2019-09-30": -131.375, "2019-06-30": -122.254, "2019-03-31": "-112.17900", "2018-12-31": 49.608, "2018-09-30": 4845.632, "2018-06-30": -9.922, "2018-03-31": "-14.61500", "2017-12-31": -100.054, "2017-09-30": -286.115, "2017-06-30": 226.678, "2017-03-31": "116.93300", "2016-12-31": -87.718, "2016-09-30": -182.088, "2016-06-30": -95.572, "2016-03-31": "330.95100", "2015-12-31": -231.911, "2015-09-30": 113.845, "2015-06-30": -7.425, "2015-03-31": "-39.54200", "2014-12-31": -74.208, "2014-09-30": -38.497, "2014-06-30": -40.297, "2014-03-31": "-49.32800", "2013-12-31": -50.857, "2013-09-30": -138.951, "2013-06-30": -15.35, "2013-03-31": "-11.88000", "2012-12-31": 77.902, "2012-09-30": 11.829, "2012-06-30": -25.463, "2012-03-31": "-38.86400", "2011-12-31": -38.367, "2011-09-30": -96.304, "2011-06-30": -0.246, "2011-03-31": "34.21000", "2010-12-31": -38.158, "2010-09-30": -59.992, "2010-06-30": -51.531, "2010-03-31": "-7.06300", "2009-12-31": -132.769, "2009-09-30": -113.747, "2009-06-30": -17.454, "2009-03-31": "-48.22200", "2008-12-31": 23.125, "2008-09-30": -41.201, "2008-06-30": 6.284, "2008-03-31": "-82.87700", "2007-12-31": -11.873, "2007-09-30": -138.061, "2007-06-30": -47.217, "2007-03-31": "-30.84500", "2006-12-31": -63.952, "2006-09-30": 18.963, "2006-06-30": -246.812, "2006-03-31": "-105.43500", "2005-12-31": 239.941, "2005-09-30": -94.343, "2005-06-30": -8.933, "2005-03-31": "20.69300"}, "Net Cash Flow": {"2020-09-30": -28.408, "2020-06-30": 63.55, "2020-03-31": "-175.56100", "2019-12-31": 119.891, "2019-09-30": 49.234, "2019-06-30": -42.309, "2019-03-31": "-151.39300", "2018-12-31": -4625.937, "2018-09-30": 4952.036, "2018-06-30": 17.147, "2018-03-31": "-62.77000", "2017-12-31": 52.044, "2017-09-30": -175.384, "2017-06-30": 191.319, "2017-03-31": "-23.92500", "2016-12-31": -174.738, "2016-09-30": -41.262, "2016-06-30": 11.115, "2016-03-31": "346.88900", "2015-12-31": -90.288, "2015-09-30": -104.978, "2015-06-30": -66.435, "2015-03-31": "-34.88400", "2014-12-31": 73.737, "2014-09-30": 77.983, "2014-06-30": 58.269, "2014-03-31": "-136.92100", "2013-12-31": 62.356, "2013-09-30": -22.748, "2013-06-30": 65.851, "2013-03-31": "-24.37600", "2012-12-31": 227.241, "2012-09-30": -7.456, "2012-06-30": 28.111, "2012-03-31": "-11.75300", "2011-12-31": -19.004, "2011-09-30": -16.148, "2011-06-30": 11.461, "2011-03-31": "-19.36200", "2010-12-31": 16.447, "2010-09-30": 4.333, "2010-06-30": 20.734, "2010-03-31": "9.68300", "2009-12-31": -74.437, "2009-09-30": -9.243, "2009-06-30": 76.226, "2009-03-31": "-90.87800", "2008-12-31": 69.731, "2008-09-30": -10.754, "2008-06-30": 59.032, "2008-03-31": "-91.01300", "2007-12-31": 89.507, "2007-09-30": -62.207, "2007-06-30": 40.966, "2007-03-31": "-31.30300", "2006-12-31": -48.255, "2006-09-30": 132.93, "2006-06-30": -175.418, "2006-03-31": "-67.29400", "2005-12-31": 244.257, "2005-09-30": -31.576, "2005-06-30": 37.051, "2005-03-31": "-9.78300"}, "Stock-Based Compensation": {"2020-09-30": 8.195, "2020-06-30": 10.358, "2020-03-31": "8.62400", "2019-12-31": 8.056, "2019-09-30": 8.126, "2019-06-30": 10.696, "2019-03-31": "7.60400", "2018-12-31": 7.36, "2018-09-30": 6.868, "2018-06-30": 7.553, "2018-03-31": "7.62000", "2017-12-31": 6.418, "2017-09-30": 7.256, "2017-06-30": 7.074, "2017-03-31": "5.81900", "2016-12-31": 5.116, "2016-09-30": 5.697, "2016-06-30": 7.844, "2016-03-31": "5.93000", "2015-12-31": 4.805, "2015-09-30": 5.495, "2015-06-30": 7.473, "2015-03-31": "5.38700", "2014-12-31": 3.021, "2014-09-30": 5.593, "2014-06-30": 9.339, "2014-03-31": "4.69500", "2013-12-31": 4.817, "2013-09-30": 4.869, "2013-06-30": 9.527, "2013-03-31": "4.52300", "2012-12-31": 4.353, "2012-09-30": 4.091, "2012-06-30": 8.282, "2012-03-31": "2.99000", "2011-12-31": 3.88, "2011-09-30": 3.578, "2011-06-30": 8.272, "2011-03-31": "4.81700", "2010-12-31": 1.674, "2010-09-30": 5.928, "2010-06-30": 5.319, "2010-03-31": "5.46100", "2009-12-31": 2.384, "2009-09-30": 4.929, "2009-06-30": 5.377, "2009-03-31": "4.75900", "2008-12-31": 3.693, "2008-09-30": 4.655, "2008-06-30": 5.013, "2008-03-31": "3.88500", "2007-12-31": 4.858, "2007-09-30": 5.062, "2007-06-30": 3.971, "2007-03-31": "4.27700", "2006-12-31": 5.17, "2006-09-30": 4.921, "2006-06-30": 5.232, "2006-03-31": "2.86200", "2005-12-31": 7.35, "2005-09-30": 0, "2005-06-30": 0, "2005-03-31": ""}, "Common Stock Dividends Paid": {"2020-09-30": -80.173, "2020-06-30": -80.062, "2020-03-31": "-80.03800", "2019-12-31": -80.033, "2019-09-30": -77.899, "2019-06-30": -77.799, "2019-03-31": "-77.77900", "2018-12-31": -66.9, "2018-09-30": -54.494, "2018-06-30": -54.404, "2018-03-31": "-54.42000", "2017-12-31": -54.44, "2017-09-30": -50.494, "2017-06-30": -50.507, "2017-03-31": "-50.67700", "2016-12-31": -50.846, "2016-09-30": -44.588, "2016-06-30": -44.637, "2016-03-31": "-44.82600", "2015-12-31": -44.995, "2015-09-30": -37.948, "2015-06-30": -37.956, "2015-03-31": "-37.97100", "2014-12-31": -38.126, "2014-09-30": -31.696, "2014-06-30": -31.674, "2014-03-31": "-31.74300", "2013-12-31": -31.822, "2013-09-30": -27.792, "2013-06-30": -27.733, "2013-03-31": "0.00000", "2012-12-31": -55.485, "2012-09-30": -25.252, "2012-06-30": -25.12, "2012-03-31": "-25.08600", "2011-12-31": -25.076, "2011-09-30": -21.825, "2011-06-30": -21.692, "2011-03-31": "-21.65700", "2010-12-31": -21.576, "2010-09-30": -19.974, "2010-06-30": -19.845, "2010-03-31": "-19.78600", "2009-12-31": -0.4, "2009-09-30": -39.103, "2009-06-30": 0, "2009-03-31": "-39.33800", "2008-12-31": -19.651, "2008-09-30": -18.071, "2008-06-30": -18.515, "2008-03-31": "-18.62800", "2007-12-31": -20.352, "2007-09-30": -19.018, "2007-06-30": -18.466, "2007-03-31": "-18.76400", "2006-12-31": -16.566, "2006-09-30": -16.825, "2006-06-30": -16.801, "2006-03-31": "-17.18900", "2005-12-31": -17.286, "2005-09-30": -17.389, "2005-06-30": -16.533, "2005-03-31": "-16.57100"}}, "financial ratios": {"Current Ratio": {"2019-12-31": "1.89570", "2018-12-31": "2.60730", "2017-12-31": "2.46700", "2016-12-31": "1.79120", "2015-12-31": "1.98180", "2014-12-31": "3.29610", "2013-12-31": "2.94970", "2012-12-31": "2.49680", "2011-12-31": "2.33320", "2010-12-31": "2.00500", "2009-12-31": "2.32850", "2008-12-31": "2.66590", "2007-12-31": "2.12730", "2006-12-31": "2.41690", "2005-12-31": "0.99050"}, "Long-term Debt / Capital": {"2019-12-31": "0.39090", "2018-12-31": "0.42700", "2017-12-31": "0.49140", "2016-12-31": "0.39540", "2015-12-31": "0.36970", "2014-12-31": "0.38020", "2013-12-31": "0.38870", "2012-12-31": "0.41300", "2011-12-31": "0.41270", "2010-12-31": "0.43980", "2009-12-31": "0.54770", "2008-12-31": "0.66520", "2007-12-31": "0.63200", "2006-12-31": "0.46650", "2005-12-31": "0.12540"}, "Debt/Equity Ratio": {"2019-12-31": "0.70350", "2018-12-31": "0.75340", "2017-12-31": "0.97030", "2016-12-31": "0.81250", "2015-12-31": "0.66940", "2014-12-31": "0.61890", "2013-12-31": "0.63580", "2012-12-31": "0.82330", "2011-12-31": "0.80810", "2010-12-31": "0.91870", "2009-12-31": "1.31040", "2008-12-31": "2.16250", "2007-12-31": "1.96480", "2006-12-31": "0.89190", "2005-12-31": "1.03860"}, "Gross Margin": {"2019-12-31": "41.10340", "2018-12-31": "42.30520", "2017-12-31": "43.32410", "2016-12-31": "44.78200", "2015-12-31": "44.70770", "2014-12-31": "44.10350", "2013-12-31": "43.48970", "2012-12-31": "41.66420", "2011-12-31": "39.62160", "2010-12-31": "41.65690", "2009-12-31": "40.16260", "2008-12-31": "40.63540", "2007-12-31": "41.82550", "2006-12-31": "42.19410", "2005-12-31": "41.35670"}, "Operating Margin": {"2019-12-31": "12.94280", "2018-12-31": "14.67950", "2017-12-31": "16.26000", "2016-12-31": "17.74370", "2015-12-31": "19.46110", "2014-12-31": "19.17810", "2013-12-31": "17.48590", "2012-12-31": "17.24710", "2011-12-31": "15.34170", "2010-12-31": "15.87430", "2009-12-31": "14.62880", "2008-12-31": "14.86300", "2007-12-31": "16.12710", "2006-12-31": "15.70080", "2005-12-31": "13.38800"}, "EBIT Margin": {"2019-12-31": "12.94280", "2018-12-31": "14.67950", "2017-12-31": "16.26000", "2016-12-31": "17.74370", "2015-12-31": "19.46110", "2014-12-31": "19.17810", "2013-12-31": "17.48590", "2012-12-31": "17.24710", "2011-12-31": "15.34170", "2010-12-31": "15.87430", "2009-12-31": "14.62880", "2008-12-31": "14.86300", "2007-12-31": "16.12710", "2006-12-31": "15.70080", "2005-12-31": "13.38800"}, "EBITDA Margin": {"2019-12-31": "19.23320", "2018-12-31": "19.04880", "2017-12-31": "19.73090", "2016-12-31": "21.03180", "2015-12-31": "22.42480", "2014-12-31": "22.07120", "2013-12-31": "20.30430", "2012-12-31": "19.96440", "2011-12-31": "18.04350", "2010-12-31": "18.89550", "2009-12-31": "18.00450", "2008-12-31": "18.04320", "2007-12-31": "19.76350", "2006-12-31": "19.98320", "2005-12-31": "17.99970"}, "Pre-Tax Profit Margin": {"2019-12-31": "10.84520", "2018-12-31": "11.25710", "2017-12-31": "15.80140", "2016-12-31": "16.80550", "2015-12-31": "17.83220", "2014-12-31": "17.77740", "2013-12-31": "16.43170", "2012-12-31": "15.71590", "2011-12-31": "13.39830", "2010-12-31": "13.71000", "2009-12-31": "11.88870", "2008-12-31": "11.88270", "2007-12-31": "14.53080", "2006-12-31": "14.95100", "2005-12-31": "12.35020"}, "Net Profit Margin": {"2019-12-31": "8.86900", "2018-12-31": "8.48020", "2017-12-31": "8.69930", "2016-12-31": "12.99700", "2015-12-31": "13.86770", "2014-12-31": "13.42200", "2013-12-31": "11.97280", "2012-12-31": "9.00720", "2011-12-31": "9.57190", "2010-12-31": "10.04850", "2009-12-31": "8.40550", "2008-12-31": "9.61040", "2007-12-31": "10.85500", "2006-12-31": "10.80940", "2005-12-31": "9.68530"}, "Asset Turnover": {"2019-12-31": "0.38680", "2018-12-31": "0.30860", "2017-12-31": "0.73900", "2016-12-31": "0.77580", "2015-12-31": "0.81660", "2014-12-31": "0.88380", "2013-12-31": "0.88630", "2012-12-31": "0.86920", "2011-12-31": "0.94010", "2010-12-31": "0.91310", "2009-12-31": "0.87950", "2008-12-31": "0.86890", "2007-12-31": "0.83510", "2006-12-31": "0.84530", "2005-12-31": "0.75560"}, "Inventory Turnover Ratio": {"2019-12-31": "2.69560", "2018-12-31": "2.12770", "2017-12-31": "2.96600", "2016-12-31": "2.90670", "2015-12-31": "2.92210", "2014-12-31": "3.03550", "2013-12-31": "3.12600", "2012-12-31": "3.04430", "2011-12-31": "3.09190", "2010-12-31": "2.87820", "2009-12-31": "3.12810", "2008-12-31": "2.95780", "2007-12-31": "2.73520", "2006-12-31": "2.71210", "2005-12-31": "2.71360"}, "Receiveable Turnover": {"2019-12-31": "5.86640", "2018-12-31": "4.24150", "2017-12-31": "5.12120", "2016-12-31": "5.65930", "2015-12-31": "5.62040", "2014-12-31": "6.25500", "2013-12-31": "5.63000", "2012-12-31": "5.64920", "2011-12-31": "5.90250", "2010-12-31": "5.80530", "2009-12-31": "5.23600", "2008-12-31": "5.95900", "2007-12-31": "5.05270", "2006-12-31": "5.16990", "2005-12-31": "5.40920"}, "Days Sales In Receivables": {"2019-12-31": "62.21920", "2018-12-31": "86.05430", "2017-12-31": "71.27300", "2016-12-31": "64.49540", "2015-12-31": "64.94200", "2014-12-31": "58.35310", "2013-12-31": "64.83130", "2012-12-31": "64.61110", "2011-12-31": "61.83830", "2010-12-31": "62.87350", "2009-12-31": "69.71010", "2008-12-31": "61.25230", "2007-12-31": "72.23870", "2006-12-31": "70.60030", "2005-12-31": "67.47760"}, "ROE - Return On Equity": {"2019-12-31": "7.38850", "2018-12-31": "5.62240", "2017-12-31": "17.50230", "2016-12-31": "24.83130", "2015-12-31": "26.28530", "2014-12-31": "27.22440", "2013-12-31": "24.09900", "2012-12-31": "20.28930", "2011-12-31": "24.09830", "2010-12-31": "26.27280", "2009-12-31": "25.33020", "2008-12-31": "39.54730", "2007-12-31": "40.04040", "2006-12-31": "25.02300", "2005-12-31": "21.09210"}, "Return On Tangible Equity": {"2019-12-31": "-21.71090", "2018-12-31": "-14.31060", "2017-12-31": "252.23350", "2016-12-31": "152.71060", "2015-12-31": "120.61330", "2014-12-31": "53.79150", "2013-12-31": "45.86390", "2012-12-31": "46.18230", "2011-12-31": "66.87330", "2010-12-31": "91.27860", "2009-12-31": "380.54930", "2008-12-31": "-157.23540", "2007-12-31": "-213.70660", "2006-12-31": "142.04890", "2005-12-31": "135.29880"}, "ROA - Return On Assets": {"2019-12-31": "3.46390", "2018-12-31": "2.63610", "2017-12-31": "6.42900", "2016-12-31": "10.08300", "2015-12-31": "11.32490", "2014-12-31": "11.86230", "2013-12-31": "10.61140", "2012-12-31": "7.82870", "2011-12-31": "8.99880", "2010-12-31": "9.17530", "2009-12-31": "7.39290", "2008-12-31": "8.35040", "2007-12-31": "9.06450", "2006-12-31": "9.13710", "2005-12-31": "7.31810"}, "ROI - Return On Investment": {"2019-12-31": "4.50050", "2018-12-31": "3.22130", "2017-12-31": "8.90160", "2016-12-31": "15.01230", "2015-12-31": "16.56870", "2014-12-31": "16.87250", "2013-12-31": "14.73270", "2012-12-31": "11.91070", "2011-12-31": "14.15240", "2010-12-31": "14.71710", "2009-12-31": "11.45670", "2008-12-31": "13.24030", "2007-12-31": "14.73310", "2006-12-31": "13.35010", "2005-12-31": "18.44650"}, "Book Value Per Share": {"2019-12-31": "58.33620", "2018-12-31": "56.68200", "2017-12-31": "21.39780", "2016-12-31": "20.59180", "2015-12-31": "19.93190", "2014-12-31": "18.85030", "2013-12-31": "18.02630", "2012-12-31": "15.34490", "2011-12-31": "13.68500", "2010-12-31": "12.50660", "2009-12-31": "9.75160", "2008-12-31": "7.38160", "2007-12-31": "7.62020", "2006-12-31": "10.12300", "2005-12-31": "9.87280"}, "Operating Cash Flow Per Share": {"2019-12-31": 1.2032, "2018-12-31": 0.0424, "2017-12-31": -1.9552, "2016-12-31": 1.1013, "2015-12-31": -0.584, "2014-12-31": 1.3866, "2013-12-31": 1.0177, "2012-12-31": 1.6345, "2011-12-31": -1.5954, "2010-12-31": 0.2305, "2009-12-31": 0.92, "2008-12-31": -0.8209, "2007-12-31": 0.5059, "2006-12-31": 1.2139, "2005-12-31": 1.8683}, "Free Cash Flow Per Share": {"2019-12-31": 1.3296, "2018-12-31": -0.3734, "2017-12-31": -1.882, "2016-12-31": 0.8023, "2015-12-31": -0.0633, "2014-12-31": 0.9742, "2013-12-31": 1.2335, "2012-12-31": 1.6705, "2011-12-31": -1.8504, "2010-12-31": -0.2482, "2009-12-31": 1.1332, "2008-12-31": -1.1067, "2007-12-31": 0.3942, "2006-12-31": 1.5613, "2005-12-31": 0.883}}, "financial ratios, quarterly": {"Current Ratio": {"2020-09-30": "1.82290", "2020-06-30": "2.24120", "2020-03-31": "1.97500", "2019-12-31": "1.89570", "2019-09-30": "2.05220", "2019-06-30": "2.60110", "2019-03-31": "2.55720", "2018-12-31": "2.60730", "2018-09-30": "9.15920", "2018-06-30": "2.89770", "2018-03-31": "2.74900", "2017-12-31": "2.46700", "2017-09-30": "2.65720", "2017-06-30": "2.31520", "2017-03-31": "1.73600", "2016-12-31": "1.79120", "2016-09-30": "2.16960", "2016-06-30": "2.80340", "2016-03-31": "2.65390", "2015-12-31": "1.98180", "2015-09-30": "2.38430", "2015-06-30": "3.28980", "2015-03-31": "3.60160", "2014-12-31": "3.29610", "2014-09-30": "3.31350", "2014-06-30": "3.50810", "2014-03-31": "3.23990", "2013-12-31": "2.94970", "2013-09-30": "3.20630", "2013-06-30": "2.88250", "2013-03-31": "2.84070", "2012-12-31": "2.49680", "2012-09-30": "2.12730", "2012-06-30": "2.68860", "2012-03-31": "2.58300", "2011-12-31": "2.33320", "2011-09-30": "2.40490", "2011-06-30": "2.28940", "2011-03-31": "2.18880", "2010-12-31": "2.00500", "2010-09-30": "2.06360", "2010-06-30": "2.47020", "2010-03-31": "2.46340", "2009-12-31": "2.32850", "2009-09-30": "3.33680", "2009-06-30": "2.90690", "2009-03-31": "3.03470", "2008-12-31": "2.66590", "2008-09-30": "2.94630", "2008-06-30": "2.35620", "2008-03-31": "2.27830", "2007-12-31": "2.12730", "2007-09-30": "2.70110", "2007-06-30": "3.27980", "2007-03-31": "3.25610", "2006-12-31": "2.41690", "2006-09-30": "1.54360", "2006-06-30": "1.41320", "2006-03-31": "0.98070", "2005-12-31": "0.99050", "2005-09-30": "1.04070", "2005-06-30": "1.04520", "2005-03-31": "2.35850"}, "Long-term Debt / Capital": {"2020-09-30": "0.38980", "2020-06-30": "0.41070", "2020-03-31": "0.40330", "2019-12-31": "0.39090", "2019-09-30": "0.39780", "2019-06-30": "0.41630", "2019-03-31": "0.41810", "2018-12-31": "0.42700", "2018-09-30": "0.51750", "2018-06-30": "0.49440", "2018-03-31": "0.48510", "2017-12-31": "0.49140", "2017-09-30": "0.47980", "2017-06-30": "0.49340", "2017-03-31": "0.42100", "2016-12-31": "0.39540", "2016-09-30": "0.39530", "2016-06-30": "0.44730", "2016-03-31": "0.45580", "2015-12-31": "0.36970", "2015-09-30": "0.39860", "2015-06-30": "0.37820", "2015-03-31": "0.37300", "2014-12-31": "0.38020", "2014-09-30": "0.36230", "2014-06-30": "0.36800", "2014-03-31": "0.37990", "2013-12-31": "0.38870", "2013-09-30": "0.39340", "2013-06-30": "0.40430", "2013-03-31": "0.41130", "2012-12-31": "0.41300", "2012-09-30": "0.35120", "2012-06-30": "0.38790", "2012-03-31": "0.39310", "2011-12-31": "0.41270", "2011-09-30": "0.38710", "2011-06-30": "0.39230", "2011-03-31": "0.41640", "2010-12-31": "0.43980", "2010-09-30": "0.46020", "2010-06-30": "0.52430", "2010-03-31": "0.53350", "2009-12-31": "0.54770", "2009-09-30": "0.60250", "2009-06-30": "0.61340", "2009-03-31": "0.63540", "2008-12-31": "0.66520", "2008-09-30": "0.60980", "2008-06-30": "0.62440", "2008-03-31": "0.64750", "2007-12-31": "0.63200", "2007-09-30": "0.67440", "2007-06-30": "0.44130", "2007-03-31": "0.45980", "2006-12-31": "0.46650", "2006-09-30": "0.34520", "2006-06-30": "0.30530", "2006-03-31": "0.12760", "2005-12-31": "0.12540", "2005-09-30": "0.12810", "2005-06-30": "0.13560", "2005-03-31": "0.42270"}, "Debt/Equity Ratio": {"2020-09-30": "0.71120", "2020-06-30": "0.72770", "2020-03-31": "0.74180", "2019-12-31": "0.70350", "2019-09-30": "0.72410", "2019-06-30": "0.72670", "2019-03-31": "0.73210", "2018-12-31": "0.75340", "2018-09-30": "1.08400", "2018-06-30": "0.98150", "2018-03-31": "0.96290", "2017-12-31": "0.97030", "2017-09-30": "0.94940", "2017-06-30": "1.12740", "2017-03-31": "0.95130", "2016-12-31": "0.81250", "2016-09-30": "0.80550", "2016-06-30": "0.88870", "2016-03-31": "0.91930", "2015-12-31": "0.66940", "2015-09-30": "0.74620", "2015-06-30": "0.61350", "2015-03-31": "0.60020", "2014-12-31": "0.61890", "2014-09-30": "0.57380", "2014-06-30": "0.58410", "2014-03-31": "0.61400", "2013-12-31": "0.63580", "2013-09-30": "0.64860", "2013-06-30": "0.75160", "2013-03-31": "0.77510", "2012-12-31": "0.82330", "2012-09-30": "0.72250", "2012-06-30": "0.70520", "2012-03-31": "0.72480", "2011-12-31": "0.80810", "2011-09-30": "0.76070", "2011-06-30": "0.82750", "2011-03-31": "0.88140", "2010-12-31": "0.91870", "2010-09-30": "0.99760", "2010-06-30": "1.15960", "2010-03-31": "1.24240", "2009-12-31": "1.31040", "2009-09-30": "1.51760", "2009-06-30": "1.68830", "2009-03-31": "1.88260", "2008-12-31": "2.16250", "2008-09-30": "1.64360", "2008-06-30": "1.89190", "2008-03-31": "2.09930", "2007-12-31": "1.96480", "2007-09-30": "2.16730", "2007-06-30": "0.80910", "2007-03-31": "0.86470", "2006-12-31": "0.89190", "2006-09-30": "0.84270", "2006-06-30": "0.76610", "2006-03-31": "1.05120", "2005-12-31": "1.03860", "2005-09-30": "0.74200", "2005-06-30": "0.84900", "2005-03-31": "0.80840"}, "Gross Margin": {"2020-09-30": "41.35610", "2020-06-30": "40.19460", "2020-03-31": "41.99950", "2019-12-31": "39.11620", "2019-09-30": "42.06340", "2019-06-30": "42.29270", "2019-03-31": "40.94790", "2018-12-31": "39.17120", "2018-09-30": "44.14820", "2018-06-30": "43.33810", "2018-03-31": "43.59190", "2017-12-31": "41.65550", "2017-09-30": "43.57670", "2017-06-30": "44.25210", "2017-03-31": "43.83510", "2016-12-31": "42.41570", "2016-09-30": "44.56470", "2016-06-30": "46.08080", "2016-03-31": "45.98540", "2015-12-31": "43.75830", "2015-09-30": "45.37050", "2015-06-30": "44.95400", "2015-03-31": "44.68630", "2014-12-31": "43.37890", "2014-09-30": "43.95260", "2014-06-30": "44.72870", "2014-03-31": "44.32630", "2013-12-31": "43.22510", "2013-09-30": "43.83990", "2013-06-30": "44.08270", "2013-03-31": "42.77890", "2012-12-31": "42.18130", "2012-09-30": "42.53080", "2012-06-30": "41.80450", "2012-03-31": "40.16220", "2011-12-31": "37.92740", "2011-09-30": "39.00040", "2011-06-30": "39.74670", "2011-03-31": "41.64530", "2010-12-31": "40.06320", "2010-09-30": "42.33700", "2010-06-30": "42.80580", "2010-03-31": "41.32180", "2009-12-31": "40.19790", "2009-09-30": "40.62030", "2009-06-30": "40.10730", "2009-03-31": "39.68070", "2008-12-31": "39.86790", "2008-09-30": "39.95530", "2008-06-30": "41.46680", "2008-03-31": "41.14650", "2007-12-31": "40.70460", "2007-09-30": "41.85370", "2007-06-30": "42.88770", "2007-03-31": "41.81570", "2006-12-31": "41.00870", "2006-09-30": "42.47290", "2006-06-30": "42.90550", "2006-03-31": "42.35440", "2005-12-31": "40.46990", "2005-09-30": "41.85730", "2005-06-30": "41.99420", "2005-03-31": "41.03890"}, "Operating Margin": {"2020-09-30": "11.85170", "2020-06-30": "9.95770", "2020-03-31": "14.56390", "2019-12-31": "9.09810", "2019-09-30": "14.57090", "2019-06-30": "15.48020", "2019-03-31": "12.63060", "2018-12-31": "7.81340", "2018-09-30": "17.54930", "2018-06-30": "16.79420", "2018-03-31": "18.78300", "2017-12-31": "14.26100", "2017-09-30": "17.06880", "2017-06-30": "17.99670", "2017-03-31": "15.70280", "2016-12-31": "12.31690", "2016-09-30": "16.01360", "2016-06-30": "20.75320", "2016-03-31": "21.69420", "2015-12-31": "16.91050", "2015-09-30": "20.48290", "2015-06-30": "19.38930", "2015-03-31": "20.87900", "2014-12-31": "17.26830", "2014-09-30": "19.71920", "2014-06-30": "19.42060", "2014-03-31": "20.26070", "2013-12-31": "13.07400", "2013-09-30": "19.06740", "2013-06-30": "18.79480", "2013-03-31": "18.90620", "2012-12-31": "14.58040", "2012-09-30": "18.92580", "2012-06-30": "18.34260", "2012-03-31": "17.01440", "2011-12-31": "7.41590", "2011-09-30": "18.01690", "2011-06-30": "16.48780", "2011-03-31": "18.67040", "2010-12-31": "13.25150", "2010-09-30": "17.90100", "2010-06-30": "16.18970", "2010-03-31": "15.99290", "2009-12-31": "14.88060", "2009-09-30": "14.32550", "2009-06-30": "14.69920", "2009-03-31": "14.62560", "2008-12-31": "10.63600", "2008-09-30": "16.29180", "2008-06-30": "15.98250", "2008-03-31": "16.01010", "2007-12-31": "13.18250", "2007-09-30": "16.52390", "2007-06-30": "17.87350", "2007-03-31": "16.82740", "2006-12-31": "12.95090", "2006-09-30": "16.76650", "2006-06-30": "17.14160", "2006-03-31": "15.84830", "2005-12-31": "6.06980", "2005-09-30": "14.59390", "2005-06-30": "16.58330", "2005-03-31": "15.56060"}, "EBIT Margin": {"2020-09-30": "11.85170", "2020-06-30": "9.95770", "2020-03-31": "14.56390", "2019-12-31": "9.09810", "2019-09-30": "14.57090", "2019-06-30": "15.48020", "2019-03-31": "12.63060", "2018-12-31": "7.81340", "2018-09-30": "17.54930", "2018-06-30": "16.79420", "2018-03-31": "18.78300", "2017-12-31": "14.26100", "2017-09-30": "17.06880", "2017-06-30": "17.99670", "2017-03-31": "15.70280", "2016-12-31": "12.31690", "2016-09-30": "16.01360", "2016-06-30": "20.75320", "2016-03-31": "21.69420", "2015-12-31": "16.91050", "2015-09-30": "20.48290", "2015-06-30": "19.38930", "2015-03-31": "20.87900", "2014-12-31": "17.26830", "2014-09-30": "19.71920", "2014-06-30": "19.42060", "2014-03-31": "20.26070", "2013-12-31": "13.07390", "2013-09-30": "19.06740", "2013-06-30": "18.79480", "2013-03-31": "18.90620", "2012-12-31": "14.58040", "2012-09-30": "18.92580", "2012-06-30": "18.34260", "2012-03-31": "17.01440", "2011-12-31": "7.41590", "2011-09-30": "18.01690", "2011-06-30": "16.48780", "2011-03-31": "18.67040", "2010-12-31": "13.25150", "2010-09-30": "17.90100", "2010-06-30": "16.18970", "2010-03-31": "15.99290", "2009-12-31": "14.88060", "2009-09-30": "14.32550", "2009-06-30": "14.69920", "2009-03-31": "14.62560", "2008-12-31": "10.63600", "2008-09-30": "16.29180", "2008-06-30": "15.98250", "2008-03-31": "16.01010", "2007-12-31": "13.18250", "2007-09-30": "16.52390", "2007-06-30": "17.87350", "2007-03-31": "16.82740", "2006-12-31": "12.95090", "2006-09-30": "16.76650", "2006-06-30": "17.14160", "2006-03-31": "15.84830", "2005-12-31": "6.06980", "2005-09-30": "14.59390", "2005-06-30": "16.58330", "2005-03-31": "15.56060"}, "EBITDA Margin": {"2020-09-30": "", "2020-06-30": "", "2020-03-31": "", "2019-12-31": "", "2019-09-30": "", "2019-06-30": "", "2019-03-31": "", "2018-12-31": "", "2018-09-30": "", "2018-06-30": "", "2018-03-31": "", "2017-12-31": "", "2017-09-30": "", "2017-06-30": "", "2017-03-31": "", "2016-12-31": "", "2016-09-30": "", "2016-06-30": "", "2016-03-31": "", "2015-12-31": "", "2015-09-30": "", "2015-06-30": "", "2015-03-31": "", "2014-12-31": "", "2014-09-30": "", "2014-06-30": "", "2014-03-31": "", "2013-12-31": "", "2013-09-30": "", "2013-06-30": "", "2013-03-31": "", "2012-12-31": "", "2012-09-30": "", "2012-06-30": "", "2012-03-31": "", "2011-12-31": "", "2011-09-30": "", "2011-06-30": "", "2011-03-31": "", "2010-12-31": "", "2010-09-30": "", "2010-06-30": "", "2010-03-31": "", "2009-12-31": "", "2009-09-30": "", "2009-06-30": "", "2009-03-31": "", "2008-12-31": "", "2008-09-30": "", "2008-06-30": "", "2008-03-31": "", "2007-12-31": "", "2007-09-30": "", "2007-06-30": "", "2007-03-31": "", "2006-12-31": "", "2006-09-30": "", "2006-06-30": "", "2006-03-31": "", "2005-12-31": "", "2005-09-30": "", "2005-06-30": "", "2005-03-31": ""}, "Pre-Tax Profit Margin": {"2020-09-30": "8.31970", "2020-06-30": "8.59750", "2020-03-31": "11.39360", "2019-12-31": "7.51920", "2019-09-30": "12.37750", "2019-06-30": "13.12210", "2019-03-31": "10.37270", "2018-12-31": "5.43870", "2018-09-30": "11.09610", "2018-06-30": "13.25170", "2018-03-31": "17.06220", "2017-12-31": "13.47870", "2017-09-30": "16.18970", "2017-06-30": "16.85210", "2017-03-31": "16.71960", "2016-12-31": "13.55710", "2016-09-30": "14.59330", "2016-06-30": "19.16250", "2016-03-31": "19.77450", "2015-12-31": "14.36680", "2015-09-30": "18.67740", "2015-06-30": "17.84630", "2015-03-31": "20.18410", "2014-12-31": "15.55250", "2014-09-30": "18.37460", "2014-06-30": "18.56300", "2014-03-31": "18.55730", "2013-12-31": "11.43980", "2013-09-30": "18.05090", "2013-06-30": "18.57690", "2013-03-31": "17.52080", "2012-12-31": "13.03180", "2012-09-30": "17.18640", "2012-06-30": "16.98840", "2012-03-31": "15.52770", "2011-12-31": "6.28970", "2011-09-30": "15.75760", "2011-06-30": "14.66220", "2011-03-31": "16.18730", "2010-12-31": "11.22390", "2010-09-30": "15.77090", "2010-06-30": "14.06320", "2010-03-31": "13.62280", "2009-12-31": "12.14430", "2009-09-30": "12.12540", "2009-06-30": "11.95120", "2009-03-31": "11.29850", "2008-12-31": "7.81370", "2008-09-30": "12.88440", "2008-06-30": "13.71440", "2008-03-31": "12.56960", "2007-12-31": "11.94680", "2007-09-30": "13.81900", "2007-06-30": "16.90150", "2007-03-31": "15.38820", "2006-12-31": "12.13570", "2006-09-30": "16.82360", "2006-06-30": "16.00800", "2006-03-31": "14.71180", "2005-12-31": "4.67220", "2005-09-30": "13.43550", "2005-06-30": "15.90370", "2005-03-31": "14.60080"}, "Net Profit Margin": {"2020-09-30": "6.68950", "2020-06-30": "7.19100", "2020-03-31": "9.24850", "2019-12-31": "6.50760", "2019-09-30": "10.03070", "2019-06-30": "10.55900", "2019-03-31": "8.38820", "2018-12-31": "1.06810", "2018-09-30": "10.54670", "2018-06-30": "10.77690", "2018-03-31": "13.90180", "2017-12-31": "-4.69860", "2017-09-30": "12.63100", "2017-06-30": "13.02650", "2017-03-31": "13.97620", "2016-12-31": "10.48020", "2016-09-30": "11.55430", "2016-06-30": "14.71160", "2016-03-31": "15.14120", "2015-12-31": "11.06240", "2015-09-30": "13.91300", "2015-06-30": "13.72880", "2015-03-31": "16.55140", "2014-12-31": "11.92150", "2014-09-30": "13.88130", "2014-06-30": "13.98820", "2014-03-31": "13.85400", "2013-12-31": "8.47790", "2013-09-30": "13.34390", "2013-06-30": "13.50550", "2013-03-31": "12.46120", "2012-12-31": "10.00930", "2012-09-30": "2.30800", "2012-06-30": "12.28250", "2012-03-31": "11.40640", "2011-12-31": "3.78560", "2011-09-30": "11.52200", "2011-06-30": "10.64690", "2011-03-31": "11.76630", "2010-12-31": "8.82370", "2010-09-30": "11.44210", "2010-06-30": "10.08590", "2010-03-31": "9.75500", "2009-12-31": "8.10170", "2009-09-30": "8.61850", "2009-06-30": "8.46140", "2009-03-31": "8.43360", "2008-12-31": "9.08250", "2008-09-30": "9.34100", "2008-06-30": "10.53750", "2008-03-31": "9.37770", "2007-12-31": "8.53170", "2007-09-30": "10.08790", "2007-06-30": "13.66020", "2007-03-31": "11.07380", "2006-12-31": "9.32930", "2006-09-30": "11.80520", "2006-06-30": "11.53280", "2006-03-31": "10.49800", "2005-12-31": "3.30080", "2005-09-30": "13.90580", "2005-06-30": "10.99990", "2005-03-31": "10.04550"}, "Asset Turnover": {"2020-09-30": "0.09690", "2020-06-30": "0.09230", "2020-03-31": "0.10620", "2019-12-31": "0.09660", "2019-09-30": "0.09760", "2019-06-30": "0.09680", "2019-03-31": "0.09820", "2018-12-31": "0.09460", "2018-09-30": "0.09440", "2018-06-30": "0.19690", "2018-03-31": "0.19890", "2017-12-31": "0.18580", "2017-09-30": "0.19310", "2017-06-30": "0.18250", "2017-03-31": "0.19480", "2016-12-31": "0.18980", "2016-09-30": "0.18960", "2016-06-30": "0.19100", "2016-03-31": "0.18820", "2015-12-31": "0.19330", "2015-09-30": "0.19560", "2015-06-30": "0.21010", "2015-03-31": "0.22090", "2014-12-31": "0.21640", "2014-09-30": "0.22260", "2014-06-30": "0.23190", "2014-03-31": "0.23190", "2013-12-31": "0.21770", "2013-09-30": "0.22330", "2013-06-30": "0.22900", "2013-03-31": "0.22740", "2012-12-31": "0.20960", "2012-09-30": "0.23170", "2012-06-30": "0.23840", "2012-03-31": "0.23580", "2011-12-31": "0.21730", "2011-09-30": "0.24170", "2011-06-30": "0.23780", "2011-03-31": "0.24240", "2010-12-31": "0.21930", "2010-09-30": "0.23510", "2010-06-30": "0.24420", "2010-03-31": "0.24420", "2009-12-31": "0.22140", "2009-09-30": "0.21950", "2009-06-30": "0.20470", "2009-03-31": "0.21360", "2008-12-31": "0.19600", "2008-09-30": "0.22250", "2008-06-30": "0.22570", "2008-03-31": "0.21770", "2007-12-31": "0.20300", "2007-09-30": "0.23020", "2007-06-30": "0.22530", "2007-03-31": "0.22670", "2006-12-31": "0.20750", "2006-09-30": "0.20880", "2006-06-30": "0.21630", "2006-03-31": "0.19770", "2005-12-31": "0.17500", "2005-09-30": "0.20420", "2005-06-30": "0.21780", "2005-03-31": "0.22040"}, "Inventory Turnover Ratio": {"2020-09-30": "0.64590", "2020-06-30": "0.61490", "2020-03-31": "0.72630", "2019-12-31": "0.69600", "2019-09-30": "0.65190", "2019-06-30": "0.64050", "2019-03-31": "0.68740", "2018-12-31": "0.68750", "2018-09-30": "0.70450", "2018-06-30": "0.74990", "2018-03-31": "0.76350", "2017-12-31": "0.76780", "2017-09-30": "0.79500", "2017-06-30": "0.75330", "2017-03-31": "0.76990", "2016-12-31": "0.74170", "2016-09-30": "0.73610", "2016-06-30": "0.73200", "2016-03-31": "0.70440", "2015-12-31": "0.70360", "2015-09-30": "0.70910", "2015-06-30": "0.75220", "2015-03-31": "0.79900", "2014-12-31": "0.75270", "2014-09-30": "0.77960", "2014-06-30": "0.78530", "2014-03-31": "0.77670", "2013-12-31": "0.77130", "2013-09-30": "0.80060", "2013-06-30": "0.82620", "2013-03-31": "0.80750", "2012-12-31": "0.72780", "2012-09-30": "0.74390", "2012-06-30": "0.77840", "2012-03-31": "0.76610", "2011-12-31": "0.73470", "2011-09-30": "0.81420", "2011-06-30": "0.75890", "2011-03-31": "0.74490", "2010-12-31": "0.71010", "2010-09-30": "0.77030", "2010-06-30": "0.83760", "2010-03-31": "0.85860", "2009-12-31": "0.78710", "2009-09-30": "0.83480", "2009-06-30": "0.77170", "2009-03-31": "0.74640", "2008-12-31": "0.67600", "2008-09-30": "0.72810", "2008-06-30": "0.70840", "2008-03-31": "0.68570", "2007-12-31": "0.67780", "2007-09-30": "0.72490", "2007-06-30": "0.72060", "2007-03-31": "0.73980", "2006-12-31": "0.67940", "2006-09-30": "0.71550", "2006-06-30": "0.68320", "2006-03-31": "0.67380", "2005-12-31": "0.63790", "2005-09-30": "0.65570", "2005-06-30": "0.69220", "2005-03-31": "0.69800"}, "Receiveable Turnover": {"2020-09-30": "1.36550", "2020-06-30": "1.24670", "2020-03-31": "1.42860", "2019-12-31": "1.46520", "2019-09-30": "1.34440", "2019-06-30": "1.23470", "2019-03-31": "1.29230", "2018-12-31": "1.29990", "2018-09-30": "1.29440", "2018-06-30": "1.27100", "2018-03-31": "1.26760", "2017-12-31": "1.28770", "2017-09-30": "1.26290", "2017-06-30": "1.26650", "2017-03-31": "1.29920", "2016-12-31": "1.38480", "2016-09-30": "1.32350", "2016-06-30": "1.27740", "2016-03-31": "1.28500", "2015-12-31": "1.33050", "2015-09-30": "1.34320", "2015-06-30": "1.35510", "2015-03-31": "1.47530", "2014-12-31": "1.53120", "2014-09-30": "1.37540", "2014-06-30": "1.35180", "2014-03-31": "1.34030", "2013-12-31": "1.38260", "2013-09-30": "1.34010", "2013-06-30": "1.39890", "2013-03-31": "1.37960", "2012-12-31": "1.36260", "2012-09-30": "1.32570", "2012-06-30": "1.39630", "2012-03-31": "1.36240", "2011-12-31": "1.36420", "2011-09-30": "1.37540", "2011-06-30": "1.31170", "2011-03-31": "1.37340", "2010-12-31": "1.39410", "2010-09-30": "1.31510", "2010-06-30": "1.39880", "2010-03-31": "1.39480", "2009-12-31": "1.31820", "2009-09-30": "1.28380", "2009-06-30": "1.20450", "2009-03-31": "1.33760", "2008-12-31": "1.34450", "2008-09-30": "1.34690", "2008-06-30": "1.36950", "2008-03-31": "1.32200", "2007-12-31": "1.22840", "2007-09-30": "1.35450", "2007-06-30": "1.38240", "2007-03-31": "1.41460", "2006-12-31": "1.26900", "2006-09-30": "1.44460", "2006-06-30": "1.41230", "2006-03-31": "1.46770", "2005-12-31": "1.25270", "2005-09-30": "1.45540", "2005-06-30": "1.43720", "2005-03-31": "1.39830"}, "Days Sales In Receivables": {"2020-09-30": "65.90790", "2020-06-30": "72.19140", "2020-03-31": "62.99950", "2019-12-31": "61.42670", "2019-09-30": "66.94580", "2019-06-30": "72.89010", "2019-03-31": "69.64450", "2018-12-31": "69.23350", "2018-09-30": "69.52800", "2018-06-30": "70.81070", "2018-03-31": "70.99800", "2017-12-31": "69.88990", "2017-09-30": "71.26670", "2017-06-30": "71.06270", "2017-03-31": "69.27130", "2016-12-31": "64.99070", "2016-09-30": "68.00080", "2016-06-30": "70.45530", "2016-03-31": "70.03960", "2015-12-31": "67.64580", "2015-09-30": "67.00470", "2015-06-30": "66.41630", "2015-03-31": "61.00530", "2014-12-31": "58.77550", "2014-09-30": "65.43640", "2014-06-30": "66.57640", "2014-03-31": "67.15060", "2013-12-31": "65.09430", "2013-09-30": "67.15950", "2013-06-30": "64.33790", "2013-03-31": "65.23550", "2012-12-31": "66.04860", "2012-09-30": "67.88610", "2012-06-30": "64.45690", "2012-03-31": "66.06180", "2011-12-31": "65.97180", "2011-09-30": "65.43660", "2011-06-30": "68.61410", "2011-03-31": "65.53120", "2010-12-31": "64.55680", "2010-09-30": "68.43720", "2010-06-30": "64.34310", "2010-03-31": "64.52550", "2009-12-31": "68.27460", "2009-09-30": "70.10650", "2009-06-30": "74.71750", "2009-03-31": "67.28470", "2008-12-31": "66.93970", "2008-09-30": "66.82150", "2008-06-30": "65.71630", "2008-03-31": "68.07870", "2007-12-31": "73.26520", "2007-09-30": "66.44720", "2007-06-30": "65.10250", "2007-03-31": "63.62140", "2006-12-31": "70.92340", "2006-09-30": "62.30310", "2006-06-30": "63.72470", "2006-03-31": "61.32180", "2005-12-31": "71.84460", "2005-09-30": "61.84020", "2005-06-30": "62.62270", "2005-03-31": "64.36430"}, "ROE - Return On Equity": {"2020-09-30": "1.41590", "2020-06-30": "1.45590", "2020-03-31": "2.17800", "2019-12-31": "1.29030", "2019-09-30": "2.13960", "2019-06-30": "2.23620", "2019-03-31": "1.80700", "2018-12-31": "0.25650", "2018-09-30": "2.37040", "2018-06-30": "5.64560", "2018-03-31": "7.27480", "2017-12-31": "-2.37700", "2017-09-30": "6.25600", "2017-06-30": "6.53510", "2017-03-31": "7.09550", "2016-12-31": "4.89950", "2016-09-30": "5.28660", "2016-06-30": "6.95700", "2016-03-31": "7.25150", "2015-12-31": "4.96350", "2015-09-30": "6.66900", "2015-06-30": "6.47790", "2015-03-31": "8.15840", "2014-12-31": "5.91950", "2014-09-30": "6.53510", "2014-06-30": "6.88440", "2014-03-31": "7.01590", "2013-12-31": "4.19070", "2013-09-30": "6.88040", "2013-06-30": "7.44470", "2013-03-31": "6.91890", "2012-12-31": "5.43840", "2012-09-30": "1.30820", "2012-06-30": "7.22340", "2012-03-31": "6.74870", "2011-12-31": "2.20280", "2011-09-30": "6.86220", "2011-06-30": "6.40930", "2011-03-31": "7.62060", "2010-12-31": "5.54030", "2010-09-30": "8.10180", "2010-06-30": "7.91860", "2010-03-31": "7.80890", "2009-12-31": "6.14660", "2009-09-30": "6.92200", "2009-06-30": "6.68540", "2009-03-31": "7.31060", "2008-12-31": "8.43270", "2008-09-30": "7.96710", "2008-06-30": "10.42510", "2008-03-31": "9.59410", "2007-12-31": "7.65120", "2007-09-30": "10.74370", "2007-06-30": "7.87930", "2007-03-31": "6.67200", "2006-12-31": "5.30090", "2006-09-30": "6.63590", "2006-06-30": "6.46750", "2006-03-31": "6.03100", "2005-12-31": "1.66470", "2005-09-30": "7.38480", "2005-06-30": "6.38250", "2005-03-31": "5.82190"}, "Return On Tangible Equity": {"2020-09-30": "-4.28450", "2020-06-30": "-4.30630", "2020-03-31": "-6.04520", "2019-12-31": "-3.79140", "2019-09-30": "-6.05330", "2019-06-30": "-6.19680", "2019-03-31": "-4.93470", "2018-12-31": "-0.65280", "2018-09-30": "3.82940", "2018-06-30": "45.86180", "2018-03-31": "65.07080", "2017-12-31": "-34.25650", "2017-09-30": "59.68740", "2017-06-30": "100.86170", "2017-03-31": "95.80430", "2016-12-31": "30.13180", "2016-09-30": "19.01740", "2016-06-30": "26.02450", "2016-03-31": "31.02390", "2015-12-31": "22.77590", "2015-09-30": "31.23550", "2015-06-30": "14.68220", "2015-03-31": "15.60510", "2014-12-31": "11.69610", "2014-09-30": "12.07220", "2014-06-30": "13.03170", "2014-03-31": "14.01050", "2013-12-31": "7.97540", "2013-09-30": "13.35190", "2013-06-30": "15.15440", "2013-03-31": "14.86590", "2012-12-31": "12.37890", "2012-09-30": "2.99130", "2012-06-30": "16.99830", "2012-03-31": "16.40050", "2011-12-31": "6.11280", "2011-09-30": "16.83190", "2011-06-30": "15.96120", "2011-03-31": "21.55240", "2010-12-31": "19.24850", "2010-09-30": "32.79080", "2010-06-30": "51.42630", "2010-03-31": "65.17050", "2009-12-31": "92.34350", "2009-09-30": "129.66610", "2009-06-30": "-1096.83700", "2009-03-31": "-59.32940", "2008-12-31": "-33.52760", "2008-09-30": "-1377.04700", "2008-06-30": "-77.24910", "2008-03-31": "-37.76520", "2007-12-31": "-40.83660", "2007-09-30": "-31.40990", "2007-06-30": "30.60800", "2007-03-31": "31.75350", "2006-12-31": "30.09180", "2006-09-30": "32.21060", "2006-06-30": "33.84560", "2006-03-31": "44.26220", "2005-12-31": "10.67860", "2005-09-30": "45.66050", "2005-06-30": "53.28960", "2005-03-31": "45.06260"}, "ROA - Return On Assets": {"2020-09-30": "0.65900", "2020-06-30": "0.67260", "2020-03-31": "1.00250", "2019-12-31": "0.60490", "2019-09-30": "0.99970", "2019-06-30": "1.04040", "2019-03-31": "0.84180", "2018-12-31": "0.12030", "2018-09-30": "0.99540", "2018-06-30": "2.12150", "2018-03-31": "2.76450", "2017-12-31": "-0.87310", "2017-09-30": "2.43920", "2017-06-30": "2.37710", "2017-03-31": "2.72240", "2016-12-31": "1.98950", "2016-09-30": "2.19120", "2016-06-30": "2.80970", "2016-03-31": "2.84930", "2015-12-31": "2.13850", "2015-09-30": "2.72130", "2015-06-30": "2.88410", "2015-03-31": "3.65700", "2014-12-31": "2.57930", "2014-09-30": "3.08970", "2014-06-30": "3.24320", "2014-03-31": "3.21280", "2013-12-31": "1.84530", "2013-09-30": "2.97930", "2013-06-30": "3.09230", "2013-03-31": "2.83380", "2012-12-31": "2.09840", "2012-09-30": "0.53480", "2012-06-30": "2.92850", "2012-03-31": "2.68990", "2011-12-31": "0.82260", "2011-09-30": "2.78450", "2011-06-30": "2.53230", "2011-03-31": "2.85230", "2010-12-31": "1.93490", "2010-09-30": "2.68960", "2010-06-30": "2.46260", "2010-03-31": "2.38180", "2009-12-31": "1.79400", "2009-09-30": "1.89200", "2009-06-30": "1.73240", "2009-03-31": "1.80170", "2008-12-31": "1.78060", "2008-09-30": "2.07820", "2008-06-30": "2.37810", "2008-03-31": "2.04130", "2007-12-31": "1.73210", "2007-09-30": "2.32250", "2007-06-30": "3.07700", "2007-03-31": "2.51020", "2006-12-31": "1.93560", "2006-09-30": "2.46500", "2006-06-30": "2.49460", "2006-03-31": "2.07540", "2005-12-31": "0.57760", "2005-09-30": "2.83920", "2005-06-30": "2.39600", "2005-03-31": "2.21390"}, "ROI - Return On Investment": {"2020-09-30": "0.86390", "2020-06-30": "0.85800", "2020-03-31": "1.29970", "2019-12-31": "0.78590", "2019-09-30": "1.28840", "2019-06-30": "1.30530", "2019-03-31": "1.05160", "2018-12-31": "0.14700", "2018-09-30": "1.14370", "2018-06-30": "2.85450", "2018-03-31": "3.74560", "2017-12-31": "-1.20900", "2017-09-30": "3.25450", "2017-06-30": "3.31060", "2017-03-31": "4.10810", "2016-12-31": "2.96210", "2016-09-30": "3.19670", "2016-06-30": "3.84540", "2016-03-31": "3.94620", "2015-12-31": "3.12870", "2015-09-30": "4.01060", "2015-06-30": "4.02830", "2015-03-31": "5.11550", "2014-12-31": "3.66870", "2014-09-30": "4.16780", "2014-06-30": "4.35120", "2014-03-31": "4.35080", "2013-12-31": "2.56190", "2013-09-30": "4.17390", "2013-06-30": "4.43480", "2013-03-31": "4.07330", "2012-12-31": "3.19260", "2012-09-30": "0.84880", "2012-06-30": "4.42110", "2012-03-31": "4.09580", "2011-12-31": "1.29370", "2011-09-30": "4.20560", "2011-06-30": "3.89500", "2011-03-31": "4.44710", "2010-12-31": "3.10350", "2010-09-30": "4.37320", "2010-06-30": "3.76700", "2010-03-31": "3.64310", "2009-12-31": "2.78010", "2009-09-30": "2.75170", "2009-06-30": "2.58490", "2009-03-31": "2.66580", "2008-12-31": "2.82320", "2008-09-30": "3.10890", "2008-06-30": "3.91570", "2008-03-31": "3.38160", "2007-12-31": "2.81530", "2007-09-30": "3.49800", "2007-06-30": "4.40190", "2007-03-31": "3.60420", "2006-12-31": "2.82810", "2006-09-30": "4.34530", "2006-06-30": "4.49280", "2006-03-31": "5.26170", "2005-12-31": "1.45590", "2005-09-30": "6.43910", "2005-06-30": "5.51690", "2005-03-31": "3.36090"}, "Book Value Per Share": {"2020-09-30": "56.95450", "2020-06-30": "56.18200", "2020-03-31": "54.68180", "2019-12-31": "58.33620", "2019-09-30": "56.81980", "2019-06-30": "58.16010", "2019-03-31": "57.70890", "2018-12-31": "56.68200", "2018-09-30": "44.02620", "2018-06-30": "22.21750", "2018-03-31": "22.54130", "2017-12-31": "21.39780", "2017-09-30": "22.31650", "2017-06-30": "21.27340", "2017-03-31": "20.66570", "2016-12-31": "20.59180", "2016-09-30": "21.36720", "2016-06-30": "21.06870", "2016-03-31": "20.50140", "2015-12-31": "19.93190", "2015-09-30": "19.86350", "2015-06-30": "20.15080", "2015-03-31": "19.43210", "2014-12-31": "18.85030", "2014-09-30": "20.26380", "2014-06-30": "19.73370", "2014-03-31": "18.72570", "2013-12-31": "18.02630", "2013-09-30": "17.64240", "2013-06-30": "16.81450", "2013-03-31": "16.06950", "2012-12-31": "15.34490", "2012-09-30": "15.33630", "2012-06-30": "15.05660", "2012-03-31": "14.82470", "2011-12-31": "13.68500", "2011-09-30": "14.81600", "2011-06-30": "14.70560", "2011-03-31": "13.72430", "2010-12-31": "12.50660", "2010-09-30": "11.89740", "2010-06-30": "10.61900", "2010-03-31": "10.28910", "2009-12-31": "9.75160", "2009-09-30": "9.65330", "2009-06-30": "9.10460", "2009-03-31": "8.20420", "2008-12-31": "7.38160", "2008-09-30": "9.20810", "2008-06-30": "8.18430", "2008-03-31": "7.24410", "2007-12-31": "7.62020", "2007-09-30": "6.76860", "2007-06-30": "11.13940", "2007-03-31": "10.53170", "2006-12-31": "10.12300", "2006-09-30": "10.70650", "2006-06-30": "10.40230", "2006-03-31": "9.82490", "2005-12-31": "9.87280", "2005-09-30": "9.95150", "2005-06-30": "9.47610", "2005-03-31": "9.55790"}, "Operating Cash Flow Per Share": {"2020-09-30": 1.8194, "2020-06-30": 1.6841, "2020-03-31": "0.14920", "2019-12-31": 2.7938, "2019-09-30": 1.7367, "2019-06-30": 1.2218, "2019-03-31": "0.41650", "2018-12-31": 2.492, "2018-09-30": 1.7779, "2018-06-30": 0.8392, "2018-03-31": "-0.14350", "2017-12-31": 2.4095, "2017-09-30": 1.7833, "2017-06-30": 0.4975, "2017-03-31": "0.23290", "2016-12-31": 2.602, "2016-09-30": 2.1238, "2016-06-30": 1.6537, "2016-03-31": "0.49890", "2015-12-31": 2.127, "2015-09-30": 1.6016, "2015-06-30": 1.6608, "2015-03-31": "0.38770", "2014-12-31": 2.4657, "2014-09-30": 2.0038, "2014-06-30": 1.4635, "2014-03-31": "0.42810", "2013-12-31": 1.8381, "2013-09-30": 1.6976, "2013-06-30": 1.2106, "2013-03-31": "0.22820", "2012-12-31": 2.2769, "2012-09-30": 0.0247, "2012-06-30": 1.0107, "2012-03-31": "0.64450", "2011-12-31": 0.8923, "2011-09-30": 1.4037, "2011-06-30": 0.4569, "2011-03-31": "-0.43060", "2010-12-31": 1.3223, "2010-09-30": 1.0021, "2010-06-30": 1.1868, "2010-03-31": "0.40650", "2009-12-31": 1.1597, "2009-09-30": 1.4201, "2009-06-30": 1.2899, "2009-03-31": "-0.18250", "2008-12-31": 1.035, "2008-09-30": 0.7511, "2008-06-30": 0.8869, "2008-03-31": "0.09420", "2007-12-31": 1.4067, "2007-09-30": 1.1202, "2007-06-30": 1.0265, "2007-03-31": "0.03470", "2006-12-31": 0.4719, "2006-09-30": 1.2946, "2006-06-30": 0.8698, "2006-03-31": "0.44590", "2005-12-31": 0.3719, "2005-09-30": 0.8923, "2005-06-30": 0.75, "2005-03-31": "-0.14590"}, "Free Cash Flow Per Share": {"2020-09-30": 1.5857, "2020-06-30": 1.3778, "2020-03-31": "-0.24250", "2019-12-31": 2.1916, "2019-09-30": 1.4643, "2019-06-30": 0.8584, "2019-03-31": "-0.05650", "2018-12-31": 1.8973, "2018-09-30": 1.3776, "2018-06-30": 0.4101, "2018-03-31": "-0.55680", "2017-12-31": 1.9461, "2017-09-30": 1.4011, "2017-06-30": 0.2495, "2017-03-31": "-0.09510", "2016-12-31": 1.9393, "2016-09-30": 1.7865, "2016-06-30": 1.423, "2016-03-31": "0.23480", "2015-12-31": 1.714, "2015-09-30": 1.2674, "2015-06-30": 1.4331, "2015-03-31": "0.16680", "2014-12-31": 1.9186, "2014-09-30": 1.5488, "2014-06-30": 1.1381, "2014-03-31": "0.03910", "2013-12-31": 1.3832, "2013-09-30": 1.3874, "2013-06-30": 1.0332, "2013-03-31": "-0.13340", "2012-12-31": 1.7821, "2012-09-30": -0.3437, "2012-06-30": 0.7053, "2012-03-31": "0.29320", "2011-12-31": 0.2463, "2011-09-30": 1.0497, "2011-06-30": 0.138, "2011-03-31": "-0.66760", "2010-12-31": 0.6699, "2010-09-30": 0.7977, "2010-06-30": 0.9044, "2010-03-31": "0.24480", "2009-12-31": 0.6984, "2009-09-30": 1.2833, "2009-06-30": 1.1543, "2009-03-31": "-0.27100", "2008-12-31": 0.6035, "2008-09-30": 0.494, "2008-06-30": 0.6818, "2008-03-31": "-0.04750", "2007-12-31": 0.9679, "2007-09-30": 0.949, "2007-06-30": 0.9767, "2007-03-31": "-0.05510", "2006-12-31": 0.0098, "2006-09-30": 1.2638, "2006-06-30": 0.7722, "2006-03-31": "0.39850", "2005-12-31": 0.0263, "2005-09-30": 0.6486, "2005-06-30": 0.5156, "2005-03-31": "-0.30750"}}, "revenue": {"International Flavors & Fragrances Annual Revenue (Millions of US $)": {"2019": "$5,140", "2018": "$3,978", "2017": "$3,399", "2016": "$3,116", "2015": "$3,023", "2014": "$3,089", "2013": "$2,953", "2012": "$2,821", "2011": "$2,788", "2010": "$2,623", "2009": "$2,326", "2008": "$2,389", "2007": "$2,277", "2006": "$2,095", "2005": "$1,993"}, "International Flavors & Fragrances Quarterly Revenue (Millions of US $)": {"2020-09-30": "$1,268", "2020-06-30": "$1,199", "2020-03-31": "$1,347", "2019-12-31": "$1,284", "2019-09-30": "$1,267", "2019-06-30": "$1,292", "2019-03-31": "$1,297", "2018-12-31": "$1,219", "2018-09-30": "$908", "2018-06-30": "$920", "2018-03-31": "$931", "2017-12-31": "$855", "2017-09-30": "$873", "2017-06-30": "$843", "2017-03-31": "$828", "2016-12-31": "$763", "2016-09-30": "$777", "2016-06-30": "$793", "2016-03-31": "$783", "2015-12-31": "$716", "2015-09-30": "$765", "2015-06-30": "$768", "2015-03-31": "$775", "2014-12-31": "$756", "2014-09-30": "$774", "2014-06-30": "$788", "2014-03-31": "$770", "2013-12-31": "$725", "2013-09-30": "$742", "2013-06-30": "$758", "2013-03-31": "$728", "2012-12-31": "$681", "2012-09-30": "$709", "2012-06-30": "$721", "2012-03-31": "$711", "2011-12-31": "$644", "2011-09-30": "$714", "2011-06-30": "$716", "2011-03-31": "$714", "2010-12-31": "$630", "2010-09-30": "$673", "2010-06-30": "$666", "2010-03-31": "$654", "2009-12-31": "$586", "2009-09-30": "$613", "2009-06-30": "$568", "2009-03-31": "$560", "2008-12-31": "$539", "2008-09-30": "$618", "2008-06-30": "$636", "2008-03-31": "$597", "2007-12-31": "$553", "2007-09-30": "$583", "2007-06-30": "$574", "2007-03-31": "$566", "2006-12-31": "$514", "2006-09-30": "$539", "2006-06-30": "$531", "2006-03-31": "$511", "2005-12-31": "$462", "2005-09-30": "$493", "2005-06-30": "$516", "2005-03-31": "$523"}}, "gross-profit": {"International Flavors & Fragrances Annual Gross Profit (Millions of US $)": {"2019": "$2,113", "2018": "$1,683", "2017": "$1,472", "2016": "$1,396", "2015": "$1,352", "2014": "$1,362", "2013": "$1,284", "2012": "$1,176", "2011": "$1,105", "2010": "$1,093", "2009": "$934", "2008": "$971", "2007": "$952", "2006": "$884", "2005": "$824"}, "International Flavors & Fragrances Quarterly Gross Profit (Millions of US $)": {"2020-09-30": "$524", "2020-06-30": "$482", "2020-03-31": "$566", "2019-12-31": "$502", "2019-09-30": "$533", "2019-06-30": "$546", "2019-03-31": "$531", "2018-12-31": "$478", "2018-09-30": "$401", "2018-06-30": "$399", "2018-03-31": "$406", "2017-12-31": "$356", "2017-09-30": "$380", "2017-06-30": "$373", "2017-03-31": "$363", "2016-12-31": "$323", "2016-09-30": "$346", "2016-06-30": "$366", "2016-03-31": "$360", "2015-12-31": "$313", "2015-09-30": "$347", "2015-06-30": "$345", "2015-03-31": "$346", "2014-12-31": "$328", "2014-09-30": "$340", "2014-06-30": "$353", "2014-03-31": "$341", "2013-12-31": "$313", "2013-09-30": "$325", "2013-06-30": "$334", "2013-03-31": "$311", "2012-12-31": "$287", "2012-09-30": "$302", "2012-06-30": "$302", "2012-03-31": "$285", "2011-12-31": "$244", "2011-09-30": "$278", "2011-06-30": "$284", "2011-03-31": "$297", "2010-12-31": "$252", "2010-09-30": "$285", "2010-06-30": "$285", "2010-03-31": "$270", "2009-12-31": "$235", "2009-09-30": "$249", "2009-06-30": "$228", "2009-03-31": "$222", "2008-12-31": "$215", "2008-09-30": "$247", "2008-06-30": "$264", "2008-03-31": "$245", "2007-12-31": "$225", "2007-09-30": "$244", "2007-06-30": "$246", "2007-03-31": "$237", "2006-12-31": "$211", "2006-09-30": "$229", "2006-06-30": "$228", "2006-03-31": "$217", "2005-12-31": "$187", "2005-09-30": "$206", "2005-06-30": "$217", "2005-03-31": "$215"}}, "operating-income": {"International Flavors & Fragrances Annual Operating Income (Millions of US $)": {"2019": "$665", "2018": "$584", "2017": "$553", "2016": "$553", "2015": "$588", "2014": "$592", "2013": "$516", "2012": "$487", "2011": "$428", "2010": "$416", "2009": "$340", "2008": "$355", "2007": "$367", "2006": "$329", "2005": "$267"}, "International Flavors & Fragrances Quarterly Operating Income (Millions of US $)": {"2020-09-30": "$150", "2020-06-30": "$119", "2020-03-31": "$196", "2019-12-31": "$117", "2019-09-30": "$185", "2019-06-30": "$200", "2019-03-31": "$164", "2018-12-31": "$95", "2018-09-30": "$159", "2018-06-30": "$155", "2018-03-31": "$175", "2017-12-31": "$122", "2017-09-30": "$149", "2017-06-30": "$152", "2017-03-31": "$130", "2016-12-31": "$94", "2016-09-30": "$124", "2016-06-30": "$165", "2016-03-31": "$170", "2015-12-31": "$121", "2015-09-30": "$157", "2015-06-30": "$149", "2015-03-31": "$162", "2014-12-31": "$131", "2014-09-30": "$153", "2014-06-30": "$153", "2014-03-31": "$156", "2013-12-31": "$95", "2013-09-30": "$142", "2013-06-30": "$142", "2013-03-31": "$138", "2012-12-31": "$99", "2012-09-30": "$134", "2012-06-30": "$132", "2012-03-31": "$121", "2011-12-31": "$48", "2011-09-30": "$129", "2011-06-30": "$118", "2011-03-31": "$133", "2010-12-31": "$83", "2010-09-30": "$121", "2010-06-30": "$108", "2010-03-31": "$105", "2009-12-31": "$87", "2009-09-30": "$88", "2009-06-30": "$84", "2009-03-31": "$82", "2008-12-31": "$57", "2008-09-30": "$101", "2008-06-30": "$102", "2008-03-31": "$96", "2007-12-31": "$73", "2007-09-30": "$96", "2007-06-30": "$103", "2007-03-31": "$95", "2006-12-31": "$67", "2006-09-30": "$90", "2006-06-30": "$91", "2006-03-31": "$81", "2005-12-31": "$28", "2005-09-30": "$72", "2005-06-30": "$86", "2005-03-31": "$81"}}, "ebitda": {"International Flavors & Fragrances Annual EBITDA (Millions of US $)": {"2019": "$989", "2018": "$758", "2017": "$671", "2016": "$655", "2015": "$678", "2014": "$682", "2013": "$600", "2012": "$563", "2011": "$503", "2010": "$496", "2009": "$419", "2008": "$431", "2007": "$450", "2006": "$419", "2005": "$359"}, "International Flavors & Fragrances Quarterly EBITDA (Millions of US $)": {"2020-09-30": "$234", "2020-06-30": "$199", "2020-03-31": "$277", "2019-12-31": "$205", "2019-09-30": "$265", "2019-06-30": "$273", "2019-03-31": "$246", "2018-12-31": "$173", "2018-09-30": "$190", "2018-06-30": "$186", "2018-03-31": "$208", "2017-12-31": "$154", "2017-09-30": "$179", "2017-06-30": "$181", "2017-03-31": "$157", "2016-12-31": "$121", "2016-09-30": "$150", "2016-06-30": "$188", "2016-03-31": "$197", "2015-12-31": "$146", "2015-09-30": "$181", "2015-06-30": "$170", "2015-03-31": "$182", "2014-12-31": "$151", "2014-09-30": "$172", "2014-06-30": "$179", "2014-03-31": "$179", "2013-12-31": "$117", "2013-09-30": "$163", "2013-06-30": "$163", "2013-03-31": "$157", "2012-12-31": "$120", "2012-09-30": "$153", "2012-06-30": "$150", "2012-03-31": "$140", "2011-12-31": "$67", "2011-09-30": "$147", "2011-06-30": "$137", "2011-03-31": "$151", "2010-12-31": "$103", "2010-09-30": "$140", "2010-06-30": "$128", "2010-03-31": "$125", "2009-12-31": "$108", "2009-09-30": "$108", "2009-06-30": "$103", "2009-03-31": "$100", "2008-12-31": "$73", "2008-09-30": "$118", "2008-06-30": "$125", "2008-03-31": "$115", "2007-12-31": "$93", "2007-09-30": "$117", "2007-06-30": "$124", "2007-03-31": "$116", "2006-12-31": "$89", "2006-09-30": "$113", "2006-06-30": "$113", "2006-03-31": "$103", "2005-12-31": "$50", "2005-09-30": "$95", "2005-06-30": "$109", "2005-03-31": "$104"}}, "net-income": {"International Flavors & Fragrances Annual Net Income (Millions of US $)": {"2019": "$456", "2018": "$337", "2017": "$296", "2016": "$405", "2015": "$419", "2014": "$415", "2013": "$354", "2012": "$254", "2011": "$267", "2010": "$264", "2009": "$196", "2008": "$230", "2007": "$247", "2006": "$227", "2005": "$193"}, "International Flavors & Fragrances Quarterly Net Income (Millions of US $)": {"2020-09-30": "$85", "2020-06-30": "$86", "2020-03-31": "$125", "2019-12-31": "$84", "2019-09-30": "$127", "2019-06-30": "$136", "2019-03-31": "$109", "2018-12-31": "$13", "2018-09-30": "$96", "2018-06-30": "$99", "2018-03-31": "$129", "2017-12-31": "$-40", "2017-09-30": "$110", "2017-06-30": "$110", "2017-03-31": "$116", "2016-12-31": "$80", "2016-09-30": "$90", "2016-06-30": "$117", "2016-03-31": "$119", "2015-12-31": "$79", "2015-09-30": "$106", "2015-06-30": "$105", "2015-03-31": "$128", "2014-12-31": "$90", "2014-09-30": "$107", "2014-06-30": "$110", "2014-03-31": "$107", "2013-12-31": "$61", "2013-09-30": "$99", "2013-06-30": "$102", "2013-03-31": "$91", "2012-12-31": "$68", "2012-09-30": "$16", "2012-06-30": "$89", "2012-03-31": "$81", "2011-12-31": "$24", "2011-09-30": "$82", "2011-06-30": "$76", "2011-03-31": "$84", "2010-12-31": "$56", "2010-09-30": "$77", "2010-06-30": "$67", "2010-03-31": "$64", "2009-12-31": "$47", "2009-09-30": "$53", "2009-06-30": "$48", "2009-03-31": "$47", "2008-12-31": "$49", "2008-09-30": "$58", "2008-06-30": "$67", "2008-03-31": "$56", "2007-12-31": "$47", "2007-09-30": "$59", "2007-06-30": "$78", "2007-03-31": "$63", "2006-12-31": "$48", "2006-09-30": "$64", "2006-06-30": "$61", "2006-03-31": "$54", "2005-12-31": "$15", "2005-09-30": "$69", "2005-06-30": "$57", "2005-03-31": "$53"}}, "eps-earnings-per-share-diluted": {"International Flavors & Fragrances Annual EPS": {"2019": "$4.00", "2018": "$3.79", "2017": "$3.72", "2016": "$5.05", "2015": "$5.16", "2014": "$5.06", "2013": "$4.29", "2012": "$3.09", "2011": "$3.26", "2010": "$3.26", "2009": "$2.46", "2008": "$2.86", "2007": "$2.81", "2006": "$2.48", "2005": "$2.04"}, "International Flavors & Fragrances Quarterly EPS": {"2020-09-30": "$0.75", "2020-06-30": "$0.74", "2020-03-31": "$1.15", "2019-12-31": "$0.71", "2019-09-30": "$1.13", "2019-06-30": "$1.20", "2019-03-31": "$0.96", "2018-12-31": "$-0.26", "2018-09-30": "$1.17", "2018-06-30": "$1.25", "2018-03-31": "$1.63", "2017-12-31": "$-0.50", "2017-09-30": "$1.39", "2017-06-30": "$1.38", "2017-03-31": "$1.45", "2016-12-31": "$1.00", "2016-09-30": "$1.12", "2016-06-30": "$1.46", "2016-03-31": "$1.47", "2015-12-31": "$0.99", "2015-09-30": "$1.31", "2015-06-30": "$1.29", "2015-03-31": "$1.57", "2014-12-31": "$1.10", "2014-09-30": "$1.31", "2014-06-30": "$1.35", "2014-03-31": "$1.30", "2013-12-31": "$0.75", "2013-09-30": "$1.20", "2013-06-30": "$1.24", "2013-03-31": "$1.10", "2012-12-31": "$0.82", "2012-09-30": "$0.20", "2012-06-30": "$1.08", "2012-03-31": "$0.99", "2011-12-31": "$0.30", "2011-09-30": "$1.00", "2011-06-30": "$0.93", "2011-03-31": "$1.03", "2010-12-31": "$0.68", "2010-09-30": "$0.95", "2010-06-30": "$0.83", "2010-03-31": "$0.80", "2009-12-31": "$0.60", "2009-09-30": "$0.66", "2009-06-30": "$0.60", "2009-03-31": "$0.60", "2008-12-31": "$0.61", "2008-09-30": "$0.73", "2008-06-30": "$0.83", "2008-03-31": "$0.69", "2007-12-31": "$0.58", "2007-09-30": "$0.67", "2007-06-30": "$0.87", "2007-03-31": "$0.69", "2006-12-31": "$0.53", "2006-09-30": "$0.70", "2006-06-30": "$0.67", "2006-03-31": "$0.58", "2005-12-31": "$0.17", "2005-09-30": "$0.72", "2005-06-30": "$0.60", "2005-03-31": "$0.55"}}, "shares-outstanding": {"International Flavors & Fragrances Annual Shares Outstanding (Millions of Shares)": {"2019": "113", "2018": "88", "2017": "79", "2016": "80", "2015": "81", "2014": "81", "2013": "82", "2012": "82", "2011": "81", "2010": "80", "2009": "79", "2008": "80", "2007": "88", "2006": "91", "2005": "95"}, "International Flavors & Fragrances Quarterly Shares Outstanding (Millions of Shares)": {"2020-09-30": "114", "2020-06-30": "114", "2020-03-31": "114", "2019-12-31": "113", "2019-09-30": "113", "2019-06-30": "113", "2019-03-31": "113", "2018-12-31": "88", "2018-09-30": "82", "2018-06-30": "79", "2018-03-31": "79", "2017-12-31": "79", "2017-09-30": "79", "2017-06-30": "79", "2017-03-31": "79", "2016-12-31": "80", "2016-09-30": "80", "2016-06-30": "80", "2016-03-31": "80", "2015-12-31": "81", "2015-09-30": "81", "2015-06-30": "81", "2015-03-31": "81", "2014-12-31": "81", "2014-09-30": "82", "2014-06-30": "81", "2014-03-31": "82", "2013-12-31": "82", "2013-09-30": "82", "2013-06-30": "82", "2013-03-31": "82", "2012-12-31": "82", "2012-09-30": "82", "2012-06-30": "82", "2012-03-31": "82", "2011-12-31": "81", "2011-09-30": "82", "2011-06-30": "81", "2011-03-31": "81", "2010-12-31": "80", "2010-09-30": "80", "2010-06-30": "80", "2010-03-31": "80", "2009-12-31": "79", "2009-09-30": "79", "2009-06-30": "79", "2009-03-31": "79", "2008-12-31": "80", "2008-09-30": "79", "2008-06-30": "80", "2008-03-31": "81", "2007-12-31": "88", "2007-09-30": "88", "2007-06-30": "90", "2007-03-31": "91", "2006-12-31": "91", "2006-09-30": "91", "2006-06-30": "92", "2006-03-31": "92", "2005-12-31": "95", "2005-09-30": "95", "2005-06-30": "95", "2005-03-31": "96"}}, "total-assets": {"International Flavors & Fragrances Annual Total Assets (Millions of US $)": {"2019": "$13,287", "2018": "$12,889", "2017": "$4,599", "2016": "$4,017", "2015": "$3,702", "2014": "$3,495", "2013": "$3,332", "2012": "$3,246", "2011": "$2,966", "2010": "$2,872", "2009": "$2,645", "2008": "$2,750", "2007": "$2,726", "2006": "$2,479", "2005": "$2,638"}, "International Flavors & Fragrances Quarterly Total Assets (Millions of US $)": {"2020-09-30": "$13,085", "2020-06-30": "$12,989", "2020-03-31": "$12,689", "2019-12-31": "$13,287", "2019-09-30": "$12,985", "2019-06-30": "$13,348", "2019-03-31": "$13,211", "2018-12-31": "$12,889", "2018-09-30": "$9,616", "2018-06-30": "$4,673", "2018-03-31": "$4,681", "2017-12-31": "$4,599", "2017-09-30": "$4,520", "2017-06-30": "$4,619", "2017-03-31": "$4,252", "2016-12-31": "$4,017", "2016-09-30": "$4,097", "2016-06-30": "$4,155", "2016-03-31": "$4,162", "2015-12-31": "$3,702", "2015-09-30": "$3,912", "2015-06-30": "$3,654", "2015-03-31": "$3,507", "2014-12-31": "$3,495", "2014-09-30": "$3,477", "2014-06-30": "$3,401", "2014-03-31": "$3,321", "2013-12-31": "$3,332", "2013-09-30": "$3,325", "2013-06-30": "$3,309", "2013-03-31": "$3,201", "2012-12-31": "$3,246", "2012-09-30": "$3,060", "2012-06-30": "$3,025", "2012-03-31": "$3,013", "2011-12-31": "$2,966", "2011-09-30": "$2,954", "2011-06-30": "$3,009", "2011-03-31": "$2,947", "2010-12-31": "$2,872", "2010-09-30": "$2,864", "2010-06-30": "$2,727", "2010-03-31": "$2,678", "2009-12-31": "$2,645", "2009-09-30": "$2,791", "2009-06-30": "$2,776", "2009-03-31": "$2,620", "2008-12-31": "$2,750", "2008-09-30": "$2,776", "2008-06-30": "$2,819", "2008-03-31": "$2,741", "2007-12-31": "$2,726", "2007-09-30": "$2,534", "2007-06-30": "$2,547", "2007-03-31": "$2,497", "2006-12-31": "$2,479", "2006-09-30": "$2,582", "2006-06-30": "$2,453", "2006-03-31": "$2,587", "2005-12-31": "$2,638", "2005-09-30": "$2,415", "2005-06-30": "$2,367", "2005-03-31": "$2,373"}}, "cash-on-hand": {"International Flavors & Fragrances Annual Cash on Hand (Millions of US $)": {"2019": "$624", "2018": "$649", "2017": "$368", "2016": "$324", "2015": "$182", "2014": "$479", "2013": "$406", "2012": "$324", "2011": "$88", "2010": "$131", "2009": "$80", "2008": "$178", "2007": "$152", "2006": "$115", "2005": "$273"}, "International Flavors & Fragrances Quarterly Cash on Hand (Millions of US $)": {"2020-09-30": "$483", "2020-06-30": "$508", "2020-03-31": "$443", "2019-12-31": "$624", "2019-09-30": "$504", "2019-06-30": "$455", "2019-03-31": "$497", "2018-12-31": "$649", "2018-09-30": "$5,274", "2018-06-30": "$322", "2018-03-31": "$305", "2017-12-31": "$368", "2017-09-30": "$316", "2017-06-30": "$491", "2017-03-31": "$300", "2016-12-31": "$324", "2016-09-30": "$499", "2016-06-30": "$540", "2016-03-31": "$529", "2015-12-31": "$182", "2015-09-30": "$272", "2015-06-30": "$377", "2015-03-31": "$444", "2014-12-31": "$479", "2014-09-30": "$405", "2014-06-30": "$327", "2014-03-31": "$269", "2013-12-31": "$406", "2013-09-30": "$343", "2013-06-30": "$366", "2013-03-31": "$300", "2012-12-31": "$324", "2012-09-30": "$97", "2012-06-30": "$105", "2012-03-31": "$77", "2011-12-31": "$88", "2011-09-30": "$107", "2011-06-30": "$123", "2011-03-31": "$112", "2010-12-31": "$131", "2010-09-30": "$115", "2010-06-30": "$111", "2010-03-31": "$90", "2009-12-31": "$80", "2009-09-30": "$155", "2009-06-30": "$164", "2009-03-31": "$88", "2008-12-31": "$178", "2008-09-30": "$109", "2008-06-30": "$120", "2008-03-31": "$61", "2007-12-31": "$152", "2007-09-30": "$63", "2007-06-30": "$125", "2007-03-31": "$84", "2006-12-31": "$115", "2006-09-30": "$163", "2006-06-30": "$30", "2006-03-31": "$206", "2005-12-31": "$273", "2005-09-30": "$29", "2005-06-30": "$60", "2005-03-31": "$23"}}, "long-term-debt": {"International Flavors & Fragrances Annual Long Term Debt (Millions of US $)": {"2019": "$3,997", "2018": "$4,504", "2017": "$1,632", "2016": "$1,067", "2015": "$935", "2014": "$934", "2013": "$933", "2012": "$881", "2011": "$778", "2010": "$788", "2009": "$935", "2008": "$1,154", "2007": "$1,060", "2006": "$791", "2005": "$131"}, "International Flavors & Fragrances Quarterly Long Term Debt (Millions of US $)": {"2020-09-30": "$3,891", "2020-06-30": "$4,182", "2020-03-31": "$3,947", "2019-12-31": "$3,997", "2019-09-30": "$4,008", "2019-06-30": "$4,429", "2019-03-31": "$4,421", "2018-12-31": "$4,504", "2018-09-30": "$4,331", "2018-06-30": "$1,717", "2018-03-31": "$1,676", "2017-12-31": "$1,632", "2017-09-30": "$1,626", "2017-06-30": "$1,636", "2017-03-31": "$1,186", "2016-12-31": "$1,067", "2016-09-30": "$1,110", "2016-06-30": "$1,358", "2016-03-31": "$1,370", "2015-12-31": "$935", "2015-09-30": "$1,058", "2015-06-30": "$989", "2015-03-31": "$935", "2014-12-31": "$934", "2014-09-30": "$934", "2014-06-30": "$933", "2014-03-31": "$932", "2013-12-31": "$933", "2013-09-30": "$933", "2013-06-30": "$933", "2013-03-31": "$916", "2012-12-31": "$881", "2012-09-30": "$677", "2012-06-30": "$777", "2012-03-31": "$778", "2011-12-31": "$778", "2011-09-30": "$757", "2011-06-30": "$767", "2011-03-31": "$787", "2010-12-31": "$788", "2010-09-30": "$811", "2010-06-30": "$935", "2010-03-31": "$934", "2009-12-31": "$935", "2009-09-30": "$1,156", "2009-06-30": "$1,141", "2009-03-31": "$1,125", "2008-12-31": "$1,154", "2008-09-30": "$1,131", "2008-06-30": "$1,069", "2008-03-31": "$1,071", "2007-12-31": "$1,060", "2007-09-30": "$1,134", "2007-06-30": "$786", "2007-03-31": "$800", "2006-12-31": "$791", "2006-09-30": "$506", "2006-06-30": "$416", "2006-03-31": "$130", "2005-12-31": "$131", "2005-09-30": "$136", "2005-06-30": "$139", "2005-03-31": "$661"}}, "total-liabilities": {"International Flavors & Fragrances Annual Total Liabilities (Millions of US $)": {"2019": "$7,058", "2018": "$6,846", "2017": "$2,910", "2016": "$2,386", "2015": "$2,107", "2014": "$1,972", "2013": "$1,865", "2012": "$1,994", "2011": "$1,858", "2010": "$1,869", "2009": "$1,873", "2008": "$2,169", "2007": "$2,109", "2006": "$1,574", "2005": "$1,723"}, "International Flavors & Fragrances Quarterly Total Liabilities (Millions of US $)": {"2020-09-30": "$6,995", "2020-06-30": "$6,988", "2020-03-31": "$6,848", "2019-12-31": "$7,058", "2019-09-30": "$6,918", "2019-06-30": "$7,138", "2019-03-31": "$7,057", "2018-12-31": "$6,846", "2018-09-30": "$5,578", "2018-06-30": "$2,917", "2018-03-31": "$2,902", "2017-12-31": "$2,910", "2017-09-30": "$2,758", "2017-06-30": "$2,939", "2017-03-31": "$2,621", "2016-12-31": "$2,386", "2016-09-30": "$2,399", "2016-06-30": "$2,477", "2016-03-31": "$2,527", "2015-12-31": "$2,107", "2015-09-30": "$2,316", "2015-06-30": "$2,027", "2015-03-31": "$1,935", "2014-12-31": "$1,972", "2014-09-30": "$1,833", "2014-06-30": "$1,799", "2014-03-31": "$1,800", "2013-12-31": "$1,865", "2013-09-30": "$1,885", "2013-06-30": "$1,934", "2013-03-31": "$1,890", "2012-12-31": "$1,994", "2012-09-30": "$1,809", "2012-06-30": "$1,799", "2012-03-31": "$1,812", "2011-12-31": "$1,858", "2011-09-30": "$1,755", "2011-06-30": "$1,820", "2011-03-31": "$1,844", "2010-12-31": "$1,869", "2010-09-30": "$1,913", "2010-06-30": "$1,879", "2010-03-31": "$1,861", "2009-12-31": "$1,873", "2009-09-30": "$2,028", "2009-06-30": "$2,056", "2009-03-31": "$1,974", "2008-12-31": "$2,169", "2008-09-30": "$2,052", "2008-06-30": "$2,176", "2008-03-31": "$2,158", "2007-12-31": "$2,109", "2007-09-30": "$1,986", "2007-06-30": "$1,552", "2007-03-31": "$1,558", "2006-12-31": "$1,574", "2006-09-30": "$1,623", "2006-06-30": "$1,507", "2006-03-31": "$1,697", "2005-12-31": "$1,723", "2005-09-30": "$1,487", "2005-06-30": "$1,478", "2005-03-31": "$1,471"}}, "total-share-holder-equity": {"International Flavors & Fragrances Annual Share Holder Equity (Millions of US $)": {"2019": "$6,230", "2018": "$6,043", "2017": "$1,689", "2016": "$1,631", "2015": "$1,595", "2014": "$1,523", "2013": "$1,467", "2012": "$1,253", "2011": "$1,107", "2010": "$1,003", "2009": "$772", "2008": "$581", "2007": "$617", "2006": "$905", "2005": "$915"}, "International Flavors & Fragrances Quarterly Share Holder Equity (Millions of US $)": {"2020-09-30": "$6,090", "2020-06-30": "$6,001", "2020-03-31": "$5,841", "2019-12-31": "$6,230", "2019-09-30": "$6,067", "2019-06-30": "$6,210", "2019-03-31": "$6,154", "2018-12-31": "$6,043", "2018-09-30": "$4,038", "2018-06-30": "$1,756", "2018-03-31": "$1,779", "2017-12-31": "$1,689", "2017-09-30": "$1,762", "2017-06-30": "$1,680", "2017-03-31": "$1,632", "2016-12-31": "$1,631", "2016-09-30": "$1,698", "2016-06-30": "$1,678", "2016-03-31": "$1,636", "2015-12-31": "$1,595", "2015-09-30": "$1,596", "2015-06-30": "$1,627", "2015-03-31": "$1,572", "2014-12-31": "$1,523", "2014-09-30": "$1,644", "2014-06-30": "$1,602", "2014-03-31": "$1,521", "2013-12-31": "$1,467", "2013-09-30": "$1,440", "2013-06-30": "$1,374", "2013-03-31": "$1,311", "2012-12-31": "$1,253", "2012-09-30": "$1,251", "2012-06-30": "$1,227", "2012-03-31": "$1,201", "2011-12-31": "$1,107", "2011-09-30": "$1,198", "2011-06-30": "$1,189", "2011-03-31": "$1,103", "2010-12-31": "$1,003", "2010-09-30": "$951", "2010-06-30": "$848", "2010-03-31": "$817", "2009-12-31": "$772", "2009-09-30": "$763", "2009-06-30": "$719", "2009-03-31": "$646", "2008-12-31": "$581", "2008-09-30": "$724", "2008-06-30": "$643", "2008-03-31": "$583", "2007-12-31": "$617", "2007-09-30": "$548", "2007-06-30": "$995", "2007-03-31": "$940", "2006-12-31": "$905", "2006-09-30": "$959", "2006-06-30": "$946", "2006-03-31": "$890", "2005-12-31": "$915", "2005-09-30": "$929", "2005-06-30": "$889", "2005-03-31": "$903"}}, "profit-margins": {"current": "7.44%"}, "gross margin": {"2020-09-30": "40.68%", "2020-06-30": "40.87%", "2020-03-31": "41.37%", "2019-12-31": "41.09%", "2019-09-30": "41.14%", "2019-06-30": "41.48%", "2019-03-31": "41.64%", "2018-12-31": "42.33%", "2018-09-30": "43.22%", "2018-06-30": "43.06%", "2018-03-31": "43.26%", "2017-12-31": "43.31%", "2017-09-30": "43.51%", "2017-06-30": "43.76%", "2017-03-31": "44.23%", "2016-12-31": "44.77%", "2016-09-30": "45.13%", "2016-06-30": "45.34%", "2016-03-31": "45.02%", "2015-12-31": "44.68%", "2015-09-30": "44.58%", "2015-06-30": "44.22%", "2015-03-31": "44.20%", "2014-12-31": "44.11%", "2014-09-30": "44.06%", "2014-06-30": "44.03%", "2014-03-31": "43.84%", "2013-12-31": "43.45%", "2013-09-30": "43.21%", "2013-06-30": "42.91%", "2013-03-31": "42.34%", "2012-12-31": "41.67%", "2012-09-30": "40.68%", "2012-06-30": "39.75%", "2012-03-31": "39.17%", "2011-12-31": "39.56%", "2011-09-30": "40.05%", "2011-06-30": "40.91%", "2011-03-31": "41.71%", "2010-12-31": "41.63%", "2010-09-30": "41.68%", "2010-06-30": "41.25%", "2010-03-31": "40.56%", "2009-12-31": "40.14%", "2009-09-30": "40.09%", "2009-06-30": "39.91%", "2009-03-31": "40.29%", "2008-12-31": "40.63%", "2008-09-30": "40.81%", "2008-06-30": "41.28%", "2008-03-31": "41.61%", "2007-12-31": "41.83%", "2007-09-30": "41.93%", "2007-06-30": "42.09%", "2007-03-31": "42.09%", "2006-12-31": "42.24%", "2006-09-30": "42.14%", "2006-06-30": "41.96%", "2006-03-31": "41.73%", "2005-12-31": "41.37%"}, "operating margin": {"2020-09-30": "11.42%", "2020-06-30": "12.11%", "2020-03-31": "13.45%", "2019-12-31": "12.96%", "2019-09-30": "12.69%", "2019-06-30": "13.10%", "2019-03-31": "13.19%", "2018-12-31": "14.68%", "2018-09-30": "16.91%", "2018-06-30": "16.79%", "2018-03-31": "17.08%", "2017-12-31": "16.27%", "2017-09-30": "15.88%", "2017-06-30": "15.57%", "2017-03-31": "16.23%", "2016-12-31": "17.75%", "2016-09-30": "18.90%", "2016-06-30": "20.05%", "2016-03-31": "19.69%", "2015-12-31": "19.48%", "2015-09-30": "19.55%", "2015-06-30": "19.36%", "2015-03-31": "19.37%", "2014-12-31": "19.20%", "2014-09-30": "18.22%", "2014-06-30": "18.05%", "2014-03-31": "17.86%", "2013-12-31": "17.51%", "2013-09-30": "17.91%", "2013-06-30": "17.84%", "2013-03-31": "17.72%", "2012-12-31": "17.22%", "2012-09-30": "15.62%", "2012-06-30": "15.41%", "2012-03-31": "14.94%", "2011-12-31": "15.35%", "2011-09-30": "16.69%", "2011-06-30": "16.65%", "2011-03-31": "16.59%", "2010-12-31": "15.90%", "2010-09-30": "16.32%", "2010-06-30": "15.40%", "2010-03-31": "15.04%", "2009-12-31": "14.65%", "2009-09-30": "13.64%", "2009-06-30": "14.18%", "2009-03-31": "14.53%", "2008-12-31": "14.90%", "2008-09-30": "15.47%", "2008-06-30": "15.49%", "2008-03-31": "15.95%", "2007-12-31": "16.12%", "2007-09-30": "16.14%", "2007-06-30": "16.19%", "2007-03-31": "15.95%", "2006-12-31": "15.70%", "2006-09-30": "14.19%", "2006-06-30": "13.62%", "2006-03-31": "13.47%", "2005-12-31": "13.39%"}, "ebitda margin": {"2020-09-30": "17.95%", "2020-06-30": "18.56%", "2020-03-31": "19.65%", "2019-12-31": "19.24%", "2019-09-30": "18.86%", "2019-06-30": "18.70%", "2019-03-31": "18.30%", "2018-12-31": "19.03%", "2018-09-30": "20.42%", "2018-06-30": "20.31%", "2018-03-31": "20.62%", "2017-12-31": "19.74%", "2017-09-30": "19.29%", "2017-06-30": "18.97%", "2017-03-31": "19.49%", "2016-12-31": "21.05%", "2016-09-30": "22.19%", "2016-06-30": "23.29%", "2016-03-31": "22.89%", "2015-12-31": "22.45%", "2015-09-30": "22.32%", "2015-06-30": "21.97%", "2015-03-31": "22.11%", "2014-12-31": "22.05%", "2014-09-30": "21.16%", "2014-06-30": "21.09%", "2014-03-31": "20.77%", "2013-12-31": "20.32%", "2013-09-30": "20.73%", "2013-06-30": "20.62%", "2013-03-31": "20.43%", "2012-12-31": "19.95%", "2012-09-30": "18.31%", "2012-06-30": "18.06%", "2012-03-31": "17.63%", "2011-12-31": "18.01%", "2011-09-30": "19.39%", "2011-06-30": "19.43%", "2011-03-31": "19.46%", "2010-12-31": "18.91%", "2010-09-30": "19.43%", "2010-06-30": "18.62%", "2010-03-31": "18.34%", "2009-12-31": "18.01%", "2009-09-30": "16.84%", "2009-06-30": "17.24%", "2009-03-31": "17.68%", "2008-12-31": "18.03%", "2008-09-30": "18.76%", "2008-06-30": "19.00%", "2008-03-31": "19.46%", "2007-12-31": "19.77%", "2007-09-30": "19.94%", "2007-06-30": "20.16%", "2007-03-31": "20.05%", "2006-12-31": "19.95%", "2006-09-30": "18.55%", "2006-06-30": "18.08%", "2006-03-31": "18.01%", "2005-12-31": "17.95%"}, "pre tax profit margin": {"2020-09-30": "9.02%", "2020-06-30": "10.03%", "2020-03-31": "11.12%", "2019-12-31": "10.86%", "2019-09-30": "10.38%", "2019-06-30": "9.99%", "2019-03-31": "9.76%", "2018-12-31": "11.26%", "2018-09-30": "13.75%", "2018-06-30": "15.00%", "2018-03-31": "15.91%", "2017-12-31": "15.77%", "2017-09-30": "15.85%", "2017-06-30": "15.45%", "2017-03-31": "16.01%", "2016-12-31": "16.78%", "2016-09-30": "17.04%", "2016-06-30": "18.09%", "2016-03-31": "17.74%", "2015-12-31": "17.82%", "2015-09-30": "18.08%", "2015-06-30": "18.00%", "2015-03-31": "18.17%", "2014-12-31": "17.78%", "2014-09-30": "16.81%", "2014-06-30": "16.73%", "2014-03-31": "16.73%", "2013-12-31": "16.46%", "2013-09-30": "16.91%", "2013-06-30": "16.69%", "2013-03-31": "16.27%", "2012-12-31": "15.73%", "2012-09-30": "14.22%", "2012-06-30": "13.84%", "2012-03-31": "13.21%", "2011-12-31": "13.41%", "2011-09-30": "14.56%", "2011-06-30": "14.56%", "2011-03-31": "14.42%", "2010-12-31": "13.72%", "2010-09-30": "13.96%", "2010-06-30": "13.02%", "2010-03-31": "12.47%", "2009-12-31": "11.86%", "2009-09-30": "10.83%", "2009-06-30": "11.07%", "2009-03-31": "11.56%", "2008-12-31": "11.88%", "2008-09-30": "12.81%", "2008-06-30": "13.04%", "2008-03-31": "13.83%", "2007-12-31": "14.54%", "2007-09-30": "14.62%", "2007-06-30": "15.37%", "2007-03-31": "15.12%", "2006-12-31": "14.94%", "2006-09-30": "13.36%", "2006-06-30": "12.42%", "2006-03-31": "12.36%", "2005-12-31": "12.34%"}, "net profit margin": {"2020-09-30": "7.45%", "2020-06-30": "8.28%", "2020-03-31": "9.09%", "2019-12-31": "8.87%", "2019-09-30": "7.59%", "2019-06-30": "7.51%", "2019-03-31": "7.30%", "2018-12-31": "8.47%", "2018-09-30": "7.86%", "2018-06-30": "8.33%", "2018-03-31": "8.82%", "2017-12-31": "8.71%", "2017-09-30": "12.58%", "2017-06-30": "12.33%", "2017-03-31": "12.75%", "2016-12-31": "13.03%", "2016-09-30": "13.20%", "2016-06-30": "13.77%", "2016-03-31": "13.49%", "2015-12-31": "13.82%", "2015-09-30": "14.00%", "2015-06-30": "13.99%", "2015-03-31": "14.06%", "2014-12-31": "13.41%", "2014-09-30": "12.59%", "2014-06-30": "12.46%", "2014-03-31": "12.32%", "2013-12-31": "11.95%", "2013-09-30": "12.38%", "2013-06-30": "9.63%", "2013-03-31": "9.30%", "2012-12-31": "9.00%", "2012-09-30": "7.54%", "2012-06-30": "9.89%", "2012-03-31": "9.44%", "2011-12-31": "9.54%", "2011-09-30": "10.74%", "2011-06-30": "10.72%", "2011-03-31": "10.59%", "2010-12-31": "10.06%", "2010-09-30": "9.89%", "2010-06-30": "9.17%", "2010-03-31": "8.76%", "2009-12-31": "8.38%", "2009-09-30": "8.64%", "2009-06-30": "8.84%", "2009-03-31": "9.39%", "2008-12-31": "9.62%", "2008-09-30": "9.48%", "2008-06-30": "9.67%", "2008-03-31": "10.40%", "2007-12-31": "10.85%", "2007-09-30": "11.09%", "2007-06-30": "11.54%", "2007-03-31": "10.98%", "2006-12-31": "10.84%", "2006-09-30": "9.50%", "2006-06-30": "9.96%", "2006-03-31": "9.84%", "2005-12-31": "9.73%"}, "pe ratio": {"current": "21.91", "2021-02-11": "40.95", "2020-09-30": "36.41", "2020-06-30": "32.48", "2020-03-31": "23.94", "2019-12-31": "31.48", "2019-09-30": "35.13", "2019-06-30": "40.80", "2019-03-31": "35.52", "2018-12-31": "30.86", "2018-09-30": "37.18", "2018-06-30": "31.03", "2018-03-31": "32.95", "2017-12-31": "38.31", "2017-09-30": "25.38", "2017-06-30": "25.16", "2017-03-31": "24.20", "2016-12-31": "21.33", "2016-09-30": "26.31", "2016-06-30": "22.24", "2016-03-31": "20.67", "2015-12-31": "21.20", "2015-09-30": "17.49", "2015-06-30": "18.41", "2015-03-31": "19.47", "2014-12-31": "17.64", "2014-09-30": "17.84", "2014-06-30": "19.77", "2014-03-31": "18.51", "2013-12-31": "17.34", "2013-09-30": "16.22", "2013-06-30": "19.12", "2013-03-31": "20.38", "2012-12-31": "18.24", "2012-09-30": "19.60", "2012-06-30": "13.67", "2012-03-31": "15.21", "2011-12-31": "13.37", "2011-09-30": "12.77", "2011-06-30": "14.71", "2011-03-31": "14.62", "2010-12-31": "13.90", "2010-09-30": "12.41", "2010-06-30": "11.88", "2010-03-31": "14.38", "2009-12-31": "13.34", "2009-09-30": "12.08", "2009-06-30": "10.07", "2009-03-31": "8.57", "2008-12-31": "8.03", "2008-09-30": "10.72", "2008-06-30": "10.66", "2008-03-31": "11.79", "2007-12-31": "12.81", "2007-09-30": "14.46", "2007-06-30": "14.20", "2007-03-31": "13.81", "2006-12-31": "14.96"}, "price sales": {"2021-02-11": "3.05", "2020-09-30": "2.71", "2020-06-30": "2.69", "2020-03-31": "2.19", "2019-12-31": "2.77", "2019-09-30": "2.48", "2019-06-30": "2.92", "2019-03-31": "2.57", "2018-12-31": "2.65", "2018-09-30": "2.91", "2018-06-30": "2.59", "2018-03-31": "2.90", "2017-12-31": "3.32", "2017-09-30": "3.19", "2017-06-30": "3.09", "2017-03-31": "3.07", "2016-12-31": "2.76", "2016-09-30": "3.40", "2016-06-30": "3.00", "2016-03-31": "2.73", "2015-12-31": "2.87", "2015-09-30": "2.44", "2015-06-30": "2.57", "2015-03-31": "2.73", "2014-12-31": "2.36", "2014-09-30": "2.24", "2014-06-30": "2.46", "2014-03-31": "2.27", "2013-12-31": "2.07", "2013-09-30": "2.00", "2013-06-30": "1.84", "2013-03-31": "1.89", "2012-12-31": "1.64", "2012-09-30": "1.48", "2012-06-30": "1.35", "2012-03-31": "1.43", "2011-12-31": "1.27", "2011-09-30": "1.36", "2011-06-30": "1.56", "2011-03-31": "1.53", "2010-12-31": "1.38", "2010-09-30": "1.22", "2010-06-30": "1.08", "2010-03-31": "1.25", "2009-12-31": "1.12", "2009-09-30": "1.04", "2009-06-30": "0.89", "2009-03-31": "0.80", "2008-12-31": "0.77", "2008-09-30": "1.03", "2008-06-30": "1.06", "2008-03-31": "1.26", "2007-12-31": "1.42", "2007-09-30": "1.60", "2007-06-30": "1.62", "2007-03-31": "1.49", "2006-12-31": "1.60"}, "price book": {"current": "2.25", "2021-02-11": "2.40", "2020-09-30": "2.14", "2020-06-30": "2.15", "2020-03-31": "1.83", "2019-12-31": "2.15", "2019-09-30": "2.09", "2019-06-30": "2.40", "2019-03-31": "2.14", "2018-12-31": "2.25", "2018-09-30": "2.99", "2018-06-30": "5.25", "2018-03-31": "5.69", "2017-12-31": "6.64", "2017-09-30": "5.94", "2017-06-30": "5.86", "2017-03-31": "5.89", "2016-12-31": "5.23", "2016-09-30": "6.08", "2016-06-30": "5.42", "2016-03-31": "5.00", "2015-12-31": "5.38", "2015-09-30": "4.64", "2015-06-30": "4.81", "2015-03-31": "5.34", "2014-12-31": "4.73", "2014-09-30": "4.15", "2014-06-30": "4.61", "2014-03-31": "4.44", "2013-12-31": "4.13", "2013-09-30": "4.02", "2013-06-30": "3.83", "2013-03-31": "4.07", "2012-12-31": "3.68", "2012-09-30": "3.28", "2012-06-30": "3.06", "2012-03-31": "3.30", "2011-12-31": "3.18", "2011-09-30": "3.14", "2011-06-30": "3.59", "2011-03-31": "3.72", "2010-12-31": "3.62", "2010-09-30": "3.31", "2010-06-30": "3.22", "2010-03-31": "3.72", "2009-12-31": "3.37", "2009-09-30": "3.12", "2009-06-30": "2.83", "2009-03-31": "2.90", "2008-12-31": "3.12", "2008-09-30": "3.29", "2008-06-30": "3.65", "2008-03-31": "4.62", "2007-12-31": "4.77", "2007-09-30": "5.87", "2007-06-30": "3.51", "2007-03-31": "3.34", "2006-12-31": "3.61", "2006-09-30": "2.73", "2006-06-30": "2.49", "2006-03-31": "2.56"}, "price fcf": {"2021-02-11": "", "2020-09-30": "$4.91", "2020-06-30": "$4.79", "2020-03-31": "$4.27", "2019-12-31": "$4.46", "2019-09-30": "$4.16", "2019-06-30": "$4.08", "2019-03-31": "$3.63", "2018-12-31": "$3.13", "2018-09-30": "$3.18", "2018-06-30": "$3.20", "2018-03-31": "$3.04", "2017-12-31": "$3.50", "2017-09-30": "$3.49", "2017-06-30": "$3.88", "2017-03-31": "$5.05", "2016-12-31": "$5.38", "2016-09-30": "$5.16", "2016-06-30": "$4.64", "2016-03-31": "$4.65", "2015-12-31": "$4.58", "2015-09-30": "$4.79", "2015-06-30": "$5.07", "2015-03-31": "$4.77", "2014-12-31": "$4.64", "2014-09-30": "$4.11", "2014-06-30": "$3.95", "2014-03-31": "$3.84", "2013-12-31": "$3.67", "2013-09-30": "$4.07", "2013-06-30": "$2.34", "2013-03-31": "$2.01", "2012-12-31": "$2.44", "2012-09-30": "$0.90", "2012-06-30": "$2.29", "2012-03-31": "$1.73", "2011-12-31": "$0.77", "2011-09-30": "$1.19", "2011-06-30": "$0.94", "2011-03-31": "$1.70", "2010-12-31": "$2.62", "2010-09-30": "$2.65", "2010-06-30": "$3.13", "2010-03-31": "$3.38", "2009-12-31": "$2.87", "2009-09-30": "$2.77", "2009-06-30": "$1.98", "2009-03-31": "$1.51", "2008-12-31": "$1.73", "2008-09-30": "$2.10", "2008-06-30": "$2.55", "2008-03-31": "$2.85", "2007-12-31": "$2.84", "2007-09-30": "$1.88", "2007-06-30": "$2.20", "2007-03-31": "$1.99", "2006-12-31": "$2.44"}, "net worth": {"value": "$13.68B"}, "current ratio": {"current": "1.82", "2020-09-30": "1.82", "2020-06-30": "2.24", "2020-03-31": "1.98", "2019-12-31": "1.90", "2019-09-30": "2.05", "2019-06-30": "2.60", "2019-03-31": "2.56", "2018-12-31": "2.61", "2018-09-30": "9.16", "2018-06-30": "2.90", "2018-03-31": "2.75", "2017-12-31": "2.47", "2017-09-30": "2.66", "2017-06-30": "2.32", "2017-03-31": "1.74", "2016-12-31": "1.79", "2016-09-30": "2.17", "2016-06-30": "2.80", "2016-03-31": "2.65", "2015-12-31": "1.98", "2015-09-30": "2.38", "2015-06-30": "3.29", "2015-03-31": "3.60", "2014-12-31": "3.30", "2014-09-30": "3.31", "2014-06-30": "3.51", "2014-03-31": "3.24", "2013-12-31": "2.95", "2013-09-30": "3.21", "2013-06-30": "2.88", "2013-03-31": "2.84", "2012-12-31": "2.50", "2012-09-30": "2.13", "2012-06-30": "2.69", "2012-03-31": "2.58", "2011-12-31": "2.33", "2011-09-30": "2.41", "2011-06-30": "2.29", "2011-03-31": "2.19", "2010-12-31": "2.01", "2010-09-30": "2.06", "2010-06-30": "2.47", "2010-03-31": "2.46", "2009-12-31": "2.33", "2009-09-30": "3.34", "2009-06-30": "2.91", "2009-03-31": "3.04", "2008-12-31": "2.67", "2008-09-30": "2.95", "2008-06-30": "2.36", "2008-03-31": "2.28", "2007-12-31": "2.13", "2007-09-30": "2.70", "2007-06-30": "3.28", "2007-03-31": "3.26", "2006-12-31": "2.42", "2006-09-30": "1.54", "2006-06-30": "1.41", "2006-03-31": "0.98", "2005-12-31": "0.99", "2005-09-30": "1.04", "2005-06-30": "1.05", "2005-03-31": "2.36"}, "quick ratio": {"2020-09-30": "1.11", "2020-06-30": "1.37", "2020-03-31": "1.22", "2019-12-31": "1.17", "2019-09-30": "1.26", "2019-06-30": "1.59", "2019-03-31": "1.58", "2018-12-31": "1.65", "2018-09-30": "8.21", "2018-06-30": "1.90", "2018-03-31": "1.79", "2017-12-31": "1.62", "2017-09-30": "1.77", "2017-06-30": "1.59", "2017-03-31": "1.12", "2016-12-31": "1.13", "2016-09-30": "1.49", "2016-06-30": "1.95", "2016-03-31": "1.81", "2015-12-31": "1.19", "2015-09-30": "1.53", "2015-06-30": "2.22", "2015-03-31": "2.50", "2014-12-31": "2.20", "2014-09-30": "2.24", "2014-06-30": "2.32", "2014-03-31": "2.10", "2013-12-31": "2.00", "2013-09-30": "2.18", "2013-06-30": "1.98", "2013-03-31": "1.89", "2012-12-31": "1.64", "2012-09-30": "1.29", "2012-06-30": "1.63", "2012-03-31": "1.52", "2011-12-31": "1.37", "2011-09-30": "1.48", "2011-06-30": "1.39", "2011-03-31": "1.31", "2010-12-31": "1.20", "2010-09-30": "1.28", "2010-06-30": "1.55", "2010-03-31": "1.52", "2009-12-31": "1.41", "2009-09-30": "2.12", "2009-06-30": "1.83", "2009-03-31": "1.73", "2008-12-31": "1.60", "2008-09-30": "1.74", "2008-06-30": "1.39", "2008-03-31": "1.29", "2007-12-31": "1.24", "2007-09-30": "1.57", "2007-06-30": "1.99", "2007-03-31": "1.96", "2006-12-31": "1.42", "2006-09-30": "0.95", "2006-06-30": "0.78", "2006-03-31": "0.61", "2005-12-31": "0.63", "2005-09-30": "0.57", "2005-06-30": "0.59", "2005-03-31": "1.29"}, "debt equity ratio": {"current": "0.64", "2020-09-30": "1.15", "2020-06-30": "1.17", "2020-03-31": "1.17", "2019-12-31": "1.13", "2019-09-30": "1.14", "2019-06-30": "1.15", "2019-03-31": "1.15", "2018-12-31": "1.13", "2018-09-30": "1.38", "2018-06-30": "1.66", "2018-03-31": "1.63", "2017-12-31": "1.72", "2017-09-30": "1.57", "2017-06-30": "1.75", "2017-03-31": "1.61", "2016-12-31": "1.46", "2016-09-30": "1.41", "2016-06-30": "1.48", "2016-03-31": "1.55", "2015-12-31": "1.32", "2015-09-30": "1.45", "2015-06-30": "1.25", "2015-03-31": "1.23", "2014-12-31": "1.30", "2014-09-30": "1.12", "2014-06-30": "1.12", "2014-03-31": "1.18", "2013-12-31": "1.27", "2013-09-30": "1.31", "2013-06-30": "1.41", "2013-03-31": "1.44", "2012-12-31": "1.59", "2012-09-30": "1.45", "2012-06-30": "1.47", "2012-03-31": "1.51", "2011-12-31": "1.68", "2011-09-30": "1.46", "2011-06-30": "1.53", "2011-03-31": "1.67", "2010-12-31": "1.86", "2010-09-30": "2.01", "2010-06-30": "2.22", "2010-03-31": "2.28", "2009-12-31": "2.43", "2009-09-30": "2.66", "2009-06-30": "2.86", "2009-03-31": "3.06", "2008-12-31": "3.74", "2008-09-30": "2.83", "2008-06-30": "3.38", "2008-03-31": "3.70", "2007-12-31": "3.42", "2007-09-30": "3.63", "2007-06-30": "1.56", "2007-03-31": "1.66", "2006-12-31": "1.74", "2006-09-30": "1.69", "2006-06-30": "1.59", "2006-03-31": "1.91", "2005-12-31": "1.88", "2005-09-30": "1.60", "2005-06-30": "1.66", "2005-03-31": "1.63"}, "return on equity": {"2020-09-30": "6.29%", "2020-06-30": "6.99%", "2020-03-31": "7.75%", "2019-12-31": "7.40%", "2019-09-30": "6.29%", "2019-06-30": "6.31%", "2019-03-31": "7.05%", "2018-12-31": "9.90%", "2018-09-30": "12.27%", "2018-06-30": "17.06%", "2018-03-31": "17.89%", "2017-12-31": "17.51%", "2017-09-30": "24.82%", "2017-06-30": "23.85%", "2017-03-31": "24.28%", "2016-12-31": "24.45%", "2016-09-30": "24.52%", "2016-06-30": "25.89%", "2016-03-31": "25.35%", "2015-12-31": "26.17%", "2015-09-30": "27.16%", "2015-06-30": "27.02%", "2015-03-31": "27.44%", "2014-12-31": "26.33%", "2014-09-30": "24.70%", "2014-06-30": "25.01%", "2014-03-31": "25.44%", "2013-12-31": "25.25%", "2013-09-30": "26.78%", "2013-06-30": "21.35%", "2013-03-31": "20.94%", "2012-12-31": "20.60%", "2012-09-30": "17.55%", "2012-06-30": "23.33%", "2012-03-31": "22.41%", "2011-12-31": "23.15%", "2011-09-30": "26.53%", "2011-06-30": "27.60%", "2011-03-31": "29.09%", "2010-12-31": "29.18%", "2010-09-30": "30.11%", "2010-06-30": "28.88%", "2010-03-31": "27.61%", "2009-12-31": "26.90%", "2009-09-30": "29.09%", "2009-06-30": "30.26%", "2009-03-31": "34.08%", "2008-12-31": "36.35%", "2008-09-30": "35.53%", "2008-06-30": "38.31%", "2008-03-31": "35.00%", "2007-12-31": "31.87%", "2007-09-30": "29.28%", "2007-06-30": "26.64%", "2007-03-31": "25.17%", "2006-12-31": "24.54%", "2006-09-30": "20.92%", "2006-06-30": "21.63%", "2006-03-31": "21.53%", "2005-12-31": "21.34%"}, "return on assets": {"2020-09-30": "2.92%", "2020-06-30": "3.25%", "2020-03-31": "3.61%", "2019-12-31": "3.45%", "2019-09-30": "2.94%", "2019-06-30": "2.89%", "2019-03-31": "3.14%", "2018-12-31": "4.23%", "2018-09-30": "4.82%", "2018-06-30": "6.45%", "2018-03-31": "6.71%", "2017-12-31": "6.58%", "2017-09-30": "9.56%", "2017-06-30": "9.33%", "2017-03-31": "9.76%", "2016-12-31": "9.88%", "2016-09-30": "10.05%", "2016-06-30": "10.57%", "2016-03-31": "10.60%", "2015-12-31": "11.32%", "2015-09-30": "11.78%", "2015-06-30": "12.17%", "2015-03-31": "12.54%", "2014-12-31": "12.09%", "2014-09-30": "11.38%", "2014-06-30": "11.27%", "2014-03-31": "11.11%", "2013-12-31": "10.72%", "2013-09-30": "11.01%", "2013-06-30": "8.65%", "2013-03-31": "8.43%", "2012-12-31": "8.23%", "2012-09-30": "6.96%", "2012-06-30": "9.23%", "2012-03-31": "8.81%", "2011-12-31": "8.96%", "2011-09-30": "10.12%", "2011-06-30": "10.02%", "2011-03-31": "9.96%", "2010-12-31": "9.48%", "2010-09-30": "9.35%", "2010-06-30": "8.52%", "2010-03-31": "7.79%", "2009-12-31": "7.20%", "2009-09-30": "7.20%", "2009-06-30": "7.40%", "2009-03-31": "8.06%", "2008-12-31": "8.30%", "2008-09-30": "8.24%", "2008-06-30": "8.47%", "2008-03-31": "9.10%", "2007-12-31": "9.59%", "2007-09-30": "9.86%", "2007-06-30": "10.01%", "2007-03-31": "9.43%", "2006-12-31": "8.99%", "2006-09-30": "7.56%", "2006-06-30": "7.89%", "2006-03-31": "7.79%", "2005-12-31": "7.92%"}, "return on investments": {"2020-09-30": "5.79%", "2020-06-30": "6.13%", "2020-03-31": "6.86%", "2019-12-31": "6.42%", "2019-09-30": "6.16%", "2019-06-30": "6.16%", "2019-03-31": "6.95%", "2018-12-31": "9.04%", "2018-09-30": "13.13%", "2018-06-30": "17.63%", "2018-03-31": "17.74%", "2017-12-31": "17.22%", "2017-09-30": "17.18%", "2017-06-30": "17.18%", "2017-03-31": "18.06%", "2016-12-31": "19.15%", "2016-09-30": "20.39%", "2016-06-30": "21.84%", "2016-03-31": "22.10%", "2015-12-31": "22.86%", "2015-09-30": "23.41%", "2015-06-30": "23.43%", "2015-03-31": "23.78%", "2014-12-31": "23.67%", "2014-09-30": "22.36%", "2014-06-30": "22.37%", "2014-03-31": "22.45%", "2013-12-31": "22.22%", "2013-09-30": "23.05%", "2013-06-30": "23.87%", "2013-03-31": "24.26%", "2012-12-31": "24.16%", "2012-09-30": "22.32%", "2012-06-30": "21.98%", "2012-03-31": "21.40%", "2011-12-31": "22.27%", "2011-09-30": "24.39%", "2011-06-30": "24.60%", "2011-03-31": "24.63%", "2010-12-31": "23.54%", "2010-09-30": "24.05%", "2010-06-30": "21.68%", "2010-03-31": "20.12%", "2009-12-31": "18.80%", "2009-09-30": "17.08%", "2009-06-30": "17.95%", "2009-03-31": "19.35%", "2008-12-31": "20.47%", "2008-09-30": "21.57%", "2008-06-30": "21.83%", "2008-03-31": "21.67%", "2007-12-31": "21.34%", "2007-09-30": "20.93%", "2007-06-30": "21.25%", "2007-03-31": "21.91%", "2006-12-31": "23.74%", "2006-09-30": "23.70%", "2006-06-30": "24.21%", "2006-03-31": "25.67%", "2005-12-31": "22.71%"}, "return on tangible equity": {"2020-09-30": "-18.39%", "2020-06-30": "-20.10%", "2020-03-31": "-21.93%", "2019-12-31": "-20.82%", "2019-09-30": "-17.09%", "2019-06-30": "-32.41%", "2019-03-31": "-66.32%", "2018-12-31": "249.17%", "2018-09-30": "37.47%", "2018-06-30": "166.25%", "2018-03-31": "202.62%", "2017-12-31": "222.56%", "2017-09-30": "244.71%", "2017-06-30": "163.81%", "2017-03-31": "123.34%", "2016-12-31": "103.57%", "2016-09-30": "98.12%", "2016-06-30": "110.79%", "2016-03-31": "91.45%", "2015-12-31": "75.01%", "2015-09-30": "64.71%", "2015-06-30": "53.73%", "2015-03-31": "52.27%", "2014-12-31": "50.66%", "2014-09-30": "47.11%", "2014-06-30": "48.32%", "2014-03-31": "50.03%", "2013-12-31": "50.46%", "2013-09-30": "55.88%", "2013-06-30": "46.52%", "2013-03-31": "47.40%", "2012-12-31": "48.11%", "2012-09-30": "42.84%", "2012-06-30": "58.01%", "2012-03-31": "56.59%", "2011-12-31": "60.63%", "2011-09-30": "72.46%", "2011-06-30": "84.26%", "2011-03-31": "108.71%", "2010-12-31": "140.24%", "2010-09-30": "198.06%", "2010-06-30": "287.85%", "2010-03-31": "455.91%", "2009-12-31": "9750.00%", "2009-09-30": "-416.93%", "2009-06-30": "-345.30%", "2009-03-31": "-278.86%", "2008-12-31": "-238.96%", "2008-09-30": "-256.90%", "2008-06-30": "-170.26%", "2008-03-31": "-492.31%", "2007-12-31": "658.67%", "2007-09-30": "233.41%", "2007-06-30": "124.94%", "2007-03-31": "128.44%", "2006-12-31": "137.78%", "2006-09-30": "120.68%", "2006-06-30": "133.78%", "2006-03-31": "150.00%", "2005-12-31": "150.39%"}, "dividend yield history": {"last payout": "$3.08", "last yield": "2.41%"}}