{"ticker": "ILMN", "price": {"title": "Illumina Historical Annual Stock Price Data", "value": 451.22, "historical": {"2020": {"Average Stock Price": "325.3142", "Year Open": "327.0000", "Year High": "400.7400", "Year Low": "209.2000", "Year Close": "370.0000", "Annual % Change": "11.53%"}, "2019": {"Average Stock Price": "309.8041", "Year Open": "294.5200", "Year High": "378.2300", "Year Low": "266.8400", "Year Close": "331.7400", "Annual % Change": "10.61%"}, "2018": {"Average Stock Price": "286.5595", "Year Open": "224.0300", "Year High": "367.0600", "Year Low": "209.5400", "Year Close": "299.9300", "Annual % Change": "37.27%"}, "2017": {"Average Stock Price": "185.7857", "Year Open": "131.1300", "Year High": "230.0300", "Year Low": "131.1300", "Year Close": "218.4900", "Annual % Change": "70.64%"}, "2016": {"Average Stock Price": "151.5358", "Year Open": "181.2800", "Year High": "186.1700", "Year Low": "122.0200", "Year Close": "128.0400", "Annual % Change": "-33.29%"}, "2015": {"Average Stock Price": "191.9747", "Year Open": "185.4200", "Year High": "240.0200", "Year Low": "140.1700", "Year Close": "191.9450", "Annual % Change": "3.99%"}, "2014": {"Average Stock Price": "164.5656", "Year Open": "110.3400", "Year High": "194.3300", "Year Low": "108.6100", "Year Close": "184.5800", "Annual % Change": "66.90%"}, "2013": {"Average Stock Price": "72.8981", "Year Open": "55.4200", "Year High": "110.5900", "Year Low": "48.3600", "Year Close": "110.5900", "Annual % Change": "98.94%"}, "2012": {"Average Stock Price": "46.2589", "Year Open": "31.7300", "Year High": "56.3900", "Year Low": "31.4300", "Year Close": "55.5900", "Annual % Change": "82.38%"}, "2011": {"Average Stock Price": "56.3635", "Year Open": "64.3400", "Year High": "77.8800", "Year Low": "25.9600", "Year Close": "30.4800", "Annual % Change": "-51.88%"}, "2010": {"Average Stock Price": "45.4461", "Year Open": "30.5500", "Year High": "65.5000", "Year Low": "30.3500", "Year Close": "63.3400", "Annual % Change": "106.45%"}, "2009": {"Average Stock Price": "34.5958", "Year Open": "26.8500", "Year High": "43.7400", "Year Low": "23.4300", "Year Close": "30.6800", "Annual % Change": "17.77%"}, "2008": {"Average Stock Price": "35.7914", "Year Open": "29.7800", "Year High": "47.0450", "Year Low": "19.8300", "Year Close": "26.0500", "Annual % Change": "-12.08%"}, "2007": {"Average Stock Price": "21.6625", "Year Open": "19.2050", "Year High": "31.1900", "Year Low": "14.4300", "Year Close": "29.6300", "Annual % Change": "50.75%"}, "2006": {"Average Stock Price": "15.5177", "Year Open": "7.4050", "Year High": "22.8450", "Year Low": "7.4050", "Year Close": "19.6550", "Annual % Change": "178.79%"}, "2005": {"Average Stock Price": "5.8197", "Year Open": "4.6350", "Year High": "8.3400", "Year Low": "3.3850", "Year Close": "7.0500", "Annual % Change": "48.73%"}, "2004": {"Average Stock Price": "3.4494", "Year Open": "3.5350", "Year High": "4.8500", "Year Low": "2.1400", "Year Close": "4.7400", "Annual % Change": "34.47%"}, "2003": {"Average Stock Price": "1.9504", "Year Open": "1.6400", "Year High": "4.2500", "Year Low": "0.9000", "Year Close": "3.5250", "Annual % Change": "109.20%"}, "2002": {"Average Stock Price": "2.9803", "Year Open": "5.6250", "Year High": "6.1700", "Year Low": "1.4550", "Year Close": "1.6850", "Annual % Change": "-71.34%"}, "2001": {"Average Stock Price": "5.3563", "Year Open": "7.6250", "Year High": "10.8750", "Year Low": "2.9375", "Year Close": "5.8800", "Annual % Change": "-26.77%"}, "2000": {"Average Stock Price": "16.7712", "Year Open": "19.5850", "Year High": "23.3150", "Year Low": "8.0000", "Year Close": "8.0300", "Annual % Change": "0.00%"}}}, "market cap": {"value": "$66.14B"}, "income statement": {"Revenue": {"2019-12-31": "3543.00000", "2018-12-31": "3333.00000", "2017-12-31": "2752.00000", "2016-12-31": "2398.00000", "2015-12-31": "2220.00000", "2014-12-31": "1861.35800", "2013-12-31": "1421.17800", "2012-12-31": "1148.51600", "2011-12-31": "1055.53500", "2010-12-31": "902.74100", "2009-12-31": "666.32400", "2008-12-31": "573.22500", "2007-12-31": "366.79900", "2006-12-31": "184.58600", "2005-12-31": "73.50100"}, "Cost Of Goods Sold": {"2019-12-31": "1076.00000", "2018-12-31": "1033.00000", "2017-12-31": "926.00000", "2016-12-31": "732.00000", "2015-12-31": "671.00000", "2014-12-31": "563.64800", "2013-12-31": "509.29100", "2012-12-31": "374.98800", "2011-12-31": "346.43700", "2010-12-31": "301.20100", "2009-12-31": "212.44900", "2008-12-31": "220.13100", "2007-12-31": "134.86500", "2006-12-31": "59.34400", "2005-12-31": "23.18100"}, "Gross Profit": {"2019-12-31": "2467.00000", "2018-12-31": "2300.00000", "2017-12-31": "1826.00000", "2016-12-31": "1666.00000", "2015-12-31": "1549.00000", "2014-12-31": "1297.71000", "2013-12-31": "911.88700", "2012-12-31": "773.52800", "2011-12-31": "709.09800", "2010-12-31": "601.54000", "2009-12-31": "453.87500", "2008-12-31": "353.09400", "2007-12-31": "231.93400", "2006-12-31": "125.24200", "2005-12-31": "50.32000"}, "Research And Development Expenses": {"2019-12-31": "647.00000", "2018-12-31": "623.00000", "2017-12-31": "546.00000", "2016-12-31": "504.00000", "2015-12-31": "401.00000", "2014-12-31": "388.05500", "2013-12-31": "276.74300", "2012-12-31": "231.02500", "2011-12-31": "196.91300", "2010-12-31": "177.94700", "2009-12-31": "140.61600", "2008-12-31": "99.96300", "2007-12-31": "73.94300", "2006-12-31": "33.37300", "2005-12-31": "27.80900"}, "SG&A Expenses": {"2019-12-31": "835.00000", "2018-12-31": "794.00000", "2017-12-31": "674.00000", "2016-12-31": "584.00000", "2015-12-31": "516.00000", "2014-12-31": "466.28300", "2013-12-31": "381.04000", "2012-12-31": "285.99100", "2011-12-31": "261.84300", "2010-12-31": "220.45400", "2009-12-31": "176.33700", "2008-12-31": "148.01400", "2007-12-31": "101.25600", "2006-12-31": "54.05700", "2005-12-31": "28.15800"}, "Other Operating Income Or Expenses": {"2019-12-31": "", "2018-12-31": "", "2017-12-31": "", "2016-12-31": "", "2015-12-31": "", "2014-12-31": "-2.99900", "2013-12-31": "-4.62800", "2012-12-31": "-52.23800", "2011-12-31": "-42.74500", "2010-12-31": "8.51500", "2009-12-31": "-11.32500", "2008-12-31": "0.00000", "2007-12-31": "-54.53600", "2006-12-31": "", "2005-12-31": ""}, "Operating Expenses": {"2019-12-31": "2558.00000", "2018-12-31": "2450.00000", "2017-12-31": "2146.00000", "2016-12-31": "1811.00000", "2015-12-31": "1607.00000", "2014-12-31": "1346.64700", "2013-12-31": "1287.07100", "2012-12-31": "947.76400", "2011-12-31": "856.07400", "2010-12-31": "691.08700", "2009-12-31": "540.72700", "2008-12-31": "492.76800", "2007-12-31": "668.00000", "2006-12-31": "146.77400", "2005-12-31": "94.94800"}, "Operating Income": {"2019-12-31": "985.00000", "2018-12-31": "883.00000", "2017-12-31": "606.00000", "2016-12-31": "587.00000", "2015-12-31": "613.00000", "2014-12-31": "514.71110", "2013-12-31": "134.10680", "2012-12-31": "200.75200", "2011-12-31": "199.46110", "2010-12-31": "211.65410", "2009-12-31": "125.59700", "2008-12-31": "80.45700", "2007-12-31": "-301.20100", "2006-12-31": "37.81200", "2005-12-31": "-21.44700"}, "Total Non-Operating Income/Expense": {"2019-12-31": "133.00000", "2018-12-31": "11.00000", "2017-12-31": "437.00000", "2016-12-31": "-26.00000", "2015-12-31": "-30.00000", "2014-12-31": "-65.95300", "2013-12-31": "25.20700", "2012-12-31": "21.85600", "2011-12-31": "-66.41600", "2010-12-31": "-26.27500", "2009-12-31": "-11.47200", "2008-12-31": "-7.77000", "2007-12-31": "-2.31900", "2006-12-31": "4.80800", "2005-12-31": "0.73600"}, "Pre-Tax Income": {"2019-12-31": "1118.00000", "2018-12-31": "894.00000", "2017-12-31": "1043.00000", "2016-12-31": "561.00000", "2015-12-31": "583.00000", "2014-12-31": "448.75800", "2013-12-31": "159.31400", "2012-12-31": "222.60800", "2011-12-31": "133.04500", "2010-12-31": "185.37900", "2009-12-31": "114.12500", "2008-12-31": "72.68700", "2007-12-31": "-303.52000", "2006-12-31": "42.62000", "2005-12-31": "-20.71100"}, "Income Taxes": {"2019-12-31": "128.00000", "2018-12-31": "112.00000", "2017-12-31": "365.00000", "2016-12-31": "133.00000", "2015-12-31": "125.00000", "2014-12-31": "95.40700", "2013-12-31": "34.00600", "2012-12-31": "71.35400", "2011-12-31": "46.41700", "2010-12-31": "60.48800", "2009-12-31": "41.84400", "2008-12-31": "33.27100", "2007-12-31": "-16.21500", "2006-12-31": "2.65200", "2005-12-31": "0.16300"}, "Income After Taxes": {"2019-12-31": "990.00000", "2018-12-31": "782.00000", "2017-12-31": "678.00000", "2016-12-31": "428.00000", "2015-12-31": "458.00000", "2014-12-31": "353.35100", "2013-12-31": "125.30800", "2012-12-31": "151.25400", "2011-12-31": "86.62800", "2010-12-31": "124.89100", "2009-12-31": "72.28100", "2008-12-31": "39.41600", "2007-12-31": "-287.30500", "2006-12-31": "39.96800", "2005-12-31": "-20.87400"}, "Other Income": {"2019-12-31": "", "2018-12-31": "", "2017-12-31": "", "2016-12-31": "", "2015-12-31": "", "2014-12-31": "", "2013-12-31": "", "2012-12-31": "", "2011-12-31": "", "2010-12-31": "", "2009-12-31": "", "2008-12-31": "", "2007-12-31": "", "2006-12-31": "", "2005-12-31": ""}, "Income From Continuous Operations": {"2019-12-31": "990.00000", "2018-12-31": "782.00000", "2017-12-31": "678.00000", "2016-12-31": "428.00000", "2015-12-31": "458.00000", "2014-12-31": "353.35100", "2013-12-31": "125.30800", "2012-12-31": "151.25400", "2011-12-31": "86.62800", "2010-12-31": "124.89100", "2009-12-31": "72.28100", "2008-12-31": "39.41600", "2007-12-31": "-287.30500", "2006-12-31": "39.96800", "2005-12-31": "-20.87400"}, "Income From Discontinued Operations": {"2019-12-31": "", "2018-12-31": "", "2017-12-31": "", "2016-12-31": "", "2015-12-31": "", "2014-12-31": "", "2013-12-31": "", "2012-12-31": "", "2011-12-31": "", "2010-12-31": "", "2009-12-31": "", "2008-12-31": "", "2007-12-31": "", "2006-12-31": "", "2005-12-31": ""}, "Net Income": {"2019-12-31": "1002.00000", "2018-12-31": "826.00000", "2017-12-31": "726.00000", "2016-12-31": "463.00000", "2015-12-31": "462.00000", "2014-12-31": "353.35100", "2013-12-31": "125.30800", "2012-12-31": "151.25400", "2011-12-31": "86.62800", "2010-12-31": "124.89100", "2009-12-31": "72.28100", "2008-12-31": "39.41600", "2007-12-31": "-287.30500", "2006-12-31": "39.96800", "2005-12-31": "-20.87400"}, "EBITDA": {"2019-12-31": "1219.00000", "2018-12-31": "1103.00000", "2017-12-31": "792.00000", "2016-12-31": "758.00000", "2015-12-31": "779.00000", "2014-12-31": "665.35410", "2013-12-31": "268.26880", "2012-12-31": "301.07500", "2011-12-31": "300.82600", "2010-12-31": "275.07010", "2009-12-31": "177.06700", "2008-12-31": "127.06300", "2007-12-31": "-271.97300", "2006-12-31": "43.46900", "2005-12-31": "-18.01200"}, "EBIT": {"2019-12-31": "985.00000", "2018-12-31": "883.00000", "2017-12-31": "606.00000", "2016-12-31": "587.00000", "2015-12-31": "613.00000", "2014-12-31": "514.71110", "2013-12-31": "134.10680", "2012-12-31": "200.75200", "2011-12-31": "199.46110", "2010-12-31": "211.65410", "2009-12-31": "125.59700", "2008-12-31": "80.45700", "2007-12-31": "-301.20100", "2006-12-31": "37.81200", "2005-12-31": "-21.44700"}, "Basic Shares Outstanding": {"2019-12-31": "147.00000", "2018-12-31": "147.00000", "2017-12-31": "146.00000", "2016-12-31": "147.00000", "2015-12-31": "145.00000", "2014-12-31": "135.55300", "2013-12-31": "125.07600", "2012-12-31": "122.99900", "2011-12-31": "123.39900", "2010-12-31": "123.58100", "2009-12-31": "123.15400", "2008-12-31": "116.85500", "2007-12-31": "108.30800", "2006-12-31": "89.00200", "2005-12-31": "80.29400"}, "Shares Outstanding": {"2019-12-31": "149.00000", "2018-12-31": "149.00000", "2017-12-31": "148.00000", "2016-12-31": "148.00000", "2015-12-31": "149.00000", "2014-12-31": "148.97700", "2013-12-31": "139.93600", "2012-12-31": "133.69300", "2011-12-31": "138.93700", "2010-12-31": "143.43300", "2009-12-31": "137.09600", "2008-12-31": "133.60700", "2007-12-31": "108.30800", "2006-12-31": "97.50800", "2005-12-31": "80.29400"}, "Basic EPS": {"2019-12-31": "6.81000", "2018-12-31": "5.63000", "2017-12-31": "4.96000", "2016-12-31": "3.09000", "2015-12-31": "3.19000", "2014-12-31": "2.61000", "2013-12-31": "1.00000", "2012-12-31": "1.23000", "2011-12-31": "0.70000", "2010-12-31": "1.01000", "2009-12-31": "0.59000", "2008-12-31": "0.34000", "2007-12-31": "-2.65000", "2006-12-31": "0.45000", "2005-12-31": "-0.26000"}, "EPS - Earnings Per Share": {"2019-12-31": "6.74000", "2018-12-31": "5.56000", "2017-12-31": "4.92000", "2016-12-31": "3.07000", "2015-12-31": "3.10000", "2014-12-31": "2.37000", "2013-12-31": "0.90000", "2012-12-31": "1.13000", "2011-12-31": "0.62000", "2010-12-31": "0.87000", "2009-12-31": "0.53000", "2008-12-31": "0.30000", "2007-12-31": "-2.65000", "2006-12-31": "0.41000", "2005-12-31": "-0.26000"}}, "income statement, quarterly": {"Revenue": {"2020-09-30": "794.00000", "2020-06-30": "633.00000", "2020-03-31": "859.00000", "2019-12-31": "952.00000", "2019-09-30": "907.00000", "2019-06-30": "838.00000", "2019-03-31": "846.00000", "2018-12-31": "868.00000", "2018-09-30": "853.00000", "2018-06-30": "830.00000", "2018-03-31": "782.00000", "2017-12-31": "778.00000", "2017-09-30": "714.00000", "2017-06-30": "662.00000", "2017-03-31": "598.00000", "2016-12-31": "619.00000", "2016-09-30": "607.00000", "2016-06-30": "600.00000", "2016-03-31": "572.00000", "2015-12-31": "591.78610", "2015-09-30": "550.27100", "2015-06-30": "539.37800", "2015-03-31": "538.56500", "2014-12-31": "512.37900", "2014-09-30": "480.63000", "2014-06-30": "447.56800", "2014-03-31": "420.78100", "2013-12-31": "387.32590", "2013-09-30": "356.80000", "2013-06-30": "346.09400", "2013-03-31": "330.95800", "2012-12-31": "309.26500", "2012-09-30": "285.87400", "2012-06-30": "280.60700", "2012-03-31": "272.77000", "2011-12-31": "250.07100", "2011-09-30": "235.49900", "2011-06-30": "287.45000", "2011-03-31": "282.51500", "2010-12-31": "261.29800", "2010-09-30": "237.30900", "2010-06-30": "212.00300", "2010-03-31": "192.13100", "2009-12-31": "180.56400", "2009-09-30": "158.36000", "2009-06-30": "161.64300", "2009-03-31": "165.75700", "2008-12-31": "160.92700", "2008-09-30": "150.26000", "2008-06-30": "140.17700", "2008-03-31": "121.86100", "2007-12-31": "112.60400", "2007-09-30": "97.51000", "2007-06-30": "84.53500", "2007-03-31": "72.15000", "2006-12-31": "60.43500", "2006-09-30": "53.47200", "2006-06-30": "41.57700", "2006-03-31": "29.10200", "2005-12-31": "23.01300", "2005-09-30": "19.51600", "2005-06-30": "15.82400", "2005-03-31": "15.14800"}, "Cost Of Goods Sold": {"2020-09-30": "268.00000", "2020-06-30": "205.00000", "2020-03-31": "240.00000", "2019-12-31": "290.00000", "2019-09-30": "259.00000", "2019-06-30": "265.00000", "2019-03-31": "262.00000", "2018-12-31": "278.00000", "2018-09-30": "256.00000", "2018-06-30": "255.00000", "2018-03-31": "244.00000", "2017-12-31": "236.00000", "2017-09-30": "232.00000", "2017-06-30": "228.00000", "2017-03-31": "230.00000", "2016-12-31": "200.00000", "2016-09-30": "181.00000", "2016-06-30": "176.00000", "2016-03-31": "175.00000", "2015-12-31": "181.71700", "2015-09-30": "162.73200", "2015-06-30": "163.01300", "2015-03-31": "163.53800", "2014-12-31": "127.44200", "2014-09-30": "146.68900", "2014-06-30": "147.02800", "2014-03-31": "142.48900", "2013-12-31": "128.08000", "2013-09-30": "146.86000", "2013-06-30": "122.68500", "2013-03-31": "111.66600", "2012-12-31": "105.61800", "2012-09-30": "90.00100", "2012-06-30": "87.61000", "2012-03-31": "91.75900", "2011-12-31": "79.48500", "2011-09-30": "78.38400", "2011-06-30": "94.09400", "2011-03-31": "94.47400", "2010-12-31": "95.17200", "2010-09-30": "80.16400", "2010-06-30": "65.91200", "2010-03-31": "59.95300", "2009-12-31": "55.03800", "2009-09-30": "51.23400", "2009-06-30": "50.48500", "2009-03-31": "55.69200", "2008-12-31": "57.30600", "2008-09-30": "57.13200", "2008-06-30": "57.19700", "2008-03-31": "48.49600", "2007-12-31": "40.76000", "2007-09-30": "37.74000", "2007-06-30": "30.80300", "2007-03-31": "25.56200", "2006-12-31": "20.11900", "2006-09-30": "16.35600", "2006-06-30": "13.57600", "2006-03-31": "9.29300", "2005-12-31": "7.24900", "2005-09-30": "6.59900", "2005-06-30": "4.73400", "2005-03-31": "4.59900"}, "Gross Profit": {"2020-09-30": "526.00000", "2020-06-30": "428.00000", "2020-03-31": "619.00000", "2019-12-31": "662.00000", "2019-09-30": "648.00000", "2019-06-30": "573.00000", "2019-03-31": "584.00000", "2018-12-31": "590.00000", "2018-09-30": "597.00000", "2018-06-30": "575.00000", "2018-03-31": "538.00000", "2017-12-31": "542.00000", "2017-09-30": "482.00000", "2017-06-30": "434.00000", "2017-03-31": "368.00000", "2016-12-31": "419.00000", "2016-09-30": "426.00000", "2016-06-30": "424.00000", "2016-03-31": "397.00000", "2015-12-31": "410.06910", "2015-09-30": "387.53900", "2015-06-30": "376.36500", "2015-03-31": "375.02700", "2014-12-31": "384.93700", "2014-09-30": "333.94100", "2014-06-30": "300.54000", "2014-03-31": "278.29200", "2013-12-31": "259.24590", "2013-09-30": "209.94000", "2013-06-30": "223.40900", "2013-03-31": "219.29200", "2012-12-31": "203.64700", "2012-09-30": "195.87300", "2012-06-30": "192.99700", "2012-03-31": "181.01100", "2011-12-31": "170.58600", "2011-09-30": "157.11500", "2011-06-30": "193.35600", "2011-03-31": "188.04100", "2010-12-31": "166.12610", "2010-09-30": "157.14500", "2010-06-30": "146.09100", "2010-03-31": "132.17800", "2009-12-31": "125.52600", "2009-09-30": "107.12600", "2009-06-30": "111.15800", "2009-03-31": "110.06500", "2008-12-31": "103.62100", "2008-09-30": "93.12800", "2008-06-30": "82.98000", "2008-03-31": "73.36500", "2007-12-31": "71.84400", "2007-09-30": "59.77000", "2007-06-30": "53.73200", "2007-03-31": "46.58800", "2006-12-31": "40.31600", "2006-09-30": "37.11600", "2006-06-30": "28.00100", "2006-03-31": "19.80900", "2005-12-31": "15.76400", "2005-09-30": "12.91700", "2005-06-30": "11.09000", "2005-03-31": "10.54900"}, "Research And Development Expenses": {"2020-09-30": "172.00000", "2020-06-30": "155.00000", "2020-03-31": "156.00000", "2019-12-31": "161.00000", "2019-09-30": "151.00000", "2019-06-30": "166.00000", "2019-03-31": "169.00000", "2018-12-31": "176.00000", "2018-09-30": "159.00000", "2018-06-30": "151.00000", "2018-03-31": "137.00000", "2017-12-31": "137.00000", "2017-09-30": "134.00000", "2017-06-30": "130.00000", "2017-03-31": "145.00000", "2016-12-31": "129.00000", "2016-09-30": "126.00000", "2016-06-30": "125.00000", "2016-03-31": "124.00000", "2015-12-31": "113.82000", "2015-09-30": "99.22600", "2015-06-30": "96.18200", "2015-03-31": "91.77200", "2014-12-31": "142.94700", "2014-09-30": "85.08200", "2014-06-30": "82.98500", "2014-03-31": "77.04100", "2013-12-31": "76.72800", "2013-09-30": "70.95700", "2013-06-30": "67.60800", "2013-03-31": "61.45000", "2012-12-31": "56.90700", "2012-09-30": "54.05600", "2012-06-30": "71.22300", "2012-03-31": "48.83900", "2011-12-31": "45.51300", "2011-09-30": "50.39900", "2011-06-30": "50.80100", "2011-03-31": "50.20000", "2010-12-31": "45.80100", "2010-09-30": "44.80400", "2010-06-30": "43.66700", "2010-03-31": "43.67500", "2009-12-31": "40.36700", "2009-09-30": "34.40600", "2009-06-30": "33.11700", "2009-03-31": "32.72600", "2008-12-31": "28.33900", "2008-09-30": "27.56700", "2008-06-30": "23.49300", "2008-03-31": "20.56400", "2007-12-31": "20.05000", "2007-09-30": "19.75300", "2007-06-30": "18.18400", "2007-03-31": "15.95600", "2006-12-31": "8.82600", "2006-09-30": "7.74400", "2006-06-30": "8.58700", "2006-03-31": "8.21600", "2005-12-31": "7.52000", "2005-09-30": "7.07800", "2005-06-30": "7.31800", "2005-03-31": "5.89300"}, "SG&A Expenses": {"2020-09-30": "192.00000", "2020-06-30": "177.00000", "2020-03-31": "274.00000", "2019-12-31": "233.00000", "2019-09-30": "189.00000", "2019-06-30": "202.00000", "2019-03-31": "211.00000", "2018-12-31": "217.00000", "2018-09-30": "197.00000", "2018-06-30": "197.00000", "2018-03-31": "183.00000", "2017-12-31": "175.00000", "2017-09-30": "167.00000", "2017-06-30": "161.00000", "2017-03-31": "171.00000", "2016-12-31": "147.00000", "2016-09-30": "139.00000", "2016-06-30": "148.00000", "2016-03-31": "150.00000", "2015-12-31": "138.59400", "2015-09-30": "136.64800", "2015-06-30": "124.44100", "2015-03-31": "116.31700", "2014-12-31": "122.17300", "2014-09-30": "119.88800", "2014-06-30": "114.64900", "2014-03-31": "109.57300", "2013-12-31": "111.64900", "2013-09-30": "95.61700", "2013-06-30": "88.70000", "2013-03-31": "85.07400", "2012-12-31": "79.71500", "2012-09-30": "69.79100", "2012-06-30": "68.51600", "2012-03-31": "67.96900", "2011-12-31": "60.91800", "2011-09-30": "66.03100", "2011-06-30": "69.23300", "2011-03-31": "65.66100", "2010-12-31": "62.03500", "2010-09-30": "55.00600", "2010-06-30": "53.13500", "2010-03-31": "50.27800", "2009-12-31": "49.47100", "2009-09-30": "42.09600", "2009-06-30": "41.93900", "2009-03-31": "42.83100", "2008-12-31": "39.20600", "2008-09-30": "39.36500", "2008-06-30": "35.61600", "2008-03-31": "33.82700", "2007-12-31": "30.01900", "2007-09-30": "24.30700", "2007-06-30": "23.29700", "2007-03-31": "23.63300", "2006-12-31": "14.91400", "2006-09-30": "14.11800", "2006-06-30": "12.89100", "2006-03-31": "12.13400", "2005-12-31": "8.22800", "2005-09-30": "7.37700", "2005-06-30": "6.51800", "2005-03-31": "6.03500"}, "Other Operating Income Or Expenses": {"2020-09-30": "", "2020-06-30": "", "2020-03-31": "", "2019-12-31": "", "2019-09-30": "", "2019-06-30": "", "2019-03-31": "", "2018-12-31": "", "2018-09-30": "", "2018-06-30": "", "2018-03-31": "", "2017-12-31": "", "2017-09-30": "", "2017-06-30": "", "2017-03-31": "", "2016-12-31": "", "2016-09-30": "", "2016-06-30": "", "2016-03-31": "", "2015-12-31": "", "2015-09-30": "4.11700", "2015-06-30": "-3.80900", "2015-03-31": "9.18800", "2014-12-31": "1.02300", "2014-09-30": "-1.77300", "2014-06-30": "-2.66700", "2014-03-31": "0.41800", "2013-12-31": "2.91500", "2013-09-30": "2.09800", "2013-06-30": "2.42100", "2013-03-31": "-12.06200", "2012-12-31": "-7.59100", "2012-09-30": "-23.07400", "2012-06-30": "-9.60400", "2012-03-31": "-11.96900", "2011-12-31": "-28.72000", "2011-09-30": "-3.92100", "2011-06-30": "-7.31200", "2011-03-31": "-2.79200", "2010-12-31": "", "2010-09-30": "0.00000", "2010-06-30": "0.00000", "2010-03-31": "0.00000", "2009-12-31": "", "2009-09-30": "", "2009-06-30": "", "2009-03-31": "", "2008-12-31": "", "2008-09-30": "", "2008-06-30": "", "2008-03-31": "", "2007-12-31": "", "2007-09-30": "", "2007-06-30": "", "2007-03-31": "", "2006-12-31": "", "2006-09-30": "", "2006-06-30": "", "2006-03-31": "", "2005-12-31": "", "2005-09-30": "", "2005-06-30": "", "2005-03-31": ""}, "Operating Expenses": {"2020-09-30": "632.00000", "2020-06-30": "537.00000", "2020-03-31": "670.00000", "2019-12-31": "684.00000", "2019-09-30": "599.00000", "2019-06-30": "633.00000", "2019-03-31": "642.00000", "2018-12-31": "671.00000", "2018-09-30": "612.00000", "2018-06-30": "603.00000", "2018-03-31": "564.00000", "2017-12-31": "548.00000", "2017-09-30": "533.00000", "2017-06-30": "519.00000", "2017-03-31": "546.00000", "2016-12-31": "476.00000", "2016-09-30": "446.00000", "2016-06-30": "438.00000", "2016-03-31": "451.00000", "2015-12-31": "447.62700", "2015-09-30": "409.48900", "2015-06-30": "387.44500", "2015-03-31": "362.43900", "2014-12-31": "309.49600", "2014-09-30": "361.13700", "2014-06-30": "347.32900", "2014-03-31": "328.68500", "2013-12-31": "313.54220", "2013-09-30": "311.33600", "2013-06-30": "286.08800", "2013-03-31": "376.10500", "2012-12-31": "249.91900", "2012-09-30": "237.06000", "2012-06-30": "237.62700", "2012-03-31": "223.15800", "2011-12-31": "222.77200", "2011-09-30": "198.73500", "2011-06-30": "221.44000", "2011-03-31": "213.12700", "2010-12-31": "192.63200", "2010-09-30": "179.97400", "2010-06-30": "164.57500", "2010-03-31": "153.90600", "2009-12-31": "154.87600", "2009-09-30": "129.06100", "2009-06-30": "125.54100", "2009-03-31": "131.24900", "2008-12-31": "124.85100", "2008-09-30": "148.72400", "2008-06-30": "116.30600", "2008-03-31": "102.88700", "2007-12-31": "145.36500", "2007-09-30": "81.80000", "2007-06-30": "72.28400", "2007-03-31": "368.55100", "2006-12-31": "43.85900", "2006-09-30": "38.21800", "2006-06-30": "35.05400", "2006-03-31": "29.64300", "2005-12-31": "22.99700", "2005-09-30": "21.05400", "2005-06-30": "34.37000", "2005-03-31": "16.52700"}, "Operating Income": {"2020-09-30": "162.00000", "2020-06-30": "96.00000", "2020-03-31": "189.00000", "2019-12-31": "268.00000", "2019-09-30": "308.00000", "2019-06-30": "205.00000", "2019-03-31": "204.00000", "2018-12-31": "197.00000", "2018-09-30": "241.00000", "2018-06-30": "227.00000", "2018-03-31": "218.00000", "2017-12-31": "230.00000", "2017-09-30": "181.00000", "2017-06-30": "143.00000", "2017-03-31": "52.00000", "2016-12-31": "143.00000", "2016-09-30": "161.00000", "2016-06-30": "162.00000", "2016-03-31": "121.00000", "2015-12-31": "144.15910", "2015-09-30": "140.78200", "2015-06-30": "151.93300", "2015-03-31": "176.12600", "2014-12-31": "202.88300", "2014-09-30": "119.49300", "2014-06-30": "100.23900", "2014-03-31": "92.09600", "2013-12-31": "73.78370", "2013-09-30": "45.46400", "2013-06-30": "60.00600", "2013-03-31": "-45.14700", "2012-12-31": "59.34600", "2012-09-30": "48.81400", "2012-06-30": "42.98000", "2012-03-31": "49.61200", "2011-12-31": "27.29900", "2011-09-30": "36.76400", "2011-06-30": "66.01000", "2011-03-31": "69.38800", "2010-12-31": "68.66610", "2010-09-30": "57.33500", "2010-06-30": "47.42800", "2010-03-31": "38.22500", "2009-12-31": "25.68800", "2009-09-30": "29.29900", "2009-06-30": "36.10200", "2009-03-31": "34.50800", "2008-12-31": "36.07600", "2008-09-30": "1.53600", "2008-06-30": "23.87100", "2008-03-31": "18.97400", "2007-12-31": "-32.76100", "2007-09-30": "15.71000", "2007-06-30": "12.25100", "2007-03-31": "-296.40100", "2006-12-31": "16.57600", "2006-09-30": "15.25400", "2006-06-30": "6.52300", "2006-03-31": "-0.54100", "2005-12-31": "0.01600", "2005-09-30": "-1.53800", "2005-06-30": "-18.54600", "2005-03-31": "-1.37900"}, "Total Non-Operating Income/Expense": {"2020-09-30": "53.00000", "2020-06-30": "69.00000", "2020-03-31": "-11.00000", "2019-12-31": "1.00000", "2019-09-30": "-38.00000", "2019-06-30": "141.00000", "2019-03-31": "29.00000", "2018-12-31": "12.00000", "2018-09-30": "-9.00000", "2018-06-30": "5.00000", "2018-03-31": "3.00000", "2017-12-31": "-6.00000", "2017-09-30": "-6.00000", "2017-06-30": "-2.00000", "2017-03-31": "451.00000", "2016-12-31": "-9.00000", "2016-09-30": "-7.00000", "2016-06-30": "-5.00000", "2016-03-31": "-5.00000", "2015-12-31": "-9.29400", "2015-09-30": "-11.86500", "2015-06-30": "-10.76100", "2015-03-31": "1.92000", "2014-12-31": "-10.82200", "2014-09-30": "-7.05000", "2014-06-30": "-39.77300", "2014-03-31": "-8.30800", "2013-12-31": "46.58500", "2013-09-30": "-8.31700", "2013-06-30": "-10.64600", "2013-03-31": "-2.41500", "2012-12-31": "44.55700", "2012-09-30": "-5.16900", "2012-06-30": "-8.19300", "2012-03-31": "-9.33900", "2011-12-31": "-7.07700", "2011-09-30": "-8.97300", "2011-06-30": "-16.98600", "2011-03-31": "-33.38000", "2010-12-31": "-17.88400", "2010-09-30": "-2.62500", "2010-06-30": "-0.90200", "2010-03-31": "-4.86400", "2009-12-31": "-3.40000", "2009-09-30": "-1.83600", "2009-06-30": "-1.07900", "2009-03-31": "-5.15700", "2008-12-31": "-1.09500", "2008-09-30": "-2.15000", "2008-06-30": "-3.68200", "2008-03-31": "-0.84300", "2007-12-31": "-11.36200", "2007-09-30": "3.97800", "2007-06-30": "2.34300", "2007-03-31": "2.72200", "2006-12-31": "1.38800", "2006-09-30": "1.99600", "2006-06-30": "0.85600", "2006-03-31": "0.56800", "2005-12-31": "0.31200", "2005-09-30": "0.17100", "2005-06-30": "0.05800", "2005-03-31": "0.19500"}, "Pre-Tax Income": {"2020-09-30": "215.00000", "2020-06-30": "165.00000", "2020-03-31": "178.00000", "2019-12-31": "269.00000", "2019-09-30": "270.00000", "2019-06-30": "346.00000", "2019-03-31": "233.00000", "2018-12-31": "209.00000", "2018-09-30": "232.00000", "2018-06-30": "232.00000", "2018-03-31": "221.00000", "2017-12-31": "224.00000", "2017-09-30": "175.00000", "2017-06-30": "141.00000", "2017-03-31": "503.00000", "2016-12-31": "134.00000", "2016-09-30": "154.00000", "2016-06-30": "157.00000", "2016-03-31": "116.00000", "2015-12-31": "134.86500", "2015-09-30": "128.91700", "2015-06-30": "141.17200", "2015-03-31": "178.04600", "2014-12-31": "192.06100", "2014-09-30": "112.44300", "2014-06-30": "60.46600", "2014-03-31": "83.78800", "2013-12-31": "120.36900", "2013-09-30": "37.14700", "2013-06-30": "49.36000", "2013-03-31": "-47.56200", "2012-12-31": "103.90300", "2012-09-30": "43.64500", "2012-06-30": "34.78700", "2012-03-31": "40.27300", "2011-12-31": "20.22200", "2011-09-30": "27.79100", "2011-06-30": "49.02400", "2011-03-31": "36.00800", "2010-12-31": "50.78200", "2010-09-30": "54.71000", "2010-06-30": "46.52600", "2010-03-31": "33.36100", "2009-12-31": "22.28800", "2009-09-30": "27.46300", "2009-06-30": "35.02300", "2009-03-31": "29.35100", "2008-12-31": "34.98100", "2008-09-30": "-0.61400", "2008-06-30": "20.18900", "2008-03-31": "18.13100", "2007-12-31": "-44.12300", "2007-09-30": "19.68800", "2007-06-30": "14.59400", "2007-03-31": "-293.67900", "2006-12-31": "17.96400", "2006-09-30": "17.25000", "2006-06-30": "7.37900", "2006-03-31": "0.02700", "2005-12-31": "0.32800", "2005-09-30": "-1.36700", "2005-06-30": "-18.48800", "2005-03-31": "-1.18400"}, "Income Taxes": {"2020-09-30": "36.00000", "2020-06-30": "118.00000", "2020-03-31": "5.00000", "2019-12-31": "30.00000", "2019-09-30": "36.00000", "2019-06-30": "53.00000", "2019-03-31": "9.00000", "2018-12-31": "12.00000", "2018-09-30": "44.00000", "2018-06-30": "32.00000", "2018-03-31": "24.00000", "2017-12-31": "166.00000", "2017-09-30": "23.00000", "2017-06-30": "21.00000", "2017-03-31": "155.00000", "2016-12-31": "27.00000", "2016-09-30": "37.00000", "2016-06-30": "41.00000", "2016-03-31": "28.00000", "2015-12-31": "31.39100", "2015-09-30": "13.29600", "2015-06-30": "38.92500", "2015-03-31": "41.38800", "2014-12-31": "38.78100", "2014-09-30": "18.95400", "2014-06-30": "13.86100", "2014-03-31": "23.81100", "2013-12-31": "39.70800", "2013-09-30": "5.79000", "2013-06-30": "13.48300", "2013-03-31": "-24.97500", "2012-12-31": "32.00000", "2012-09-30": "13.89700", "2012-06-30": "11.38600", "2012-03-31": "14.07100", "2011-12-31": "8.50200", "2011-09-30": "7.64000", "2011-06-30": "18.40400", "2011-03-31": "11.87100", "2010-12-31": "12.34200", "2010-09-30": "19.26300", "2010-06-30": "16.73000", "2010-03-31": "12.15300", "2009-12-31": "10.58300", "2009-09-30": "10.38600", "2009-06-30": "10.33500", "2009-03-31": "10.54000", "2008-12-31": "8.88900", "2008-09-30": "9.46400", "2008-06-30": "7.53000", "2008-03-31": "7.38800", "2007-12-31": "-31.12700", "2007-09-30": "5.18500", "2007-06-30": "5.33000", "2007-03-31": "4.39700", "2006-12-31": "0.82200", "2006-09-30": "1.08800", "2006-06-30": "0.61100", "2006-03-31": "0.13100", "2005-12-31": "0.00200", "2005-09-30": "0.05900", "2005-06-30": "0.05100", "2005-03-31": "0.05100"}, "Income After Taxes": {"2020-09-30": "179.00000", "2020-06-30": "47.00000", "2020-03-31": "173.00000", "2019-12-31": "239.00000", "2019-09-30": "234.00000", "2019-06-30": "293.00000", "2019-03-31": "224.00000", "2018-12-31": "197.00000", "2018-09-30": "188.00000", "2018-06-30": "200.00000", "2018-03-31": "197.00000", "2017-12-31": "58.00000", "2017-09-30": "152.00000", "2017-06-30": "120.00000", "2017-03-31": "348.00000", "2016-12-31": "107.00000", "2016-09-30": "117.00000", "2016-06-30": "116.00000", "2016-03-31": "88.00000", "2015-12-31": "103.47400", "2015-09-30": "115.62100", "2015-06-30": "102.24700", "2015-03-31": "136.65800", "2014-12-31": "153.28000", "2014-09-30": "93.48900", "2014-06-30": "46.60500", "2014-03-31": "59.97700", "2013-12-31": "80.66100", "2013-09-30": "31.35700", "2013-06-30": "35.87700", "2013-03-31": "-22.58700", "2012-12-31": "71.90300", "2012-09-30": "29.74800", "2012-06-30": "23.40100", "2012-03-31": "26.20200", "2011-12-31": "11.72000", "2011-09-30": "20.15100", "2011-06-30": "30.62000", "2011-03-31": "24.13700", "2010-12-31": "38.44000", "2010-09-30": "35.44700", "2010-06-30": "29.79600", "2010-03-31": "21.20800", "2009-12-31": "11.70500", "2009-09-30": "17.07700", "2009-06-30": "24.68800", "2009-03-31": "18.81100", "2008-12-31": "26.09200", "2008-09-30": "-10.07800", "2008-06-30": "12.65900", "2008-03-31": "10.74300", "2007-12-31": "-12.99600", "2007-09-30": "14.50300", "2007-06-30": "9.26400", "2007-03-31": "-298.07600", "2006-12-31": "17.14200", "2006-09-30": "16.16200", "2006-06-30": "6.76800", "2006-03-31": "-0.10400", "2005-12-31": "0.32600", "2005-09-30": "-1.42600", "2005-06-30": "-18.53900", "2005-03-31": "-1.23500"}, "Other Income": {"2020-09-30": "", "2020-06-30": "", "2020-03-31": "", "2019-12-31": "", "2019-09-30": "", "2019-06-30": "", "2019-03-31": "", "2018-12-31": "", "2018-09-30": "", "2018-06-30": "", "2018-03-31": "", "2017-12-31": "", "2017-09-30": "", "2017-06-30": "", "2017-03-31": "", "2016-12-31": "", "2016-09-30": "", "2016-06-30": "", "2016-03-31": "", "2015-12-31": "", "2015-09-30": "", "2015-06-30": "", "2015-03-31": "", "2014-12-31": "", "2014-09-30": "", "2014-06-30": "", "2014-03-31": "", "2013-12-31": "", "2013-09-30": "", "2013-06-30": "", "2013-03-31": "", "2012-12-31": "", "2012-09-30": "", "2012-06-30": "", "2012-03-31": "", "2011-12-31": "", "2011-09-30": "", "2011-06-30": "", "2011-03-31": "", "2010-12-31": "", "2010-09-30": "", "2010-06-30": "", "2010-03-31": "", "2009-12-31": "", "2009-09-30": "", "2009-06-30": "", "2009-03-31": "", "2008-12-31": "", "2008-09-30": "", "2008-06-30": "", "2008-03-31": "", "2007-12-31": "", "2007-09-30": "", "2007-06-30": "", "2007-03-31": "", "2006-12-31": "", "2006-09-30": "", "2006-06-30": "", "2006-03-31": "", "2005-12-31": "", "2005-09-30": "", "2005-06-30": "", "2005-03-31": ""}, "Income From Continuous Operations": {"2020-09-30": "179.00000", "2020-06-30": "47.00000", "2020-03-31": "173.00000", "2019-12-31": "239.00000", "2019-09-30": "234.00000", "2019-06-30": "293.00000", "2019-03-31": "224.00000", "2018-12-31": "197.00000", "2018-09-30": "188.00000", "2018-06-30": "200.00000", "2018-03-31": "197.00000", "2017-12-31": "58.00000", "2017-09-30": "152.00000", "2017-06-30": "120.00000", "2017-03-31": "348.00000", "2016-12-31": "107.00000", "2016-09-30": "117.00000", "2016-06-30": "116.00000", "2016-03-31": "88.00000", "2015-12-31": "103.47400", "2015-09-30": "115.62100", "2015-06-30": "102.24700", "2015-03-31": "136.65800", "2014-12-31": "153.28000", "2014-09-30": "93.48900", "2014-06-30": "46.60500", "2014-03-31": "59.97700", "2013-12-31": "80.66100", "2013-09-30": "31.35700", "2013-06-30": "35.87700", "2013-03-31": "-22.58700", "2012-12-31": "71.90300", "2012-09-30": "29.74800", "2012-06-30": "23.40100", "2012-03-31": "26.20200", "2011-12-31": "11.72000", "2011-09-30": "20.15100", "2011-06-30": "30.62000", "2011-03-31": "24.13700", "2010-12-31": "38.44000", "2010-09-30": "35.44700", "2010-06-30": "29.79600", "2010-03-31": "21.20800", "2009-12-31": "11.70500", "2009-09-30": "17.07700", "2009-06-30": "24.68800", "2009-03-31": "18.81100", "2008-12-31": "26.09200", "2008-09-30": "-10.07800", "2008-06-30": "12.65900", "2008-03-31": "10.74300", "2007-12-31": "-12.99600", "2007-09-30": "14.50300", "2007-06-30": "9.26400", "2007-03-31": "-298.07600", "2006-12-31": "17.14200", "2006-09-30": "16.16200", "2006-06-30": "6.76800", "2006-03-31": "-0.10400", "2005-12-31": "0.32600", "2005-09-30": "-1.42600", "2005-06-30": "-18.53900", "2005-03-31": "-1.23500"}, "Income From Discontinued Operations": {"2020-09-30": "", "2020-06-30": "", "2020-03-31": "", "2019-12-31": "", "2019-09-30": "", "2019-06-30": "", "2019-03-31": "", "2018-12-31": "", "2018-09-30": "", "2018-06-30": "", "2018-03-31": "", "2017-12-31": "", "2017-09-30": "", "2017-06-30": "", "2017-03-31": "", "2016-12-31": "", "2016-09-30": "", "2016-06-30": "", "2016-03-31": "", "2015-12-31": "", "2015-09-30": "", "2015-06-30": "", "2015-03-31": "", "2014-12-31": "", "2014-09-30": "", "2014-06-30": "", "2014-03-31": "", "2013-12-31": "", "2013-09-30": "", "2013-06-30": "", "2013-03-31": "", "2012-12-31": "", "2012-09-30": "", "2012-06-30": "", "2012-03-31": "", "2011-12-31": "", "2011-09-30": "", "2011-06-30": "", "2011-03-31": "", "2010-12-31": "", "2010-09-30": "", "2010-06-30": "", "2010-03-31": "", "2009-12-31": "", "2009-09-30": "", "2009-06-30": "", "2009-03-31": "", "2008-12-31": "", "2008-09-30": "", "2008-06-30": "", "2008-03-31": "", "2007-12-31": "", "2007-09-30": "", "2007-06-30": "", "2007-03-31": "", "2006-12-31": "", "2006-09-30": "", "2006-06-30": "", "2006-03-31": "", "2005-12-31": "", "2005-09-30": "", "2005-06-30": "", "2005-03-31": ""}, "Net Income": {"2020-09-30": "179.00000", "2020-06-30": "47.00000", "2020-03-31": "173.00000", "2019-12-31": "239.00000", "2019-09-30": "234.00000", "2019-06-30": "296.00000", "2019-03-31": "233.00000", "2018-12-31": "210.00000", "2018-09-30": "199.00000", "2018-06-30": "209.00000", "2018-03-31": "208.00000", "2017-12-31": "68.00000", "2017-09-30": "163.00000", "2017-06-30": "128.00000", "2017-03-31": "367.00000", "2016-12-31": "124.00000", "2016-09-30": "129.00000", "2016-06-30": "120.00000", "2016-03-31": "90.00000", "2015-12-31": "104.91800", "2015-09-30": "118.17700", "2015-06-30": "102.24700", "2015-03-31": "136.65800", "2014-12-31": "153.28000", "2014-09-30": "93.48900", "2014-06-30": "46.60500", "2014-03-31": "59.97700", "2013-12-31": "80.66100", "2013-09-30": "31.35700", "2013-06-30": "35.87700", "2013-03-31": "-22.58700", "2012-12-31": "71.90300", "2012-09-30": "29.74800", "2012-06-30": "23.40100", "2012-03-31": "26.20200", "2011-12-31": "11.72000", "2011-09-30": "20.15100", "2011-06-30": "30.62000", "2011-03-31": "24.13700", "2010-12-31": "38.44000", "2010-09-30": "35.44700", "2010-06-30": "29.79600", "2010-03-31": "21.20800", "2009-12-31": "11.70500", "2009-09-30": "17.07700", "2009-06-30": "24.68800", "2009-03-31": "18.81100", "2008-12-31": "26.09200", "2008-09-30": "-10.07800", "2008-06-30": "12.65900", "2008-03-31": "10.74300", "2007-12-31": "-12.99600", "2007-09-30": "14.50300", "2007-06-30": "9.26400", "2007-03-31": "-298.07600", "2006-12-31": "17.14200", "2006-09-30": "16.16200", "2006-06-30": "6.76800", "2006-03-31": "-0.10400", "2005-12-31": "0.32600", "2005-09-30": "-1.42600", "2005-06-30": "-18.53900", "2005-03-31": "-1.23500"}, "EBITDA": {"2020-09-30": "219.00000", "2020-06-30": "151.00000", "2020-03-31": "243.00000", "2019-12-31": "323.00000", "2019-09-30": "364.00000", "2019-06-30": "267.00000", "2019-03-31": "265.00000", "2018-12-31": "262.00000", "2018-09-30": "296.00000", "2018-06-30": "280.00000", "2018-03-31": "265.00000", "2017-12-31": "276.00000", "2017-09-30": "230.00000", "2017-06-30": "189.00000", "2017-03-31": "97.00000", "2016-12-31": "189.00000", "2016-09-30": "204.00000", "2016-06-30": "203.00000", "2016-03-31": "162.00000", "2015-12-31": "186.67310", "2015-09-30": "183.09000", "2015-06-30": "192.84000", "2015-03-31": "216.39700", "2014-12-31": "242.91500", "2014-09-30": "156.17400", "2014-06-30": "136.77000", "2014-03-31": "129.49500", "2013-12-31": "110.09270", "2013-09-30": "81.40500", "2013-06-30": "92.37800", "2013-03-31": "-15.60700", "2012-12-31": "86.86900", "2012-09-30": "73.90500", "2012-06-30": "66.66300", "2012-03-31": "73.63800", "2011-12-31": "55.18700", "2011-09-30": "62.75400", "2011-06-30": "91.16900", "2011-03-31": "91.71600", "2010-12-31": "86.05710", "2010-09-30": "73.83700", "2010-06-30": "62.73700", "2010-03-31": "52.43900", "2009-12-31": "39.09700", "2009-09-30": "42.52100", "2009-06-30": "48.79200", "2009-03-31": "46.65700", "2008-12-31": "48.13400", "2008-09-30": "13.65700", "2008-06-30": "35.38800", "2008-03-31": "29.88400", "2007-12-31": "-15.14900", "2007-09-30": "19.42100", "2007-06-30": "16.19900", "2007-03-31": "-292.44400", "2006-12-31": "18.29600", "2006-09-30": "16.81900", "2006-06-30": "7.88900", "2006-03-31": "0.46500", "2005-12-31": "1.11700", "2005-09-30": "-0.67200", "2005-06-30": "-17.78100", "2005-03-31": "-0.67600"}, "EBIT": {"2020-09-30": "162.00000", "2020-06-30": "96.00000", "2020-03-31": "189.00000", "2019-12-31": "268.00000", "2019-09-30": "308.00000", "2019-06-30": "205.00000", "2019-03-31": "204.00000", "2018-12-31": "197.00000", "2018-09-30": "241.00000", "2018-06-30": "227.00000", "2018-03-31": "218.00000", "2017-12-31": "230.00000", "2017-09-30": "181.00000", "2017-06-30": "143.00000", "2017-03-31": "52.00000", "2016-12-31": "143.00000", "2016-09-30": "161.00000", "2016-06-30": "162.00000", "2016-03-31": "121.00000", "2015-12-31": "144.15910", "2015-09-30": "140.78200", "2015-06-30": "151.93300", "2015-03-31": "176.12600", "2014-12-31": "202.88300", "2014-09-30": "119.49300", "2014-06-30": "100.23900", "2014-03-31": "92.09600", "2013-12-31": "73.78380", "2013-09-30": "45.46400", "2013-06-30": "60.00600", "2013-03-31": "-45.14700", "2012-12-31": "59.34610", "2012-09-30": "48.81400", "2012-06-30": "42.98000", "2012-03-31": "49.61200", "2011-12-31": "27.29900", "2011-09-30": "36.76400", "2011-06-30": "66.01000", "2011-03-31": "69.38800", "2010-12-31": "68.66610", "2010-09-30": "57.33500", "2010-06-30": "47.42800", "2010-03-31": "38.22500", "2009-12-31": "25.68800", "2009-09-30": "29.29900", "2009-06-30": "36.10200", "2009-03-31": "34.50800", "2008-12-31": "36.07600", "2008-09-30": "1.53600", "2008-06-30": "23.87100", "2008-03-31": "18.97400", "2007-12-31": "-32.76100", "2007-09-30": "15.71000", "2007-06-30": "12.25100", "2007-03-31": "-296.40100", "2006-12-31": "16.57600", "2006-09-30": "15.25400", "2006-06-30": "6.52300", "2006-03-31": "-0.54100", "2005-12-31": "0.01600", "2005-09-30": "-1.53800", "2005-06-30": "-18.54600", "2005-03-31": "-1.37900"}, "Basic Shares Outstanding": {"2020-09-30": "146.00000", "2020-06-30": "147.00000", "2020-03-31": "147.00000", "2019-12-31": "147.00000", "2019-09-30": "147.00000", "2019-06-30": "147.00000", "2019-03-31": "147.00000", "2018-12-31": "147.00000", "2018-09-30": "147.00000", "2018-06-30": "147.00000", "2018-03-31": "147.00000", "2017-12-31": "146.00000", "2017-09-30": "146.00000", "2017-06-30": "146.00000", "2017-03-31": "146.00000", "2016-12-31": "147.00000", "2016-09-30": "147.00000", "2016-06-30": "147.00000", "2016-03-31": "147.00000", "2015-12-31": "145.00000", "2015-09-30": "145.34900", "2015-06-30": "144.22000", "2015-03-31": "143.77100", "2014-12-31": "135.55300", "2014-09-30": "141.14200", "2014-06-30": "130.58300", "2014-03-31": "128.14600", "2013-12-31": "125.07600", "2013-09-30": "125.46500", "2013-06-30": "124.36200", "2013-03-31": "123.76800", "2012-12-31": "122.99900", "2012-09-30": "122.93000", "2012-06-30": "123.21400", "2012-03-31": "122.64200", "2011-12-31": "123.39900", "2011-09-30": "122.07900", "2011-06-30": "123.45600", "2011-03-31": "126.51700", "2010-12-31": "123.58100", "2010-09-30": "124.68400", "2010-06-30": "123.09500", "2010-03-31": "120.66800", "2009-12-31": "123.15400", "2009-09-30": "124.55700", "2009-06-30": "123.51100", "2009-03-31": "121.74600", "2008-12-31": "116.85500", "2008-09-30": "119.73300", "2008-06-30": "113.57400", "2008-03-31": "111.66800", "2007-12-31": "108.30800", "2007-09-30": "108.63600", "2007-06-30": "107.55600", "2007-03-31": "106.84400", "2006-12-31": "89.00200", "2006-09-30": "92.58600", "2006-06-30": "87.05600", "2006-03-31": "82.95000", "2005-12-31": "80.29400", "2005-09-30": "81.82000", "2005-06-30": "80.37400", "2005-03-31": "76.69400"}, "Shares Outstanding": {"2020-09-30": "148.00000", "2020-06-30": "148.00000", "2020-03-31": "148.00000", "2019-12-31": "149.00000", "2019-09-30": "148.00000", "2019-06-30": "149.00000", "2019-03-31": "149.00000", "2018-12-31": "149.00000", "2018-09-30": "149.00000", "2018-06-30": "148.00000", "2018-03-31": "148.00000", "2017-12-31": "148.00000", "2017-09-30": "148.00000", "2017-06-30": "147.00000", "2017-03-31": "147.00000", "2016-12-31": "148.00000", "2016-09-30": "148.00000", "2016-06-30": "148.00000", "2016-03-31": "148.00000", "2015-12-31": "149.00000", "2015-09-30": "149.67200", "2015-06-30": "148.96900", "2015-03-31": "148.68300", "2014-12-31": "148.97700", "2014-09-30": "147.51200", "2014-06-30": "149.12100", "2014-03-31": "150.61900", "2013-12-31": "139.93600", "2013-09-30": "140.60100", "2013-06-30": "139.37700", "2013-03-31": "123.76800", "2012-12-31": "133.69300", "2012-09-30": "132.50700", "2012-06-30": "133.01100", "2012-03-31": "133.85900", "2011-12-31": "138.93700", "2011-09-30": "135.96600", "2011-06-30": "141.76500", "2011-03-31": "153.12900", "2010-12-31": "143.43300", "2010-09-30": "145.20500", "2010-06-30": "140.95100", "2010-03-31": "136.40700", "2009-12-31": "137.09600", "2009-09-30": "139.87400", "2009-06-30": "139.46500", "2009-03-31": "132.96700", "2008-12-31": "133.60700", "2008-09-30": "119.73300", "2008-06-30": "133.39600", "2008-03-31": "127.52800", "2007-12-31": "108.30800", "2007-09-30": "118.79000", "2007-06-30": "116.12200", "2007-03-31": "106.84400", "2006-12-31": "97.50800", "2006-09-30": "101.15800", "2006-06-30": "94.66000", "2006-03-31": "82.95000", "2005-12-31": "80.29400", "2005-09-30": "81.82000", "2005-06-30": "80.37400", "2005-03-31": "76.69400"}, "Basic EPS": {"2020-09-30": "1.22000", "2020-06-30": "0.32000", "2020-03-31": "1.18000", "2019-12-31": "1.63000", "2019-09-30": "1.59000", "2019-06-30": "2.01000", "2019-03-31": "1.58000", "2018-12-31": "1.44000", "2018-09-30": "1.35000", "2018-06-30": "1.42000", "2018-03-31": "1.42000", "2017-12-31": "0.47000", "2017-09-30": "1.12000", "2017-06-30": "0.87000", "2017-03-31": "2.50000", "2016-12-31": "0.77000", "2016-09-30": "0.88000", "2016-06-30": "0.83000", "2016-03-31": "0.61000", "2015-12-31": "0.72000", "2015-09-30": "0.81000", "2015-06-30": "0.71000", "2015-03-31": "0.95000", "2014-12-31": "1.12000", "2014-09-30": "0.66000", "2014-06-30": "0.36000", "2014-03-31": "0.47000", "2013-12-31": "0.64000", "2013-09-30": "0.25000", "2013-06-30": "0.29000", "2013-03-31": "-0.18000", "2012-12-31": "0.59000", "2012-09-30": "0.24000", "2012-06-30": "0.19000", "2012-03-31": "0.21000", "2011-12-31": "0.09000", "2011-09-30": "0.17000", "2011-06-30": "0.25000", "2011-03-31": "0.19000", "2010-12-31": "0.31000", "2010-09-30": "0.28000", "2010-06-30": "0.24000", "2010-03-31": "0.18000", "2009-12-31": "0.10000", "2009-09-30": "0.14000", "2009-06-30": "0.20000", "2009-03-31": "0.15000", "2008-12-31": "0.21000", "2008-09-30": "-0.08000", "2008-06-30": "0.11000", "2008-03-31": "0.10000", "2007-12-31": "-0.07500", "2007-09-30": "0.13000", "2007-06-30": "0.08500", "2007-03-31": "-2.79000", "2006-12-31": "0.19500", "2006-09-30": "0.17500", "2006-06-30": "0.08000", "2006-03-31": "0.00000", "2005-12-31": "0.00000", "2005-09-30": "-0.01500", "2005-06-30": "-0.23000", "2005-03-31": "-0.01500"}, "EPS - Earnings Per Share": {"2020-09-30": "1.21000", "2020-06-30": "0.32000", "2020-03-31": "1.17000", "2019-12-31": "1.60000", "2019-09-30": "1.58000", "2019-06-30": "1.99000", "2019-03-31": "1.57000", "2018-12-31": "1.41000", "2018-09-30": "1.33000", "2018-06-30": "1.41000", "2018-03-31": "1.41000", "2017-12-31": "0.46000", "2017-09-30": "1.11000", "2017-06-30": "0.87000", "2017-03-31": "2.48000", "2016-12-31": "0.78000", "2016-09-30": "0.87000", "2016-06-30": "0.82000", "2016-03-31": "0.60000", "2015-12-31": "0.70000", "2015-09-30": "0.79000", "2015-06-30": "0.69000", "2015-03-31": "0.92000", "2014-12-31": "1.03000", "2014-09-30": "0.63000", "2014-06-30": "0.31000", "2014-03-31": "0.40000", "2013-12-31": "0.60000", "2013-09-30": "0.22000", "2013-06-30": "0.26000", "2013-03-31": "-0.18000", "2012-12-31": "0.53000", "2012-09-30": "0.22000", "2012-06-30": "0.18000", "2012-03-31": "0.20000", "2011-12-31": "0.09000", "2011-09-30": "0.15000", "2011-06-30": "0.22000", "2011-03-31": "0.16000", "2010-12-31": "0.26000", "2010-09-30": "0.24000", "2010-06-30": "0.21000", "2010-03-31": "0.16000", "2009-12-31": "0.09000", "2009-09-30": "0.12000", "2009-06-30": "0.18000", "2009-03-31": "0.14000", "2008-12-31": "0.21000", "2008-09-30": "-0.08000", "2008-06-30": "0.09000", "2008-03-31": "0.08000", "2007-12-31": "-0.06000", "2007-09-30": "0.12000", "2007-06-30": "0.08000", "2007-03-31": "-2.79000", "2006-12-31": "0.18000", "2006-09-30": "0.16000", "2006-06-30": "0.07000", "2006-03-31": "0.00000", "2005-12-31": "0.00000", "2005-09-30": "-0.01500", "2005-06-30": "-0.23000", "2005-03-31": "-0.01500"}}, "balance sheet": {"Cash On Hand": {"2019-12-31": "3414.00000", "2018-12-31": "3512.00000", "2017-12-31": "2145.00000", "2016-12-31": "1559.00000", "2015-12-31": "1386.22000", "2014-12-31": "1338.37100", "2013-12-31": "1165.60300", "2012-12-31": "1350.20400", "2011-12-31": "1189.56800", "2010-12-31": "894.28900", "2009-12-31": "693.52700", "2008-12-31": "640.07500", "2007-12-31": "386.08200", "2006-12-31": "130.80400", "2005-12-31": "50.82200"}, "Receivables": {"2019-12-31": "573.00000", "2018-12-31": "514.00000", "2017-12-31": "411.00000", "2016-12-31": "381.00000", "2015-12-31": "385.52900", "2014-12-31": "289.45800", "2013-12-31": "238.94600", "2012-12-31": "214.97500", "2011-12-31": "173.88600", "2010-12-31": "165.59800", "2009-12-31": "157.75100", "2008-12-31": "133.26600", "2007-12-31": "83.11900", "2006-12-31": "39.98400", "2005-12-31": "17.62000"}, "Inventory": {"2019-12-31": "359.00000", "2018-12-31": "386.00000", "2017-12-31": "333.00000", "2016-12-31": "300.00000", "2015-12-31": "270.77700", "2014-12-31": "191.14400", "2013-12-31": "154.09900", "2012-12-31": "158.71800", "2011-12-31": "128.78100", "2010-12-31": "142.21100", "2009-12-31": "92.77600", "2008-12-31": "73.43100", "2007-12-31": "53.98000", "2006-12-31": "20.16900", "2005-12-31": "10.30900"}, "Pre-Paid Expenses": {"2019-12-31": "105.00000", "2018-12-31": "78.00000", "2017-12-31": "91.00000", "2016-12-31": "78.00000", "2015-12-31": "54.29700", "2014-12-31": "29.84400", "2013-12-31": "22.81100", "2012-12-31": "32.70000", "2011-12-31": "29.19600", "2010-12-31": "36.92200", "2009-12-31": "17.51500", "2008-12-31": "14.15400", "2007-12-31": "12.64000", "2006-12-31": "2.51000", "2005-12-31": "0.95900"}, "Other Current Assets": {"2019-12-31": "", "2018-12-31": "", "2017-12-31": "", "2016-12-31": "", "2015-12-31": "", "2014-12-31": "", "2013-12-31": "", "2012-12-31": "", "2011-12-31": "", "2010-12-31": "", "2009-12-31": "", "2008-12-31": "", "2007-12-31": "", "2006-12-31": "", "2005-12-31": ""}, "Total Current Assets": {"2019-12-31": "4451.00000", "2018-12-31": "4490.00000", "2017-12-31": "2980.00000", "2016-12-31": "2318.00000", "2015-12-31": "2096.82300", "2014-12-31": "1889.60300", "2013-12-31": "1617.53500", "2012-12-31": "1787.04800", "2011-12-31": "1544.61900", "2010-12-31": "1258.39800", "2009-12-31": "981.59000", "2008-12-31": "869.56100", "2007-12-31": "562.75500", "2006-12-31": "193.72600", "2005-12-31": "79.71000"}, "Property, Plant, And Equipment": {"2019-12-31": "889.00000", "2018-12-31": "1075.00000", "2017-12-31": "931.00000", "2016-12-31": "713.00000", "2015-12-31": "342.69400", "2014-12-31": "265.26400", "2013-12-31": "202.66600", "2012-12-31": "166.16700", "2011-12-31": "143.48300", "2010-12-31": "129.87400", "2009-12-31": "117.18800", "2008-12-31": "89.43600", "2007-12-31": "46.27400", "2006-12-31": "25.63400", "2005-12-31": "16.13100"}, "Long-Term Investments": {"2019-12-31": "", "2018-12-31": "", "2017-12-31": "", "2016-12-31": "", "2015-12-31": "", "2014-12-31": "", "2013-12-31": "", "2012-12-31": "", "2011-12-31": "", "2010-12-31": "", "2009-12-31": "", "2008-12-31": "55.90000", "2007-12-31": "", "2006-12-31": "67.78400", "2005-12-31": ""}, "Goodwill And Intangible Assets": {"2019-12-31": "969.00000", "2018-12-31": "1016.00000", "2017-12-31": "946.00000", "2016-12-31": "1019.00000", "2015-12-31": "1026.25000", "2014-12-31": "1039.40400", "2013-12-31": "1054.23400", "2012-12-31": "499.52300", "2011-12-31": "428.32800", "2010-12-31": "369.66800", "2009-12-31": "257.24000", "2008-12-31": "261.20700", "2007-12-31": "286.85000", "2006-12-31": "2.23300", "2005-12-31": "4.76900"}, "Other Long-Term Assets": {"2019-12-31": "388.00000", "2018-12-31": "308.00000", "2017-12-31": "312.00000", "2016-12-31": "108.00000", "2015-12-31": "87.46500", "2014-12-31": "95.52100", "2013-12-31": "56.09100", "2012-12-31": "73.16400", "2011-12-31": "59.73500", "2010-12-31": "41.67600", "2009-12-31": "26.54800", "2008-12-31": "4.82500", "2007-12-31": "11.60800", "2006-12-31": "10.91300", "2005-12-31": ""}, "Total Long-Term Assets": {"2019-12-31": "2865.00000", "2018-12-31": "2469.00000", "2017-12-31": "2277.00000", "2016-12-31": "1963.00000", "2015-12-31": "1590.92400", "2014-12-31": "1450.03700", "2013-12-31": "1401.47100", "2012-12-31": "779.03700", "2011-12-31": "651.22100", "2010-12-31": "580.71500", "2009-12-31": "448.34700", "2008-12-31": "457.61000", "2007-12-31": "424.97700", "2006-12-31": "106.85800", "2005-12-31": "20.90000"}, "Total Assets": {"2019-12-31": "7316.00000", "2018-12-31": "6959.00000", "2017-12-31": "5257.00000", "2016-12-31": "4281.00000", "2015-12-31": "3687.74700", "2014-12-31": "3339.64000", "2013-12-31": "3019.00600", "2012-12-31": "2566.08500", "2011-12-31": "2195.84000", "2010-12-31": "1839.11300", "2009-12-31": "1429.93700", "2008-12-31": "1327.17100", "2007-12-31": "987.73200", "2006-12-31": "300.58400", "2005-12-31": "100.61000"}, "Total Current Liabilities": {"2019-12-31": "665.00000", "2018-12-31": "1804.00000", "2017-12-31": "746.00000", "2016-12-31": "705.00000", "2015-12-31": "610.49400", "2014-12-31": "722.15800", "2013-12-31": "322.06300", "2012-12-31": "304.57100", "2011-12-31": "226.92100", "2010-12-31": "534.51700", "2009-12-31": "441.23600", "2008-12-31": "386.44800", "2007-12-31": "165.71500", "2006-12-31": "33.77600", "2005-12-31": "21.71800"}, "Long Term Debt": {"2019-12-31": "1141.00000", "2018-12-31": "890.00000", "2017-12-31": "1182.00000", "2016-12-31": "1056.00000", "2015-12-31": "1015.64900", "2014-12-31": "986.78000", "2013-12-31": "972.23800", "2012-12-31": "805.40600", "2011-12-31": "807.36900", "2010-12-31": "", "2009-12-31": "", "2008-12-31": "", "2007-12-31": "400.00000", "2006-12-31": "", "2005-12-31": "0.05400"}, "Other Non-Current Liabilities": {"2019-12-31": "202.00000", "2018-12-31": "359.00000", "2017-12-31": "360.00000", "2016-12-31": "206.00000", "2015-12-31": "180.50500", "2014-12-31": "167.90400", "2013-12-31": "191.50300", "2012-12-31": "137.52700", "2011-12-31": "86.33500", "2010-12-31": "106.92100", "2009-12-31": "124.45300", "2008-12-31": "142.05600", "2007-12-31": "7.85400", "2006-12-31": "10.01100", "2005-12-31": "3.49800"}, "Total Long Term Liabilities": {"2019-12-31": "2038.00000", "2018-12-31": "1310.00000", "2017-12-31": "1762.00000", "2016-12-31": "1306.00000", "2015-12-31": "1228.70000", "2014-12-31": "1154.68400", "2013-12-31": "1163.74100", "2012-12-31": "942.93300", "2011-12-31": "893.70400", "2010-12-31": "106.92100", "2009-12-31": "124.45300", "2008-12-31": "142.05600", "2007-12-31": "410.33900", "2006-12-31": "19.46600", "2005-12-31": "6.39500"}, "Total Liabilities": {"2019-12-31": "2703.00000", "2018-12-31": "3114.00000", "2017-12-31": "2508.00000", "2016-12-31": "2011.00000", "2015-12-31": "1839.19400", "2014-12-31": "1876.84200", "2013-12-31": "1485.80400", "2012-12-31": "1247.50400", "2011-12-31": "1120.62500", "2010-12-31": "641.43800", "2009-12-31": "565.68900", "2008-12-31": "528.50400", "2007-12-31": "576.05400", "2006-12-31": "53.24200", "2005-12-31": "28.11300"}, "Common Stock Net": {"2019-12-31": "2.00000", "2018-12-31": "2.00000", "2017-12-31": "2.00000", "2016-12-31": "2.00000", "2015-12-31": "1.85900", "2014-12-31": "1.80500", "2013-12-31": "1.75300", "2012-12-31": "1.70300", "2011-12-31": "1.66800", "2010-12-31": "1.51600", "2009-12-31": "1.43600", "2008-12-31": "1.38900", "2007-12-31": "1.25600", "2006-12-31": "0.46900", "2005-12-31": "0.41300"}, "Retained Earnings (Accumulated Deficit)": {"2019-12-31": "4067.00000", "2018-12-31": "3083.00000", "2017-12-31": "2256.00000", "2016-12-31": "1485.00000", "2015-12-31": "1022.76500", "2014-12-31": "561.20600", "2013-12-31": "207.85500", "2012-12-31": "82.54700", "2011-12-31": "-68.70700", "2010-12-31": "-155.33500", "2009-12-31": "-280.22600", "2008-12-31": "-352.50700", "2007-12-31": "-382.97700", "2006-12-31": "-104.61800", "2005-12-31": "-144.58600"}, "Comprehensive Income": {"2019-12-31": "5.00000", "2018-12-31": "-1.00000", "2017-12-31": "-1.00000", "2016-12-31": "-1.00000", "2015-12-31": "0.03600", "2014-12-31": "-1.08000", "2013-12-31": "1.23400", "2012-12-31": "2.12300", "2011-12-31": "2.11700", "2010-12-31": "1.76500", "2009-12-31": "2.83000", "2008-12-31": "2.42200", "2007-12-31": "1.34700", "2006-12-31": "11.29400", "2005-12-31": "0.25800"}, "Other Share Holders Equity": {"2019-12-31": "", "2018-12-31": "", "2017-12-31": "", "2016-12-31": "", "2015-12-31": "", "2014-12-31": "", "2013-12-31": "", "2012-12-31": "", "2011-12-31": "", "2010-12-31": "", "2009-12-31": "", "2008-12-31": "", "2007-12-31": "", "2006-12-31": "", "2005-12-31": ""}, "Share Holder Equity": {"2019-12-31": "4613.00000", "2018-12-31": "3845.00000", "2017-12-31": "2749.00000", "2016-12-31": "2270.00000", "2015-12-31": "1848.55300", "2014-12-31": "1462.79800", "2013-12-31": "1533.20200", "2012-12-31": "1318.58100", "2011-12-31": "1075.21500", "2010-12-31": "1197.67500", "2009-12-31": "864.24800", "2008-12-31": "798.66700", "2007-12-31": "411.67800", "2006-12-31": "247.34200", "2005-12-31": "72.49700"}, "Total Liabilities And Share Holders Equity": {"2019-12-31": "7316.00000", "2018-12-31": "6959.00000", "2017-12-31": "5257.00000", "2016-12-31": "4281.00000", "2015-12-31": "3687.74700", "2014-12-31": "3339.64000", "2013-12-31": "3019.00600", "2012-12-31": "2566.08500", "2011-12-31": "2195.84000", "2010-12-31": "1839.11300", "2009-12-31": "1429.93700", "2008-12-31": "1327.17100", "2007-12-31": "987.73200", "2006-12-31": "300.58400", "2005-12-31": "100.61000"}}, "balance sheet, quarterly": {"Cash On Hand": {"2020-09-30": "3324.00000", "2020-06-30": "3268.00000", "2020-03-31": "3332.00000", "2019-12-31": "3414.00000", "2019-09-30": "3166.00000", "2019-06-30": "3173.00000", "2019-03-31": "3615.00000", "2018-12-31": "3512.00000", "2018-09-30": "3389.00000", "2018-06-30": "2512.00000", "2018-03-31": "2373.00000", "2017-12-31": "2145.00000", "2017-09-30": "2041.00000", "2017-06-30": "1893.00000", "2017-03-31": "1778.00000", "2016-12-31": "1559.00000", "2016-09-30": "1536.26600", "2016-06-30": "1425.25600", "2016-03-31": "1343.09200", "2015-12-31": "1386.22000", "2015-09-30": "1439.40600", "2015-06-30": "1510.38200", "2015-03-31": "1366.48900", "2014-12-31": "1338.37100", "2014-09-30": "1271.42700", "2014-06-30": "1103.05600", "2014-03-31": "1091.80200", "2013-12-31": "1165.60300", "2013-09-30": "1027.99100", "2013-06-30": "1129.46300", "2013-03-31": "1067.47000", "2012-12-31": "1350.20400", "2012-09-30": "1233.06600", "2012-06-30": "1301.68600", "2012-03-31": "1266.36300", "2011-12-31": "1189.56800", "2011-09-30": "1132.19000", "2011-06-30": "1233.91400", "2011-03-31": "1134.63800", "2010-12-31": "894.28900", "2010-09-30": "806.81600", "2010-06-30": "785.38000", "2010-03-31": "747.98000", "2009-12-31": "693.52700", "2009-09-30": "759.93000", "2009-06-30": "734.56900", "2009-03-31": "672.59000", "2008-12-31": "640.07500", "2008-09-30": "649.64700", "2008-06-30": "303.27500", "2008-03-31": "275.30200", "2007-12-31": "386.08200", "2007-09-30": "352.85200", "2007-06-30": "343.26200", "2007-03-31": "326.82100", "2006-12-31": "130.80400", "2006-09-30": "169.94200", "2006-06-30": "156.76100", "2006-03-31": "49.04400", "2005-12-31": "50.82200", "2005-09-30": "50.17200", "2005-06-30": "54.56600", "2005-03-31": "62.06100"}, "Receivables": {"2020-09-30": "464.00000", "2020-06-30": "385.00000", "2020-03-31": "472.00000", "2019-12-31": "573.00000", "2019-09-30": "541.00000", "2019-06-30": "470.00000", "2019-03-31": "457.00000", "2018-12-31": "514.00000", "2018-09-30": "433.00000", "2018-06-30": "395.00000", "2018-03-31": "400.00000", "2017-12-31": "411.00000", "2017-09-30": "383.00000", "2017-06-30": "372.00000", "2017-03-31": "368.00000", "2016-12-31": "381.00000", "2016-09-30": "381.63200", "2016-06-30": "372.48000", "2016-03-31": "402.51400", "2015-12-31": "385.52900", "2015-09-30": "413.47400", "2015-06-30": "368.61100", "2015-03-31": "350.04400", "2014-12-31": "289.45800", "2014-09-30": "276.67500", "2014-06-30": "258.69400", "2014-03-31": "293.04500", "2013-12-31": "238.94600", "2013-09-30": "235.43700", "2013-06-30": "207.41300", "2013-03-31": "210.83100", "2012-12-31": "214.97500", "2012-09-30": "218.14500", "2012-06-30": "188.56200", "2012-03-31": "202.23400", "2011-12-31": "173.88600", "2011-09-30": "169.05200", "2011-06-30": "193.43100", "2011-03-31": "181.92400", "2010-12-31": "165.59800", "2010-09-30": "170.61800", "2010-06-30": "147.93900", "2010-03-31": "156.03000", "2009-12-31": "157.75100", "2009-09-30": "162.90500", "2009-06-30": "154.25100", "2009-03-31": "134.62900", "2008-12-31": "133.26600", "2008-09-30": "124.16100", "2008-06-30": "101.98500", "2008-03-31": "91.41200", "2007-12-31": "83.11900", "2007-09-30": "79.88600", "2007-06-30": "57.44100", "2007-03-31": "53.12700", "2006-12-31": "39.98400", "2006-09-30": "29.04500", "2006-06-30": "23.10000", "2006-03-31": "21.42700", "2005-12-31": "17.62000", "2005-09-30": "17.60700", "2005-06-30": "12.19200", "2005-03-31": "11.75500"}, "Inventory": {"2020-09-30": "415.00000", "2020-06-30": "435.00000", "2020-03-31": "384.00000", "2019-12-31": "359.00000", "2019-09-30": "417.00000", "2019-06-30": "420.00000", "2019-03-31": "412.00000", "2018-12-31": "386.00000", "2018-09-30": "374.00000", "2018-06-30": "362.00000", "2018-03-31": "350.00000", "2017-12-31": "333.00000", "2017-09-30": "327.00000", "2017-06-30": "309.00000", "2017-03-31": "299.00000", "2016-12-31": "300.00000", "2016-09-30": "312.24200", "2016-06-30": "311.36400", "2016-03-31": "287.91900", "2015-12-31": "270.77700", "2015-09-30": "233.78100", "2015-06-30": "223.62000", "2015-03-31": "205.18400", "2014-12-31": "191.14400", "2014-09-30": "199.29800", "2014-06-30": "177.53400", "2014-03-31": "164.23100", "2013-12-31": "154.09900", "2013-09-30": "159.86600", "2013-06-30": "168.07000", "2013-03-31": "167.95900", "2012-12-31": "158.71800", "2012-09-30": "147.68400", "2012-06-30": "133.84400", "2012-03-31": "128.68400", "2011-12-31": "128.78100", "2011-09-30": "139.26500", "2011-06-30": "142.58300", "2011-03-31": "150.70800", "2010-12-31": "142.21100", "2010-09-30": "130.02900", "2010-06-30": "119.44500", "2010-03-31": "100.62300", "2009-12-31": "92.77600", "2009-09-30": "80.84900", "2009-06-30": "70.66600", "2009-03-31": "69.18200", "2008-12-31": "73.43100", "2008-09-30": "72.95300", "2008-06-30": "67.97200", "2008-03-31": "54.81700", "2007-12-31": "53.98000", "2007-09-30": "45.24500", "2007-06-30": "42.89800", "2007-03-31": "36.34000", "2006-12-31": "20.16900", "2006-09-30": "19.39700", "2006-06-30": "17.32400", "2006-03-31": "12.92600", "2005-12-31": "10.30900", "2005-09-30": "7.16200", "2005-06-30": "5.15700", "2005-03-31": "4.97900"}, "Pre-Paid Expenses": {"2020-09-30": "126.00000", "2020-06-30": "106.00000", "2020-03-31": "136.00000", "2019-12-31": "105.00000", "2019-09-30": "98.00000", "2019-06-30": "93.00000", "2019-03-31": "61.00000", "2018-12-31": "78.00000", "2018-09-30": "66.00000", "2018-06-30": "68.00000", "2018-03-31": "71.00000", "2017-12-31": "91.00000", "2017-09-30": "54.00000", "2017-06-30": "69.00000", "2017-03-31": "72.00000", "2016-12-31": "78.00000", "2016-09-30": "47.69600", "2016-06-30": "33.92100", "2016-03-31": "40.27300", "2015-12-31": "54.29700", "2015-09-30": "80.03000", "2015-06-30": "83.40200", "2015-03-31": "89.45900", "2014-12-31": "29.84400", "2014-09-30": "57.62400", "2014-06-30": "36.50800", "2014-03-31": "42.51600", "2013-12-31": "22.81100", "2013-09-30": "28.87700", "2013-06-30": "56.55800", "2013-03-31": "30.52500", "2012-12-31": "32.70000", "2012-09-30": "20.11200", "2012-06-30": "16.36600", "2012-03-31": "17.31800", "2011-12-31": "29.19600", "2011-09-30": "38.58500", "2011-06-30": "30.93700", "2011-03-31": "26.76100", "2010-12-31": "36.92200", "2010-09-30": "16.07600", "2010-06-30": "16.34500", "2010-03-31": "16.79700", "2009-12-31": "17.51500", "2009-09-30": "16.28100", "2009-06-30": "12.34400", "2009-03-31": "11.86500", "2008-12-31": "14.15400", "2008-09-30": "8.42400", "2008-06-30": "9.64600", "2008-03-31": "9.96100", "2007-12-31": "12.64000", "2007-09-30": "8.94800", "2007-06-30": "8.58500", "2007-03-31": "8.24800", "2006-12-31": "2.51000", "2006-09-30": "2.51900", "2006-06-30": "2.15300", "2006-03-31": "1.19200", "2005-12-31": "0.95900", "2005-09-30": "1.38200", "2005-06-30": "1.02300", "2005-03-31": "1.61800"}, "Other Current Assets": {"2020-09-30": "", "2020-06-30": "", "2020-03-31": "", "2019-12-31": "", "2019-09-30": "", "2019-06-30": "", "2019-03-31": "", "2018-12-31": "", "2018-09-30": "", "2018-06-30": "", "2018-03-31": "", "2017-12-31": "", "2017-09-30": "", "2017-06-30": "", "2017-03-31": "", "2016-12-31": "", "2016-09-30": "", "2016-06-30": "", "2016-03-31": "", "2015-12-31": "", "2015-09-30": "", "2015-06-30": "", "2015-03-31": "", "2014-12-31": "", "2014-09-30": "", "2014-06-30": "", "2014-03-31": "", "2013-12-31": "", "2013-09-30": "", "2013-06-30": "", "2013-03-31": "", "2012-12-31": "", "2012-09-30": "", "2012-06-30": "", "2012-03-31": "", "2011-12-31": "", "2011-09-30": "", "2011-06-30": "", "2011-03-31": "", "2010-12-31": "", "2010-09-30": "", "2010-06-30": "", "2010-03-31": "", "2009-12-31": "", "2009-09-30": "", "2009-06-30": "", "2009-03-31": "", "2008-12-31": "", "2008-09-30": "", "2008-06-30": "", "2008-03-31": "", "2007-12-31": "", "2007-09-30": "", "2007-06-30": "", "2007-03-31": "", "2006-12-31": "", "2006-09-30": "", "2006-06-30": "", "2006-03-31": "", "2005-12-31": "", "2005-09-30": "", "2005-06-30": "", "2005-03-31": ""}, "Total Current Assets": {"2020-09-30": "4329.00000", "2020-06-30": "4194.00000", "2020-03-31": "4324.00000", "2019-12-31": "4451.00000", "2019-09-30": "4222.00000", "2019-06-30": "4156.00000", "2019-03-31": "4545.00000", "2018-12-31": "4490.00000", "2018-09-30": "4262.00000", "2018-06-30": "3337.00000", "2018-03-31": "3194.00000", "2017-12-31": "2980.00000", "2017-09-30": "2805.00000", "2017-06-30": "2643.00000", "2017-03-31": "2517.00000", "2016-12-31": "2318.00000", "2016-09-30": "2277.83600", "2016-06-30": "2143.02100", "2016-03-31": "2073.79800", "2015-12-31": "2096.82300", "2015-09-30": "2210.42800", "2015-06-30": "2237.69100", "2015-03-31": "2060.28100", "2014-12-31": "1889.60300", "2014-09-30": "1906.95400", "2014-06-30": "1620.72100", "2014-03-31": "1631.94300", "2013-12-31": "1617.53500", "2013-09-30": "1537.64600", "2013-06-30": "1646.39100", "2013-03-31": "1550.77300", "2012-12-31": "1787.04800", "2012-09-30": "1646.23600", "2012-06-30": "1664.37200", "2012-03-31": "1637.29100", "2011-12-31": "1544.61900", "2011-09-30": "1504.21400", "2011-06-30": "1623.31500", "2011-03-31": "1511.47300", "2010-12-31": "1258.39800", "2010-09-30": "1140.34700", "2010-06-30": "1088.26700", "2010-03-31": "1040.51400", "2009-12-31": "981.59000", "2009-09-30": "1031.35600", "2009-06-30": "981.75900", "2009-03-31": "897.16700", "2008-12-31": "869.56100", "2008-09-30": "875.22600", "2008-06-30": "506.65600", "2008-03-31": "464.66200", "2007-12-31": "562.75500", "2007-09-30": "486.93100", "2007-06-30": "452.18600", "2007-03-31": "424.53600", "2006-12-31": "193.72600", "2006-09-30": "220.90300", "2006-06-30": "199.33800", "2006-03-31": "84.58900", "2005-12-31": "79.71000", "2005-09-30": "76.32300", "2005-06-30": "72.93800", "2005-03-31": "80.41300"}, "Property, Plant, And Equipment": {"2020-09-30": "910.00000", "2020-06-30": "890.00000", "2020-03-31": "890.00000", "2019-12-31": "889.00000", "2019-09-30": "875.00000", "2019-06-30": "854.00000", "2019-03-31": "852.00000", "2018-12-31": "1075.00000", "2018-09-30": "1060.00000", "2018-06-30": "1036.00000", "2018-03-31": "983.00000", "2017-12-31": "931.00000", "2017-09-30": "862.00000", "2017-06-30": "837.00000", "2017-03-31": "734.00000", "2016-12-31": "713.00000", "2016-09-30": "633.85600", "2016-06-30": "511.35400", "2016-03-31": "385.25300", "2015-12-31": "342.69400", "2015-09-30": "308.72200", "2015-06-30": "302.84000", "2015-03-31": "280.62800", "2014-12-31": "265.26400", "2014-09-30": "247.64300", "2014-06-30": "230.11300", "2014-03-31": "210.37200", "2013-12-31": "202.66600", "2013-09-30": "193.64900", "2013-06-30": "187.36200", "2013-03-31": "186.79200", "2012-12-31": "166.16700", "2012-09-30": "154.86900", "2012-06-30": "147.91700", "2012-03-31": "143.49400", "2011-12-31": "143.48300", "2011-09-30": "135.39300", "2011-06-30": "129.76200", "2011-03-31": "125.18500", "2010-12-31": "129.87400", "2010-09-30": "126.26900", "2010-06-30": "122.39800", "2010-03-31": "118.01400", "2009-12-31": "117.18800", "2009-09-30": "116.70100", "2009-06-30": "103.90700", "2009-03-31": "96.55200", "2008-12-31": "89.43600", "2008-09-30": "82.19800", "2008-06-30": "72.12500", "2008-03-31": "55.03500", "2007-12-31": "46.27400", "2007-09-30": "39.33000", "2007-06-30": "36.68300", "2007-03-31": "32.80700", "2006-12-31": "25.63400", "2006-09-30": "25.38800", "2006-06-30": "22.72800", "2006-03-31": "19.21500", "2005-12-31": "16.13100", "2005-09-30": "15.34200", "2005-06-30": "13.57300", "2005-03-31": "10.83100"}, "Long-Term Investments": {"2020-09-30": "", "2020-06-30": "", "2020-03-31": "", "2019-12-31": "", "2019-09-30": "", "2019-06-30": "", "2019-03-31": "", "2018-12-31": "", "2018-09-30": "", "2018-06-30": "", "2018-03-31": "", "2017-12-31": "", "2017-09-30": "", "2017-06-30": "", "2017-03-31": "", "2016-12-31": "", "2016-09-30": "", "2016-06-30": "", "2016-03-31": "", "2015-12-31": "", "2015-09-30": "", "2015-06-30": "", "2015-03-31": "", "2014-12-31": "", "2014-09-30": "", "2014-06-30": "", "2014-03-31": "", "2013-12-31": "", "2013-09-30": "", "2013-06-30": "", "2013-03-31": "", "2012-12-31": "", "2012-09-30": "", "2012-06-30": "", "2012-03-31": "", "2011-12-31": "", "2011-09-30": "", "2011-06-30": "", "2011-03-31": "", "2010-12-31": "", "2010-09-30": "", "2010-06-30": "", "2010-03-31": "", "2009-12-31": "", "2009-09-30": "55.45000", "2009-06-30": "55.75000", "2009-03-31": "55.90000", "2008-12-31": "55.90000", "2008-09-30": "51.56700", "2008-06-30": "52.82500", "2008-03-31": "53.49600", "2007-12-31": "", "2007-09-30": "", "2007-06-30": "", "2007-03-31": "", "2006-12-31": "67.78400", "2006-09-30": "", "2006-06-30": "", "2006-03-31": "", "2005-12-31": "", "2005-09-30": "", "2005-06-30": "", "2005-03-31": ""}, "Goodwill And Intangible Assets": {"2020-09-30": "1046.00000", "2020-06-30": "1050.00000", "2020-03-31": "962.00000", "2019-12-31": "969.00000", "2019-09-30": "976.00000", "2019-06-30": "986.00000", "2019-03-31": "1006.00000", "2018-12-31": "1016.00000", "2018-09-30": "1026.00000", "2018-06-30": "1036.00000", "2018-03-31": "943.00000", "2017-12-31": "946.00000", "2017-09-30": "956.00000", "2017-06-30": "967.00000", "2017-03-31": "978.00000", "2016-12-31": "1019.00000", "2016-09-30": "1031.55500", "2016-06-30": "1044.46400", "2016-03-31": "1045.60500", "2015-12-31": "1026.25000", "2015-09-30": "1043.03300", "2015-06-30": "1013.08100", "2015-03-31": "1026.20600", "2014-12-31": "1039.40400", "2014-09-30": "1024.23200", "2014-06-30": "1026.49800", "2014-03-31": "1040.24300", "2013-12-31": "1054.23400", "2013-09-30": "965.10300", "2013-06-30": "901.05700", "2013-03-31": "911.70700", "2012-12-31": "499.52300", "2012-09-30": "505.01800", "2012-06-30": "410.86000", "2012-03-31": "424.86000", "2011-12-31": "428.32800", "2011-09-30": "431.62000", "2011-06-30": "434.56100", "2011-03-31": "438.96200", "2010-12-31": "369.66800", "2010-09-30": "350.44500", "2010-06-30": "342.11700", "2010-03-31": "255.51500", "2009-12-31": "257.24000", "2009-09-30": "271.82100", "2009-06-30": "273.53900", "2009-03-31": "274.80200", "2008-12-31": "261.20700", "2008-09-30": "279.03300", "2008-06-30": "281.74500", "2008-03-31": "284.42400", "2007-12-31": "286.85000", "2007-09-30": "271.86000", "2007-06-30": "272.07400", "2007-03-31": "272.50100", "2006-12-31": "2.23300", "2006-09-30": "10.18600", "2006-06-30": "8.88500", "2006-03-31": "8.72200", "2005-12-31": "4.76900", "2005-09-30": "5.36100", "2005-06-30": "4.74800", "2005-03-31": "2.53600"}, "Other Long-Term Assets": {"2020-09-30": "555.00000", "2020-06-30": "552.00000", "2020-03-31": "435.00000", "2019-12-31": "388.00000", "2019-09-30": "373.00000", "2019-06-30": "350.00000", "2019-03-31": "326.00000", "2018-12-31": "308.00000", "2018-09-30": "325.00000", "2018-06-30": "334.00000", "2018-03-31": "322.00000", "2017-12-31": "312.00000", "2017-09-30": "306.00000", "2017-06-30": "308.00000", "2017-03-31": "286.00000", "2016-12-31": "108.00000", "2016-09-30": "102.45800", "2016-06-30": "99.78900", "2016-03-31": "92.85200", "2015-12-31": "87.46500", "2015-09-30": "84.53800", "2015-06-30": "82.79000", "2015-03-31": "68.85600", "2014-12-31": "95.52100", "2014-09-30": "59.64800", "2014-06-30": "87.59700", "2014-03-31": "69.67600", "2013-12-31": "56.09100", "2013-09-30": "78.00200", "2013-06-30": "78.67700", "2013-03-31": "73.27000", "2012-12-31": "73.16400", "2012-09-30": "77.45000", "2012-06-30": "76.73000", "2012-03-31": "69.35000", "2011-12-31": "59.73500", "2011-09-30": "56.47600", "2011-06-30": "52.35800", "2011-03-31": "45.52200", "2010-12-31": "41.67600", "2010-09-30": "70.62200", "2010-06-30": "43.52400", "2010-03-31": "43.68200", "2009-12-31": "26.54800", "2009-09-30": "24.03100", "2009-06-30": "24.59500", "2009-03-31": "24.39500", "2008-12-31": "4.82500", "2008-09-30": "11.93400", "2008-06-30": "12.12500", "2008-03-31": "12.09900", "2007-12-31": "11.60800", "2007-09-30": "12.08800", "2007-06-30": "12.63100", "2007-03-31": "12.99300", "2006-12-31": "10.91300", "2006-09-30": "", "2006-06-30": "", "2006-03-31": "", "2005-12-31": "", "2005-09-30": "", "2005-06-30": "", "2005-03-31": ""}, "Total Long-Term Assets": {"2020-09-30": "3075.00000", "2020-06-30": "3054.00000", "2020-03-31": "2937.00000", "2019-12-31": "2865.00000", "2019-09-30": "2867.00000", "2019-06-30": "2817.00000", "2019-03-31": "2845.00000", "2018-12-31": "2469.00000", "2018-09-30": "2497.00000", "2018-06-30": "2514.00000", "2018-03-31": "2348.00000", "2017-12-31": "2277.00000", "2017-09-30": "2241.00000", "2017-06-30": "2215.00000", "2017-03-31": "2081.00000", "2016-12-31": "1963.00000", "2016-09-30": "1949.99100", "2016-06-30": "1842.06900", "2016-03-31": "1719.90800", "2015-12-31": "1590.92400", "2015-09-30": "1523.12000", "2015-06-30": "1465.43400", "2015-03-31": "1438.81200", "2014-12-31": "1450.03700", "2014-09-30": "1371.25200", "2014-06-30": "1414.33400", "2014-03-31": "1421.62700", "2013-12-31": "1401.47100", "2013-09-30": "1280.05000", "2013-06-30": "1176.81100", "2013-03-31": "1193.41500", "2012-12-31": "779.03700", "2012-09-30": "791.74700", "2012-06-30": "684.36600", "2012-03-31": "664.18300", "2011-12-31": "651.22100", "2011-09-30": "642.84500", "2011-06-30": "633.67100", "2011-03-31": "611.67600", "2010-12-31": "580.71500", "2010-09-30": "584.87400", "2010-06-30": "553.61800", "2010-03-31": "464.69700", "2009-12-31": "448.34700", "2009-09-30": "510.36000", "2009-06-30": "495.40900", "2009-03-31": "475.40300", "2008-12-31": "457.61000", "2008-09-30": "486.09600", "2008-06-30": "486.02900", "2008-03-31": "471.09000", "2007-12-31": "424.97700", "2007-09-30": "323.27800", "2007-06-30": "321.38800", "2007-03-31": "318.30100", "2006-12-31": "106.85800", "2006-09-30": "35.57400", "2006-06-30": "31.61300", "2006-03-31": "27.93700", "2005-12-31": "20.90000", "2005-09-30": "20.70300", "2005-06-30": "18.32100", "2005-03-31": "13.36700"}, "Total Assets": {"2020-09-30": "7404.00000", "2020-06-30": "7248.00000", "2020-03-31": "7261.00000", "2019-12-31": "7316.00000", "2019-09-30": "7089.00000", "2019-06-30": "6973.00000", "2019-03-31": "7390.00000", "2018-12-31": "6959.00000", "2018-09-30": "6759.00000", "2018-06-30": "5851.00000", "2018-03-31": "5542.00000", "2017-12-31": "5257.00000", "2017-09-30": "5046.00000", "2017-06-30": "4858.00000", "2017-03-31": "4598.00000", "2016-12-31": "4281.00000", "2016-09-30": "4227.82700", "2016-06-30": "3985.09000", "2016-03-31": "3793.70600", "2015-12-31": "3687.74700", "2015-09-30": "3733.54800", "2015-06-30": "3703.12500", "2015-03-31": "3499.09300", "2014-12-31": "3339.64000", "2014-09-30": "3278.20600", "2014-06-30": "3035.05500", "2014-03-31": "3053.57000", "2013-12-31": "3019.00600", "2013-09-30": "2817.69600", "2013-06-30": "2823.20200", "2013-03-31": "2744.18800", "2012-12-31": "2566.08500", "2012-09-30": "2437.98300", "2012-06-30": "2348.73800", "2012-03-31": "2301.47400", "2011-12-31": "2195.84000", "2011-09-30": "2147.05900", "2011-06-30": "2256.98600", "2011-03-31": "2123.14900", "2010-12-31": "1839.11300", "2010-09-30": "1725.22100", "2010-06-30": "1641.88500", "2010-03-31": "1505.21100", "2009-12-31": "1429.93700", "2009-09-30": "1541.71600", "2009-06-30": "1477.16800", "2009-03-31": "1372.57000", "2008-12-31": "1327.17100", "2008-09-30": "1361.32200", "2008-06-30": "992.68500", "2008-03-31": "935.75200", "2007-12-31": "987.73200", "2007-09-30": "810.20900", "2007-06-30": "773.57400", "2007-03-31": "742.83700", "2006-12-31": "300.58400", "2006-09-30": "256.47700", "2006-06-30": "230.95100", "2006-03-31": "112.52600", "2005-12-31": "100.61000", "2005-09-30": "97.02600", "2005-06-30": "91.25900", "2005-03-31": "93.78000"}, "Total Current Liabilities": {"2020-09-30": "1115.00000", "2020-06-30": "1115.00000", "2020-03-31": "1054.00000", "2019-12-31": "665.00000", "2019-09-30": "619.00000", "2019-06-30": "612.00000", "2019-03-31": "1241.00000", "2018-12-31": "1804.00000", "2018-09-30": "1735.00000", "2018-06-30": "1217.00000", "2018-03-31": "1180.00000", "2017-12-31": "746.00000", "2017-09-30": "665.00000", "2017-06-30": "682.00000", "2017-03-31": "721.00000", "2016-12-31": "705.00000", "2016-09-30": "628.85500", "2016-06-30": "581.50700", "2016-03-31": "481.22800", "2015-12-31": "610.49400", "2015-09-30": "583.85700", "2015-06-30": "725.05300", "2015-03-31": "710.25100", "2014-12-31": "722.15800", "2014-09-30": "856.40100", "2014-06-30": "649.20700", "2014-03-31": "1149.77900", "2013-12-31": "322.06300", "2013-09-30": "418.92500", "2013-06-30": "418.88000", "2013-03-31": "409.94100", "2012-12-31": "304.57100", "2012-09-30": "303.09900", "2012-06-30": "299.14100", "2012-03-31": "292.92600", "2011-12-31": "226.92100", "2011-09-30": "297.21300", "2011-06-30": "284.45500", "2011-03-31": "345.31300", "2010-12-31": "534.51700", "2010-09-30": "500.42400", "2010-06-30": "481.85600", "2010-03-31": "445.84000", "2009-12-31": "441.23600", "2009-09-30": "412.64200", "2009-06-30": "405.29700", "2009-03-31": "383.31200", "2008-12-31": "386.44800", "2008-09-30": "491.34700", "2008-06-30": "486.04800", "2008-03-31": "469.52400", "2007-12-31": "165.71500", "2007-09-30": "79.02100", "2007-06-30": "76.60700", "2007-03-31": "66.72800", "2006-12-31": "33.77600", "2006-09-30": "33.45600", "2006-06-30": "34.87100", "2006-03-31": "24.69700", "2005-12-31": "21.71800", "2005-09-30": "19.74200", "2005-06-30": "15.06700", "2005-03-31": "15.58500"}, "Long Term Debt": {"2020-09-30": "666.00000", "2020-06-30": "659.00000", "2020-03-31": "652.00000", "2019-12-31": "1141.00000", "2019-09-30": "1131.00000", "2019-06-30": "1120.00000", "2019-03-31": "1112.00000", "2018-12-31": "890.00000", "2018-09-30": "860.00000", "2018-06-30": "723.00000", "2018-03-31": "710.00000", "2017-12-31": "1182.00000", "2017-09-30": "1180.00000", "2017-06-30": "1169.00000", "2017-03-31": "1055.00000", "2016-12-31": "1056.00000", "2016-09-30": "1040.76500", "2016-06-30": "1031.37000", "2016-03-31": "1022.64600", "2015-12-31": "1015.64900", "2015-09-30": "1007.93500", "2015-06-30": "1000.82900", "2015-03-31": "993.77700", "2014-12-31": "986.78000", "2014-09-30": "979.83600", "2014-06-30": "1116.54200", "2014-03-31": "138.78000", "2013-12-31": "972.23800", "2013-09-30": "830.69000", "2013-06-30": "822.16900", "2013-03-31": "813.74100", "2012-12-31": "805.40600", "2012-09-30": "797.16200", "2012-06-30": "789.00800", "2012-03-31": "780.94300", "2011-12-31": "807.36900", "2011-09-30": "765.07700", "2011-06-30": "757.27400", "2011-03-31": "652.08300", "2010-12-31": "", "2010-09-30": "", "2010-06-30": "", "2010-03-31": "", "2009-12-31": "", "2009-09-30": "", "2009-06-30": "", "2009-03-31": "", "2008-12-31": "", "2008-09-30": "0.46000", "2008-06-30": "", "2008-03-31": "", "2007-12-31": "400.00000", "2007-09-30": "400.00000", "2007-06-30": "400.00000", "2007-03-31": "400.00600", "2006-12-31": "", "2006-09-30": "", "2006-06-30": "", "2006-03-31": "0.02500", "2005-12-31": "0.05400", "2005-09-30": "", "2005-06-30": "", "2005-03-31": ""}, "Other Non-Current Liabilities": {"2020-09-30": "245.00000", "2020-06-30": "230.00000", "2020-03-31": "224.00000", "2019-12-31": "202.00000", "2019-09-30": "209.00000", "2019-06-30": "211.00000", "2019-03-31": "212.00000", "2018-12-31": "359.00000", "2018-09-30": "352.00000", "2018-06-30": "343.00000", "2018-03-31": "364.00000", "2017-12-31": "360.00000", "2017-09-30": "222.00000", "2017-06-30": "212.00000", "2017-03-31": "212.00000", "2016-12-31": "206.00000", "2016-09-30": "204.27300", "2016-06-30": "198.56800", "2016-03-31": "185.52600", "2015-12-31": "180.50500", "2015-09-30": "173.06100", "2015-06-30": "183.33100", "2015-03-31": "171.73900", "2014-12-31": "167.90400", "2014-09-30": "167.65600", "2014-06-30": "188.87000", "2014-03-31": "191.39800", "2013-12-31": "191.50300", "2013-09-30": "193.61700", "2013-06-30": "193.56100", "2013-03-31": "208.67900", "2012-12-31": "137.52700", "2012-09-30": "115.50800", "2012-06-30": "79.80600", "2012-03-31": "67.43300", "2011-12-31": "86.33500", "2011-09-30": "49.22900", "2011-06-30": "46.95300", "2011-03-31": "61.52700", "2010-12-31": "106.92100", "2010-09-30": "116.67600", "2010-06-30": "123.06900", "2010-03-31": "117.57400", "2009-12-31": "124.45300", "2009-09-30": "126.95400", "2009-06-30": "132.13100", "2009-03-31": "134.12300", "2008-12-31": "142.05600", "2008-09-30": "16.52200", "2008-06-30": "14.88500", "2008-03-31": "15.13900", "2007-12-31": "7.85400", "2007-09-30": "9.93000", "2007-06-30": "10.13200", "2007-03-31": "10.14300", "2006-12-31": "10.01100", "2006-09-30": "9.38500", "2006-06-30": "6.75600", "2006-03-31": "6.33300", "2005-12-31": "3.49800", "2005-09-30": "3.24300", "2005-06-30": "2.87300", "2005-03-31": "2.64900"}, "Total Long Term Liabilities": {"2020-09-30": "1589.00000", "2020-06-30": "1570.00000", "2020-03-31": "1572.00000", "2019-12-31": "2038.00000", "2019-09-30": "2031.00000", "2019-06-30": "2029.00000", "2019-03-31": "2079.00000", "2018-12-31": "1310.00000", "2018-09-30": "1430.00000", "2018-06-30": "1283.00000", "2018-03-31": "1289.00000", "2017-12-31": "1762.00000", "2017-09-30": "1526.00000", "2017-06-30": "1461.00000", "2017-03-31": "1326.00000", "2016-12-31": "1306.00000", "2016-09-30": "1279.29500", "2016-06-30": "1263.67100", "2016-03-31": "1241.55500", "2015-12-31": "1228.70000", "2015-09-30": "1213.12400", "2015-06-30": "1184.16000", "2015-03-31": "1165.51600", "2014-12-31": "1154.68400", "2014-09-30": "1147.49200", "2014-06-30": "1305.41200", "2014-03-31": "330.17800", "2013-12-31": "1163.74100", "2013-09-30": "1024.30700", "2013-06-30": "1015.73000", "2013-03-31": "1022.42000", "2012-12-31": "942.93300", "2012-09-30": "912.67000", "2012-06-30": "868.81400", "2012-03-31": "848.37600", "2011-12-31": "893.70400", "2011-09-30": "814.30600", "2011-06-30": "804.22700", "2011-03-31": "713.61000", "2010-12-31": "106.92100", "2010-09-30": "116.67600", "2010-06-30": "123.06900", "2010-03-31": "117.57400", "2009-12-31": "124.45300", "2009-09-30": "126.95400", "2009-06-30": "132.13100", "2009-03-31": "134.12300", "2008-12-31": "142.05600", "2008-09-30": "16.98200", "2008-06-30": "14.88500", "2008-03-31": "15.13900", "2007-12-31": "410.33900", "2007-09-30": "409.93000", "2007-06-30": "410.13200", "2007-03-31": "410.14900", "2006-12-31": "19.46600", "2006-09-30": "11.94700", "2006-06-30": "9.41200", "2006-03-31": "9.10700", "2005-12-31": "6.39500", "2005-09-30": "6.18000", "2005-06-30": "5.90300", "2005-03-31": "5.77300"}, "Total Liabilities": {"2020-09-30": "2704.00000", "2020-06-30": "2685.00000", "2020-03-31": "2626.00000", "2019-12-31": "2703.00000", "2019-09-30": "2650.00000", "2019-06-30": "2641.00000", "2019-03-31": "3320.00000", "2018-12-31": "3114.00000", "2018-09-30": "3165.00000", "2018-06-30": "2500.00000", "2018-03-31": "2469.00000", "2017-12-31": "2508.00000", "2017-09-30": "2191.00000", "2017-06-30": "2143.00000", "2017-03-31": "2047.00000", "2016-12-31": "2011.00000", "2016-09-30": "1908.15000", "2016-06-30": "1845.17800", "2016-03-31": "1722.78300", "2015-12-31": "1839.19400", "2015-09-30": "1796.98100", "2015-06-30": "1909.21300", "2015-03-31": "1875.76700", "2014-12-31": "1876.84200", "2014-09-30": "2003.89300", "2014-06-30": "1954.61900", "2014-03-31": "1479.95700", "2013-12-31": "1485.80400", "2013-09-30": "1443.23200", "2013-06-30": "1434.61000", "2013-03-31": "1432.36100", "2012-12-31": "1247.50400", "2012-09-30": "1215.76900", "2012-06-30": "1167.95500", "2012-03-31": "1141.30200", "2011-12-31": "1120.62500", "2011-09-30": "1111.51900", "2011-06-30": "1088.68200", "2011-03-31": "1058.92300", "2010-12-31": "641.43800", "2010-09-30": "617.10000", "2010-06-30": "604.92500", "2010-03-31": "563.41400", "2009-12-31": "565.68900", "2009-09-30": "539.59600", "2009-06-30": "537.42800", "2009-03-31": "517.43500", "2008-12-31": "528.50400", "2008-09-30": "508.32900", "2008-06-30": "500.93300", "2008-03-31": "484.66300", "2007-12-31": "576.05400", "2007-09-30": "488.95100", "2007-06-30": "486.73900", "2007-03-31": "476.87700", "2006-12-31": "53.24200", "2006-09-30": "45.40300", "2006-06-30": "44.28300", "2006-03-31": "33.80400", "2005-12-31": "28.11300", "2005-09-30": "25.92200", "2005-06-30": "20.97000", "2005-03-31": "21.35800"}, "Common Stock Net": {"2020-09-30": "2.00000", "2020-06-30": "2.00000", "2020-03-31": "2.00000", "2019-12-31": "2.00000", "2019-09-30": "2.00000", "2019-06-30": "2.00000", "2019-03-31": "2.00000", "2018-12-31": "2.00000", "2018-09-30": "2.00000", "2018-06-30": "2.00000", "2018-03-31": "2.00000", "2017-12-31": "2.00000", "2017-09-30": "2.00000", "2017-06-30": "2.00000", "2017-03-31": "2.00000", "2016-12-31": "2.00000", "2016-09-30": "1.88200", "2016-06-30": "1.87800", "2016-03-31": "1.87600", "2015-12-31": "1.85900", "2015-09-30": "1.84900", "2015-06-30": "1.82900", "2015-03-31": "1.82300", "2014-12-31": "1.80500", "2014-09-30": "1.79400", "2014-06-30": "1.78500", "2014-03-31": "1.77800", "2013-12-31": "1.75300", "2013-09-30": "1.73900", "2013-06-30": "1.72600", "2013-03-31": "1.71100", "2012-12-31": "1.70300", "2012-09-30": "1.69000", "2012-06-30": "1.68500", "2012-03-31": "1.68100", "2011-12-31": "1.66800", "2011-09-30": "1.66100", "2011-06-30": "1.65100", "2011-03-31": "1.60800", "2010-12-31": "1.51600", "2010-09-30": "1.49500", "2010-06-30": "1.48300", "2010-03-31": "1.45600", "2009-12-31": "1.43600", "2009-09-30": "1.43000", "2009-06-30": "1.42100", "2009-03-31": "1.40700", "2008-12-31": "1.38900", "2008-09-30": "", "2008-06-30": "", "2008-03-31": "", "2007-12-31": "1.25600", "2007-09-30": "", "2007-06-30": "", "2007-03-31": "", "2006-12-31": "0.46900", "2006-09-30": "", "2006-06-30": "", "2006-03-31": "", "2005-12-31": "0.41300", "2005-09-30": "", "2005-06-30": "", "2005-03-31": ""}, "Retained Earnings (Accumulated Deficit)": {"2020-09-30": "4466.00000", "2020-06-30": "4287.00000", "2020-03-31": "4240.00000", "2019-12-31": "4067.00000", "2019-09-30": "3828.00000", "2019-06-30": "3594.00000", "2019-03-31": "3298.00000", "2018-12-31": "3083.00000", "2018-09-30": "2872.00000", "2018-06-30": "2673.00000", "2018-03-31": "2464.00000", "2017-12-31": "2256.00000", "2017-09-30": "2188.00000", "2017-06-30": "2025.00000", "2017-03-31": "1897.00000", "2016-12-31": "1485.00000", "2016-09-30": "1361.65200", "2016-06-30": "1232.76400", "2016-03-31": "1112.35200", "2015-12-31": "1022.76500", "2015-09-30": "918.28800", "2015-06-30": "800.11100", "2015-03-31": "697.86400", "2014-12-31": "561.20600", "2014-09-30": "407.92600", "2014-06-30": "314.43700", "2014-03-31": "267.83200", "2013-12-31": "207.85500", "2013-09-30": "127.18700", "2013-06-30": "95.83700", "2013-03-31": "59.96000", "2012-12-31": "82.54700", "2012-09-30": "10.64000", "2012-06-30": "-19.10800", "2012-03-31": "-42.51000", "2011-12-31": "-68.70700", "2011-09-30": "-80.43200", "2011-06-30": "-100.58400", "2011-03-31": "-131.20400", "2010-12-31": "-155.33500", "2010-09-30": "-193.77900", "2010-06-30": "-229.21800", "2010-03-31": "-259.01800", "2009-12-31": "-280.22600", "2009-09-30": "-291.93200", "2009-06-30": "-309.01000", "2009-03-31": "-333.69800", "2008-12-31": "-352.50700", "2008-09-30": "", "2008-06-30": "", "2008-03-31": "", "2007-12-31": "-382.97700", "2007-09-30": "", "2007-06-30": "", "2007-03-31": "", "2006-12-31": "-104.61800", "2006-09-30": "", "2006-06-30": "", "2006-03-31": "", "2005-12-31": "-144.58600", "2005-09-30": "", "2005-06-30": "", "2005-03-31": ""}, "Comprehensive Income": {"2020-09-30": "12.00000", "2020-06-30": "14.00000", "2020-03-31": "6.00000", "2019-12-31": "5.00000", "2019-09-30": "5.00000", "2019-06-30": "5.00000", "2019-03-31": "2.00000", "2018-12-31": "-1.00000", "2018-09-30": "-2.00000", "2018-06-30": "-1.00000", "2018-03-31": "-1.00000", "2017-12-31": "-1.00000", "2017-09-30": "", "2017-06-30": "", "2017-03-31": "-1.00000", "2016-12-31": "-1.00000", "2016-09-30": "1.31400", "2016-06-30": "2.31800", "2016-03-31": "1.98200", "2015-12-31": "0.03600", "2015-09-30": "1.04000", "2015-06-30": "0.59900", "2015-03-31": "2.33400", "2014-12-31": "-1.08000", "2014-09-30": "0.36100", "2014-06-30": "1.33300", "2014-03-31": "1.20800", "2013-12-31": "1.23400", "2013-09-30": "1.36800", "2013-06-30": "1.16300", "2013-03-31": "1.70300", "2012-12-31": "2.12300", "2012-09-30": "2.44700", "2012-06-30": "2.20300", "2012-03-31": "2.26300", "2011-12-31": "2.11700", "2011-09-30": "2.08600", "2011-06-30": "2.34700", "2011-03-31": "1.12000", "2010-12-31": "1.76500", "2010-09-30": "2.56500", "2010-06-30": "2.61200", "2010-03-31": "2.65200", "2009-12-31": "2.83000", "2009-09-30": "3.23700", "2009-06-30": "2.83700", "2009-03-31": "1.87200", "2008-12-31": "2.42200", "2008-09-30": "", "2008-06-30": "", "2008-03-31": "", "2007-12-31": "1.34700", "2007-09-30": "", "2007-06-30": "", "2007-03-31": "", "2006-12-31": "11.29400", "2006-09-30": "", "2006-06-30": "", "2006-03-31": "", "2005-12-31": "0.25800", "2005-09-30": "", "2005-06-30": "", "2005-03-31": ""}, "Other Share Holders Equity": {"2020-09-30": "", "2020-06-30": "", "2020-03-31": "", "2019-12-31": "", "2019-09-30": "", "2019-06-30": "", "2019-03-31": "", "2018-12-31": "", "2018-09-30": "", "2018-06-30": "", "2018-03-31": "", "2017-12-31": "", "2017-09-30": "", "2017-06-30": "", "2017-03-31": "", "2016-12-31": "", "2016-09-30": "", "2016-06-30": "", "2016-03-31": "", "2015-12-31": "", "2015-09-30": "", "2015-06-30": "", "2015-03-31": "", "2014-12-31": "", "2014-09-30": "", "2014-06-30": "", "2014-03-31": "", "2013-12-31": "", "2013-09-30": "", "2013-06-30": "", "2013-03-31": "", "2012-12-31": "", "2012-09-30": "", "2012-06-30": "", "2012-03-31": "", "2011-12-31": "", "2011-09-30": "", "2011-06-30": "", "2011-03-31": "", "2010-12-31": "", "2010-09-30": "", "2010-06-30": "", "2010-03-31": "", "2009-12-31": "", "2009-09-30": "", "2009-06-30": "", "2009-03-31": "", "2008-12-31": "", "2008-09-30": "", "2008-06-30": "", "2008-03-31": "", "2007-12-31": "", "2007-09-30": "", "2007-06-30": "", "2007-03-31": "", "2006-12-31": "", "2006-09-30": "", "2006-06-30": "", "2006-03-31": "", "2005-12-31": "", "2005-09-30": "", "2005-06-30": "", "2005-03-31": ""}, "Share Holder Equity": {"2020-09-30": "4700.00000", "2020-06-30": "4563.00000", "2020-03-31": "4635.00000", "2019-12-31": "4613.00000", "2019-09-30": "4439.00000", "2019-06-30": "4332.00000", "2019-03-31": "4070.00000", "2018-12-31": "3845.00000", "2018-09-30": "3594.00000", "2018-06-30": "3351.00000", "2018-03-31": "3073.00000", "2017-12-31": "2749.00000", "2017-09-30": "2855.00000", "2017-06-30": "2715.00000", "2017-03-31": "2551.00000", "2016-12-31": "2270.00000", "2016-09-30": "2319.67700", "2016-06-30": "2139.91200", "2016-03-31": "2070.92300", "2015-12-31": "1848.55300", "2015-09-30": "1936.56700", "2015-06-30": "1793.91200", "2015-03-31": "1623.32600", "2014-12-31": "1462.79800", "2014-09-30": "1274.31300", "2014-06-30": "1080.43600", "2014-03-31": "1573.61300", "2013-12-31": "1533.20200", "2013-09-30": "1374.46400", "2013-06-30": "1388.59200", "2013-03-31": "1311.82700", "2012-12-31": "1318.58100", "2012-09-30": "1222.21400", "2012-06-30": "1180.78300", "2012-03-31": "1160.17200", "2011-12-31": "1075.21500", "2011-09-30": "1035.54000", "2011-06-30": "1168.30400", "2011-03-31": "1064.22600", "2010-12-31": "1197.67500", "2010-09-30": "1108.12100", "2010-06-30": "1036.96000", "2010-03-31": "941.79700", "2009-12-31": "864.24800", "2009-09-30": "1002.12000", "2009-06-30": "939.74000", "2009-03-31": "855.13500", "2008-12-31": "798.66700", "2008-09-30": "852.99300", "2008-06-30": "491.75200", "2008-03-31": "451.08900", "2007-12-31": "411.67800", "2007-09-30": "321.25800", "2007-06-30": "286.83500", "2007-03-31": "265.96000", "2006-12-31": "247.34200", "2006-09-30": "211.07400", "2006-06-30": "186.66800", "2006-03-31": "78.72200", "2005-12-31": "72.49700", "2005-09-30": "71.10400", "2005-06-30": "70.28900", "2005-03-31": "72.42200"}, "Total Liabilities And Share Holders Equity": {"2020-09-30": "7404.00000", "2020-06-30": "7248.00000", "2020-03-31": "7261.00000", "2019-12-31": "7316.00000", "2019-09-30": "7089.00000", "2019-06-30": "6973.00000", "2019-03-31": "7390.00000", "2018-12-31": "6959.00000", "2018-09-30": "6759.00000", "2018-06-30": "5851.00000", "2018-03-31": "5542.00000", "2017-12-31": "5257.00000", "2017-09-30": "5046.00000", "2017-06-30": "4858.00000", "2017-03-31": "4598.00000", "2016-12-31": "4281.00000", "2016-09-30": "4227.82700", "2016-06-30": "3985.09000", "2016-03-31": "3793.70600", "2015-12-31": "3687.74700", "2015-09-30": "3733.54800", "2015-06-30": "3703.12500", "2015-03-31": "3499.09300", "2014-12-31": "3339.64000", "2014-09-30": "3278.20600", "2014-06-30": "3035.05500", "2014-03-31": "3053.57000", "2013-12-31": "3019.00600", "2013-09-30": "2817.69600", "2013-06-30": "2823.20200", "2013-03-31": "2744.18800", "2012-12-31": "2566.08500", "2012-09-30": "2437.98300", "2012-06-30": "2348.73800", "2012-03-31": "2301.47400", "2011-12-31": "2195.84000", "2011-09-30": "2147.05900", "2011-06-30": "2256.98600", "2011-03-31": "2123.14900", "2010-12-31": "1839.11300", "2010-09-30": "1725.22100", "2010-06-30": "1641.88500", "2010-03-31": "1505.21100", "2009-12-31": "1429.93700", "2009-09-30": "1541.71600", "2009-06-30": "1477.16800", "2009-03-31": "1372.57000", "2008-12-31": "1327.17100", "2008-09-30": "1361.32200", "2008-06-30": "992.68500", "2008-03-31": "935.75200", "2007-12-31": "987.73200", "2007-09-30": "810.20900", "2007-06-30": "773.57400", "2007-03-31": "742.83700", "2006-12-31": "300.58400", "2006-09-30": "256.47700", "2006-06-30": "230.95100", "2006-03-31": "112.52600", "2005-12-31": "100.61000", "2005-09-30": "97.02600", "2005-06-30": "91.25900", "2005-03-31": "93.78000"}}, "cash flow statement": {"Net Income/Loss": {"2019-12-31": "990.00000", "2018-12-31": "782.00000", "2017-12-31": "678.00000", "2016-12-31": "428.00000", "2015-12-31": "458.00000", "2014-12-31": "353.35100", "2013-12-31": "125.30800", "2012-12-31": "151.25400", "2011-12-31": "86.62800", "2010-12-31": "124.89100", "2009-12-31": "72.28100", "2008-12-31": "39.41600", "2007-12-31": "-287.30500", "2006-12-31": "39.96800", "2005-12-31": "-20.87400"}, "Total Depreciation And Amortization - Cash Flow": {"2019-12-31": "234.00000", "2018-12-31": "220.00000", "2017-12-31": "186.00000", "2016-12-31": "171.00000", "2015-12-31": "166.00000", "2014-12-31": "150.64300", "2013-12-31": "134.16200", "2012-12-31": "100.32300", "2011-12-31": "101.36500", "2010-12-31": "63.41600", "2009-12-31": "51.47000", "2008-12-31": "46.60600", "2007-12-31": "29.22800", "2006-12-31": "5.65700", "2005-12-31": "3.43500"}, "Other Non-Cash Items": {"2019-12-31": "14.00000", "2018-12-31": "154.00000", "2017-12-31": "-185.00000", "2016-12-31": "223.00000", "2015-12-31": "198.00000", "2014-12-31": "147.49500", "2013-12-31": "-39.26300", "2012-12-31": "58.01800", "2011-12-31": "125.17100", "2010-12-31": "86.64000", "2009-12-31": "64.24200", "2008-12-31": "90.25200", "2007-12-31": "301.21000", "2006-12-31": "12.43300", "2005-12-31": "16.36300"}, "Total Non-Cash Items": {"2019-12-31": "248.00000", "2018-12-31": "374.00000", "2017-12-31": "1.00000", "2016-12-31": "394.00000", "2015-12-31": "364.00000", "2014-12-31": "298.13800", "2013-12-31": "94.89900", "2012-12-31": "158.34100", "2011-12-31": "226.53600", "2010-12-31": "150.05600", "2009-12-31": "115.71200", "2008-12-31": "136.85800", "2007-12-31": "330.43800", "2006-12-31": "18.09000", "2005-12-31": "19.79800"}, "Change In Accounts Receivable": {"2019-12-31": "-58.00000", "2018-12-31": "-105.00000", "2017-12-31": "-26.00000", "2016-12-31": "3.00000", "2015-12-31": "-96.00000", "2014-12-31": "-50.38100", "2013-12-31": "-15.92800", "2012-12-31": "-34.44100", "2011-12-31": "-7.01100", "2010-12-31": "-7.84400", "2009-12-31": "-18.57800", "2008-12-31": "-57.67200", "2007-12-31": "-37.06000", "2006-12-31": "-21.73300", "2005-12-31": "-7.03900"}, "Change In Inventories": {"2019-12-31": "25.00000", "2018-12-31": "-53.00000", "2017-12-31": "-33.00000", "2016-12-31": "-30.00000", "2015-12-31": "-81.00000", "2014-12-31": "-36.54200", "2013-12-31": "6.21700", "2012-12-31": "-23.70700", "2011-12-31": "22.15200", "2010-12-31": "-48.58300", "2009-12-31": "-20.55700", "2008-12-31": "-19.56000", "2007-12-31": "-27.13000", "2006-12-31": "-9.72800", "2005-12-31": "-6.50200"}, "Change In Accounts Payable": {"2019-12-31": "-35.00000", "2018-12-31": "45.00000", "2017-12-31": "10.00000", "2016-12-31": "-2.00000", "2015-12-31": "46.00000", "2014-12-31": "-2.10600", "2013-12-31": "2.38900", "2012-12-31": "15.11200", "2011-12-31": "-21.09700", "2010-12-31": "23.15000", "2009-12-31": "11.77800", "2008-12-31": "4.84000", "2007-12-31": "12.26200", "2006-12-31": "2.43800", "2005-12-31": "3.19300"}, "Change In Assets/Liabilities": {"2019-12-31": "-74.00000", "2018-12-31": "-8.00000", "2017-12-31": "163.00000", "2016-12-31": "8.00000", "2015-12-31": "-8.00000", "2014-12-31": "-27.77600", "2013-12-31": "-10.75800", "2012-12-31": "0.67500", "2011-12-31": "2.03800", "2010-12-31": "-1.12500", "2009-12-31": "-8.44200", "2008-12-31": "6.82000", "2007-12-31": "47.60200", "2006-12-31": "-0.91000", "2005-12-31": "-1.79800"}, "Total Change In Assets/Liabilities": {"2019-12-31": "-186.00000", "2018-12-31": "-18.00000", "2017-12-31": "195.00000", "2016-12-31": "-45.00000", "2015-12-31": "-40.00000", "2014-12-31": "-165.83600", "2013-12-31": "153.40300", "2012-12-31": "-17.97300", "2011-12-31": "35.02700", "2010-12-31": "-2.37400", "2009-12-31": "-15.80200", "2008-12-31": "-88.39200", "2007-12-31": "13.16100", "2006-12-31": "-19.05800", "2005-12-31": "-7.93200"}, "Cash Flow From Operating Activities": {"2019-12-31": "1051.00000", "2018-12-31": "1142.00000", "2017-12-31": "875.00000", "2016-12-31": "779.00000", "2015-12-31": "786.00000", "2014-12-31": "501.27100", "2013-12-31": "386.42100", "2012-12-31": "291.87300", "2011-12-31": "358.14000", "2010-12-31": "272.57300", "2009-12-31": "172.19100", "2008-12-31": "87.88200", "2007-12-31": "56.29400", "2006-12-31": "39.00000", "2005-12-31": "-9.00800"}, "Net Change In Property, Plant, And Equipment": {"2019-12-31": "-209.00000", "2018-12-31": "-296.00000", "2017-12-31": "-310.00000", "2016-12-31": "-260.00000", "2015-12-31": "-143.00000", "2014-12-31": "-105.99600", "2013-12-31": "-79.21500", "2012-12-31": "-68.78100", "2011-12-31": "-77.80000", "2010-12-31": "-49.81800", "2009-12-31": "-52.67300", "2008-12-31": "-59.69300", "2007-12-31": "-24.30100", "2006-12-31": "-15.11400", "2005-12-31": "-11.39500"}, "Net Change In Intangible Assets": {"2019-12-31": "", "2018-12-31": "", "2017-12-31": "-2.00000", "2016-12-31": "-11.00000", "2015-12-31": "0.00000", "2014-12-31": "-36.22000", "2013-12-31": "-11.34400", "2012-12-31": "-12.22800", "2011-12-31": "-1.75000", "2010-12-31": "-6.65000", "2009-12-31": "-3.40000", "2008-12-31": "-36.00000", "2007-12-31": "-0.08500", "2006-12-31": "-0.10000", "2005-12-31": ""}, "Net Acquisitions/Divestitures": {"2019-12-31": "", "2018-12-31": "-100.00000", "2017-12-31": "", "2016-12-31": "-18.00000", "2015-12-31": "-37.00000", "2014-12-31": "-3.28500", "2013-12-31": "-523.50100", "2012-12-31": "-83.15600", "2011-12-31": "-58.30200", "2010-12-31": "-98.21100", "2009-12-31": "-1.32500", "2008-12-31": "-24.66600", "2007-12-31": "72.07500", "2006-12-31": "", "2005-12-31": "-2.38800"}, "Net Change In Short-term Investments": {"2019-12-31": "-20.00000", "2018-12-31": "-15.00000", "2017-12-31": "-29.00000", "2016-12-31": "-14.00000", "2015-12-31": "-6.00000", "2014-12-31": "-11.75500", "2013-12-31": "95.58000", "2012-12-31": "40.88100", "2011-12-31": "-13.76900", "2010-12-31": "-27.67700", "2009-12-31": "", "2008-12-31": "", "2007-12-31": "", "2006-12-31": "", "2005-12-31": ""}, "Net Change In Long-Term Investments": {"2019-12-31": "977.00000", "2018-12-31": "-1402.00000", "2017-12-31": "-151.00000", "2016-12-31": "-212.00000", "2015-12-31": "79.00000", "2014-12-31": "-249.36800", "2013-12-31": "448.83100", "2012-12-31": "-26.72800", "2011-12-31": "-249.37810", "2010-12-31": "-102.69700", "2009-12-31": "-199.17100", "2008-12-31": "-156.89000", "2007-12-31": "-115.37500", "2006-12-31": "-145.52100", "2005-12-31": "12.24800"}, "Net Change In Investments - Total": {"2019-12-31": "957.00000", "2018-12-31": "-1417.00000", "2017-12-31": "-180.00000", "2016-12-31": "-226.00000", "2015-12-31": "73.00000", "2014-12-31": "-261.12300", "2013-12-31": "544.41090", "2012-12-31": "14.15300", "2011-12-31": "-263.14710", "2010-12-31": "-130.37400", "2009-12-31": "-199.17100", "2008-12-31": "-156.89000", "2007-12-31": "-115.37500", "2006-12-31": "-145.52100", "2005-12-31": "12.24800"}, "Investing Activities - Other": {"2019-12-31": "-3.00000", "2018-12-31": "", "2017-12-31": "278.00000", "2016-12-31": "", "2015-12-31": "", "2014-12-31": "", "2013-12-31": "", "2012-12-31": "", "2011-12-31": "", "2010-12-31": "", "2009-12-31": "", "2008-12-31": "", "2007-12-31": "", "2006-12-31": "", "2005-12-31": ""}, "Cash Flow From Investing Activities": {"2019-12-31": "745.00000", "2018-12-31": "-1813.00000", "2017-12-31": "-214.00000", "2016-12-31": "-515.00000", "2015-12-31": "-107.00000", "2014-12-31": "-406.62400", "2013-12-31": "-69.64900", "2012-12-31": "-150.01200", "2011-12-31": "-400.99900", "2010-12-31": "-285.05300", "2009-12-31": "-256.56900", "2008-12-31": "-277.24900", "2007-12-31": "-67.68600", "2006-12-31": "-160.73500", "2005-12-31": "-1.53500"}, "Net Long-Term Debt": {"2019-12-31": "-550.00000", "2018-12-31": "731.00000", "2017-12-31": "-4.00000", "2016-12-31": "5.00000", "2015-12-31": "", "2014-12-31": "1102.38700", "2013-12-31": "-10.85200", "2012-12-31": "", "2011-12-31": "903.49200", "2010-12-31": "", "2009-12-31": "", "2008-12-31": "-0.01500", "2007-12-31": "390.17400", "2006-12-31": "-0.10900", "2005-12-31": "-0.08300"}, "Net Current Debt": {"2019-12-31": "", "2018-12-31": "", "2017-12-31": "", "2016-12-31": "", "2015-12-31": "", "2014-12-31": "-1244.72100", "2013-12-31": "", "2012-12-31": "", "2011-12-31": "-349.87400", "2010-12-31": "", "2009-12-31": "-10.00000", "2008-12-31": "", "2007-12-31": "-139.04000", "2006-12-31": "", "2005-12-31": ""}, "Debt Issuance/Retirement Net - Total": {"2019-12-31": "-550.00000", "2018-12-31": "731.00000", "2017-12-31": "-4.00000", "2016-12-31": "5.00000", "2015-12-31": "", "2014-12-31": "-142.33390", "2013-12-31": "-10.85200", "2012-12-31": "", "2011-12-31": "553.61800", "2010-12-31": "", "2009-12-31": "-10.00000", "2008-12-31": "-0.01500", "2007-12-31": "251.13400", "2006-12-31": "-0.10900", "2005-12-31": "-0.08300"}, "Net Common Equity Issued/Repurchased": {"2019-12-31": "-265.00000", "2018-12-31": "-155.00000", "2017-12-31": "-180.00000", "2016-12-31": "-195.00000", "2015-12-31": "-202.00000", "2014-12-31": "-140.85500", "2013-12-31": "44.44000", "2012-12-31": "-28.16400", "2011-12-31": "-502.95600", "2010-12-31": "74.02900", "2009-12-31": "-128.18100", "2008-12-31": "319.18600", "2007-12-31": "-221.44300", "2006-12-31": "107.96600", "2005-12-31": "6.04600"}, "Net Total Equity Issued/Repurchased": {"2019-12-31": "-265.00000", "2018-12-31": "-155.00000", "2017-12-31": "-180.00000", "2016-12-31": "-195.00000", "2015-12-31": "-202.00000", "2014-12-31": "-140.85500", "2013-12-31": "44.44000", "2012-12-31": "-28.16400", "2011-12-31": "-502.95600", "2010-12-31": "74.02900", "2009-12-31": "-128.18100", "2008-12-31": "319.18600", "2007-12-31": "-221.44300", "2006-12-31": "107.96600", "2005-12-31": "6.04600"}, "Total Common And Preferred Stock Dividends Paid": {"2019-12-31": "", "2018-12-31": "", "2017-12-31": "", "2016-12-31": "", "2015-12-31": "", "2014-12-31": "", "2013-12-31": "", "2012-12-31": "", "2011-12-31": "", "2010-12-31": "", "2009-12-31": "", "2008-12-31": "", "2007-12-31": "", "2006-12-31": "", "2005-12-31": ""}, "Financial Activities - Other": {"2019-12-31": "-82.00000", "2018-12-31": "18.00000", "2017-12-31": "8.00000", "2016-12-31": "-106.00000", "2015-12-31": "-343.00000", "2014-12-31": "116.44100", "2013-12-31": "-72.30700", "2012-12-31": "17.40900", "2011-12-31": "46.35400", "2010-12-31": "42.44500", "2009-12-31": "39.31900", "2008-12-31": "18.50100", "2007-12-31": "118.60100", "2006-12-31": "1.43900", "2005-12-31": ""}, "Cash Flow From Financial Activities": {"2019-12-31": "-897.00000", "2018-12-31": "594.00000", "2017-12-31": "-176.00000", "2016-12-31": "-296.00000", "2015-12-31": "-545.00000", "2014-12-31": "-166.74800", "2013-12-31": "-38.71900", "2012-12-31": "-10.75500", "2011-12-31": "97.01600", "2010-12-31": "116.47400", "2009-12-31": "-98.86200", "2008-12-31": "337.67200", "2007-12-31": "148.29200", "2006-12-31": "109.29600", "2005-12-31": "5.96300"}, "Net Cash Flow": {"2019-12-31": "898.00000", "2018-12-31": "-81.00000", "2017-12-31": "490.00000", "2016-12-31": "-34.00000", "2015-12-31": "133.00000", "2014-12-31": "-75.48300", "2013-12-31": "277.65600", "2012-12-31": "131.00300", "2011-12-31": "54.03100", "2010-12-31": "104.31400", "2009-12-31": "-182.39100", "2008-12-31": "152.08300", "2007-12-31": "136.55500", "2006-12-31": "-12.43600", "2005-12-31": "-3.96700"}, "Stock-Based Compensation": {"2019-12-31": "194.00000", "2018-12-31": "193.00000", "2017-12-31": "164.00000", "2016-12-31": "129.00000", "2015-12-31": "133.00000", "2014-12-31": "152.55100", "2013-12-31": "105.82600", "2012-12-31": "94.32400", "2011-12-31": "92.09200", "2010-12-31": "71.64500", "2009-12-31": "60.81100", "2008-12-31": "47.68800", "2007-12-31": "33.74600", "2006-12-31": "14.30400", "2005-12-31": "0.27000"}, "Common Stock Dividends Paid": {"2019-12-31": "", "2018-12-31": "", "2017-12-31": "", "2016-12-31": "", "2015-12-31": "", "2014-12-31": "", "2013-12-31": "", "2012-12-31": "", "2011-12-31": "", "2010-12-31": "", "2009-12-31": "", "2008-12-31": "", "2007-12-31": "", "2006-12-31": "", "2005-12-31": ""}}, "cash flow statement, quarterly": {"Net Income/Loss": {"2020-09-30": 179, "2020-06-30": 47, "2020-03-31": "173.00000", "2019-12-31": 239, "2019-09-30": 234, "2019-06-30": 293, "2019-03-31": "224.00000", "2018-12-31": 197, "2018-09-30": 188, "2018-06-30": 200, "2018-03-31": "197.00000", "2017-12-31": 57, "2017-09-30": 153, "2017-06-30": 120, "2017-03-31": "348.00000", "2016-12-31": 107, "2016-09-30": 117, "2016-06-30": 116, "2016-03-31": "88.00000", "2015-12-31": 103.474, "2015-09-30": 115.621, "2015-06-30": 102.247, "2015-03-31": "136.65800", "2014-12-31": 153.28, "2014-09-30": 93.489, "2014-06-30": 46.605, "2014-03-31": "59.97700", "2013-12-31": 80.661, "2013-09-30": 31.357, "2013-06-30": 35.877, "2013-03-31": "-22.58700", "2012-12-31": 71.903, "2012-09-30": 29.748, "2012-06-30": 23.401, "2012-03-31": "26.20200", "2011-12-31": 11.72, "2011-09-30": 20.151, "2011-06-30": 30.62, "2011-03-31": "24.13700", "2010-12-31": 38.44, "2010-09-30": 35.447, "2010-06-30": 29.796, "2010-03-31": "21.20800", "2009-12-31": 11.705, "2009-09-30": 17.077, "2009-06-30": 24.688, "2009-03-31": "18.81100", "2008-12-31": 26.092, "2008-09-30": -10.077, "2008-06-30": 12.658, "2008-03-31": "10.74300", "2007-12-31": -12.994, "2007-09-30": 14.501, "2007-06-30": 9.264, "2007-03-31": "-298.07600", "2006-12-31": 17.142, "2006-09-30": 16.162, "2006-06-30": 6.768, "2006-03-31": "-0.10400", "2005-12-31": 0.326, "2005-09-30": -1.426, "2005-06-30": -18.539, "2005-03-31": "-1.23500"}, "Total Depreciation And Amortization - Cash Flow": {"2020-09-30": 57, "2020-06-30": 55, "2020-03-31": "54.00000", "2019-12-31": 55, "2019-09-30": 56, "2019-06-30": 62, "2019-03-31": "61.00000", "2018-12-31": 65, "2018-09-30": 55, "2018-06-30": 53, "2018-03-31": "47.00000", "2017-12-31": 46, "2017-09-30": 49, "2017-06-30": 46, "2017-03-31": "45.00000", "2016-12-31": 46, "2016-09-30": 43, "2016-06-30": 41, "2016-03-31": "41.00000", "2015-12-31": 42.514, "2015-09-30": 42.308, "2015-06-30": 40.907, "2015-03-31": "40.27100", "2014-12-31": 40.032, "2014-09-30": 36.681, "2014-06-30": 36.531, "2014-03-31": "37.39900", "2013-12-31": 36.309, "2013-09-30": 35.941, "2013-06-30": 32.372, "2013-03-31": "29.54000", "2012-12-31": 27.523, "2012-09-30": 25.091, "2012-06-30": 23.683, "2012-03-31": "24.02600", "2011-12-31": 27.888, "2011-09-30": 25.99, "2011-06-30": 25.159, "2011-03-31": "22.32800", "2010-12-31": 17.391, "2010-09-30": 16.502, "2010-06-30": 15.309, "2010-03-31": "14.21400", "2009-12-31": 13.409, "2009-09-30": 13.222, "2009-06-30": 12.69, "2009-03-31": "12.14900", "2008-12-31": 12.058, "2008-09-30": 12.121, "2008-06-30": 11.517, "2008-03-31": "10.91000", "2007-12-31": 17.612, "2007-09-30": 3.711, "2007-06-30": 3.948, "2007-03-31": "3.95700", "2006-12-31": 1.72, "2006-09-30": 1.565, "2006-06-30": 1.366, "2006-03-31": "1.00600", "2005-12-31": 1.101, "2005-09-30": 0.866, "2005-06-30": 0.765, "2005-03-31": "0.70300"}, "Other Non-Cash Items": {"2020-09-30": 26, "2020-06-30": 26, "2020-03-31": "102.00000", "2019-12-31": 77, "2019-09-30": 79, "2019-06-30": -165, "2019-03-31": "23.00000", "2018-12-31": 40, "2018-09-30": 38, "2018-06-30": 39, "2018-03-31": "37.00000", "2017-12-31": 69, "2017-09-30": 21, "2017-06-30": 19, "2017-03-31": "-294.00000", "2016-12-31": 63, "2016-09-30": 65, "2016-06-30": 67, "2016-03-31": "28.00000", "2015-12-31": 160.851, "2015-09-30": 17.995, "2015-06-30": 32.698, "2015-03-31": "-13.54400", "2014-12-31": 77.285, "2014-09-30": 15.055, "2014-06-30": 37.659, "2014-03-31": "17.49600", "2013-12-31": -41.422, "2013-09-30": 5.789, "2013-06-30": 18.389, "2013-03-31": "-22.01900", "2012-12-31": -9.912, "2012-09-30": 32.591, "2012-06-30": 22.469, "2012-03-31": "12.87000", "2011-12-31": 43.471, "2011-09-30": 21.306, "2011-06-30": 10.643, "2011-03-31": "49.75100", "2010-12-31": 27.565, "2010-09-30": 24.831, "2010-06-30": 15.666, "2010-03-31": "18.57800", "2009-12-31": 33.659, "2009-09-30": 7.702, "2009-06-30": -0.176, "2009-03-31": "23.05700", "2008-12-31": 5.061, "2008-09-30": 45.379, "2008-06-30": 22.701, "2008-03-31": "17.11100", "2007-12-31": -26.336, "2007-09-30": 8.683, "2007-06-30": 7.774, "2007-03-31": "311.08900", "2006-12-31": 2.19, "2006-09-30": 3.765, "2006-06-30": 3.327, "2006-03-31": "3.15100", "2005-12-31": 0.274, "2005-09-30": 0.12, "2005-06-30": 15.841, "2005-03-31": "0.12800"}, "Total Non-Cash Items": {"2020-09-30": 83, "2020-06-30": 81, "2020-03-31": "156.00000", "2019-12-31": 132, "2019-09-30": 135, "2019-06-30": -103, "2019-03-31": "84.00000", "2018-12-31": 105, "2018-09-30": 93, "2018-06-30": 92, "2018-03-31": "84.00000", "2017-12-31": 115, "2017-09-30": 70, "2017-06-30": 65, "2017-03-31": "-249.00000", "2016-12-31": 109, "2016-09-30": 108, "2016-06-30": 108, "2016-03-31": "69.00000", "2015-12-31": 203.365, "2015-09-30": 60.303, "2015-06-30": 73.605, "2015-03-31": "26.72700", "2014-12-31": 117.317, "2014-09-30": 51.736, "2014-06-30": 74.19, "2014-03-31": "54.89500", "2013-12-31": -5.113, "2013-09-30": 41.73, "2013-06-30": 50.761, "2013-03-31": "7.52100", "2012-12-31": 17.611, "2012-09-30": 57.682, "2012-06-30": 46.152, "2012-03-31": "36.89600", "2011-12-31": 71.359, "2011-09-30": 47.296, "2011-06-30": 35.802, "2011-03-31": "72.07900", "2010-12-31": 44.956, "2010-09-30": 41.333, "2010-06-30": 30.975, "2010-03-31": "32.79200", "2009-12-31": 47.068, "2009-09-30": 20.924, "2009-06-30": 12.514, "2009-03-31": "35.20600", "2008-12-31": 17.119, "2008-09-30": 57.5, "2008-06-30": 34.218, "2008-03-31": "28.02100", "2007-12-31": -8.724, "2007-09-30": 12.394, "2007-06-30": 11.722, "2007-03-31": "315.04600", "2006-12-31": 3.91, "2006-09-30": 5.33, "2006-06-30": 4.693, "2006-03-31": "4.15700", "2005-12-31": 1.375, "2005-09-30": 0.986, "2005-06-30": 16.606, "2005-03-31": "0.83100"}, "Change In Accounts Receivable": {"2020-09-30": -82, "2020-06-30": 91, "2020-03-31": "99.00000", "2019-12-31": -29, "2019-09-30": -75, "2019-06-30": -10, "2019-03-31": "56.00000", "2018-12-31": -81, "2018-09-30": -36, "2018-06-30": 1, "2018-03-31": "11.00000", "2017-12-31": -27, "2017-09-30": -13, "2017-06-30": -2, "2017-03-31": "16.00000", "2016-12-31": -2, "2016-09-30": -8, "2016-06-30": 26, "2016-03-31": "-13.00000", "2015-12-31": 25.309, "2015-09-30": -46.12, "2015-06-30": -15.715, "2015-03-31": "-59.47400", "2014-12-31": -12.648, "2014-09-30": -20.544, "2014-06-30": 34.967, "2014-03-31": "-52.15600", "2013-12-31": -3.424, "2013-09-30": -24.458, "2013-06-30": 5.825, "2013-03-31": "6.12900", "2012-12-31": 2.604, "2012-09-30": -23.832, "2012-06-30": 15.945, "2012-03-31": "-29.15800", "2011-12-31": -4.467, "2011-09-30": 18.207, "2011-06-30": -9.639, "2011-03-31": "-11.11200", "2010-12-31": 4.908, "2010-09-30": -18.914, "2010-06-30": 6.95, "2010-03-31": "-0.78800", "2009-12-31": 6.452, "2009-09-30": -6.971, "2009-06-30": -13.366, "2009-03-31": "-4.69300", "2008-12-31": -14.53, "2008-09-30": -25.861, "2008-06-30": -11.019, "2008-03-31": "-6.26200", "2007-12-31": -3.14, "2007-09-30": -21.384, "2007-06-30": -4.327, "2007-03-31": "-8.20900", "2006-12-31": -10.684, "2006-09-30": -6.018, "2006-06-30": -1.289, "2006-03-31": "-3.74200", "2005-12-31": -0.082, "2005-09-30": -6.215, "2005-06-30": -0.701, "2005-03-31": "-0.04100"}, "Change In Inventories": {"2020-09-30": 19, "2020-06-30": -51, "2020-03-31": "-24.00000", "2019-12-31": 58, "2019-09-30": 3, "2019-06-30": -10, "2019-03-31": "-26.00000", "2018-12-31": -13, "2018-09-30": -12, "2018-06-30": -11, "2018-03-31": "-17.00000", "2017-12-31": -6, "2017-09-30": -18, "2017-06-30": -10, "2017-03-31": "1.00000", "2016-12-31": 12, "2016-09-30": -1, "2016-06-30": -24, "2016-03-31": "-17.00000", "2015-12-31": -37.402, "2015-09-30": -11.072, "2015-06-30": -18.482, "2015-03-31": "-14.04400", "2014-12-31": 8.151, "2014-09-30": -21.506, "2014-06-30": -13.196, "2014-03-31": "-9.99100", "2013-12-31": 6.615, "2013-09-30": 7.961, "2013-06-30": -0.093, "2013-03-31": "-8.26600", "2012-12-31": -10.247, "2012-09-30": -8.65, "2012-06-30": -4.969, "2012-03-31": "0.15900", "2011-12-31": 12.837, "2011-09-30": 4.791, "2011-06-30": 8.474, "2011-03-31": "-3.95000", "2010-12-31": -12.12, "2010-09-30": -8.697, "2010-06-30": -19.585, "2010-03-31": "-8.18100", "2009-12-31": -14.102, "2009-09-30": -9.462, "2009-06-30": -0.844, "2009-03-31": "3.85100", "2008-12-31": -1.263, "2008-09-30": -4.926, "2008-06-30": -12.639, "2008-03-31": "-0.73200", "2007-12-31": -9.979, "2007-09-30": -2.282, "2007-06-30": -6.666, "2007-03-31": "-8.20300", "2006-12-31": -0.75, "2006-09-30": -0.987, "2006-06-30": -4.442, "2006-03-31": "-3.54900", "2005-12-31": -3.147, "2005-09-30": -2.006, "2005-06-30": -0.177, "2005-03-31": "-1.17200"}, "Change In Accounts Payable": {"2020-09-30": 11, "2020-06-30": 3, "2020-03-31": "-16.00000", "2019-12-31": 11, "2019-09-30": -3, "2019-06-30": 4, "2019-03-31": "-47.00000", "2018-12-31": 32, "2018-09-30": 12, "2018-06-30": -1, "2018-03-31": "2.00000", "2017-12-31": -2, "2017-09-30": 12, "2017-06-30": 3, "2017-03-31": "-3.00000", "2016-12-31": 5, "2016-09-30": -15, "2016-06-30": 5, "2016-03-31": "3.00000", "2015-12-31": -3.532, "2015-09-30": 18.814, "2015-06-30": 1.851, "2015-03-31": "28.86700", "2014-12-31": -16.854, "2014-09-30": 0.864, "2014-06-30": 3.824, "2014-03-31": "10.06000", "2013-12-31": 13.265, "2013-09-30": -8.878, "2013-06-30": -10.457, "2013-03-31": "8.45900", "2012-12-31": -3.322, "2012-09-30": 5.4, "2012-06-30": 2.775, "2012-03-31": "10.25900", "2011-12-31": -6.2, "2011-09-30": -4.928, "2011-06-30": -9.339, "2011-03-31": "-0.63000", "2010-12-31": 5.651, "2010-09-30": 1.116, "2010-06-30": 9.089, "2010-03-31": "7.29400", "2009-12-31": -0.211, "2009-09-30": 0.854, "2009-06-30": 4.632, "2009-03-31": "6.50300", "2008-12-31": 1.324, "2008-09-30": -3.166, "2008-06-30": 5.18, "2008-03-31": "1.50200", "2007-12-31": -6.152, "2007-09-30": -1.846, "2007-06-30": 10.677, "2007-03-31": "9.58300", "2006-12-31": -7.499, "2006-09-30": -1.575, "2006-06-30": 8.551, "2006-03-31": "2.96100", "2005-12-31": -2.061, "2005-09-30": 4.73, "2005-06-30": -2.017, "2005-03-31": "2.54100"}, "Change In Assets/Liabilities": {"2020-09-30": -16, "2020-06-30": 5, "2020-03-31": "-2.00000", "2019-12-31": -14, "2019-09-30": -23, "2019-06-30": -17, "2019-03-31": "-20.00000", "2018-12-31": -2, "2018-09-30": 13, "2018-06-30": -21, "2018-03-31": "2.00000", "2017-12-31": 129, "2017-09-30": 13, "2017-06-30": 16, "2017-03-31": "5.00000", "2016-12-31": -4, "2016-09-30": 4, "2016-06-30": 9, "2016-03-31": "-1.00000", "2015-12-31": 2.63, "2015-09-30": -7.447, "2015-06-30": -1.017, "2015-03-31": "-2.16600", "2014-12-31": -6.17, "2014-09-30": -5.845, "2014-06-30": -7.999, "2014-03-31": "-7.76200", "2013-12-31": -7.984, "2013-09-30": -0.57, "2013-06-30": -3.026, "2013-03-31": "0.82200", "2012-12-31": 5.901, "2012-09-30": -9.69, "2012-06-30": 0.946, "2012-03-31": "3.51800", "2011-12-31": 15.551, "2011-09-30": -3.36, "2011-06-30": -0.524, "2011-03-31": "-9.62900", "2010-12-31": -1.094, "2010-09-30": -4.347, "2010-06-30": 2.637, "2010-03-31": "1.67900", "2009-12-31": -2.89, "2009-09-30": -4.039, "2009-06-30": -1.377, "2009-03-31": "-0.13600", "2008-12-31": 52.263, "2008-09-30": 0.624, "2008-06-30": 2.161, "2008-03-31": "-48.22800", "2007-12-31": 47.485, "2007-09-30": -0.486, "2007-06-30": -0.24, "2007-03-31": "0.84300", "2006-12-31": -2.885, "2006-09-30": -0.151, "2006-06-30": -0.511, "2006-03-31": "2.63700", "2005-12-31": -4.502, "2005-09-30": 0.037, "2005-06-30": 0.959, "2005-03-31": "1.70800"}, "Total Change In Assets/Liabilities": {"2020-09-30": -95, "2020-06-30": 110, "2020-03-31": "-46.00000", "2019-12-31": 63, "2019-09-30": -92, "2019-06-30": -50, "2019-03-31": "-107.00000", "2018-12-31": -6, "2018-09-30": 5, "2018-06-30": 3, "2018-03-31": "-20.00000", "2017-12-31": 119, "2017-09-30": 9, "2017-06-30": -4, "2017-03-31": "71.00000", "2016-12-31": 44, "2016-09-30": -46, "2016-06-30": 15, "2016-03-31": "-58.00000", "2015-12-31": 62.121, "2015-09-30": 2.496, "2015-06-30": -6.756, "2015-03-31": "-97.86100", "2014-12-31": -139.297, "2014-09-30": -3.809, "2014-06-30": 54.419, "2014-03-31": "-77.14900", "2013-12-31": 41.011, "2013-09-30": 9.66, "2013-06-30": 3.933, "2013-03-31": "98.79900", "2012-12-31": -8.007, "2012-09-30": -35.736, "2012-06-30": 26.769, "2012-03-31": "-0.99900", "2011-12-31": 15.272, "2011-09-30": 22.595, "2011-06-30": 4.798, "2011-03-31": "-7.63800", "2010-12-31": -1.915, "2010-09-30": -21.952, "2010-06-30": 16.428, "2010-03-31": "5.06500", "2009-12-31": 2.516, "2009-09-30": -17.216, "2009-06-30": 2.167, "2009-03-31": "-3.26900", "2008-12-31": 6.906, "2008-09-30": -20.126, "2008-06-30": -9.653, "2008-03-31": "-65.51900", "2007-12-31": 33.571, "2007-09-30": -21.58, "2007-06-30": 3.497, "2007-03-31": "-2.32700", "2006-12-31": -12.271, "2006-09-30": -8.536, "2006-06-30": 3.442, "2006-03-31": "-1.69300", "2005-12-31": 0.379, "2005-09-30": -3.454, "2005-06-30": -1.936, "2005-03-31": "-2.92100"}, "Cash Flow From Operating Activities": {"2020-09-30": 153, "2020-06-30": 240, "2020-03-31": "281.00000", "2019-12-31": 443, "2019-09-30": 267, "2019-06-30": 143, "2019-03-31": "198.00000", "2018-12-31": 300, "2018-09-30": 292, "2018-06-30": 295, "2018-03-31": "255.00000", "2017-12-31": 294, "2017-09-30": 235, "2017-06-30": 178, "2017-03-31": "168.00000", "2016-12-31": 262, "2016-09-30": 176, "2016-06-30": 242, "2016-03-31": "99.00000", "2015-12-31": 366.782, "2015-09-30": 180.994, "2015-06-30": 171.445, "2015-03-31": "66.77900", "2014-12-31": 140.549, "2014-09-30": 145.605, "2014-06-30": 178.03, "2014-03-31": "37.08700", "2013-12-31": 126.839, "2013-09-30": 83.136, "2013-06-30": 88.606, "2013-03-31": "87.84000", "2012-12-31": 78.876, "2012-09-30": 51.228, "2012-06-30": 96.329, "2012-03-31": "65.44000", "2011-12-31": 108.3, "2011-09-30": 90.042, "2011-06-30": 71.22, "2011-03-31": "88.57800", "2010-12-31": 81.481, "2010-09-30": 54.828, "2010-06-30": 77.199, "2010-03-31": "59.06500", "2009-12-31": 61.289, "2009-09-30": 20.785, "2009-06-30": 39.369, "2009-03-31": "50.74800", "2008-12-31": 50.117, "2008-09-30": 27.297, "2008-06-30": 37.223, "2008-03-31": "-26.75500", "2007-12-31": 11.853, "2007-09-30": 5.315, "2007-06-30": 24.483, "2007-03-31": "14.64300", "2006-12-31": 8.781, "2006-09-30": 12.956, "2006-06-30": 14.903, "2006-03-31": "2.36000", "2005-12-31": 2.08, "2005-09-30": -3.894, "2005-06-30": -3.869, "2005-03-31": "-3.32500"}, "Net Change In Property, Plant, And Equipment": {"2020-09-30": -48, "2020-06-30": -39, "2020-03-31": "-40.00000", "2019-12-31": -57, "2019-09-30": -49, "2019-06-30": -47, "2019-03-31": "-56.00000", "2018-12-31": -65, "2018-09-30": -64, "2018-06-30": -77, "2018-03-31": "-90.00000", "2017-12-31": -76, "2017-09-30": -82, "2017-06-30": -69, "2017-03-31": "-83.00000", "2016-12-31": -82, "2016-09-30": -57, "2016-06-30": -68, "2016-03-31": "-53.00000", "2015-12-31": -35.639, "2015-09-30": -29.459, "2015-06-30": -41.351, "2015-03-31": "-36.55100", "2014-12-31": -34.832, "2014-09-30": -28.828, "2014-06-30": -23.324, "2014-03-31": "-19.01200", "2013-12-31": -27.31, "2013-09-30": -18.93, "2013-06-30": -11.534, "2013-03-31": "-21.44100", "2012-12-31": -17.101, "2012-09-30": -17.65, "2012-06-30": -20.946, "2012-03-31": "-13.08400", "2011-12-31": -27.114, "2011-09-30": -22.183, "2011-06-30": -16.203, "2011-03-31": "-12.30000", "2010-12-31": -12.384, "2010-09-30": -13.112, "2010-06-30": -13.142, "2010-03-31": "-11.18000", "2009-12-31": -6.385, "2009-09-30": -19.697, "2009-06-30": -14.022, "2009-03-31": "-12.56900", "2008-12-31": -14.554, "2008-09-30": -15.316, "2008-06-30": -22.86, "2008-03-31": "-6.96300", "2007-12-31": -9.084, "2007-09-30": -5.332, "2007-06-30": -6.646, "2007-03-31": "-3.23900", "2006-12-31": -1.637, "2006-09-30": -4.328, "2006-06-30": -4.957, "2006-03-31": "-4.19200", "2005-12-31": -2.529, "2005-09-30": -2.634, "2005-06-30": -3.172, "2005-03-31": "-3.06000"}, "Net Change In Intangible Assets": {"2020-09-30": 0, "2020-06-30": 0, "2020-03-31": "", "2019-12-31": 0, "2019-09-30": 0, "2019-06-30": 0, "2019-03-31": "", "2018-12-31": 0, "2018-09-30": 0, "2018-06-30": 0, "2018-03-31": "", "2017-12-31": 0, "2017-09-30": -2, "2017-06-30": 0, "2017-03-31": "", "2016-12-31": 0, "2016-09-30": -11, "2016-06-30": 0, "2016-03-31": "", "2015-12-31": 0.275, "2015-09-30": 0, "2015-06-30": -0.275, "2015-03-31": "", "2014-12-31": -29.5, "2014-09-30": -6.095, "2014-06-30": 0, "2014-03-31": "-0.62500", "2013-12-31": -8.499, "2013-09-30": -0.002, "2013-06-30": -2.342, "2013-03-31": "-0.50100", "2012-12-31": -0.899, "2012-09-30": -11.329, "2012-06-30": 0, "2012-03-31": "", "2011-12-31": -0.65, "2011-09-30": 0.002, "2011-06-30": -0.988, "2011-03-31": "-0.11400", "2010-12-31": -0.15, "2010-09-30": -4.5, "2010-06-30": -2, "2010-03-31": "0.00000", "2009-12-31": -3.4, "2009-09-30": 0, "2009-06-30": 0, "2009-03-31": "", "2008-12-31": 0, "2008-09-30": 0, "2008-06-30": 0, "2008-03-31": "-36.00000", "2007-12-31": 0, "2007-09-30": -0.085, "2007-06-30": 0, "2007-03-31": "", "2006-12-31": -0.085, "2006-09-30": 0, "2006-06-30": -0.015, "2006-03-31": "", "2005-12-31": 0, "2005-09-30": 0, "2005-06-30": 0, "2005-03-31": ""}, "Net Acquisitions/Divestitures": {"2020-09-30": -3, "2020-06-30": -95, "2020-03-31": "", "2019-12-31": 0, "2019-09-30": 0, "2019-06-30": 0, "2019-03-31": "", "2018-12-31": 0, "2018-09-30": 0, "2018-06-30": -100, "2018-03-31": "", "2017-12-31": -278, "2017-09-30": 0, "2017-06-30": 0, "2017-03-31": "278.00000", "2016-12-31": 0, "2016-09-30": 0, "2016-06-30": 0, "2016-03-31": "-18.00000", "2015-12-31": -1.774, "2015-09-30": -35.226, "2015-06-30": 0, "2015-03-31": "", "2014-12-31": 0, "2014-09-30": -3.285, "2014-06-30": 0, "2014-03-31": "", "2013-12-31": -86.023, "2013-09-30": -92.317, "2013-06-30": -0.05, "2013-03-31": "-345.11100", "2012-12-31": 0, "2012-09-30": -83.156, "2012-06-30": 0, "2012-03-31": "", "2011-12-31": 0, "2011-09-30": 0, "2011-06-30": 0, "2011-03-31": "-58.30200", "2010-12-31": -0.001, "2010-09-30": -23.141, "2010-06-30": -65.069, "2010-03-31": "-10.00000", "2009-12-31": 0, "2009-09-30": -1.325, "2009-06-30": 0, "2009-03-31": "", "2008-12-31": 0, "2008-09-30": -24.666, "2008-06-30": 0, "2008-03-31": "", "2007-12-31": -0.008, "2007-09-30": -0.449, "2007-06-30": -4.213, "2007-03-31": "76.74500", "2006-12-31": 0, "2006-09-30": 0, "2006-06-30": 0, "2006-03-31": "", "2005-12-31": 0, "2005-09-30": 0, "2005-06-30": -2.388, "2005-03-31": ""}, "Net Change In Short-term Investments": {"2020-09-30": -5, "2020-06-30": -107, "2020-03-31": "", "2019-12-31": -5, "2019-09-30": -2, "2019-06-30": -10, "2019-03-31": "-3.00000", "2018-12-31": -3, "2018-09-30": -3, "2018-06-30": -6, "2018-03-31": "-3.00000", "2017-12-31": -4, "2017-09-30": 0, "2017-06-30": -18, "2017-03-31": "-7.00000", "2016-12-31": -5, "2016-09-30": -3, "2016-06-30": -3, "2016-03-31": "-3.00000", "2015-12-31": -1.9, "2015-09-30": -5.026, "2015-06-30": -12.141, "2015-03-31": "13.06700", "2014-12-31": -5, "2014-09-30": 4.927, "2014-06-30": -7.082, "2014-03-31": "-4.60000", "2013-12-31": 89.609, "2013-09-30": 0.399, "2013-06-30": -4.426, "2013-03-31": "9.99800", "2012-12-31": 40.881, "2012-09-30": 15.03, "2012-06-30": -7.53, "2012-03-31": "-7.50000", "2011-12-31": -2.385, "2011-09-30": -11.384, "2011-06-30": 0, "2011-03-31": "", "2010-12-31": -27.677, "2010-09-30": 0, "2010-06-30": 0, "2010-03-31": "", "2009-12-31": 0, "2009-09-30": 0, "2009-06-30": 0, "2009-03-31": "", "2008-12-31": 0, "2008-09-30": 0, "2008-06-30": 0, "2008-03-31": "", "2007-12-31": 0, "2007-09-30": 0, "2007-06-30": 0, "2007-03-31": "", "2006-12-31": 0, "2006-09-30": 0, "2006-06-30": 0, "2006-03-31": "", "2005-12-31": 0, "2005-09-30": 0, "2005-06-30": 0, "2005-03-31": ""}, "Net Change In Long-Term Investments": {"2020-09-30": -9, "2020-06-30": -79, "2020-03-31": "37.00000", "2019-12-31": -68, "2019-09-30": -167, "2019-06-30": 180, "2019-03-31": "1032.00000", "2018-12-31": -280, "2018-09-30": -873, "2018-06-30": -354, "2018-03-31": "105.00000", "2017-12-31": -287, "2017-09-30": -13, "2017-06-30": 122, "2017-03-31": "27.00000", "2016-12-31": -87, "2016-09-30": -270, "2016-06-30": 115, "2016-03-31": "30.00000", "2015-12-31": 267.582, "2015-09-30": 30.784, "2015-06-30": -88.703, "2015-03-31": "-130.66300", "2014-12-31": -263.451, "2014-09-30": -10.95, "2014-06-30": 145.183, "2014-03-31": "-120.15000", "2013-12-31": -118.587, "2013-09-30": 9.555, "2013-06-30": 265.829, "2013-03-31": "292.03400", "2012-12-31": -4.27, "2012-09-30": 80, "2012-06-30": 18.828, "2012-03-31": "-121.28600", "2011-12-31": -12.8111, "2011-09-30": 100.666, "2011-06-30": -255.073, "2011-03-31": "-82.16000", "2010-12-31": -29.845, "2010-09-30": -53.119, "2010-06-30": -16.249, "2010-03-31": "-3.48400", "2009-12-31": 25.338, "2009-09-30": -137.972, "2009-06-30": -59.288, "2009-03-31": "-27.24900", "2008-12-31": -16.668, "2008-09-30": -124.538, "2008-06-30": -14.524, "2008-03-31": "-1.16000", "2007-12-31": 77.474, "2007-09-30": -26.278, "2007-06-30": -58.655, "2007-03-31": "-107.91600", "2006-12-31": -16.647, "2006-09-30": -121.309, "2006-06-30": -4.529, "2006-03-31": "-3.03600", "2005-12-31": 0, "2005-09-30": 0, "2005-06-30": 9.115, "2005-03-31": "3.13300"}, "Net Change In Investments - Total": {"2020-09-30": -14, "2020-06-30": -186, "2020-03-31": "37.00000", "2019-12-31": -73, "2019-09-30": -169, "2019-06-30": 170, "2019-03-31": "1029.00000", "2018-12-31": -283, "2018-09-30": -876, "2018-06-30": -360, "2018-03-31": "102.00000", "2017-12-31": -291, "2017-09-30": -13, "2017-06-30": 104, "2017-03-31": "20.00000", "2016-12-31": -92, "2016-09-30": -273, "2016-06-30": 112, "2016-03-31": "27.00000", "2015-12-31": 265.682, "2015-09-30": 25.758, "2015-06-30": -100.844, "2015-03-31": "-117.59600", "2014-12-31": -268.451, "2014-09-30": -6.023, "2014-06-30": 138.101, "2014-03-31": "-124.75000", "2013-12-31": -28.9781, "2013-09-30": 9.9539, "2013-06-30": 261.4031, "2013-03-31": "302.03200", "2012-12-31": 36.611, "2012-09-30": 95.03, "2012-06-30": 11.298, "2012-03-31": "-128.78600", "2011-12-31": -15.1961, "2011-09-30": 89.282, "2011-06-30": -255.073, "2011-03-31": "-82.16000", "2010-12-31": -57.522, "2010-09-30": -53.119, "2010-06-30": -16.249, "2010-03-31": "-3.48400", "2009-12-31": 25.338, "2009-09-30": -137.972, "2009-06-30": -59.288, "2009-03-31": "-27.24900", "2008-12-31": -16.668, "2008-09-30": -124.538, "2008-06-30": -14.524, "2008-03-31": "-1.16000", "2007-12-31": 77.474, "2007-09-30": -26.278, "2007-06-30": -58.655, "2007-03-31": "-107.91600", "2006-12-31": -16.647, "2006-09-30": -121.309, "2006-06-30": -4.529, "2006-03-31": "-3.03600", "2005-12-31": 0, "2005-09-30": 0, "2005-06-30": 9.115, "2005-03-31": "3.13300"}, "Investing Activities - Other": {"2020-09-30": 0, "2020-06-30": 0, "2020-03-31": "-132.00000", "2019-12-31": 26, "2019-09-30": 0, "2019-06-30": -44, "2019-03-31": "15.00000", "2018-12-31": 0, "2018-09-30": 0, "2018-06-30": 0, "2018-03-31": "", "2017-12-31": 330, "2017-09-30": 0, "2017-06-30": 0, "2017-03-31": "-52.00000", "2016-12-31": 0, "2016-09-30": 0, "2016-06-30": 0, "2016-03-31": "", "2015-12-31": 0, "2015-09-30": 0, "2015-06-30": 0, "2015-03-31": "", "2014-12-31": 0, "2014-09-30": 0, "2014-06-30": 0, "2014-03-31": "", "2013-12-31": 0, "2013-09-30": 0, "2013-06-30": 0, "2013-03-31": "", "2012-12-31": 0, "2012-09-30": 0, "2012-06-30": 0, "2012-03-31": "", "2011-12-31": 0, "2011-09-30": 0, "2011-06-30": 0, "2011-03-31": "", "2010-12-31": 0, "2010-09-30": 0, "2010-06-30": 0, "2010-03-31": "", "2009-12-31": 0, "2009-09-30": 0, "2009-06-30": 0, "2009-03-31": "", "2008-12-31": 0, "2008-09-30": 0, "2008-06-30": 0, "2008-03-31": "", "2007-12-31": 0, "2007-09-30": 0, "2007-06-30": 0, "2007-03-31": "", "2006-12-31": 0, "2006-09-30": 0, "2006-06-30": 0, "2006-03-31": "", "2005-12-31": 0, "2005-09-30": 0, "2005-06-30": 0, "2005-03-31": ""}, "Cash Flow From Investing Activities": {"2020-09-30": -65, "2020-06-30": -320, "2020-03-31": "-135.00000", "2019-12-31": -104, "2019-09-30": -218, "2019-06-30": 79, "2019-03-31": "988.00000", "2018-12-31": -348, "2018-09-30": -940, "2018-06-30": -537, "2018-03-31": "12.00000", "2017-12-31": -315, "2017-09-30": -97, "2017-06-30": 35, "2017-03-31": "163.00000", "2016-12-31": -174, "2016-09-30": -341, "2016-06-30": 44, "2016-03-31": "-44.00000", "2015-12-31": 228.544, "2015-09-30": -38.927, "2015-06-30": -142.47, "2015-03-31": "-154.14700", "2014-12-31": -332.783, "2014-09-30": -44.231, "2014-06-30": 114.777, "2014-03-31": "-144.38700", "2013-12-31": -150.81, "2013-09-30": -101.295, "2013-06-30": 247.477, "2013-03-31": "-65.02100", "2012-12-31": 18.611, "2012-09-30": -17.105, "2012-06-30": -9.648, "2012-03-31": "-141.87000", "2011-12-31": -42.96, "2011-09-30": 67.101, "2011-06-30": -272.264, "2011-03-31": "-152.87600", "2010-12-31": -70.057, "2010-09-30": -93.872, "2010-06-30": -96.46, "2010-03-31": "-24.66400", "2009-12-31": 15.553, "2009-09-30": -158.994, "2009-06-30": -73.31, "2009-03-31": "-39.81800", "2008-12-31": -31.222, "2008-09-30": -164.52, "2008-06-30": -37.384, "2008-03-31": "-44.12300", "2007-12-31": 68.382, "2007-09-30": -32.144, "2007-06-30": -69.514, "2007-03-31": "-34.41000", "2006-12-31": -18.369, "2006-09-30": -125.637, "2006-06-30": -9.501, "2006-03-31": "-7.22800", "2005-12-31": -2.529, "2005-09-30": -2.634, "2005-06-30": 3.555, "2005-03-31": "0.07300"}, "Net Long-Term Debt": {"2020-09-30": 0, "2020-06-30": 0, "2020-03-31": "", "2019-12-31": 0, "2019-09-30": -550, "2019-06-30": 1, "2019-03-31": "-1.00000", "2018-12-31": -1, "2018-09-30": 734, "2018-06-30": 0, "2018-03-31": "-2.00000", "2017-12-31": -6, "2017-09-30": -3, "2017-06-30": 5, "2017-03-31": "", "2016-12-31": 0, "2016-09-30": 3, "2016-06-30": 2, "2016-03-31": "", "2015-12-31": 216.207, "2015-09-30": -207.543, "2015-06-30": -8.55, "2015-03-31": "-0.11400", "2014-12-31": 1214.7299, "2014-09-30": -1244.7209, "2014-06-30": 1132.378, "2014-03-31": "", "2013-12-31": -0.131, "2013-09-30": -1.581, "2013-06-30": -9.082, "2013-03-31": "-0.05800", "2012-12-31": 0, "2012-09-30": 0, "2012-06-30": 0, "2012-03-31": "", "2011-12-31": 0, "2011-09-30": 340.909, "2011-06-30": -223.417, "2011-03-31": "786.00000", "2010-12-31": 0, "2010-09-30": 0, "2010-06-30": 0, "2010-03-31": "", "2009-12-31": 10, "2009-09-30": 0, "2009-06-30": 0, "2009-03-31": "-10.00000", "2008-12-31": 0, "2008-09-30": 0.001, "2008-06-30": -0.007, "2008-03-31": "-0.00900", "2007-12-31": -0.01, "2007-09-30": -0.043, "2007-06-30": -0.481, "2007-03-31": "390.70800", "2006-12-31": -0.031, "2006-09-30": -0.02, "2006-06-30": -0.029, "2006-03-31": "-0.02900", "2005-12-31": -0.029, "2005-09-30": -0.027, "2005-06-30": -0.027, "2005-03-31": ""}, "Net Current Debt": {"2020-09-30": 0, "2020-06-30": 0, "2020-03-31": "", "2019-12-31": 0, "2019-09-30": 0, "2019-06-30": 0, "2019-03-31": "", "2018-12-31": 0, "2018-09-30": 0, "2018-06-30": 0, "2018-03-31": "", "2017-12-31": 0, "2017-09-30": 0, "2017-06-30": 0, "2017-03-31": "", "2016-12-31": 0, "2016-09-30": 0, "2016-06-30": 0, "2016-03-31": "", "2015-12-31": 0, "2015-09-30": 0, "2015-06-30": 0, "2015-03-31": "", "2014-12-31": -1244.721, "2014-09-30": 1244.721, "2014-06-30": -1244.721, "2014-03-31": "", "2013-12-31": 0, "2013-09-30": 0, "2013-06-30": 0, "2013-03-31": "", "2012-12-31": 0, "2012-09-30": 0, "2012-06-30": 0, "2012-03-31": "", "2011-12-31": 0, "2011-09-30": -349.874, "2011-06-30": 253.135, "2011-03-31": "-253.13500", "2010-12-31": 0, "2010-09-30": 0, "2010-06-30": 0, "2010-03-31": "", "2009-12-31": -10, "2009-09-30": 0, "2009-06-30": 0, "2009-03-31": "", "2008-12-31": 0, "2008-09-30": 0, "2008-06-30": 0, "2008-03-31": "", "2007-12-31": 0, "2007-09-30": 0, "2007-06-30": 0, "2007-03-31": "-139.04000", "2006-12-31": 0, "2006-09-30": 0, "2006-06-30": 0, "2006-03-31": "", "2005-12-31": 0, "2005-09-30": 0, "2005-06-30": 0, "2005-03-31": ""}, "Debt Issuance/Retirement Net - Total": {"2020-09-30": 0, "2020-06-30": 0, "2020-03-31": "", "2019-12-31": 0, "2019-09-30": -550, "2019-06-30": 1, "2019-03-31": "-1.00000", "2018-12-31": -1, "2018-09-30": 734, "2018-06-30": 0, "2018-03-31": "-2.00000", "2017-12-31": -6, "2017-09-30": -3, "2017-06-30": 5, "2017-03-31": "", "2016-12-31": 0, "2016-09-30": 3, "2016-06-30": 2, "2016-03-31": "", "2015-12-31": 216.207, "2015-09-30": -207.543, "2015-06-30": -8.55, "2015-03-31": "-0.11400", "2014-12-31": -29.991, "2014-09-30": 0, "2014-06-30": -112.3429, "2014-03-31": "", "2013-12-31": -0.131, "2013-09-30": -1.581, "2013-06-30": -9.082, "2013-03-31": "-0.05800", "2012-12-31": 0, "2012-09-30": 0, "2012-06-30": 0, "2012-03-31": "", "2011-12-31": 0, "2011-09-30": -8.965, "2011-06-30": 29.718, "2011-03-31": "532.86500", "2010-12-31": 0, "2010-09-30": 0, "2010-06-30": 0, "2010-03-31": "", "2009-12-31": 0, "2009-09-30": 0, "2009-06-30": 0, "2009-03-31": "-10.00000", "2008-12-31": 0, "2008-09-30": 0.001, "2008-06-30": -0.007, "2008-03-31": "-0.00900", "2007-12-31": -0.01, "2007-09-30": -0.043, "2007-06-30": -0.481, "2007-03-31": "251.66800", "2006-12-31": -0.031, "2006-09-30": -0.02, "2006-06-30": -0.029, "2006-03-31": "-0.02900", "2005-12-31": -0.029, "2005-09-30": -0.027, "2005-06-30": -0.027, "2005-03-31": ""}, "Net Common Equity Issued/Repurchased": {"2020-09-30": -98, "2020-06-30": -140, "2020-03-31": "-156.00000", "2019-12-31": -63, "2019-09-30": -169, "2019-06-30": 3, "2019-03-31": "-36.00000", "2018-12-31": -97, "2018-09-30": -80, "2018-06-30": 1, "2018-03-31": "21.00000", "2017-12-31": -67, "2017-09-30": -43, "2017-06-30": 9, "2017-03-31": "-79.00000", "2016-12-31": -135, "2016-09-30": 8, "2016-06-30": -91, "2016-03-31": "23.00000", "2015-12-31": -195.412, "2015-09-30": -14.348, "2015-06-30": 12.786, "2015-03-31": "-5.02600", "2014-12-31": -23.157, "2014-09-30": 30.581, "2014-06-30": -50.307, "2014-03-31": "-97.97200", "2013-12-31": 14.234, "2013-09-30": 39.147, "2013-06-30": 2.832, "2013-03-31": "-11.77300", "2012-12-31": -14.362, "2012-09-30": -9.323, "2012-06-30": -28.601, "2012-03-31": "24.12200", "2011-12-31": 1.881, "2011-09-30": -185.932, "2011-06-30": -1.521, "2011-03-31": "-317.38400", "2010-12-31": -1.35, "2010-09-30": 5.857, "2010-06-30": 39.716, "2010-03-31": "29.80600", "2009-12-31": -171.391, "2009-09-30": 11.964, "2009-06-30": 13.433, "2009-03-31": "17.81300", "2008-12-31": -67.915, "2008-09-30": 356.935, "2008-06-30": 14.178, "2008-03-31": "15.98800", "2007-12-31": -88.147, "2007-09-30": 10.476, "2007-06-30": 95.386, "2007-03-31": "-239.15800", "2006-12-31": 2.38, "2006-09-30": 4.498, "2006-06-30": 97.957, "2006-03-31": "3.13100", "2005-12-31": 0.994, "2005-09-30": 2.117, "2005-06-30": 1.651, "2005-03-31": "1.28400"}, "Net Total Equity Issued/Repurchased": {"2020-09-30": -98, "2020-06-30": -140, "2020-03-31": "-156.00000", "2019-12-31": -63, "2019-09-30": -169, "2019-06-30": 3, "2019-03-31": "-36.00000", "2018-12-31": -97, "2018-09-30": -80, "2018-06-30": 1, "2018-03-31": "21.00000", "2017-12-31": -67, "2017-09-30": -43, "2017-06-30": 9, "2017-03-31": "-79.00000", "2016-12-31": -135, "2016-09-30": 8, "2016-06-30": -91, "2016-03-31": "23.00000", "2015-12-31": -195.412, "2015-09-30": -14.348, "2015-06-30": 12.786, "2015-03-31": "-5.02600", "2014-12-31": -23.157, "2014-09-30": 30.581, "2014-06-30": -50.307, "2014-03-31": "-97.97200", "2013-12-31": 14.234, "2013-09-30": 39.147, "2013-06-30": 2.832, "2013-03-31": "-11.77300", "2012-12-31": -14.362, "2012-09-30": -9.323, "2012-06-30": -28.601, "2012-03-31": "24.12200", "2011-12-31": 1.881, "2011-09-30": -185.932, "2011-06-30": -1.521, "2011-03-31": "-317.38400", "2010-12-31": -1.35, "2010-09-30": 5.857, "2010-06-30": 39.716, "2010-03-31": "29.80600", "2009-12-31": -171.391, "2009-09-30": 11.964, "2009-06-30": 13.433, "2009-03-31": "17.81300", "2008-12-31": -67.915, "2008-09-30": 356.935, "2008-06-30": 14.178, "2008-03-31": "15.98800", "2007-12-31": -88.147, "2007-09-30": 10.476, "2007-06-30": 95.386, "2007-03-31": "-239.15800", "2006-12-31": 2.38, "2006-09-30": 4.498, "2006-06-30": 97.957, "2006-03-31": "3.13100", "2005-12-31": 0.994, "2005-09-30": 2.117, "2005-06-30": 1.651, "2005-03-31": "1.28400"}, "Total Common And Preferred Stock Dividends Paid": {"2020-09-30": 0, "2020-06-30": 0, "2020-03-31": "", "2019-12-31": 0, "2019-09-30": 0, "2019-06-30": 0, "2019-03-31": "", "2018-12-31": 0, "2018-09-30": 0, "2018-06-30": 0, "2018-03-31": "", "2017-12-31": 0, "2017-09-30": 0, "2017-06-30": 0, "2017-03-31": "", "2016-12-31": 0, "2016-09-30": 0, "2016-06-30": 0, "2016-03-31": "", "2015-12-31": 0, "2015-09-30": 0, "2015-06-30": 0, "2015-03-31": "", "2014-12-31": 0, "2014-09-30": 0, "2014-06-30": 0, "2014-03-31": "", "2013-12-31": 0, "2013-09-30": 0, "2013-06-30": 0, "2013-03-31": "", "2012-12-31": 0, "2012-09-30": 0, "2012-06-30": 0, "2012-03-31": "", "2011-12-31": 0, "2011-09-30": 0, "2011-06-30": 0, "2011-03-31": "", "2010-12-31": 0, "2010-09-30": 0, "2010-06-30": 0, "2010-03-31": "", "2009-12-31": 0, "2009-09-30": 0, "2009-06-30": 0, "2009-03-31": "", "2008-12-31": 0, "2008-09-30": 0, "2008-06-30": 0, "2008-03-31": "", "2007-12-31": 0, "2007-09-30": 0, "2007-06-30": 0, "2007-03-31": "", "2006-12-31": 0, "2006-09-30": 0, "2006-06-30": 0, "2006-03-31": "", "2005-12-31": 0, "2005-09-30": 0, "2005-06-30": 0, "2005-03-31": ""}, "Financial Activities - Other": {"2020-09-30": -3, "2020-06-30": -3, "2020-03-31": "-35.00000", "2019-12-31": -52, "2019-09-30": 546, "2019-06-30": -553, "2019-03-31": "-23.00000", "2018-12-31": -56, "2018-09-30": -3, "2018-06-30": 29, "2018-03-31": "48.00000", "2017-12-31": -36, "2017-09-30": 41, "2017-06-30": 10, "2017-03-31": "-7.00000", "2016-12-31": -10, "2016-09-30": -2, "2016-06-30": 0, "2016-03-31": "-94.00000", "2015-12-31": -400.174, "2015-09-30": 40.994, "2015-06-30": 23.574, "2015-03-31": "-7.39400", "2014-12-31": 53.35, "2014-09-30": 24.914, "2014-06-30": 26.129, "2014-03-31": "12.04800", "2013-12-31": 29.453, "2013-09-30": -112.619, "2013-06-30": 12.034, "2013-03-31": "-1.17500", "2012-12-31": 8.32, "2012-09-30": 1.258, "2012-06-30": -1.663, "2012-03-31": "9.49400", "2011-12-31": 5.967, "2011-09-30": 7.067, "2011-06-30": 23.32, "2011-03-31": "10.00000", "2010-12-31": 27.894, "2010-09-30": 6.551, "2010-06-30": 3.5, "2010-03-31": "4.50000", "2009-12-31": 0.242, "2009-09-30": 13.377, "2009-06-30": 25.7, "2009-03-31": "", "2008-12-31": 18.501, "2008-09-30": 0, "2008-06-30": 0, "2008-03-31": "", "2007-12-31": 118.601, "2007-09-30": 0, "2007-06-30": -92.44, "2007-03-31": "92.44000", "2006-12-31": 1.439, "2006-09-30": 0, "2006-06-30": 0, "2006-03-31": "", "2005-12-31": 0, "2005-09-30": 0, "2005-06-30": 0, "2005-03-31": ""}, "Cash Flow From Financial Activities": {"2020-09-30": -101, "2020-06-30": -143, "2020-03-31": "-191.00000", "2019-12-31": -115, "2019-09-30": -173, "2019-06-30": -549, "2019-03-31": "-60.00000", "2018-12-31": -154, "2018-09-30": 651, "2018-06-30": 30, "2018-03-31": "67.00000", "2017-12-31": -109, "2017-09-30": -5, "2017-06-30": 24, "2017-03-31": "-86.00000", "2016-12-31": -145, "2016-09-30": 9, "2016-06-30": -89, "2016-03-31": "-71.00000", "2015-12-31": -379.379, "2015-09-30": -180.897, "2015-06-30": 27.81, "2015-03-31": "-12.53400", "2014-12-31": 0.202, "2014-09-30": 55.495, "2014-06-30": -136.521, "2014-03-31": "-85.92400", "2013-12-31": 43.556, "2013-09-30": -75.053, "2013-06-30": 5.784, "2013-03-31": "-13.00600", "2012-12-31": -6.042, "2012-09-30": -8.065, "2012-06-30": -30.264, "2012-03-31": "33.61600", "2011-12-31": 7.848, "2011-09-30": -187.83, "2011-06-30": 51.517, "2011-03-31": "225.48100", "2010-12-31": 26.544, "2010-09-30": 12.408, "2010-06-30": 43.216, "2010-03-31": "34.30600", "2009-12-31": -171.149, "2009-09-30": 25.341, "2009-06-30": 39.133, "2009-03-31": "7.81300", "2008-12-31": -49.414, "2008-09-30": 356.936, "2008-06-30": 14.171, "2008-03-31": "15.97900", "2007-12-31": 30.444, "2007-09-30": 10.433, "2007-06-30": 2.465, "2007-03-31": "104.95000", "2006-12-31": 3.788, "2006-09-30": 4.478, "2006-06-30": 97.928, "2006-03-31": "3.10200", "2005-12-31": 0.965, "2005-09-30": 2.09, "2005-06-30": 1.624, "2005-03-31": "1.28400"}, "Net Cash Flow": {"2020-09-30": -9, "2020-06-30": -221, "2020-03-31": "-51.00000", "2019-12-31": 227, "2019-09-30": -128, "2019-06-30": -327, "2019-03-31": "1126.00000", "2018-12-31": -202, "2018-09-30": 2, "2018-06-30": -216, "2018-03-31": "335.00000", "2017-12-31": -129, "2017-09-30": 135, "2017-06-30": 238, "2017-03-31": "246.00000", "2016-12-31": -60, "2016-09-30": -157, "2016-06-30": 197, "2016-03-31": "-14.00000", "2015-12-31": 217.625, "2015-09-30": -39.528, "2015-06-30": 57.52, "2015-03-31": "-102.61700", "2014-12-31": -193.741, "2014-09-30": 154.674, "2014-06-30": 156.708, "2014-03-31": "-193.12400", "2013-12-31": 19.801, "2013-09-30": -91.775, "2013-06-30": 340.529, "2013-03-31": "9.10100", "2012-12-31": 90.892, "2012-09-30": 26.677, "2012-06-30": 56.218, "2012-03-31": "-42.78400", "2011-12-31": 73.132, "2011-09-30": -31.238, "2011-06-30": -149.257, "2011-03-31": "161.39400", "2010-12-31": 38.18, "2010-09-30": -26.42, "2010-06-30": 23.962, "2010-03-31": "68.59200", "2009-12-31": -93.895, "2009-09-30": -113.569, "2009-06-30": 0.951, "2009-03-31": "24.12200", "2008-12-31": -28.195, "2008-09-30": 222.251, "2008-06-30": 14.354, "2008-03-31": "-56.32700", "2007-12-31": 110.834, "2007-09-30": -17.01, "2007-06-30": -42.412, "2007-03-31": "85.14300", "2006-12-31": -5.78, "2006-09-30": -108.084, "2006-06-30": 103.206, "2006-03-31": "-1.77800", "2005-12-31": 0.65, "2005-09-30": -4.394, "2005-06-30": 1.613, "2005-03-31": "-1.83600"}, "Stock-Based Compensation": {"2020-09-30": 61, "2020-06-30": 16, "2020-03-31": "39.00000", "2019-12-31": 49, "2019-09-30": 46, "2019-06-30": 48, "2019-03-31": "51.00000", "2018-12-31": 47, "2018-09-30": 48, "2018-06-30": 50, "2018-03-31": "48.00000", "2017-12-31": 41, "2017-09-30": 34, "2017-06-30": 39, "2017-03-31": "50.00000", "2016-12-31": 27, "2016-09-30": 35, "2016-06-30": 32, "2016-03-31": "35.00000", "2015-12-31": 35.896, "2015-09-30": 32.229, "2015-06-30": 32.957, "2015-03-31": "31.91800", "2014-12-31": 38.462, "2014-09-30": 44.669, "2014-06-30": 35.996, "2014-03-31": "33.42400", "2013-12-31": 29.746, "2013-09-30": 27.409, "2013-06-30": 24.452, "2013-03-31": "24.21900", "2012-12-31": 24.176, "2012-09-30": 23.072, "2012-06-30": 24.047, "2012-03-31": "23.02900", "2011-12-31": 21.816, "2011-09-30": 24.571, "2011-06-30": 23.666, "2011-03-31": "22.03900", "2010-12-31": 19.841, "2010-09-30": 17.96, "2010-06-30": 16.845, "2010-03-31": "16.99900", "2009-12-31": 16.477, "2009-09-30": 14.573, "2009-06-30": 14.901, "2009-03-31": "14.86000", "2008-12-31": 11.818, "2008-09-30": 12.739, "2008-06-30": 12.274, "2008-03-31": "10.85700", "2007-12-31": 9.616, "2007-09-30": 8.667, "2007-06-30": 7.785, "2007-03-31": "7.67800", "2006-12-31": 4.092, "2006-09-30": 3.754, "2006-06-30": 3.327, "2006-03-31": "3.13100", "2005-12-31": 0.055, "2005-09-30": 0.117, "2005-06-30": 0.041, "2005-03-31": "0.05700"}, "Common Stock Dividends Paid": {"2020-09-30": 0, "2020-06-30": 0, "2020-03-31": "", "2019-12-31": 0, "2019-09-30": 0, "2019-06-30": 0, "2019-03-31": "", "2018-12-31": 0, "2018-09-30": 0, "2018-06-30": 0, "2018-03-31": "", "2017-12-31": 0, "2017-09-30": 0, "2017-06-30": 0, "2017-03-31": "", "2016-12-31": 0, "2016-09-30": 0, "2016-06-30": 0, "2016-03-31": "", "2015-12-31": 0, "2015-09-30": 0, "2015-06-30": 0, "2015-03-31": "", "2014-12-31": 0, "2014-09-30": 0, "2014-06-30": 0, "2014-03-31": "", "2013-12-31": 0, "2013-09-30": 0, "2013-06-30": 0, "2013-03-31": "", "2012-12-31": 0, "2012-09-30": 0, "2012-06-30": 0, "2012-03-31": "", "2011-12-31": 0, "2011-09-30": 0, "2011-06-30": 0, "2011-03-31": "", "2010-12-31": 0, "2010-09-30": 0, "2010-06-30": 0, "2010-03-31": "", "2009-12-31": 0, "2009-09-30": 0, "2009-06-30": 0, "2009-03-31": "", "2008-12-31": 0, "2008-09-30": 0, "2008-06-30": 0, "2008-03-31": "", "2007-12-31": 0, "2007-09-30": 0, "2007-06-30": 0, "2007-03-31": "", "2006-12-31": 0, "2006-09-30": 0, "2006-06-30": 0, "2006-03-31": "", "2005-12-31": 0, "2005-09-30": 0, "2005-06-30": 0, "2005-03-31": ""}}, "financial ratios": {"Current Ratio": {"2019-12-31": "6.69320", "2018-12-31": "2.48890", "2017-12-31": "3.99460", "2016-12-31": "3.28790", "2015-12-31": "3.43460", "2014-12-31": "2.61660", "2013-12-31": "5.02240", "2012-12-31": "5.86740", "2011-12-31": "6.80690", "2010-12-31": "2.35430", "2009-12-31": "2.22460", "2008-12-31": "2.25010", "2007-12-31": "3.39590", "2006-12-31": "5.73560", "2005-12-31": "3.67020"}, "Long-term Debt / Capital": {"2019-12-31": "0.19830", "2018-12-31": "0.18800", "2017-12-31": "0.30070", "2016-12-31": "0.31750", "2015-12-31": "0.35460", "2014-12-31": "0.40280", "2013-12-31": "0.38810", "2012-12-31": "0.37920", "2011-12-31": "0.42890", "2010-12-31": "", "2009-12-31": "", "2008-12-31": "", "2007-12-31": "0.49280", "2006-12-31": "", "2005-12-31": "0.00070"}, "Debt/Equity Ratio": {"2019-12-31": "0.24730", "2018-12-31": "0.51940", "2017-12-31": "0.48600", "2016-12-31": "0.56430", "2015-12-31": "0.59510", "2014-12-31": "0.88260", "2013-12-31": "0.65320", "2012-12-31": "0.63880", "2011-12-31": "0.75090", "2010-12-31": "0.26020", "2009-12-31": "0.33580", "2008-12-31": "0.34670", "2007-12-31": "0.97170", "2006-12-31": "0.00030", "2005-12-31": "0.00240"}, "Gross Margin": {"2019-12-31": "69.63030", "2018-12-31": "69.00690", "2017-12-31": "66.35170", "2016-12-31": "69.47460", "2015-12-31": "69.77480", "2014-12-31": "69.71850", "2013-12-31": "64.16420", "2012-12-31": "67.35020", "2011-12-31": "67.17900", "2010-12-31": "66.63480", "2009-12-31": "68.11630", "2008-12-31": "61.59780", "2007-12-31": "63.23190", "2006-12-31": "67.85020", "2005-12-31": "68.46170"}, "Operating Margin": {"2019-12-31": "27.80130", "2018-12-31": "26.49270", "2017-12-31": "22.02040", "2016-12-31": "24.47870", "2015-12-31": "27.61260", "2014-12-31": "27.65250", "2013-12-31": "9.43630", "2012-12-31": "17.47930", "2011-12-31": "18.89670", "2010-12-31": "23.44570", "2009-12-31": "18.84920", "2008-12-31": "14.03580", "2007-12-31": "-82.11610", "2006-12-31": "20.48480", "2005-12-31": "-29.17920"}, "EBIT Margin": {"2019-12-31": "27.80130", "2018-12-31": "26.49270", "2017-12-31": "22.02040", "2016-12-31": "24.47870", "2015-12-31": "27.61260", "2014-12-31": "27.65250", "2013-12-31": "9.43630", "2012-12-31": "17.47930", "2011-12-31": "18.89670", "2010-12-31": "23.44570", "2009-12-31": "18.84920", "2008-12-31": "14.03580", "2007-12-31": "-82.11610", "2006-12-31": "20.48480", "2005-12-31": "-29.17920"}, "EBITDA Margin": {"2019-12-31": "34.40590", "2018-12-31": "33.09330", "2017-12-31": "28.77910", "2016-12-31": "31.60970", "2015-12-31": "35.09010", "2014-12-31": "35.74560", "2013-12-31": "18.87650", "2012-12-31": "26.21430", "2011-12-31": "28.49990", "2010-12-31": "30.47050", "2009-12-31": "26.57370", "2008-12-31": "22.16630", "2007-12-31": "-74.14770", "2006-12-31": "23.54950", "2005-12-31": "-24.50580"}, "Pre-Tax Profit Margin": {"2019-12-31": "31.55520", "2018-12-31": "26.82270", "2017-12-31": "37.89970", "2016-12-31": "23.39450", "2015-12-31": "26.26130", "2014-12-31": "24.10920", "2013-12-31": "11.21000", "2012-12-31": "19.38220", "2011-12-31": "12.60450", "2010-12-31": "20.53510", "2009-12-31": "17.12760", "2008-12-31": "12.68040", "2007-12-31": "-82.74830", "2006-12-31": "23.08950", "2005-12-31": "-28.17790"}, "Net Profit Margin": {"2019-12-31": "28.28110", "2018-12-31": "24.78250", "2017-12-31": "26.38080", "2016-12-31": "19.30780", "2015-12-31": "20.81080", "2014-12-31": "18.98350", "2013-12-31": "8.81720", "2012-12-31": "13.16950", "2011-12-31": "8.20700", "2010-12-31": "13.83460", "2009-12-31": "10.84770", "2008-12-31": "6.87620", "2007-12-31": "-78.32760", "2006-12-31": "21.65280", "2005-12-31": "-28.39960"}, "Asset Turnover": {"2019-12-31": "0.48430", "2018-12-31": "0.47890", "2017-12-31": "0.52350", "2016-12-31": "0.56010", "2015-12-31": "0.60200", "2014-12-31": "0.55740", "2013-12-31": "0.47070", "2012-12-31": "0.44760", "2011-12-31": "0.48070", "2010-12-31": "0.49090", "2009-12-31": "0.46600", "2008-12-31": "0.43190", "2007-12-31": "0.37140", "2006-12-31": "0.61410", "2005-12-31": "0.73060"}, "Inventory Turnover Ratio": {"2019-12-31": "2.99720", "2018-12-31": "2.67620", "2017-12-31": "2.78080", "2016-12-31": "2.44000", "2015-12-31": "2.47810", "2014-12-31": "2.94880", "2013-12-31": "3.30500", "2012-12-31": "2.36260", "2011-12-31": "2.69010", "2010-12-31": "2.11800", "2009-12-31": "2.28990", "2008-12-31": "2.99780", "2007-12-31": "2.49840", "2006-12-31": "2.94230", "2005-12-31": "2.24860"}, "Receiveable Turnover": {"2019-12-31": "6.18320", "2018-12-31": "6.48440", "2017-12-31": "6.69590", "2016-12-31": "6.29400", "2015-12-31": "5.75830", "2014-12-31": "6.43050", "2013-12-31": "5.94770", "2012-12-31": "5.34260", "2011-12-31": "6.07030", "2010-12-31": "5.45140", "2009-12-31": "4.22390", "2008-12-31": "4.30140", "2007-12-31": "4.41290", "2006-12-31": "4.61650", "2005-12-31": "4.17150"}, "Days Sales In Receivables": {"2019-12-31": "59.03050", "2018-12-31": "56.28860", "2017-12-31": "54.51130", "2016-12-31": "57.99210", "2015-12-31": "63.38650", "2014-12-31": "56.76080", "2013-12-31": "61.36830", "2012-12-31": "68.31940", "2011-12-31": "60.12910", "2010-12-31": "66.95530", "2009-12-31": "86.41310", "2008-12-31": "84.85690", "2007-12-31": "82.71130", "2006-12-31": "79.06430", "2005-12-31": "87.49950"}, "ROE - Return On Equity": {"2019-12-31": "21.46110", "2018-12-31": "20.33810", "2017-12-31": "24.66350", "2016-12-31": "18.85460", "2015-12-31": "24.77610", "2014-12-31": "24.15580", "2013-12-31": "8.17300", "2012-12-31": "11.47100", "2011-12-31": "8.05680", "2010-12-31": "10.42780", "2009-12-31": "8.36350", "2008-12-31": "4.93520", "2007-12-31": "-69.78880", "2006-12-31": "16.15900", "2005-12-31": "-28.79290"}, "Return On Tangible Equity": {"2019-12-31": "27.16800", "2018-12-31": "27.64230", "2017-12-31": "37.60400", "2016-12-31": "34.21260", "2015-12-31": "55.69720", "2014-12-31": "83.45680", "2013-12-31": "26.16210", "2012-12-31": "18.46680", "2011-12-31": "13.39150", "2010-12-31": "15.08330", "2009-12-31": "11.90780", "2008-12-31": "7.33380", "2007-12-31": "-230.16070", "2006-12-31": "16.30620", "2005-12-31": "-30.82030"}, "ROA - Return On Assets": {"2019-12-31": "13.53200", "2018-12-31": "11.23730", "2017-12-31": "12.89710", "2016-12-31": "9.99770", "2015-12-31": "12.41950", "2014-12-31": "10.58050", "2013-12-31": "4.15060", "2012-12-31": "5.89430", "2011-12-31": "3.94510", "2010-12-31": "6.79080", "2009-12-31": "5.05480", "2008-12-31": "2.96990", "2007-12-31": "-29.08730", "2006-12-31": "13.29680", "2005-12-31": "-20.74740"}, "ROI - Return On Investment": {"2019-12-31": "17.20540", "2018-12-31": "16.51530", "2017-12-31": "17.24750", "2016-12-31": "12.86830", "2015-12-31": "15.99050", "2014-12-31": "14.42500", "2013-12-31": "5.00140", "2012-12-31": "7.12120", "2011-12-31": "4.60150", "2010-12-31": "10.42780", "2009-12-31": "8.36350", "2008-12-31": "4.93520", "2007-12-31": "-35.39640", "2006-12-31": "16.15900", "2005-12-31": "-28.77150"}, "Book Value Per Share": {"2019-12-31": "31.38100", "2018-12-31": "26.15650", "2017-12-31": "18.70070", "2016-12-31": "15.54800", "2015-12-31": "12.61090", "2014-12-31": "10.18460", "2013-12-31": "12.00410", "2012-12-31": "10.63860", "2011-12-31": "8.81030", "2010-12-31": "9.45970", "2009-12-31": "7.23370", "2008-12-31": "6.60010", "2007-12-31": "3.71590", "2006-12-31": "2.63930", "2005-12-31": "0.87780"}, "Operating Cash Flow Per Share": {"2019-12-31": -0.6107, "2018-12-31": 1.7522, "2017-12-31": 0.6487, "2016-12-31": -0.0117, "2015-12-31": 1.9104, "2014-12-31": 0.6034, "2013-12-31": 0.5782, "2012-12-31": -0.3945, "2011-12-31": 0.6773, "2010-12-31": 0.6444, "2009-12-31": 0.5982, "2008-12-31": 0.138, "2007-12-31": 0.1198, "2006-12-31": 0.5122, "2005-12-31": -0.1122}, "Free Cash Flow Per Share": {"2019-12-31": -0.0269, "2018-12-31": 1.8603, "2017-12-31": 0.3108, "2016-12-31": -0.8086, "2015-12-31": 1.6621, "2014-12-31": 0.458, "2013-12-31": 0.5266, "2012-12-31": -0.349, "2011-12-31": 0.4647, "2010-12-31": 0.6812, "2009-12-31": 0.6608, "2008-12-31": -0.0844, "2007-12-31": 0.0504, "2006-12-31": 0.4991, "2005-12-31": -0.2541}}, "financial ratios, quarterly": {"Current Ratio": {"2020-09-30": "3.88250", "2020-06-30": "3.76140", "2020-03-31": "4.10250", "2019-12-31": "6.69320", "2019-09-30": "6.82070", "2019-06-30": "6.79090", "2019-03-31": "3.66240", "2018-12-31": "2.48890", "2018-09-30": "2.45650", "2018-06-30": "2.74200", "2018-03-31": "2.70680", "2017-12-31": "3.99460", "2017-09-30": "4.21800", "2017-06-30": "3.87540", "2017-03-31": "3.49100", "2016-12-31": "3.28790", "2016-09-30": "3.62220", "2016-06-30": "3.68530", "2016-03-31": "4.30940", "2015-12-31": "3.43460", "2015-09-30": "3.78590", "2015-06-30": "3.08620", "2015-03-31": "2.90080", "2014-12-31": "2.61660", "2014-09-30": "2.22670", "2014-06-30": "2.49650", "2014-03-31": "1.41940", "2013-12-31": "5.02240", "2013-09-30": "3.67050", "2013-06-30": "3.93050", "2013-03-31": "3.78290", "2012-12-31": "5.86740", "2012-09-30": "5.43130", "2012-06-30": "5.56380", "2012-03-31": "5.58940", "2011-12-31": "6.80690", "2011-09-30": "5.06110", "2011-06-30": "5.70680", "2011-03-31": "4.37710", "2010-12-31": "2.35430", "2010-09-30": "2.27880", "2010-06-30": "2.25850", "2010-03-31": "2.33380", "2009-12-31": "2.22460", "2009-09-30": "2.49940", "2009-06-30": "2.42230", "2009-03-31": "2.34060", "2008-12-31": "2.25010", "2008-09-30": "1.78130", "2008-06-30": "1.04240", "2008-03-31": "0.98960", "2007-12-31": "3.39590", "2007-09-30": "6.16200", "2007-06-30": "5.90270", "2007-03-31": "6.36220", "2006-12-31": "5.73560", "2006-09-30": "6.60280", "2006-06-30": "5.71640", "2006-03-31": "3.42510", "2005-12-31": "3.67020", "2005-09-30": "3.86600", "2005-06-30": "4.84090", "2005-03-31": "5.15960"}, "Long-term Debt / Capital": {"2020-09-30": "0.12410", "2020-06-30": "0.12620", "2020-03-31": "0.12330", "2019-12-31": "0.19830", "2019-09-30": "0.20310", "2019-06-30": "0.20540", "2019-03-31": "0.21460", "2018-12-31": "0.18800", "2018-09-30": "0.19310", "2018-06-30": "0.17750", "2018-03-31": "0.18770", "2017-12-31": "0.30070", "2017-09-30": "0.29240", "2017-06-30": "0.30100", "2017-03-31": "0.29260", "2016-12-31": "0.31750", "2016-09-30": "0.30970", "2016-06-30": "0.32520", "2016-03-31": "0.33060", "2015-12-31": "0.35460", "2015-09-30": "0.34230", "2015-06-30": "0.35810", "2015-03-31": "0.37970", "2014-12-31": "0.40280", "2014-09-30": "0.43470", "2014-06-30": "0.50820", "2014-03-31": "0.08100", "2013-12-31": "0.38810", "2013-09-30": "0.37670", "2013-06-30": "0.37190", "2013-03-31": "0.38280", "2012-12-31": "0.37920", "2012-09-30": "0.39480", "2012-06-30": "0.40060", "2012-03-31": "0.40230", "2011-12-31": "0.42890", "2011-09-30": "0.42490", "2011-06-30": "0.39330", "2011-03-31": "0.37990", "2010-12-31": "", "2010-09-30": "", "2010-06-30": "", "2010-03-31": "", "2009-12-31": "", "2009-09-30": "", "2009-06-30": "", "2009-03-31": "", "2008-12-31": "", "2008-09-30": "0.00050", "2008-06-30": "", "2008-03-31": "", "2007-12-31": "0.49280", "2007-09-30": "0.55460", "2007-06-30": "0.58240", "2007-03-31": "0.60060", "2006-12-31": "", "2006-09-30": "", "2006-06-30": "", "2006-03-31": "0.00030", "2005-12-31": "0.00070", "2005-09-30": "", "2005-06-30": "", "2005-03-31": ""}, "Debt/Equity Ratio": {"2020-09-30": "0.24960", "2020-06-30": "0.25470", "2020-03-31": "0.24830", "2019-12-31": "0.24730", "2019-09-30": "0.25480", "2019-06-30": "0.25850", "2019-03-31": "0.42830", "2018-12-31": "0.51940", "2018-09-30": "0.55340", "2018-06-30": "0.40850", "2018-03-31": "0.43960", "2017-12-31": "0.48600", "2017-09-30": "0.45740", "2017-06-30": "0.47810", "2017-03-31": "0.48920", "2016-12-31": "0.56430", "2016-09-30": "0.52610", "2016-06-30": "0.48220", "2016-03-31": "0.49380", "2015-12-31": "0.59510", "2015-09-30": "0.57320", "2015-06-30": "0.72650", "2015-03-31": "0.80160", "2014-12-31": "0.88260", "2014-09-30": "1.00520", "2014-06-30": "1.30920", "2014-03-31": "0.62710", "2013-12-31": "0.65320", "2013-09-30": "0.62530", "2013-06-30": "0.61350", "2013-03-31": "0.64900", "2012-12-31": "0.63880", "2012-09-30": "0.68190", "2012-06-30": "0.69840", "2012-03-31": "0.70330", "2011-12-31": "0.75090", "2011-09-30": "0.77150", "2011-06-30": "0.68300", "2011-03-31": "0.71730", "2010-12-31": "0.26020", "2010-09-30": "0.27620", "2010-06-30": "0.29000", "2010-03-31": "0.31370", "2009-12-31": "0.33580", "2009-09-30": "0.28410", "2009-06-30": "0.29760", "2009-03-31": "0.32130", "2008-12-31": "0.34670", "2008-09-30": "0.46960", "2008-06-30": "0.81340", "2008-03-31": "0.88680", "2007-12-31": "0.97170", "2007-09-30": "1.24520", "2007-06-30": "1.39470", "2007-03-31": "1.50430", "2006-12-31": "0.00030", "2006-09-30": "0.00040", "2006-06-30": "0.00060", "2006-03-31": "0.00180", "2005-12-31": "0.00240", "2005-09-30": "", "2005-06-30": "", "2005-03-31": ""}, "Gross Margin": {"2020-09-30": "66.24690", "2020-06-30": "67.61450", "2020-03-31": "72.06050", "2019-12-31": "69.53780", "2019-09-30": "71.44430", "2019-06-30": "68.37710", "2019-03-31": "69.03070", "2018-12-31": "67.97240", "2018-09-30": "69.98830", "2018-06-30": "69.27710", "2018-03-31": "68.79800", "2017-12-31": "69.66580", "2017-09-30": "67.50700", "2017-06-30": "65.55890", "2017-03-31": "61.53850", "2016-12-31": "67.68980", "2016-09-30": "70.18120", "2016-06-30": "70.66670", "2016-03-31": "69.40560", "2015-12-31": "69.29340", "2015-09-30": "70.42690", "2015-06-30": "69.77760", "2015-03-31": "69.63450", "2014-12-31": "75.12740", "2014-09-30": "69.47990", "2014-06-30": "67.14960", "2014-03-31": "66.13700", "2013-12-31": "66.93230", "2013-09-30": "58.83970", "2013-06-30": "64.55150", "2013-03-31": "66.25980", "2012-12-31": "65.84870", "2012-09-30": "68.51730", "2012-06-30": "68.77840", "2012-03-31": "66.36030", "2011-12-31": "68.21500", "2011-09-30": "66.71580", "2011-06-30": "67.26600", "2011-03-31": "66.55970", "2010-12-31": "63.57720", "2010-09-30": "66.21960", "2010-06-30": "68.90990", "2010-03-31": "68.79580", "2009-12-31": "69.51880", "2009-09-30": "67.64710", "2009-06-30": "68.76760", "2009-03-31": "66.40140", "2008-12-31": "64.39010", "2008-09-30": "61.97790", "2008-06-30": "59.19660", "2008-03-31": "60.20380", "2007-12-31": "63.80240", "2007-09-30": "61.29630", "2007-06-30": "63.56180", "2007-03-31": "64.57100", "2006-12-31": "66.70970", "2006-09-30": "69.41200", "2006-06-30": "67.34730", "2006-03-31": "68.06750", "2005-12-31": "68.50040", "2005-09-30": "66.18670", "2005-06-30": "70.08340", "2005-03-31": "69.63960"}, "Operating Margin": {"2020-09-30": "20.40300", "2020-06-30": "15.16590", "2020-03-31": "22.00230", "2019-12-31": "28.15130", "2019-09-30": "33.95810", "2019-06-30": "24.46300", "2019-03-31": "24.11350", "2018-12-31": "22.69590", "2018-09-30": "28.25320", "2018-06-30": "27.34940", "2018-03-31": "27.87720", "2017-12-31": "29.56300", "2017-09-30": "25.35010", "2017-06-30": "21.60120", "2017-03-31": "8.69570", "2016-12-31": "23.10180", "2016-09-30": "26.52390", "2016-06-30": "27.00000", "2016-03-31": "21.15390", "2015-12-31": "24.36000", "2015-09-30": "25.58410", "2015-06-30": "28.16820", "2015-03-31": "32.70280", "2014-12-31": "39.59630", "2014-09-30": "24.86180", "2014-06-30": "22.39640", "2014-03-31": "21.88690", "2013-12-31": "19.04950", "2013-09-30": "12.74220", "2013-06-30": "17.33810", "2013-03-31": "-13.64130", "2012-12-31": "19.18940", "2012-09-30": "17.07540", "2012-06-30": "15.31680", "2012-03-31": "18.18820", "2011-12-31": "10.91650", "2011-09-30": "15.61110", "2011-06-30": "22.96400", "2011-03-31": "24.56080", "2010-12-31": "26.27880", "2010-09-30": "24.16050", "2010-06-30": "22.37140", "2010-03-31": "19.89530", "2009-12-31": "14.22650", "2009-09-30": "18.50150", "2009-06-30": "22.33440", "2009-03-31": "20.81840", "2008-12-31": "22.41760", "2008-09-30": "1.02220", "2008-06-30": "17.02920", "2008-03-31": "15.57020", "2007-12-31": "-29.09400", "2007-09-30": "16.11120", "2007-06-30": "14.49220", "2007-03-31": "-410.81220", "2006-12-31": "27.42780", "2006-09-30": "28.52710", "2006-06-30": "15.68900", "2006-03-31": "-1.85900", "2005-12-31": "0.06960", "2005-09-30": "-7.88070", "2005-06-30": "-117.20170", "2005-03-31": "-9.10350"}, "EBIT Margin": {"2020-09-30": "20.40300", "2020-06-30": "15.16590", "2020-03-31": "22.00230", "2019-12-31": "28.15130", "2019-09-30": "33.95810", "2019-06-30": "24.46300", "2019-03-31": "24.11350", "2018-12-31": "22.69590", "2018-09-30": "28.25320", "2018-06-30": "27.34940", "2018-03-31": "27.87720", "2017-12-31": "29.56300", "2017-09-30": "25.35010", "2017-06-30": "21.60120", "2017-03-31": "8.69570", "2016-12-31": "23.10180", "2016-09-30": "26.52390", "2016-06-30": "27.00000", "2016-03-31": "21.15390", "2015-12-31": "24.36000", "2015-09-30": "25.58410", "2015-06-30": "28.16820", "2015-03-31": "32.70280", "2014-12-31": "39.59630", "2014-09-30": "24.86180", "2014-06-30": "22.39640", "2014-03-31": "21.88690", "2013-12-31": "19.04950", "2013-09-30": "12.74220", "2013-06-30": "17.33810", "2013-03-31": "-13.64130", "2012-12-31": "19.18940", "2012-09-30": "17.07540", "2012-06-30": "15.31680", "2012-03-31": "18.18820", "2011-12-31": "10.91650", "2011-09-30": "15.61110", "2011-06-30": "22.96400", "2011-03-31": "24.56080", "2010-12-31": "26.27880", "2010-09-30": "24.16050", "2010-06-30": "22.37140", "2010-03-31": "19.89530", "2009-12-31": "14.22650", "2009-09-30": "18.50150", "2009-06-30": "22.33440", "2009-03-31": "20.81840", "2008-12-31": "22.41760", "2008-09-30": "1.02220", "2008-06-30": "17.02920", "2008-03-31": "15.57020", "2007-12-31": "-29.09400", "2007-09-30": "16.11120", "2007-06-30": "14.49220", "2007-03-31": "-410.81220", "2006-12-31": "27.42780", "2006-09-30": "28.52710", "2006-06-30": "15.68900", "2006-03-31": "-1.85900", "2005-12-31": "0.06950", "2005-09-30": "-7.88070", "2005-06-30": "-117.20170", "2005-03-31": "-9.10350"}, "EBITDA Margin": {"2020-09-30": "", "2020-06-30": "", "2020-03-31": "", "2019-12-31": "", "2019-09-30": "", "2019-06-30": "", "2019-03-31": "", "2018-12-31": "", "2018-09-30": "", "2018-06-30": "", "2018-03-31": "", "2017-12-31": "", "2017-09-30": "", "2017-06-30": "", "2017-03-31": "", "2016-12-31": "", "2016-09-30": "", "2016-06-30": "", "2016-03-31": "", "2015-12-31": "", "2015-09-30": "", "2015-06-30": "", "2015-03-31": "", "2014-12-31": "", "2014-09-30": "", "2014-06-30": "", "2014-03-31": "", "2013-12-31": "", "2013-09-30": "", "2013-06-30": "", "2013-03-31": "", "2012-12-31": "", "2012-09-30": "", "2012-06-30": "", "2012-03-31": "", "2011-12-31": "", "2011-09-30": "", "2011-06-30": "", "2011-03-31": "", "2010-12-31": "", "2010-09-30": "", "2010-06-30": "", "2010-03-31": "", "2009-12-31": "", "2009-09-30": "", "2009-06-30": "", "2009-03-31": "", "2008-12-31": "", "2008-09-30": "", "2008-06-30": "", "2008-03-31": "", "2007-12-31": "", "2007-09-30": "", "2007-06-30": "", "2007-03-31": "", "2006-12-31": "", "2006-09-30": "", "2006-06-30": "", "2006-03-31": "", "2005-12-31": "", "2005-09-30": "", "2005-06-30": "", "2005-03-31": ""}, "Pre-Tax Profit Margin": {"2020-09-30": "27.07810", "2020-06-30": "26.06640", "2020-03-31": "20.72180", "2019-12-31": "28.25630", "2019-09-30": "29.76850", "2019-06-30": "41.28880", "2019-03-31": "27.54140", "2018-12-31": "24.07830", "2018-09-30": "27.19810", "2018-06-30": "27.95180", "2018-03-31": "28.26090", "2017-12-31": "28.79180", "2017-09-30": "24.50980", "2017-06-30": "21.29910", "2017-03-31": "84.11370", "2016-12-31": "21.64780", "2016-09-30": "25.37070", "2016-06-30": "26.16670", "2016-03-31": "20.27970", "2015-12-31": "22.78950", "2015-09-30": "23.42790", "2015-06-30": "26.17310", "2015-03-31": "33.05930", "2014-12-31": "37.48420", "2014-09-30": "23.39490", "2014-06-30": "13.50990", "2014-03-31": "19.91250", "2013-12-31": "31.07690", "2013-09-30": "10.41120", "2013-06-30": "14.26200", "2013-03-31": "-14.37100", "2012-12-31": "33.59680", "2012-09-30": "15.26720", "2012-06-30": "12.39710", "2012-03-31": "14.76450", "2011-12-31": "8.08650", "2011-09-30": "11.80090", "2011-06-30": "17.05480", "2011-03-31": "12.74550", "2010-12-31": "19.43450", "2010-09-30": "23.05430", "2010-06-30": "21.94590", "2010-03-31": "17.36370", "2009-12-31": "12.34360", "2009-09-30": "17.34210", "2009-06-30": "21.66690", "2009-03-31": "17.70720", "2008-12-31": "21.73720", "2008-09-30": "-0.40860", "2008-06-30": "14.40250", "2008-03-31": "14.87840", "2007-12-31": "-39.18420", "2007-09-30": "20.19080", "2007-06-30": "17.26390", "2007-03-31": "-407.03950", "2006-12-31": "29.72450", "2006-09-30": "32.25990", "2006-06-30": "17.74780", "2006-03-31": "0.09280", "2005-12-31": "1.42530", "2005-09-30": "-7.00450", "2005-06-30": "-116.83520", "2005-03-31": "-7.81620"}, "Net Profit Margin": {"2020-09-30": "22.54410", "2020-06-30": "7.42500", "2020-03-31": "20.13970", "2019-12-31": "25.10500", "2019-09-30": "25.79930", "2019-06-30": "35.32220", "2019-03-31": "27.54140", "2018-12-31": "24.19360", "2018-09-30": "23.32940", "2018-06-30": "25.18070", "2018-03-31": "26.59850", "2017-12-31": "8.74040", "2017-09-30": "22.82910", "2017-06-30": "19.33540", "2017-03-31": "61.37120", "2016-12-31": "20.03230", "2016-09-30": "21.25210", "2016-06-30": "20.00000", "2016-03-31": "15.73430", "2015-12-31": "17.72900", "2015-09-30": "21.47620", "2015-06-30": "18.95650", "2015-03-31": "25.37450", "2014-12-31": "29.91540", "2014-09-30": "19.45130", "2014-06-30": "10.41290", "2014-03-31": "14.25370", "2013-12-31": "20.82510", "2013-09-30": "8.78840", "2013-06-30": "10.36630", "2013-03-31": "-6.82470", "2012-12-31": "23.24960", "2012-09-30": "10.40600", "2012-06-30": "8.33940", "2012-03-31": "9.60590", "2011-12-31": "4.68670", "2011-09-30": "8.55670", "2011-06-30": "10.65230", "2011-03-31": "8.54360", "2010-12-31": "14.71120", "2010-09-30": "14.93710", "2010-06-30": "14.05450", "2010-03-31": "11.03830", "2009-12-31": "6.48250", "2009-09-30": "10.78370", "2009-06-30": "15.27320", "2009-03-31": "11.34850", "2008-12-31": "16.21360", "2008-09-30": "-6.70700", "2008-06-30": "9.03070", "2008-03-31": "8.81580", "2007-12-31": "-11.54130", "2007-09-30": "14.87340", "2007-06-30": "10.95880", "2007-03-31": "-413.13370", "2006-12-31": "28.36440", "2006-09-30": "30.22520", "2006-06-30": "16.27820", "2006-03-31": "-0.35740", "2005-12-31": "1.41660", "2005-09-30": "-7.30680", "2005-06-30": "-117.15750", "2005-03-31": "-8.15290"}, "Asset Turnover": {"2020-09-30": "0.10720", "2020-06-30": "0.08730", "2020-03-31": "0.11830", "2019-12-31": "0.13010", "2019-09-30": "0.12790", "2019-06-30": "0.12020", "2019-03-31": "0.11450", "2018-12-31": "0.12470", "2018-09-30": "0.12620", "2018-06-30": "0.14190", "2018-03-31": "0.14110", "2017-12-31": "0.14800", "2017-09-30": "0.14150", "2017-06-30": "0.13630", "2017-03-31": "0.13010", "2016-12-31": "0.14460", "2016-09-30": "0.14360", "2016-06-30": "0.15060", "2016-03-31": "0.15080", "2015-12-31": "0.16050", "2015-09-30": "0.14740", "2015-06-30": "0.14570", "2015-03-31": "0.15390", "2014-12-31": "0.15340", "2014-09-30": "0.14660", "2014-06-30": "0.14750", "2014-03-31": "0.13780", "2013-12-31": "0.12830", "2013-09-30": "0.12660", "2013-06-30": "0.12260", "2013-03-31": "0.12060", "2012-12-31": "0.12050", "2012-09-30": "0.11730", "2012-06-30": "0.11950", "2012-03-31": "0.11850", "2011-12-31": "0.11390", "2011-09-30": "0.10970", "2011-06-30": "0.12740", "2011-03-31": "0.13310", "2010-12-31": "0.14210", "2010-09-30": "0.13760", "2010-06-30": "0.12910", "2010-03-31": "0.12760", "2009-12-31": "0.12630", "2009-09-30": "0.10270", "2009-06-30": "0.10940", "2009-03-31": "0.12080", "2008-12-31": "0.12130", "2008-09-30": "0.11040", "2008-06-30": "0.14120", "2008-03-31": "0.13020", "2007-12-31": "0.11400", "2007-09-30": "0.12040", "2007-06-30": "0.10930", "2007-03-31": "0.09710", "2006-12-31": "0.20110", "2006-09-30": "0.20850", "2006-06-30": "0.18000", "2006-03-31": "0.25860", "2005-12-31": "0.22870", "2005-09-30": "0.20110", "2005-06-30": "0.17340", "2005-03-31": "0.16150"}, "Inventory Turnover Ratio": {"2020-09-30": "0.64580", "2020-06-30": "0.47130", "2020-03-31": "0.62500", "2019-12-31": "0.80780", "2019-09-30": "0.62110", "2019-06-30": "0.63100", "2019-03-31": "0.63590", "2018-12-31": "0.72020", "2018-09-30": "0.68450", "2018-06-30": "0.70440", "2018-03-31": "0.69710", "2017-12-31": "0.70870", "2017-09-30": "0.70950", "2017-06-30": "0.73790", "2017-03-31": "0.76920", "2016-12-31": "0.66670", "2016-09-30": "0.57970", "2016-06-30": "0.56530", "2016-03-31": "0.60780", "2015-12-31": "0.67110", "2015-09-30": "0.69610", "2015-06-30": "0.72900", "2015-03-31": "0.79700", "2014-12-31": "0.66670", "2014-09-30": "0.73600", "2014-06-30": "0.82820", "2014-03-31": "0.86760", "2013-12-31": "0.83120", "2013-09-30": "0.91860", "2013-06-30": "0.73000", "2013-03-31": "0.66480", "2012-12-31": "0.66540", "2012-09-30": "0.60940", "2012-06-30": "0.65460", "2012-03-31": "0.71310", "2011-12-31": "0.61720", "2011-09-30": "0.56280", "2011-06-30": "0.65990", "2011-03-31": "0.62690", "2010-12-31": "0.66920", "2010-09-30": "0.61650", "2010-06-30": "0.55180", "2010-03-31": "0.59580", "2009-12-31": "0.59320", "2009-09-30": "0.63370", "2009-06-30": "0.71440", "2009-03-31": "0.80500", "2008-12-31": "0.78040", "2008-09-30": "0.78310", "2008-06-30": "0.84150", "2008-03-31": "0.88470", "2007-12-31": "0.75510", "2007-09-30": "0.83410", "2007-06-30": "0.71810", "2007-03-31": "0.70340", "2006-12-31": "0.99750", "2006-09-30": "0.84320", "2006-06-30": "0.78370", "2006-03-31": "0.71890", "2005-12-31": "0.70320", "2005-09-30": "0.92140", "2005-06-30": "0.91800", "2005-03-31": "0.92370"}, "Receiveable Turnover": {"2020-09-30": "1.71120", "2020-06-30": "1.64420", "2020-03-31": "1.81990", "2019-12-31": "1.66140", "2019-09-30": "1.67650", "2019-06-30": "1.78300", "2019-03-31": "1.85120", "2018-12-31": "1.68870", "2018-09-30": "1.97000", "2018-06-30": "2.10130", "2018-03-31": "1.95500", "2017-12-31": "1.89290", "2017-09-30": "1.86420", "2017-06-30": "1.77960", "2017-03-31": "1.62500", "2016-12-31": "1.62470", "2016-09-30": "1.59050", "2016-06-30": "1.61080", "2016-03-31": "1.42110", "2015-12-31": "1.53500", "2015-09-30": "1.33080", "2015-06-30": "1.46330", "2015-03-31": "1.53860", "2014-12-31": "1.77010", "2014-09-30": "1.73720", "2014-06-30": "1.73010", "2014-03-31": "1.43590", "2013-12-31": "1.62100", "2013-09-30": "1.51550", "2013-06-30": "1.66860", "2013-03-31": "1.56980", "2012-12-31": "1.43860", "2012-09-30": "1.31050", "2012-06-30": "1.48810", "2012-03-31": "1.34880", "2011-12-31": "1.43810", "2011-09-30": "1.39310", "2011-06-30": "1.48610", "2011-03-31": "1.55290", "2010-12-31": "1.57790", "2010-09-30": "1.39090", "2010-06-30": "1.43300", "2010-03-31": "1.23140", "2009-12-31": "1.14460", "2009-09-30": "0.97210", "2009-06-30": "1.04790", "2009-03-31": "1.23120", "2008-12-31": "1.20760", "2008-09-30": "1.21020", "2008-06-30": "1.37450", "2008-03-31": "1.33310", "2007-12-31": "1.35470", "2007-09-30": "1.22060", "2007-06-30": "1.47170", "2007-03-31": "1.35810", "2006-12-31": "1.51150", "2006-09-30": "1.84100", "2006-06-30": "1.79990", "2006-03-31": "1.35820", "2005-12-31": "1.30610", "2005-09-30": "1.10840", "2005-06-30": "1.29790", "2005-03-31": "1.28860"}, "Days Sales In Receivables": {"2020-09-30": "52.59450", "2020-06-30": "54.73930", "2020-03-31": "49.45290", "2019-12-31": "54.17020", "2019-09-30": "53.68250", "2019-06-30": "50.47730", "2019-03-31": "48.61700", "2018-12-31": "53.29490", "2018-09-30": "45.68580", "2018-06-30": "42.83130", "2018-03-31": "46.03580", "2017-12-31": "47.54500", "2017-09-30": "48.27730", "2017-06-30": "50.57400", "2017-03-31": "55.38460", "2016-12-31": "55.39580", "2016-09-30": "56.58460", "2016-06-30": "55.87200", "2016-03-31": "63.33260", "2015-12-31": "58.63200", "2015-09-30": "67.62610", "2015-06-30": "61.50600", "2015-03-31": "58.49610", "2014-12-31": "50.84370", "2014-09-30": "51.80860", "2014-06-30": "52.01990", "2014-03-31": "62.67880", "2013-12-31": "55.52210", "2013-09-30": "59.38710", "2013-06-30": "53.93670", "2013-03-31": "57.33290", "2012-12-31": "62.56040", "2012-09-30": "68.67730", "2012-06-30": "60.47810", "2012-03-31": "66.72680", "2011-12-31": "62.58120", "2011-09-30": "64.60610", "2011-06-30": "60.56280", "2011-03-31": "57.95500", "2010-12-31": "57.03760", "2010-09-30": "64.70730", "2010-06-30": "62.80340", "2010-03-31": "73.08920", "2009-12-31": "78.62910", "2009-09-30": "92.58300", "2009-06-30": "85.88430", "2009-03-31": "73.09860", "2008-12-31": "74.53030", "2008-09-30": "74.36770", "2008-06-30": "65.47900", "2008-03-31": "67.51200", "2007-12-31": "66.43380", "2007-09-30": "73.73340", "2007-06-30": "61.15440", "2007-03-31": "66.27070", "2006-12-31": "59.54430", "2006-09-30": "48.88630", "2006-06-30": "50.00360", "2006-03-31": "66.26450", "2005-12-31": "68.90890", "2005-09-30": "81.19650", "2005-06-30": "69.34280", "2005-03-31": "69.84090"}, "ROE - Return On Equity": {"2020-09-30": "3.80850", "2020-06-30": "1.03000", "2020-03-31": "3.73250", "2019-12-31": "5.18100", "2019-09-30": "5.27150", "2019-06-30": "6.76360", "2019-03-31": "5.50370", "2018-12-31": "5.12350", "2018-09-30": "5.23090", "2018-06-30": "5.96840", "2018-03-31": "6.41070", "2017-12-31": "2.10990", "2017-09-30": "5.32400", "2017-06-30": "4.41990", "2017-03-31": "13.64170", "2016-12-31": "4.71370", "2016-09-30": "5.04380", "2016-06-30": "5.42080", "2016-03-31": "4.24930", "2015-12-31": "5.59760", "2015-09-30": "5.97040", "2015-06-30": "5.69970", "2015-03-31": "8.41840", "2014-12-31": "10.47860", "2014-09-30": "7.33640", "2014-06-30": "4.31350", "2014-03-31": "3.81140", "2013-12-31": "5.26100", "2013-09-30": "2.28140", "2013-06-30": "2.58370", "2013-03-31": "-1.72180", "2012-12-31": "5.45310", "2012-09-30": "2.43390", "2012-06-30": "1.98180", "2012-03-31": "2.25850", "2011-12-31": "1.09000", "2011-09-30": "1.94590", "2011-06-30": "2.62090", "2011-03-31": "2.26800", "2010-12-31": "3.20960", "2010-09-30": "3.19880", "2010-06-30": "2.87340", "2010-03-31": "2.25190", "2009-12-31": "1.35440", "2009-09-30": "1.70410", "2009-06-30": "2.62710", "2009-03-31": "2.19980", "2008-12-31": "3.26690", "2008-09-30": "", "2008-06-30": "", "2008-03-31": "", "2007-12-31": "-3.15680", "2007-09-30": "", "2007-06-30": "", "2007-03-31": "", "2006-12-31": "6.93050", "2006-09-30": "", "2006-06-30": "", "2006-03-31": "", "2005-12-31": "0.44970", "2005-09-30": "", "2005-06-30": "", "2005-03-31": ""}, "Return On Tangible Equity": {"2020-09-30": "4.89870", "2020-06-30": "1.33790", "2020-03-31": "4.71000", "2019-12-31": "6.55870", "2019-09-30": "6.75710", "2019-06-30": "8.75670", "2019-03-31": "7.31070", "2018-12-31": "6.96360", "2018-09-30": "7.32090", "2018-06-30": "8.63930", "2018-03-31": "9.24880", "2017-12-31": "3.21690", "2017-09-30": "8.00420", "2017-06-30": "6.86500", "2017-03-31": "22.12330", "2016-12-31": "8.55320", "2016-09-30": "9.08300", "2016-06-30": "10.58930", "2016-03-31": "8.58270", "2015-12-31": "12.58340", "2015-09-30": "12.93970", "2015-06-30": "13.09460", "2015-03-31": "22.88620", "2014-12-31": "36.20270", "2014-09-30": "37.38350", "2014-06-30": "86.40500", "2014-03-31": "11.24490", "2013-12-31": "16.84060", "2013-09-30": "7.66000", "2013-06-30": "7.35890", "2013-03-31": "-5.64510", "2012-12-31": "8.77870", "2012-09-30": "4.14780", "2012-06-30": "3.03940", "2012-03-31": "3.56340", "2011-12-31": "1.81180", "2011-09-30": "3.33670", "2011-06-30": "4.17310", "2011-03-31": "3.86030", "2010-12-31": "4.64250", "2010-09-30": "4.67840", "2010-06-30": "4.28820", "2010-03-31": "3.09030", "2009-12-31": "1.92830", "2009-09-30": "2.33840", "2009-06-30": "3.70580", "2009-03-31": "3.24140", "2008-12-31": "4.85470", "2008-09-30": "-1.75590", "2008-06-30": "6.02790", "2008-03-31": "6.44590", "2007-12-31": "-10.41110", "2007-09-30": "29.35950", "2007-06-30": "62.76020", "2007-03-31": "4557.00800", "2006-12-31": "6.99360", "2006-09-30": "8.04530", "2006-06-30": "3.80690", "2006-03-31": "-0.14860", "2005-12-31": "0.48130", "2005-09-30": "-2.16910", "2005-06-30": "-28.28610", "2005-03-31": "-1.76720"}, "ROA - Return On Assets": {"2020-09-30": "2.41760", "2020-06-30": "0.64850", "2020-03-31": "2.38260", "2019-12-31": "3.26680", "2019-09-30": "3.30090", "2019-06-30": "4.20190", "2019-03-31": "3.03110", "2018-12-31": "2.83090", "2018-09-30": "2.78150", "2018-06-30": "3.41820", "2018-03-31": "3.55470", "2017-12-31": "1.10330", "2017-09-30": "3.01230", "2017-06-30": "2.47020", "2017-03-31": "7.56850", "2016-12-31": "2.49940", "2016-09-30": "2.76740", "2016-06-30": "2.91090", "2016-03-31": "2.31960", "2015-12-31": "2.80590", "2015-09-30": "3.09680", "2015-06-30": "2.76110", "2015-03-31": "3.90550", "2014-12-31": "4.58970", "2014-09-30": "2.85180", "2014-06-30": "1.53560", "2014-03-31": "1.96420", "2013-12-31": "2.67180", "2013-09-30": "1.11290", "2013-06-30": "1.27080", "2013-03-31": "-0.82310", "2012-12-31": "2.80210", "2012-09-30": "1.22020", "2012-06-30": "0.99630", "2012-03-31": "1.13850", "2011-12-31": "0.53370", "2011-09-30": "0.93850", "2011-06-30": "1.35670", "2011-03-31": "1.13680", "2010-12-31": "2.09010", "2010-09-30": "2.05460", "2010-06-30": "1.81470", "2010-03-31": "1.40900", "2009-12-31": "0.81860", "2009-09-30": "1.10770", "2009-06-30": "1.67130", "2009-03-31": "1.37050", "2008-12-31": "1.96600", "2008-09-30": "-0.74030", "2008-06-30": "1.27520", "2008-03-31": "1.14810", "2007-12-31": "-1.31570", "2007-09-30": "1.79000", "2007-06-30": "1.19760", "2007-03-31": "-40.12670", "2006-12-31": "5.70290", "2006-09-30": "6.30150", "2006-06-30": "2.93050", "2006-03-31": "-0.09240", "2005-12-31": "0.32400", "2005-09-30": "-1.46970", "2005-06-30": "-20.31470", "2005-03-31": "-1.31690"}, "ROI - Return On Investment": {"2020-09-30": "3.33580", "2020-06-30": "0.90000", "2020-03-31": "3.27220", "2019-12-31": "4.15360", "2019-09-30": "4.20110", "2019-06-30": "5.37420", "2019-03-31": "4.32270", "2018-12-31": "4.16050", "2018-09-30": "4.22090", "2018-06-30": "4.90920", "2018-03-31": "5.20750", "2017-12-31": "1.47550", "2017-09-30": "3.76700", "2017-06-30": "3.08960", "2017-03-31": "9.65060", "2016-12-31": "3.21710", "2016-09-30": "3.48170", "2016-06-30": "3.65780", "2016-03-31": "2.84460", "2015-12-31": "3.61270", "2015-09-30": "3.92670", "2015-06-30": "3.65860", "2015-03-31": "5.22170", "2014-12-31": "6.25740", "2014-09-30": "4.14740", "2014-06-30": "2.12130", "2014-03-31": "3.50250", "2013-12-31": "3.21940", "2013-09-30": "1.42200", "2013-06-30": "1.62280", "2013-03-31": "-1.06260", "2012-12-31": "3.38530", "2012-09-30": "1.47310", "2012-06-30": "1.18800", "2012-03-31": "1.34980", "2011-12-31": "0.62250", "2011-09-30": "1.11910", "2011-06-30": "1.59020", "2011-03-31": "1.40630", "2010-12-31": "3.20960", "2010-09-30": "3.19880", "2010-06-30": "2.87340", "2010-03-31": "2.25190", "2009-12-31": "1.35440", "2009-09-30": "1.70410", "2009-06-30": "2.62710", "2009-03-31": "2.19980", "2008-12-31": "3.26690", "2008-09-30": "-1.18090", "2008-06-30": "2.57430", "2008-03-31": "2.38160", "2007-12-31": "-1.60110", "2007-09-30": "2.01080", "2007-06-30": "1.34880", "2007-03-31": "-44.75840", "2006-12-31": "6.93050", "2006-09-30": "7.65700", "2006-06-30": "3.62570", "2006-03-31": "-0.13210", "2005-12-31": "0.44930", "2005-09-30": "-2.00550", "2005-06-30": "-26.37540", "2005-03-31": "-1.70530"}, "Book Value Per Share": {"2020-09-30": "32.19180", "2020-06-30": "31.25340", "2020-03-31": "31.53060", "2019-12-31": "31.38100", "2019-09-30": "30.19730", "2019-06-30": "29.46940", "2019-03-31": "27.68710", "2018-12-31": "26.15650", "2018-09-30": "24.44900", "2018-06-30": "22.79590", "2018-03-31": "20.90480", "2017-12-31": "18.70070", "2017-09-30": "19.55480", "2017-06-30": "18.59590", "2017-03-31": "17.47260", "2016-12-31": "15.54800", "2016-09-30": "15.79090", "2016-06-30": "14.59690", "2016-03-31": "14.06880", "2015-12-31": "12.61090", "2015-09-30": "13.22790", "2015-06-30": "12.39750", "2015-03-31": "11.26530", "2014-12-31": "10.18460", "2014-09-30": "8.97400", "2014-06-30": "7.75060", "2014-03-31": "12.25560", "2013-12-31": "12.00410", "2013-09-30": "10.87430", "2013-06-30": "11.09800", "2013-03-31": "10.54700", "2012-12-31": "10.63860", "2012-09-30": "9.90580", "2012-06-30": "9.60060", "2012-03-31": "9.39500", "2011-12-31": "8.81030", "2011-09-30": "8.52720", "2011-06-30": "9.39600", "2011-03-31": "8.64300", "2010-12-31": "9.45970", "2010-09-30": "8.86180", "2010-06-30": "8.34330", "2010-03-31": "7.73280", "2009-12-31": "7.23370", "2009-09-30": "8.01100", "2009-06-30": "7.57010", "2009-03-31": "6.95060", "2008-12-31": "6.60010", "2008-09-30": "6.89350", "2008-06-30": "4.30130", "2008-03-31": "3.99730", "2007-12-31": "3.71590", "2007-09-30": "2.93650", "2007-06-30": "2.65820", "2007-03-31": "2.48070", "2006-12-31": "2.63930", "2006-09-30": "2.26920", "2006-06-30": "2.03110", "2006-03-31": "0.94390", "2005-12-31": "0.87780", "2005-09-30": "0.86400", "2005-06-30": "0.86660", "2005-03-31": "0.93830"}, "Operating Cash Flow Per Share": {"2020-09-30": 1.0338, "2020-06-30": 1.6217, "2020-03-31": "1.89860", "2019-12-31": 2.9456, "2019-09-30": 1.8195, "2019-06-30": 0.9597, "2019-03-31": "1.32890", "2018-12-31": 2.0134, "2018-09-30": 1.9348, "2018-06-30": 1.9932, "2018-03-31": "1.72300", "2017-12-31": 1.9865, "2017-09-30": 1.572, "2017-06-30": 1.2108, "2017-03-31": "1.14290", "2016-12-31": 1.7703, "2016-09-30": 1.1891, "2016-06-30": 1.6352, "2016-03-31": "0.66890", "2015-12-31": 2.4743, "2015-09-30": 1.2017, "2015-06-30": 1.1501, "2015-03-31": "0.44910", "2014-12-31": 0.9194, "2014-09-30": 1.0028, "2014-06-30": 1.1964, "2014-03-31": "0.24620", "2013-12-31": 0.9152, "2013-09-30": 0.5802, "2013-06-30": 0.5563, "2013-03-31": "0.70970", "2012-12-31": 0.5758, "2012-09-30": 0.3912, "2012-06-30": 0.7273, "2012-03-31": "0.48890", "2011-12-31": 0.7402, "2011-09-30": 0.7103, "2011-06-30": 0.5487, "2011-03-31": "0.57850", "2010-12-31": 0.5844, "2010-09-30": 0.3493, "2010-06-30": 0.5337, "2010-03-31": "0.43300", "2009-12-31": 0.4631, "2009-09-30": 0.1467, "2009-06-30": 0.2645, "2009-03-31": "0.38170", "2008-12-31": 0.3424, "2008-09-30": 0.2369, "2008-06-30": 0.2883, "2008-03-31": "-0.20980", "2007-12-31": 0.1457, "2007-09-30": 0.0372, "2007-06-30": 0.1998, "2007-03-31": "0.13710", "2006-12-31": 0.1013, "2006-09-30": 0.1163, "2006-06-30": 0.1539, "2006-03-31": "0.02850", "2005-12-31": 0.0233, "2005-09-30": -0.046, "2005-06-30": -0.0461, "2005-03-31": "-0.04340"}, "Free Cash Flow Per Share": {"2020-09-30": 0.7094, "2020-06-30": 1.3581, "2020-03-31": "1.62840", "2019-12-31": 2.5699, "2019-09-30": 1.4838, "2019-06-30": 0.6443, "2019-03-31": "0.95300", "2018-12-31": 1.5772, "2018-09-30": 1.5129, "2018-06-30": 1.4729, "2018-03-31": "1.11490", "2017-12-31": 1.473, "2017-09-30": 1.0249, "2017-06-30": 0.7415, "2017-03-31": "0.57820", "2016-12-31": 1.2163, "2016-09-30": 0.804, "2016-06-30": 1.1757, "2016-03-31": "0.31080", "2015-12-31": 2.2318, "2015-09-30": 1.0074, "2015-06-30": 0.8729, "2015-03-31": "0.20330", "2014-12-31": 0.6904, "2014-09-30": 0.8042, "2014-06-30": 1.0387, "2014-03-31": "0.12000", "2013-12-31": 0.7182, "2013-09-30": 0.4477, "2013-06-30": 0.4929, "2013-03-31": "0.53650", "2012-12-31": 0.4513, "2012-09-30": 0.257, "2012-06-30": 0.5693, "2012-03-31": "0.39110", "2011-12-31": 0.553, "2011-09-30": 0.5386, "2011-06-30": 0.428, "2011-03-31": "0.49810", "2010-12-31": 0.4948, "2010-09-30": 0.264, "2010-06-30": 0.4432, "2010-03-31": "0.35100", "2009-12-31": 0.4099, "2009-09-30": 0.0064, "2009-06-30": 0.1684, "2009-03-31": "0.28710", "2008-12-31": 0.2726, "2008-09-30": 0.0835, "2008-06-30": 0.1193, "2008-03-31": "-0.26440", "2007-12-31": 0.0494, "2007-09-30": -0.0058, "2007-06-30": 0.1451, "2007-03-31": "0.10670", "2006-12-31": 0.0795, "2006-09-30": 0.0798, "2006-06-30": 0.1078, "2006-03-31": "-0.02210", "2005-12-31": -0.0102, "2005-09-30": -0.0769, "2005-06-30": -0.0837, "2005-03-31": "-0.08330"}}, "revenue": {"Illumina Annual Revenue (Millions of US $)": {"2019": "$3,543", "2018": "$3,333", "2017": "$2,752", "2016": "$2,398", "2015": "$2,220", "2014": "$1,861", "2013": "$1,421", "2012": "$1,149", "2011": "$1,056", "2010": "$903", "2009": "$666", "2008": "$573", "2007": "$367", "2006": "$185", "2005": "$74"}, "Illumina Quarterly Revenue (Millions of US $)": {"2020-09-30": "$794", "2020-06-30": "$633", "2020-03-31": "$859", "2019-12-31": "$952", "2019-09-30": "$907", "2019-06-30": "$838", "2019-03-31": "$846", "2018-12-31": "$868", "2018-09-30": "$853", "2018-06-30": "$830", "2018-03-31": "$782", "2017-12-31": "$778", "2017-09-30": "$714", "2017-06-30": "$662", "2017-03-31": "$598", "2016-12-31": "$619", "2016-09-30": "$607", "2016-06-30": "$600", "2016-03-31": "$572", "2015-12-31": "$592", "2015-09-30": "$550", "2015-06-30": "$539", "2015-03-31": "$539", "2014-12-31": "$512", "2014-09-30": "$481", "2014-06-30": "$448", "2014-03-31": "$421", "2013-12-31": "$387", "2013-09-30": "$357", "2013-06-30": "$346", "2013-03-31": "$331", "2012-12-31": "$309", "2012-09-30": "$286", "2012-06-30": "$281", "2012-03-31": "$273", "2011-12-31": "$250", "2011-09-30": "$235", "2011-06-30": "$287", "2011-03-31": "$283", "2010-12-31": "$261", "2010-09-30": "$237", "2010-06-30": "$212", "2010-03-31": "$192", "2009-12-31": "$181", "2009-09-30": "$158", "2009-06-30": "$162", "2009-03-31": "$166", "2008-12-31": "$161", "2008-09-30": "$150", "2008-06-30": "$140", "2008-03-31": "$122", "2007-12-31": "$113", "2007-09-30": "$98", "2007-06-30": "$85", "2007-03-31": "$72", "2006-12-31": "$60", "2006-09-30": "$53", "2006-06-30": "$42", "2006-03-31": "$29", "2005-12-31": "$23", "2005-09-30": "$20", "2005-06-30": "$16", "2005-03-31": "$15"}}, "gross-profit": {"Illumina Annual Gross Profit (Millions of US $)": {"2019": "$2,467", "2018": "$2,300", "2017": "$1,826", "2016": "$1,666", "2015": "$1,549", "2014": "$1,298", "2013": "$912", "2012": "$774", "2011": "$709", "2010": "$602", "2009": "$454", "2008": "$353", "2007": "$232", "2006": "$125", "2005": "$50"}, "Illumina Quarterly Gross Profit (Millions of US $)": {"2020-09-30": "$526", "2020-06-30": "$428", "2020-03-31": "$619", "2019-12-31": "$662", "2019-09-30": "$648", "2019-06-30": "$573", "2019-03-31": "$584", "2018-12-31": "$590", "2018-09-30": "$597", "2018-06-30": "$575", "2018-03-31": "$538", "2017-12-31": "$542", "2017-09-30": "$482", "2017-06-30": "$434", "2017-03-31": "$368", "2016-12-31": "$419", "2016-09-30": "$426", "2016-06-30": "$424", "2016-03-31": "$397", "2015-12-31": "$410", "2015-09-30": "$388", "2015-06-30": "$376", "2015-03-31": "$375", "2014-12-31": "$385", "2014-09-30": "$334", "2014-06-30": "$301", "2014-03-31": "$278", "2013-12-31": "$259", "2013-09-30": "$210", "2013-06-30": "$223", "2013-03-31": "$219", "2012-12-31": "$204", "2012-09-30": "$196", "2012-06-30": "$193", "2012-03-31": "$181", "2011-12-31": "$171", "2011-09-30": "$157", "2011-06-30": "$193", "2011-03-31": "$188", "2010-12-31": "$166", "2010-09-30": "$157", "2010-06-30": "$146", "2010-03-31": "$132", "2009-12-31": "$126", "2009-09-30": "$107", "2009-06-30": "$111", "2009-03-31": "$110", "2008-12-31": "$104", "2008-09-30": "$93", "2008-06-30": "$83", "2008-03-31": "$73", "2007-12-31": "$72", "2007-09-30": "$60", "2007-06-30": "$54", "2007-03-31": "$47", "2006-12-31": "$40", "2006-09-30": "$37", "2006-06-30": "$28", "2006-03-31": "$20", "2005-12-31": "$16", "2005-09-30": "$13", "2005-06-30": "$11", "2005-03-31": "$11"}}, "operating-income": {"Illumina Annual Operating Income (Millions of US $)": {"2019": "$985", "2018": "$883", "2017": "$606", "2016": "$587", "2015": "$613", "2014": "$515", "2013": "$134", "2012": "$201", "2011": "$199", "2010": "$212", "2009": "$126", "2008": "$80", "2007": "$-301", "2006": "$38", "2005": "$-21"}, "Illumina Quarterly Operating Income (Millions of US $)": {"2020-09-30": "$162", "2020-06-30": "$96", "2020-03-31": "$189", "2019-12-31": "$268", "2019-09-30": "$308", "2019-06-30": "$205", "2019-03-31": "$204", "2018-12-31": "$197", "2018-09-30": "$241", "2018-06-30": "$227", "2018-03-31": "$218", "2017-12-31": "$230", "2017-09-30": "$181", "2017-06-30": "$143", "2017-03-31": "$52", "2016-12-31": "$143", "2016-09-30": "$161", "2016-06-30": "$162", "2016-03-31": "$121", "2015-12-31": "$144", "2015-09-30": "$141", "2015-06-30": "$152", "2015-03-31": "$176", "2014-12-31": "$203", "2014-09-30": "$119", "2014-06-30": "$100", "2014-03-31": "$92", "2013-12-31": "$74", "2013-09-30": "$45", "2013-06-30": "$60", "2013-03-31": "$-45", "2012-12-31": "$59", "2012-09-30": "$49", "2012-06-30": "$43", "2012-03-31": "$50", "2011-12-31": "$27", "2011-09-30": "$37", "2011-06-30": "$66", "2011-03-31": "$69", "2010-12-31": "$69", "2010-09-30": "$57", "2010-06-30": "$47", "2010-03-31": "$38", "2009-12-31": "$26", "2009-09-30": "$29", "2009-06-30": "$36", "2009-03-31": "$35", "2008-12-31": "$36", "2008-09-30": "$2", "2008-06-30": "$24", "2008-03-31": "$19", "2007-12-31": "$-33", "2007-09-30": "$16", "2007-06-30": "$12", "2007-03-31": "$-296", "2006-12-31": "$17", "2006-09-30": "$15", "2006-06-30": "$7", "2006-03-31": "$-1", "2005-12-31": "$0", "2005-09-30": "$-2", "2005-06-30": "$-19", "2005-03-31": "$-1"}}, "ebitda": {"Illumina Annual EBITDA (Millions of US $)": {"2019": "$1,219", "2018": "$1,103", "2017": "$792", "2016": "$758", "2015": "$779", "2014": "$665", "2013": "$268", "2012": "$301", "2011": "$301", "2010": "$275", "2009": "$177", "2008": "$127", "2007": "$-272", "2006": "$43", "2005": "$-18"}, "Illumina Quarterly EBITDA (Millions of US $)": {"2020-09-30": "$219", "2020-06-30": "$151", "2020-03-31": "$243", "2019-12-31": "$323", "2019-09-30": "$364", "2019-06-30": "$267", "2019-03-31": "$265", "2018-12-31": "$262", "2018-09-30": "$296", "2018-06-30": "$280", "2018-03-31": "$265", "2017-12-31": "$276", "2017-09-30": "$230", "2017-06-30": "$189", "2017-03-31": "$97", "2016-12-31": "$189", "2016-09-30": "$204", "2016-06-30": "$203", "2016-03-31": "$162", "2015-12-31": "$187", "2015-09-30": "$183", "2015-06-30": "$193", "2015-03-31": "$216", "2014-12-31": "$243", "2014-09-30": "$156", "2014-06-30": "$137", "2014-03-31": "$129", "2013-12-31": "$110", "2013-09-30": "$81", "2013-06-30": "$92", "2013-03-31": "$-16", "2012-12-31": "$87", "2012-09-30": "$74", "2012-06-30": "$67", "2012-03-31": "$74", "2011-12-31": "$55", "2011-09-30": "$63", "2011-06-30": "$91", "2011-03-31": "$92", "2010-12-31": "$86", "2010-09-30": "$74", "2010-06-30": "$63", "2010-03-31": "$52", "2009-12-31": "$39", "2009-09-30": "$43", "2009-06-30": "$49", "2009-03-31": "$47", "2008-12-31": "$48", "2008-09-30": "$14", "2008-06-30": "$35", "2008-03-31": "$30", "2007-12-31": "$-15", "2007-09-30": "$19", "2007-06-30": "$16", "2007-03-31": "$-292", "2006-12-31": "$18", "2006-09-30": "$17", "2006-06-30": "$8", "2006-03-31": "$0", "2005-12-31": "$1", "2005-09-30": "$-1", "2005-06-30": "$-18", "2005-03-31": "$-1"}}, "net-income": {"Illumina Annual Net Income (Millions of US $)": {"2019": "$1,002", "2018": "$826", "2017": "$726", "2016": "$463", "2015": "$462", "2014": "$353", "2013": "$125", "2012": "$151", "2011": "$87", "2010": "$125", "2009": "$72", "2008": "$39", "2007": "$-287", "2006": "$40", "2005": "$-21"}, "Illumina Quarterly Net Income (Millions of US $)": {"2020-09-30": "$179", "2020-06-30": "$47", "2020-03-31": "$173", "2019-12-31": "$239", "2019-09-30": "$234", "2019-06-30": "$296", "2019-03-31": "$233", "2018-12-31": "$210", "2018-09-30": "$199", "2018-06-30": "$209", "2018-03-31": "$208", "2017-12-31": "$68", "2017-09-30": "$163", "2017-06-30": "$128", "2017-03-31": "$367", "2016-12-31": "$124", "2016-09-30": "$129", "2016-06-30": "$120", "2016-03-31": "$90", "2015-12-31": "$105", "2015-09-30": "$118", "2015-06-30": "$102", "2015-03-31": "$137", "2014-12-31": "$153", "2014-09-30": "$93", "2014-06-30": "$47", "2014-03-31": "$60", "2013-12-31": "$81", "2013-09-30": "$31", "2013-06-30": "$36", "2013-03-31": "$-23", "2012-12-31": "$72", "2012-09-30": "$30", "2012-06-30": "$23", "2012-03-31": "$26", "2011-12-31": "$12", "2011-09-30": "$20", "2011-06-30": "$31", "2011-03-31": "$24", "2010-12-31": "$38", "2010-09-30": "$35", "2010-06-30": "$30", "2010-03-31": "$21", "2009-12-31": "$12", "2009-09-30": "$17", "2009-06-30": "$25", "2009-03-31": "$19", "2008-12-31": "$26", "2008-09-30": "$-10", "2008-06-30": "$13", "2008-03-31": "$11", "2007-12-31": "$-13", "2007-09-30": "$15", "2007-06-30": "$9", "2007-03-31": "$-298", "2006-12-31": "$17", "2006-09-30": "$16", "2006-06-30": "$7", "2006-03-31": "$-0", "2005-12-31": "$0", "2005-09-30": "$-1", "2005-06-30": "$-19", "2005-03-31": "$-1"}}, "eps-earnings-per-share-diluted": {"Illumina Annual EPS": {"2019": "$6.74", "2018": "$5.56", "2017": "$4.92", "2016": "$3.07", "2015": "$3.10", "2014": "$2.37", "2013": "$0.90", "2012": "$1.13", "2011": "$0.62", "2010": "$0.87", "2009": "$0.53", "2008": "$0.30", "2007": "$-2.65", "2006": "$0.41", "2005": "$-0.26"}, "Illumina Quarterly EPS": {"2020-09-30": "$1.21", "2020-06-30": "$0.32", "2020-03-31": "$1.17", "2019-12-31": "$1.60", "2019-09-30": "$1.58", "2019-06-30": "$1.99", "2019-03-31": "$1.57", "2018-12-31": "$1.41", "2018-09-30": "$1.33", "2018-06-30": "$1.41", "2018-03-31": "$1.41", "2017-12-31": "$0.46", "2017-09-30": "$1.11", "2017-06-30": "$0.87", "2017-03-31": "$2.48", "2016-12-31": "$0.78", "2016-09-30": "$0.87", "2016-06-30": "$0.82", "2016-03-31": "$0.60", "2015-12-31": "$0.70", "2015-09-30": "$0.79", "2015-06-30": "$0.69", "2015-03-31": "$0.92", "2014-12-31": "$1.03", "2014-09-30": "$0.63", "2014-06-30": "$0.31", "2014-03-31": "$0.40", "2013-12-31": "$0.60", "2013-09-30": "$0.22", "2013-06-30": "$0.26", "2013-03-31": "$-0.18", "2012-12-31": "$0.53", "2012-09-30": "$0.22", "2012-06-30": "$0.18", "2012-03-31": "$0.20", "2011-12-31": "$0.09", "2011-09-30": "$0.15", "2011-06-30": "$0.22", "2011-03-31": "$0.16", "2010-12-31": "$0.26", "2010-09-30": "$0.24", "2010-06-30": "$0.21", "2010-03-31": "$0.16", "2009-12-31": "$0.09", "2009-09-30": "$0.12", "2009-06-30": "$0.18", "2009-03-31": "$0.14", "2008-12-31": "$0.21", "2008-09-30": "$-0.08", "2008-06-30": "$0.09", "2008-03-31": "$0.08", "2007-12-31": "$-0.06", "2007-09-30": "$0.12", "2007-06-30": "$0.08", "2007-03-31": "$-2.79", "2006-12-31": "$0.18", "2006-09-30": "$0.16", "2006-06-30": "$0.07", "2006-03-31": "$0.00", "2005-12-31": "$0.00", "2005-09-30": "$-0.02", "2005-06-30": "$-0.23", "2005-03-31": "$-0.02"}}, "shares-outstanding": {"Illumina Annual Shares Outstanding (Millions of Shares)": {"2019": "149", "2018": "149", "2017": "148", "2016": "148", "2015": "149", "2014": "149", "2013": "140", "2012": "134", "2011": "139", "2010": "143", "2009": "137", "2008": "134", "2007": "108", "2006": "98", "2005": "80"}, "Illumina Quarterly Shares Outstanding (Millions of Shares)": {"2020-09-30": "148", "2020-06-30": "148", "2020-03-31": "148", "2019-12-31": "149", "2019-09-30": "148", "2019-06-30": "149", "2019-03-31": "149", "2018-12-31": "149", "2018-09-30": "149", "2018-06-30": "148", "2018-03-31": "148", "2017-12-31": "148", "2017-09-30": "148", "2017-06-30": "147", "2017-03-31": "147", "2016-12-31": "148", "2016-09-30": "148", "2016-06-30": "148", "2016-03-31": "148", "2015-12-31": "149", "2015-09-30": "150", "2015-06-30": "149", "2015-03-31": "149", "2014-12-31": "149", "2014-09-30": "148", "2014-06-30": "149", "2014-03-31": "151", "2013-12-31": "140", "2013-09-30": "141", "2013-06-30": "139", "2013-03-31": "124", "2012-12-31": "134", "2012-09-30": "133", "2012-06-30": "133", "2012-03-31": "134", "2011-12-31": "139", "2011-09-30": "136", "2011-06-30": "142", "2011-03-31": "153", "2010-12-31": "143", "2010-09-30": "145", "2010-06-30": "141", "2010-03-31": "136", "2009-12-31": "137", "2009-09-30": "140", "2009-06-30": "139", "2009-03-31": "133", "2008-12-31": "134", "2008-09-30": "120", "2008-06-30": "133", "2008-03-31": "128", "2007-12-31": "108", "2007-09-30": "119", "2007-06-30": "116", "2007-03-31": "107", "2006-12-31": "98", "2006-09-30": "101", "2006-06-30": "95", "2006-03-31": "83", "2005-12-31": "80", "2005-09-30": "82", "2005-06-30": "80", "2005-03-31": "77"}}, "total-assets": {"Illumina Annual Total Assets (Millions of US $)": {"2019": "$7,316", "2018": "$6,959", "2017": "$5,257", "2016": "$4,281", "2015": "$3,688", "2014": "$3,340", "2013": "$3,019", "2012": "$2,566", "2011": "$2,196", "2010": "$1,839", "2009": "$1,430", "2008": "$1,327", "2007": "$988", "2006": "$301", "2005": "$101"}, "Illumina Quarterly Total Assets (Millions of US $)": {"2020-09-30": "$7,404", "2020-06-30": "$7,248", "2020-03-31": "$7,261", "2019-12-31": "$7,316", "2019-09-30": "$7,089", "2019-06-30": "$6,973", "2019-03-31": "$7,390", "2018-12-31": "$6,959", "2018-09-30": "$6,759", "2018-06-30": "$5,851", "2018-03-31": "$5,542", "2017-12-31": "$5,257", "2017-09-30": "$5,046", "2017-06-30": "$4,858", "2017-03-31": "$4,598", "2016-12-31": "$4,281", "2016-09-30": "$4,228", "2016-06-30": "$3,985", "2016-03-31": "$3,794", "2015-12-31": "$3,688", "2015-09-30": "$3,734", "2015-06-30": "$3,703", "2015-03-31": "$3,499", "2014-12-31": "$3,340", "2014-09-30": "$3,278", "2014-06-30": "$3,035", "2014-03-31": "$3,054", "2013-12-31": "$3,019", "2013-09-30": "$2,818", "2013-06-30": "$2,823", "2013-03-31": "$2,744", "2012-12-31": "$2,566", "2012-09-30": "$2,438", "2012-06-30": "$2,349", "2012-03-31": "$2,301", "2011-12-31": "$2,196", "2011-09-30": "$2,147", "2011-06-30": "$2,257", "2011-03-31": "$2,123", "2010-12-31": "$1,839", "2010-09-30": "$1,725", "2010-06-30": "$1,642", "2010-03-31": "$1,505", "2009-12-31": "$1,430", "2009-09-30": "$1,542", "2009-06-30": "$1,477", "2009-03-31": "$1,373", "2008-12-31": "$1,327", "2008-09-30": "$1,361", "2008-06-30": "$993", "2008-03-31": "$936", "2007-12-31": "$988", "2007-09-30": "$810", "2007-06-30": "$774", "2007-03-31": "$743", "2006-12-31": "$301", "2006-09-30": "$256", "2006-06-30": "$231", "2006-03-31": "$113", "2005-12-31": "$101", "2005-09-30": "$97", "2005-06-30": "$91", "2005-03-31": "$94"}}, "cash-on-hand": {"Illumina Annual Cash on Hand (Millions of US $)": {"2019": "$3,414", "2018": "$3,512", "2017": "$2,145", "2016": "$1,559", "2015": "$1,386", "2014": "$1,338", "2013": "$1,166", "2012": "$1,350", "2011": "$1,190", "2010": "$894", "2009": "$694", "2008": "$640", "2007": "$386", "2006": "$131", "2005": "$51"}, "Illumina Quarterly Cash on Hand (Millions of US $)": {"2020-09-30": "$3,324", "2020-06-30": "$3,268", "2020-03-31": "$3,332", "2019-12-31": "$3,414", "2019-09-30": "$3,166", "2019-06-30": "$3,173", "2019-03-31": "$3,615", "2018-12-31": "$3,512", "2018-09-30": "$3,389", "2018-06-30": "$2,512", "2018-03-31": "$2,373", "2017-12-31": "$2,145", "2017-09-30": "$2,041", "2017-06-30": "$1,893", "2017-03-31": "$1,778", "2016-12-31": "$1,559", "2016-09-30": "$1,536", "2016-06-30": "$1,425", "2016-03-31": "$1,343", "2015-12-31": "$1,386", "2015-09-30": "$1,439", "2015-06-30": "$1,510", "2015-03-31": "$1,366", "2014-12-31": "$1,338", "2014-09-30": "$1,271", "2014-06-30": "$1,103", "2014-03-31": "$1,092", "2013-12-31": "$1,166", "2013-09-30": "$1,028", "2013-06-30": "$1,129", "2013-03-31": "$1,067", "2012-12-31": "$1,350", "2012-09-30": "$1,233", "2012-06-30": "$1,302", "2012-03-31": "$1,266", "2011-12-31": "$1,190", "2011-09-30": "$1,132", "2011-06-30": "$1,234", "2011-03-31": "$1,135", "2010-12-31": "$894", "2010-09-30": "$807", "2010-06-30": "$785", "2010-03-31": "$748", "2009-12-31": "$694", "2009-09-30": "$760", "2009-06-30": "$735", "2009-03-31": "$673", "2008-12-31": "$640", "2008-09-30": "$650", "2008-06-30": "$303", "2008-03-31": "$275", "2007-12-31": "$386", "2007-09-30": "$353", "2007-06-30": "$343", "2007-03-31": "$327", "2006-12-31": "$131", "2006-09-30": "$170", "2006-06-30": "$157", "2006-03-31": "$49", "2005-12-31": "$51", "2005-09-30": "$50", "2005-06-30": "$55", "2005-03-31": "$62"}}, "long-term-debt": {"Illumina Annual Long Term Debt (Millions of US $)": {"2019": "$1,141", "2018": "$890", "2017": "$1,182", "2016": "$1,056", "2015": "$1,016", "2014": "$987", "2013": "$972", "2012": "$805", "2011": "$807", "2010": "$", "2009": "$", "2008": "$", "2007": "$400", "2006": "$", "2005": "$0"}, "Illumina Quarterly Long Term Debt (Millions of US $)": {"2020-09-30": "$666", "2020-06-30": "$659", "2020-03-31": "$652", "2019-12-31": "$1,141", "2019-09-30": "$1,131", "2019-06-30": "$1,120", "2019-03-31": "$1,112", "2018-12-31": "$890", "2018-09-30": "$860", "2018-06-30": "$723", "2018-03-31": "$710", "2017-12-31": "$1,182", "2017-09-30": "$1,180", "2017-06-30": "$1,169", "2017-03-31": "$1,055", "2016-12-31": "$1,056", "2016-09-30": "$1,041", "2016-06-30": "$1,031", "2016-03-31": "$1,023", "2015-12-31": "$1,016", "2015-09-30": "$1,008", "2015-06-30": "$1,001", "2015-03-31": "$994", "2014-12-31": "$987", "2014-09-30": "$980", "2014-06-30": "$1,117", "2014-03-31": "$139", "2013-12-31": "$972", "2013-09-30": "$831", "2013-06-30": "$822", "2013-03-31": "$814", "2012-12-31": "$805", "2012-09-30": "$797", "2012-06-30": "$789", "2012-03-31": "$781", "2011-12-31": "$807", "2011-09-30": "$765", "2011-06-30": "$757", "2011-03-31": "$652", "2010-12-31": "", "2010-09-30": "", "2010-06-30": "", "2010-03-31": "", "2009-12-31": "", "2009-09-30": "", "2009-06-30": "", "2009-03-31": "", "2008-12-31": "", "2008-09-30": "$0", "2008-06-30": "", "2008-03-31": "", "2007-12-31": "$400", "2007-09-30": "$400", "2007-06-30": "$400", "2007-03-31": "$400", "2006-12-31": "", "2006-09-30": "", "2006-06-30": "", "2006-03-31": "$0", "2005-12-31": "$0", "2005-09-30": "", "2005-06-30": "", "2005-03-31": ""}}, "total-liabilities": {"Illumina Annual Total Liabilities (Millions of US $)": {"2019": "$2,703", "2018": "$3,114", "2017": "$2,508", "2016": "$2,011", "2015": "$1,839", "2014": "$1,877", "2013": "$1,486", "2012": "$1,248", "2011": "$1,121", "2010": "$641", "2009": "$566", "2008": "$529", "2007": "$576", "2006": "$53", "2005": "$28"}, "Illumina Quarterly Total Liabilities (Millions of US $)": {"2020-09-30": "$2,704", "2020-06-30": "$2,685", "2020-03-31": "$2,626", "2019-12-31": "$2,703", "2019-09-30": "$2,650", "2019-06-30": "$2,641", "2019-03-31": "$3,320", "2018-12-31": "$3,114", "2018-09-30": "$3,165", "2018-06-30": "$2,500", "2018-03-31": "$2,469", "2017-12-31": "$2,508", "2017-09-30": "$2,191", "2017-06-30": "$2,143", "2017-03-31": "$2,047", "2016-12-31": "$2,011", "2016-09-30": "$1,908", "2016-06-30": "$1,845", "2016-03-31": "$1,723", "2015-12-31": "$1,839", "2015-09-30": "$1,797", "2015-06-30": "$1,909", "2015-03-31": "$1,876", "2014-12-31": "$1,877", "2014-09-30": "$2,004", "2014-06-30": "$1,955", "2014-03-31": "$1,480", "2013-12-31": "$1,486", "2013-09-30": "$1,443", "2013-06-30": "$1,435", "2013-03-31": "$1,432", "2012-12-31": "$1,248", "2012-09-30": "$1,216", "2012-06-30": "$1,168", "2012-03-31": "$1,141", "2011-12-31": "$1,121", "2011-09-30": "$1,112", "2011-06-30": "$1,089", "2011-03-31": "$1,059", "2010-12-31": "$641", "2010-09-30": "$617", "2010-06-30": "$605", "2010-03-31": "$563", "2009-12-31": "$566", "2009-09-30": "$540", "2009-06-30": "$537", "2009-03-31": "$517", "2008-12-31": "$529", "2008-09-30": "$508", "2008-06-30": "$501", "2008-03-31": "$485", "2007-12-31": "$576", "2007-09-30": "$489", "2007-06-30": "$487", "2007-03-31": "$477", "2006-12-31": "$53", "2006-09-30": "$45", "2006-06-30": "$44", "2006-03-31": "$34", "2005-12-31": "$28", "2005-09-30": "$26", "2005-06-30": "$21", "2005-03-31": "$21"}}, "total-share-holder-equity": {"Illumina Annual Share Holder Equity (Millions of US $)": {"2019": "$4,613", "2018": "$3,845", "2017": "$2,749", "2016": "$2,270", "2015": "$1,849", "2014": "$1,463", "2013": "$1,533", "2012": "$1,319", "2011": "$1,075", "2010": "$1,198", "2009": "$864", "2008": "$799", "2007": "$412", "2006": "$247", "2005": "$72"}, "Illumina Quarterly Share Holder Equity (Millions of US $)": {"2020-09-30": "$4,700", "2020-06-30": "$4,563", "2020-03-31": "$4,635", "2019-12-31": "$4,613", "2019-09-30": "$4,439", "2019-06-30": "$4,332", "2019-03-31": "$4,070", "2018-12-31": "$3,845", "2018-09-30": "$3,594", "2018-06-30": "$3,351", "2018-03-31": "$3,073", "2017-12-31": "$2,749", "2017-09-30": "$2,855", "2017-06-30": "$2,715", "2017-03-31": "$2,551", "2016-12-31": "$2,270", "2016-09-30": "$2,320", "2016-06-30": "$2,140", "2016-03-31": "$2,071", "2015-12-31": "$1,849", "2015-09-30": "$1,937", "2015-06-30": "$1,794", "2015-03-31": "$1,623", "2014-12-31": "$1,463", "2014-09-30": "$1,274", "2014-06-30": "$1,080", "2014-03-31": "$1,574", "2013-12-31": "$1,533", "2013-09-30": "$1,374", "2013-06-30": "$1,389", "2013-03-31": "$1,312", "2012-12-31": "$1,319", "2012-09-30": "$1,222", "2012-06-30": "$1,181", "2012-03-31": "$1,160", "2011-12-31": "$1,075", "2011-09-30": "$1,036", "2011-06-30": "$1,168", "2011-03-31": "$1,064", "2010-12-31": "$1,198", "2010-09-30": "$1,108", "2010-06-30": "$1,037", "2010-03-31": "$942", "2009-12-31": "$864", "2009-09-30": "$1,002", "2009-06-30": "$940", "2009-03-31": "$855", "2008-12-31": "$799", "2008-09-30": "$853", "2008-06-30": "$492", "2008-03-31": "$451", "2007-12-31": "$412", "2007-09-30": "$321", "2007-06-30": "$287", "2007-03-31": "$266", "2006-12-31": "$247", "2006-09-30": "$211", "2006-06-30": "$187", "2006-03-31": "$79", "2005-12-31": "$72", "2005-09-30": "$71", "2005-06-30": "$70", "2005-03-31": "$72"}}, "profit-margins": {"current": "19.7%"}, "gross margin": {"2020-09-30": "69.02%", "2020-06-30": "70.34%", "2020-03-31": "70.36%", "2019-12-31": "69.63%", "2019-09-30": "69.24%", "2019-06-30": "68.84%", "2019-03-31": "69.06%", "2018-12-31": "69.01%", "2018-09-30": "69.44%", "2018-06-30": "68.85%", "2018-03-31": "67.98%", "2017-12-31": "66.35%", "2017-09-30": "65.68%", "2017-06-30": "66.25%", "2017-03-31": "67.53%", "2016-12-31": "69.47%", "2016-09-30": "69.89%", "2016-06-30": "69.97%", "2016-03-31": "69.73%", "2015-12-31": "69.77%", "2015-09-30": "71.21%", "2015-06-30": "70.98%", "2015-03-31": "70.45%", "2014-12-31": "69.71%", "2014-09-30": "67.47%", "2014-06-30": "64.97%", "2014-03-31": "64.20%", "2013-12-31": "64.11%", "2013-09-30": "63.74%", "2013-06-30": "66.19%", "2013-03-31": "67.27%", "2012-12-31": "67.36%", "2012-09-30": "67.98%", "2012-06-30": "67.56%", "2012-03-31": "67.18%", "2011-12-31": "67.20%", "2011-09-30": "66.04%", "2011-06-30": "65.92%", "2011-03-31": "66.16%", "2010-12-31": "66.63%", "2010-09-30": "68.25%", "2010-06-30": "68.78%", "2010-03-31": "68.69%", "2009-12-31": "68.07%", "2009-09-30": "66.77%", "2009-06-30": "65.41%", "2009-03-31": "63.21%", "2008-12-31": "61.61%", "2008-09-30": "61.14%", "2008-06-30": "60.89%", "2008-03-31": "61.96%", "2007-12-31": "63.32%", "2007-09-30": "63.81%", "2007-06-30": "65.93%", "2007-03-31": "66.96%", "2006-12-31": "67.93%", "2006-09-30": "68.71%", "2006-06-30": "67.54%", "2006-03-31": "68.18%", "2005-12-31": "68.92%"}, "operating margin": {"2020-09-30": "22.08%", "2020-06-30": "25.69%", "2020-03-31": "27.28%", "2019-12-31": "27.80%", "2019-09-30": "26.42%", "2019-06-30": "24.88%", "2019-03-31": "25.58%", "2018-12-31": "26.49%", "2018-09-30": "28.25%", "2018-06-30": "27.58%", "2018-03-31": "26.29%", "2017-12-31": "22.02%", "2017-09-30": "20.02%", "2017-06-30": "20.07%", "2017-03-31": "21.37%", "2016-12-31": "24.48%", "2016-09-30": "24.80%", "2016-06-30": "24.55%", "2016-03-31": "24.77%", "2015-12-31": "27.61%", "2015-09-30": "31.40%", "2015-06-30": "31.39%", "2015-03-31": "30.20%", "2014-12-31": "27.60%", "2014-09-30": "22.16%", "2014-06-30": "19.28%", "2014-03-31": "17.94%", "2013-12-31": "9.43%", "2013-09-30": "8.86%", "2013-06-30": "9.67%", "2013-03-31": "8.78%", "2012-12-31": "17.49%", "2012-09-30": "15.50%", "2012-06-30": "15.11%", "2012-03-31": "17.22%", "2011-12-31": "18.86%", "2011-09-30": "22.61%", "2011-06-30": "24.44%", "2011-03-31": "24.37%", "2010-12-31": "23.39%", "2010-09-30": "20.44%", "2010-06-30": "18.84%", "2010-03-31": "18.61%", "2009-12-31": "18.89%", "2009-09-30": "21.02%", "2009-06-30": "17.06%", "2009-03-31": "15.72%", "2008-12-31": "14.14%", "2008-09-30": "2.29%", "2008-06-30": "5.50%", "2008-03-31": "3.35%", "2007-12-31": "-81.79%", "2007-09-30": "-79.68%", "2007-06-30": "-93.33%", "2007-03-31": "-113.22%", "2006-12-31": "20.65%", "2006-09-30": "14.29%", "2006-06-30": "3.51%", "2006-03-31": "-25.00%", "2005-12-31": "-29.73%"}, "ebitda margin": {"2020-09-30": "28.91%", "2020-06-30": "32.26%", "2020-03-31": "33.66%", "2019-12-31": "34.41%", "2019-09-30": "33.48%", "2019-06-30": "32.01%", "2019-03-31": "32.47%", "2018-12-31": "33.09%", "2018-09-30": "34.44%", "2018-06-30": "33.86%", "2018-03-31": "32.70%", "2017-12-31": "28.78%", "2017-09-30": "27.19%", "2017-06-30": "27.31%", "2017-03-31": "28.59%", "2016-12-31": "31.61%", "2016-09-30": "31.89%", "2016-06-30": "31.76%", "2016-03-31": "32.18%", "2015-12-31": "35.09%", "2015-09-30": "39.02%", "2015-06-30": "39.01%", "2015-03-31": "37.98%", "2014-12-31": "35.71%", "2014-09-30": "30.63%", "2014-06-30": "28.33%", "2014-03-31": "27.27%", "2013-12-31": "18.79%", "2013-09-30": "18.17%", "2013-06-30": "18.63%", "2013-03-31": "17.56%", "2012-12-31": "26.28%", "2012-09-30": "24.77%", "2012-06-30": "24.93%", "2012-03-31": "27.08%", "2011-12-31": "28.53%", "2011-09-30": "31.14%", "2011-06-30": "32.12%", "2011-03-31": "31.72%", "2010-12-31": "30.49%", "2010-09-30": "27.74%", "2010-06-30": "26.51%", "2010-03-31": "26.41%", "2009-12-31": "26.69%", "2009-09-30": "28.90%", "2009-06-30": "24.73%", "2009-03-31": "23.34%", "2008-12-31": "22.16%", "2008-09-30": "12.19%", "2008-06-30": "14.59%", "2008-03-31": "11.96%", "2007-12-31": "-73.91%", "2007-09-30": "-75.87%", "2007-06-30": "-89.26%", "2007-03-31": "-109.69%", "2006-12-31": "23.37%", "2006-09-30": "17.69%", "2006-06-30": "7.02%", "2006-03-31": "-20.45%", "2005-12-31": "-25.68%"}, "pre tax profit margin": {"2020-09-30": "25.54%", "2020-06-30": "26.32%", "2020-03-31": "29.89%", "2019-12-31": "31.56%", "2019-09-30": "30.59%", "2019-06-30": "29.96%", "2019-03-31": "26.67%", "2018-12-31": "26.82%", "2018-09-30": "28.03%", "2018-06-30": "27.45%", "2018-03-31": "25.92%", "2017-12-31": "37.90%", "2017-09-30": "36.75%", "2017-06-30": "37.49%", "2017-03-31": "39.11%", "2016-12-31": "23.39%", "2016-09-30": "23.70%", "2016-06-30": "23.21%", "2016-03-31": "23.12%", "2015-12-31": "26.26%", "2015-09-30": "29.91%", "2015-06-30": "30.08%", "2015-03-31": "27.37%", "2014-12-31": "24.06%", "2014-09-30": "21.65%", "2014-06-30": "18.66%", "2014-03-31": "19.19%", "2013-12-31": "11.12%", "2013-09-30": "10.57%", "2013-06-30": "11.71%", "2013-03-31": "11.18%", "2012-12-31": "19.41%", "2012-09-30": "12.75%", "2012-06-30": "11.84%", "2012-03-31": "13.11%", "2011-12-31": "12.61%", "2011-09-30": "15.38%", "2011-06-30": "17.88%", "2011-03-31": "19.03%", "2010-12-31": "20.62%", "2010-09-30": "19.10%", "2010-06-30": "17.36%", "2010-03-31": "16.88%", "2009-12-31": "16.94%", "2009-09-30": "19.47%", "2009-06-30": "15.34%", "2009-03-31": "13.45%", "2008-12-31": "12.57%", "2008-09-30": "-1.33%", "2008-06-30": "2.96%", "2008-03-31": "2.15%", "2007-12-31": "-82.34%", "2007-09-30": "-76.51%", "2007-06-30": "-90.37%", "2007-03-31": "-111.01%", "2006-12-31": "22.83%", "2006-09-30": "16.33%", "2006-06-30": "5.26%", "2006-03-31": "-21.59%", "2005-12-31": "-27.03%"}, "net profit margin": {"2020-09-30": "19.70%", "2020-06-30": "20.68%", "2020-03-31": "26.49%", "2019-12-31": "28.28%", "2019-09-30": "28.13%", "2019-06-30": "27.55%", "2019-03-31": "25.05%", "2018-12-31": "24.78%", "2018-09-30": "21.09%", "2018-06-30": "20.88%", "2018-03-31": "19.31%", "2017-12-31": "26.38%", "2017-09-30": "30.16%", "2017-06-30": "30.09%", "2017-03-31": "30.53%", "2016-12-31": "19.31%", "2016-09-30": "18.73%", "2016-06-30": "18.71%", "2016-03-31": "18.42%", "2015-12-31": "20.81%", "2015-09-30": "23.83%", "2015-06-30": "23.42%", "2015-03-31": "21.72%", "2014-12-31": "18.96%", "2014-09-30": "16.18%", "2014-06-30": "13.58%", "2014-03-31": "13.77%", "2013-12-31": "8.80%", "2013-09-30": "8.64%", "2013-06-30": "9.04%", "2013-03-31": "8.45%", "2012-12-31": "13.14%", "2012-09-30": "8.35%", "2012-06-30": "7.80%", "2012-03-31": "8.52%", "2011-12-31": "8.25%", "2011-09-30": "10.60%", "2011-06-30": "11.99%", "2011-03-31": "12.79%", "2010-12-31": "13.75%", "2010-09-30": "11.92%", "2010-06-30": "10.77%", "2010-03-31": "10.82%", "2009-12-31": "10.94%", "2009-09-30": "13.45%", "2009-06-30": "9.39%", "2009-03-31": "7.78%", "2008-12-31": "6.98%", "2008-09-30": "0.19%", "2008-06-30": "5.50%", "2008-03-31": "5.26%", "2007-12-31": "-77.99%", "2007-09-30": "-81.59%", "2007-06-30": "-94.81%", "2007-03-31": "-113.66%", "2006-12-31": "21.74%", "2006-09-30": "15.65%", "2006-06-30": "5.26%", "2006-03-31": "-22.73%", "2005-12-31": "-28.38%"}, "pe ratio": {"current": "90.96", "2021-02-11": "104.69", "2020-09-30": "71.71", "2020-06-30": "79.13", "2020-03-31": "43.01", "2019-12-31": "49.15", "2019-09-30": "46.45", "2019-06-30": "58.44", "2019-03-31": "54.32", "2018-12-31": "53.94", "2018-09-30": "79.62", "2018-06-30": "63.62", "2018-03-31": "61.41", "2017-12-31": "44.05", "2017-09-30": "37.30", "2017-06-30": "34.02", "2017-03-31": "33.79", "2016-12-31": "40.91", "2016-09-30": "60.76", "2016-06-30": "48.24", "2016-03-31": "58.31", "2015-12-31": "61.92", "2015-09-30": "51.31", "2015-06-30": "66.78", "2015-03-31": "64.24", "2014-12-31": "77.88", "2014-09-30": "86.27", "2014-06-30": "119.83", "2014-03-31": "103.24", "2013-12-31": "128.59", "2013-09-30": "97.39", "2013-06-30": "90.17", "2013-03-31": "71.97", "2012-12-31": "49.19", "2012-09-30": "69.84", "2012-06-30": "65.15", "2012-03-31": "79.71", "2011-12-31": "49.16", "2011-09-30": "52.46", "2011-06-30": "86.38", "2011-03-31": "81.48", "2010-12-31": "73.65", "2010-09-30": "70.29", "2010-06-30": "75.05", "2010-03-31": "70.73", "2009-12-31": "57.89", "2009-09-30": "64.39", "2009-06-30": "81.13", "2009-03-31": "89.73", "2008-12-31": "68.55", "2008-09-30": "324.24", "2008-06-30": "142.80", "2008-03-31": "140.56", "2007-12-31": "0.00", "2007-09-30": "0.00", "2007-06-30": "0.00", "2007-03-31": "0.00", "2006-12-31": "49.14"}, "price sales": {"2021-02-11": "20.66", "2020-09-30": "14.16", "2020-06-30": "16.39", "2020-03-31": "11.41", "2019-12-31": "13.93", "2019-09-30": "13.08", "2019-06-30": "16.11", "2019-03-31": "13.61", "2018-12-31": "13.36", "2018-09-30": "16.78", "2018-06-30": "13.32", "2018-03-31": "11.90", "2017-12-31": "11.71", "2017-09-30": "11.33", "2017-06-30": "10.29", "2017-03-31": "10.40", "2016-12-31": "7.90", "2016-09-30": "11.36", "2016-06-30": "9.02", "2016-03-31": "10.71", "2015-12-31": "12.89", "2015-09-30": "12.26", "2015-06-30": "15.66", "2015-03-31": "13.94", "2014-12-31": "14.78", "2014-09-30": "13.87", "2014-06-30": "16.08", "2014-03-31": "14.05", "2013-12-31": "10.57", "2013-09-30": "8.08", "2013-06-30": "7.77", "2013-03-31": "5.83", "2012-12-31": "6.45", "2012-09-30": "5.95", "2012-06-30": "5.26", "2012-03-31": "6.92", "2011-12-31": "4.12", "2011-09-30": "5.51", "2011-06-30": "10.25", "2011-03-31": "10.30", "2010-12-31": "9.95", "2010-09-30": "8.39", "2010-06-30": "8.12", "2010-03-31": "7.75", "2009-12-31": "6.32", "2009-09-30": "8.96", "2009-06-30": "8.00", "2009-03-31": "7.83", "2008-12-31": "5.83", "2008-09-30": "9.42", "2008-06-30": "11.26", "2008-03-31": "10.71", "2007-12-31": "9.08", "2007-09-30": "9.12", "2007-06-30": "7.95", "2007-03-31": "6.47", "2006-12-31": "10.14"}, "price book": {"current": "14.07", "2021-02-11": "14.02", "2020-09-30": "9.60", "2020-06-30": "11.85", "2020-03-31": "8.66", "2019-12-31": "10.57", "2019-09-30": "10.07", "2019-06-30": "12.49", "2019-03-31": "11.22", "2018-12-31": "11.47", "2018-09-30": "15.01", "2018-06-30": "12.25", "2018-03-31": "11.31", "2017-12-31": "11.68", "2017-09-30": "10.19", "2017-06-30": "9.33", "2017-03-31": "9.77", "2016-12-31": "8.24", "2016-09-30": "11.50", "2016-06-30": "9.62", "2016-03-31": "11.52", "2015-12-31": "15.22", "2015-09-30": "13.31", "2015-06-30": "17.61", "2015-03-31": "16.48", "2014-12-31": "18.12", "2014-09-30": "18.27", "2014-06-30": "23.04", "2014-03-31": "12.13", "2013-12-31": "9.21", "2013-09-30": "7.43", "2013-06-30": "6.74", "2013-03-31": "5.12", "2012-12-31": "5.23", "2012-09-30": "4.86", "2012-06-30": "4.21", "2012-03-31": "5.60", "2011-12-31": "3.46", "2011-09-30": "4.80", "2011-06-30": "8.00", "2011-03-31": "8.11", "2010-12-31": "6.70", "2010-09-30": "5.55", "2010-06-30": "5.22", "2010-03-31": "5.03", "2009-12-31": "4.24", "2009-09-30": "5.31", "2009-06-30": "5.14", "2009-03-31": "5.36", "2008-12-31": "3.95", "2008-09-30": "5.88", "2008-06-30": "10.13", "2008-03-31": "9.49", "2007-12-31": "7.97", "2007-09-30": "8.83", "2007-06-30": "7.63", "2007-03-31": "5.91", "2006-12-31": "7.45", "2006-09-30": "7.28", "2006-06-30": "7.30", "2006-03-31": "12.58"}, "price fcf": {"2021-02-11": "", "2020-09-30": "$6.27", "2020-06-30": "$7.04", "2020-03-31": "$6.33", "2019-12-31": "$5.65", "2019-09-30": "$4.66", "2019-06-30": "$4.69", "2019-03-31": "$5.52", "2018-12-31": "$5.68", "2018-09-30": "$5.57", "2018-06-30": "$5.09", "2018-03-31": "$4.35", "2017-12-31": "$3.82", "2017-09-30": "$3.56", "2017-06-30": "$3.34", "2017-03-31": "$3.77", "2016-12-31": "$3.51", "2016-09-30": "$4.52", "2016-06-30": "$4.73", "2016-03-31": "$4.42", "2015-12-31": "$4.32", "2015-09-30": "$2.77", "2015-06-30": "$2.57", "2015-03-31": "$2.74", "2014-12-31": "$2.65", "2014-09-30": "$2.68", "2014-06-30": "$2.32", "2014-03-31": "$1.78", "2013-12-31": "$2.20", "2013-09-30": "$1.93", "2013-06-30": "$1.74", "2013-03-31": "$1.81", "2012-12-31": "$1.67", "2012-09-30": "$1.77", "2012-06-30": "$2.05", "2012-03-31": "$1.91", "2011-12-31": "$2.02", "2011-09-30": "$1.96", "2011-06-30": "$1.68", "2011-03-31": "$1.70", "2010-12-31": "$1.55", "2010-09-30": "$1.47", "2010-06-30": "$1.21", "2010-03-31": "$0.94", "2009-12-31": "$0.87", "2009-09-30": "$0.73", "2009-06-30": "$0.81", "2009-03-31": "$0.76", "2008-12-31": "$0.21", "2008-09-30": "$-0.01", "2008-06-30": "$-0.10", "2008-03-31": "$-0.08", "2007-12-31": "$0.30", "2007-09-30": "$0.33", "2007-06-30": "$0.41", "2007-03-31": "$0.37", "2006-12-31": "$0.25"}, "net worth": {"value": "$66.14B"}, "current ratio": {"current": "3.88", "2020-09-30": "3.88", "2020-06-30": "3.76", "2020-03-31": "4.10", "2019-12-31": "6.69", "2019-09-30": "6.82", "2019-06-30": "6.79", "2019-03-31": "3.66", "2018-12-31": "2.49", "2018-09-30": "2.46", "2018-06-30": "2.74", "2018-03-31": "2.71", "2017-12-31": "4.00", "2017-09-30": "4.22", "2017-06-30": "3.88", "2017-03-31": "3.49", "2016-12-31": "3.29", "2016-09-30": "3.62", "2016-06-30": "3.69", "2016-03-31": "4.31", "2015-12-31": "3.44", "2015-09-30": "3.79", "2015-06-30": "3.09", "2015-03-31": "2.90", "2014-12-31": "2.62", "2014-09-30": "2.23", "2014-06-30": "2.50", "2014-03-31": "1.42", "2013-12-31": "5.02", "2013-09-30": "3.67", "2013-06-30": "3.93", "2013-03-31": "3.78", "2012-12-31": "5.87", "2012-09-30": "5.43", "2012-06-30": "5.56", "2012-03-31": "5.59", "2011-12-31": "6.81", "2011-09-30": "5.06", "2011-06-30": "5.71", "2011-03-31": "4.38", "2010-12-31": "2.35", "2010-09-30": "2.28", "2010-06-30": "2.26", "2010-03-31": "2.33", "2009-12-31": "2.23", "2009-09-30": "2.50", "2009-06-30": "2.42", "2009-03-31": "2.34", "2008-12-31": "2.25", "2008-09-30": "1.78", "2008-06-30": "1.04", "2008-03-31": "0.99", "2007-12-31": "3.40", "2007-09-30": "6.16", "2007-06-30": "5.90", "2007-03-31": "6.36", "2006-12-31": "5.74", "2006-09-30": "6.60", "2006-06-30": "5.72", "2006-03-31": "3.43", "2005-12-31": "3.67", "2005-09-30": "3.87", "2005-06-30": "4.84", "2005-03-31": "5.16"}, "quick ratio": {"2020-09-30": "3.51", "2020-06-30": "3.37", "2020-03-31": "3.74", "2019-12-31": "6.15", "2019-09-30": "6.15", "2019-06-30": "6.11", "2019-03-31": "3.33", "2018-12-31": "2.28", "2018-09-30": "2.24", "2018-06-30": "2.45", "2018-03-31": "2.41", "2017-12-31": "3.55", "2017-09-30": "3.73", "2017-06-30": "3.42", "2017-03-31": "3.08", "2016-12-31": "2.86", "2016-09-30": "3.13", "2016-06-30": "3.15", "2016-03-31": "3.71", "2015-12-31": "2.99", "2015-09-30": "3.39", "2015-06-30": "2.78", "2015-03-31": "2.61", "2014-12-31": "2.35", "2014-09-30": "1.99", "2014-06-30": "2.22", "2014-03-31": "1.28", "2013-12-31": "4.54", "2013-09-30": "3.29", "2013-06-30": "3.53", "2013-03-31": "3.37", "2012-12-31": "5.35", "2012-09-30": "4.94", "2012-06-30": "5.12", "2012-03-31": "5.15", "2011-12-31": "6.24", "2011-09-30": "4.59", "2011-06-30": "5.21", "2011-03-31": "3.94", "2010-12-31": "2.09", "2010-09-30": "2.02", "2010-06-30": "2.01", "2010-03-31": "2.11", "2009-12-31": "2.01", "2009-09-30": "2.30", "2009-06-30": "2.25", "2009-03-31": "2.16", "2008-12-31": "2.06", "2008-09-30": "1.63", "2008-06-30": "0.90", "2008-03-31": "0.87", "2007-12-31": "3.07", "2007-09-30": "5.59", "2007-06-30": "5.34", "2007-03-31": "5.82", "2006-12-31": "5.14", "2006-09-30": "6.02", "2006-06-30": "5.22", "2006-03-31": "2.90", "2005-12-31": "3.20", "2005-09-30": "3.50", "2005-06-30": "4.50", "2005-03-31": "4.84"}, "debt equity ratio": {"current": "0.14", "2020-09-30": "0.58", "2020-06-30": "0.59", "2020-03-31": "0.57", "2019-12-31": "0.59", "2019-09-30": "0.60", "2019-06-30": "0.61", "2019-03-31": "0.82", "2018-12-31": "0.81", "2018-09-30": "0.88", "2018-06-30": "0.75", "2018-03-31": "0.80", "2017-12-31": "0.91", "2017-09-30": "0.77", "2017-06-30": "0.79", "2017-03-31": "0.80", "2016-12-31": "0.89", "2016-09-30": "0.82", "2016-06-30": "0.86", "2016-03-31": "0.83", "2015-12-31": "1.00", "2015-09-30": "0.93", "2015-06-30": "1.06", "2015-03-31": "1.16", "2014-12-31": "1.28", "2014-09-30": "1.57", "2014-06-30": "1.81", "2014-03-31": "0.94", "2013-12-31": "0.97", "2013-09-30": "1.05", "2013-06-30": "1.03", "2013-03-31": "1.09", "2012-12-31": "0.95", "2012-09-30": "1.00", "2012-06-30": "0.99", "2012-03-31": "0.98", "2011-12-31": "1.04", "2011-09-30": "1.07", "2011-06-30": "0.93", "2011-03-31": "1.00", "2010-12-31": "0.54", "2010-09-30": "0.56", "2010-06-30": "0.58", "2010-03-31": "0.60", "2009-12-31": "0.66", "2009-09-30": "0.54", "2009-06-30": "0.57", "2009-03-31": "0.61", "2008-12-31": "0.66", "2008-09-30": "0.60", "2008-06-30": "1.02", "2008-03-31": "1.07", "2007-12-31": "1.40", "2007-09-30": "1.52", "2007-06-30": "1.70", "2007-03-31": "1.79", "2006-12-31": "0.22", "2006-09-30": "0.22", "2006-06-30": "0.24", "2006-03-31": "0.43", "2005-12-31": "0.39", "2005-09-30": "0.37", "2005-06-30": "0.30", "2005-03-31": "0.30"}, "return on equity": {"2020-09-30": "13.79%", "2020-06-30": "15.19%", "2020-03-31": "20.91%", "2019-12-31": "22.96%", "2019-09-30": "23.32%", "2019-06-30": "23.69%", "2019-03-31": "22.91%", "2018-12-31": "23.83%", "2018-09-30": "21.43%", "2018-06-30": "21.55%", "2018-03-31": "19.91%", "2017-12-31": "26.72%", "2017-09-30": "30.10%", "2017-06-30": "30.36%", "2017-03-31": "31.89%", "2016-12-31": "21.04%", "2016-09-30": "21.19%", "2016-06-30": "21.66%", "2016-03-31": "21.70%", "2015-12-31": "25.66%", "2015-09-30": "29.93%", "2015-06-30": "31.52%", "2015-03-31": "31.62%", "2014-12-31": "26.19%", "2014-09-30": "20.58%", "2014-06-30": "15.75%", "2014-03-31": "14.17%", "2013-12-31": "8.92%", "2013-09-30": "8.60%", "2013-06-30": "8.78%", "2013-03-31": "8.10%", "2012-12-31": "12.37%", "2012-09-30": "7.85%", "2012-06-30": "7.28%", "2012-03-31": "8.02%", "2011-12-31": "8.01%", "2011-09-30": "10.12%", "2011-06-30": "11.28%", "2011-03-31": "11.53%", "2010-12-31": "11.58%", "2010-09-30": "9.92%", "2010-06-30": "8.32%", "2010-03-31": "8.00%", "2009-12-31": "7.98%", "2009-09-30": "9.68%", "2009-06-30": "6.96%", "2009-03-31": "6.40%", "2008-12-31": "6.17%", "2008-09-30": "0.18%", "2008-06-30": "6.21%", "2008-03-31": "5.98%", "2007-12-31": "-89.27%", "2007-09-30": "-91.70%", "2007-06-30": "-101.29%", "2007-03-31": "-113.28%", "2006-12-31": "22.10%", "2006-09-30": "16.76%", "2006-06-30": "5.87%", "2006-03-31": "-27.40%", "2005-12-31": "-29.47%"}, "return on assets": {"2020-09-30": "8.73%", "2020-06-30": "9.59%", "2020-03-31": "13.16%", "2019-12-31": "13.93%", "2019-09-30": "13.70%", "2019-06-30": "13.36%", "2019-03-31": "12.63%", "2018-12-31": "13.16%", "2018-09-30": "11.69%", "2018-06-30": "11.95%", "2018-03-31": "10.95%", "2017-12-31": "14.70%", "2017-09-30": "16.65%", "2017-06-30": "16.65%", "2017-03-31": "17.32%", "2016-12-31": "11.37%", "2016-09-30": "11.32%", "2016-06-30": "11.39%", "2016-03-31": "11.13%", "2015-12-31": "12.64%", "2015-09-30": "14.29%", "2015-06-30": "14.04%", "2015-03-31": "13.08%", "2014-12-31": "11.11%", "2014-09-30": "9.07%", "2014-06-30": "7.35%", "2014-03-31": "7.10%", "2013-12-31": "4.38%", "2013-09-30": "4.24%", "2013-06-30": "4.35%", "2013-03-31": "4.04%", "2012-12-31": "6.26%", "2012-09-30": "3.92%", "2012-06-30": "3.60%", "2012-03-31": "4.00%", "2011-12-31": "3.99%", "2011-09-30": "5.40%", "2011-06-30": "6.45%", "2011-03-31": "6.93%", "2010-12-31": "7.39%", "2010-09-30": "6.22%", "2010-06-30": "5.23%", "2010-03-31": "5.04%", "2009-12-31": "5.02%", "2009-09-30": "6.08%", "2009-06-30": "4.33%", "2009-03-31": "3.80%", "2008-12-31": "3.47%", "2008-09-30": "0.09%", "2008-06-30": "2.79%", "2008-03-31": "2.51%", "2007-12-31": "-34.63%", "2007-09-30": "-39.12%", "2007-06-30": "-49.37%", "2007-03-31": "-67.41%", "2006-12-31": "17.76%", "2006-09-30": "13.12%", "2006-06-30": "4.43%", "2006-03-31": "-19.90%", "2005-12-31": "-21.93%"}, "return on investments": {"2020-09-30": "13.22%", "2020-06-30": "15.77%", "2020-03-31": "17.59%", "2019-12-31": "17.94%", "2019-09-30": "17.46%", "2019-06-30": "17.09%", "2019-03-31": "18.85%", "2018-12-31": "20.72%", "2018-09-30": "22.56%", "2018-06-30": "21.64%", "2018-03-31": "19.75%", "2017-12-31": "15.68%", "2017-09-30": "13.98%", "2017-06-30": "14.08%", "2017-03-31": "15.39%", "2016-12-31": "18.13%", "2016-09-30": "18.83%", "2016-06-30": "18.82%", "2016-03-31": "19.08%", "2015-12-31": "21.85%", "2015-09-30": "24.87%", "2015-06-30": "25.70%", "2015-03-31": "25.13%", "2014-12-31": "23.87%", "2014-09-30": "17.77%", "2014-06-30": "14.43%", "2014-03-31": "12.56%", "2013-12-31": "5.92%", "2013-09-30": "5.49%", "2013-06-30": "5.80%", "2013-03-31": "5.15%", "2012-12-31": "9.98%", "2012-09-30": "8.65%", "2012-06-30": "8.27%", "2012-03-31": "9.54%", "2011-12-31": "10.87%", "2011-09-30": "17.71%", "2011-06-30": "28.67%", "2011-03-31": "56.41%", "2010-12-31": "inf%", "2010-09-30": "inf%", "2010-06-30": "inf%", "2010-03-31": "inf%", "2009-12-31": "inf%", "2009-09-30": "inf%", "2009-06-30": "51.11%", "2009-03-31": "45.49%", "2008-12-31": "37.98%", "2008-09-30": "2.88%", "2008-06-30": "6.78%", "2008-03-31": "2.52%", "2007-12-31": "-41.72%", "2007-09-30": "-48.41%", "2007-06-30": "-74.50%", "2007-03-31": "-154.35%", "2006-12-31": "192.41%", "2006-09-30": "55.26%", "2006-06-30": "10.53%", "2006-03-31": "-57.89%", "2005-12-31": "-120.55%"}, "return on tangible equity": {"2020-09-30": "17.62%", "2020-06-30": "19.39%", "2020-03-31": "26.67%", "2019-12-31": "29.65%", "2019-09-30": "30.64%", "2019-06-30": "31.78%", "2019-03-31": "31.59%", "2018-12-31": "33.57%", "2018-09-30": "31.03%", "2018-06-30": "31.82%", "2018-03-31": "29.92%", "2017-12-31": "41.35%", "2017-09-30": "48.34%", "2017-06-30": "51.06%", "2017-03-31": "56.85%", "2016-12-31": "39.75%", "2016-09-30": "41.99%", "2016-06-30": "45.15%", "2016-03-31": "47.13%", "2015-12-31": "59.73%", "2015-09-30": "75.70%", "2015-06-30": "94.59%", "2015-03-31": "129.91%", "2014-12-31": "112.06%", "2014-09-30": "85.41%", "2014-06-30": "59.39%", "2014-03-31": "43.58%", "2013-12-31": "28.15%", "2013-09-30": "21.93%", "2013-06-30": "18.98%", "2013-03-31": "15.08%", "2012-12-31": "19.86%", "2012-09-30": "12.69%", "2012-06-30": "11.76%", "2012-03-31": "13.09%", "2011-12-31": "13.33%", "2011-09-30": "16.19%", "2011-06-30": "17.39%", "2011-03-31": "17.48%", "2010-12-31": "16.72%", "2010-09-30": "14.28%", "2010-06-30": "11.77%", "2010-03-31": "11.16%", "2009-12-31": "11.30%", "2009-09-30": "13.85%", "2009-06-30": "10.18%", "2009-03-31": "10.10%", "2008-12-31": "10.75%", "2008-09-30": "0.37%", "2008-06-30": "18.87%", "2008-03-31": "24.72%", "2007-12-31": "-630.77%", "2007-09-30": "-340.40%", "2007-06-30": "-225.55%", "2007-03-31": "-167.26%", "2006-12-31": "23.05%", "2006-09-30": "17.79%", "2006-06-30": "6.28%", "2006-03-31": "-29.63%", "2005-12-31": "-31.11%"}, "dividend yield history": {"last payout": "$0.00", "last yield": "0.00%"}}