{"ticker": "INCY", "price": {"title": "Incyte Historical Annual Stock Price Data", "value": 84.99, "historical": {"2021": {"Average Stock Price": "91.7443", "Year Open": "86.4500", "Year High": "100.5000", "Year Low": "84.3100", "Year Close": "84.9900", "Annual % Change": "-2.29%"}, "2020": {"Average Stock Price": "88.8053", "Year Open": "85.9700", "Year High": "109.6900", "Year Low": "63.1800", "Year Close": "86.9800", "Annual % Change": "-0.39%"}, "2019": {"Average Stock Price": "81.9818", "Year Open": "63.5600", "Year High": "95.7200", "Year Low": "63.5600", "Year Close": "87.3200", "Annual % Change": "37.32%"}, "2018": {"Average Stock Price": "72.8748", "Year Open": "100.8900", "Year High": "100.9800", "Year Low": "58.5000", "Year Close": "63.5900", "Annual % Change": "-32.86%"}, "2017": {"Average Stock Price": "121.3776", "Year Open": "102.3200", "Year High": "152.6600", "Year Low": "93.5600", "Year Close": "94.7100", "Annual % Change": "-5.55%"}, "2016": {"Average Stock Price": "83.5442", "Year Open": "103.3200", "Year High": "108.1000", "Year Low": "63.0500", "Year Close": "100.2700", "Annual % Change": "-7.54%"}, "2015": {"Average Stock Price": "102.6879", "Year Open": "73.7600", "Year High": "131.4700", "Year Low": "71.4900", "Year Close": "108.4500", "Annual % Change": "48.34%"}, "2014": {"Average Stock Price": "57.1143", "Year Open": "51.2300", "Year High": "78.8900", "Year Low": "43.1000", "Year Close": "73.1100", "Annual % Change": "44.40%"}, "2013": {"Average Stock Price": "28.9761", "Year Open": "17.0000", "Year High": "51.3400", "Year Low": "17.0000", "Year Close": "50.6300", "Annual % Change": "204.82%"}, "2012": {"Average Stock Price": "19.2983", "Year Open": "14.9900", "Year High": "25.8400", "Year Low": "14.7800", "Year Close": "16.6100", "Annual % Change": "10.66%"}, "2011": {"Average Stock Price": "15.7089", "Year Open": "16.5200", "Year High": "20.7600", "Year Low": "11.7800", "Year Close": "15.0100", "Annual % Change": "-9.36%"}, "2010": {"Average Stock Price": "13.4671", "Year Open": "9.5000", "Year High": "17.1700", "Year Low": "9.4100", "Year Close": "16.5600", "Annual % Change": "81.78%"}, "2009": {"Average Stock Price": "4.7656", "Year Open": "3.8500", "Year High": "9.4000", "Year Low": "2.0500", "Year Close": "9.1100", "Annual % Change": "140.37%"}, "2008": {"Average Stock Price": "8.3997", "Year Open": "9.9800", "Year High": "12.4200", "Year Low": "2.4900", "Year Close": "3.7900", "Annual % Change": "-62.29%"}, "2007": {"Average Stock Price": "7.1488", "Year Open": "6.0200", "Year High": "10.7800", "Year Low": "4.8100", "Year Close": "10.0500", "Annual % Change": "72.09%"}, "2006": {"Average Stock Price": "4.8336", "Year Open": "5.3400", "Year High": "6.2000", "Year Low": "3.5800", "Year Close": "5.8400", "Annual % Change": "9.36%"}, "2005": {"Average Stock Price": "7.1163", "Year Open": "9.6400", "Year High": "9.6600", "Year Low": "4.2700", "Year Close": "5.3400", "Annual % Change": "-46.55%"}, "2004": {"Average Stock Price": "8.3024", "Year Open": "6.8200", "Year High": "10.9600", "Year Low": "5.4500", "Year Close": "9.9900", "Annual % Change": "46.05%"}, "2003": {"Average Stock Price": "4.6660", "Year Open": "4.9090", "Year High": "6.9100", "Year Low": "2.6700", "Year Close": "6.8400", "Annual % Change": "50.00%"}, "2002": {"Average Stock Price": "8.0137", "Year Open": "19.4000", "Year High": "19.6900", "Year Low": "2.9800", "Year Close": "4.5600", "Annual % Change": "-76.54%"}, "2001": {"Average Stock Price": "18.1810", "Year Open": "22.5600", "Year High": "30.6300", "Year Low": "10.7600", "Year Close": "19.4400", "Annual % Change": "-21.86%"}, "2000": {"Average Stock Price": "47.9850", "Year Open": "44.8150", "Year High": "140.2500", "Year Low": "23.5600", "Year Close": "24.8800", "Annual % Change": "-17.07%"}, "1999": {"Average Stock Price": "12.9288", "Year Open": "18.5000", "Year High": "31.5650", "Year Low": "8.2800", "Year Close": "30.0000", "Annual % Change": "60.51%"}, "1998": {"Average Stock Price": "17.8036", "Year Open": "21.3750", "Year High": "25.1900", "Year Low": "9.2500", "Year Close": "18.6900", "Annual % Change": "-16.93%"}, "1997": {"Average Stock Price": "16.6527", "Year Open": "12.7500", "Year High": "22.5000", "Year Low": "10.6250", "Year Close": "22.5000", "Annual % Change": "74.76%"}, "1996": {"Average Stock Price": "9.2842", "Year Open": "7.0300", "Year High": "12.8750", "Year Low": "6.1250", "Year Close": "12.8750", "Annual % Change": "106.00%"}, "1995": {"Average Stock Price": "4.4132", "Year Open": "3.4075", "Year High": "6.2500", "Year Low": "3.2825", "Year Close": "6.2500", "Annual % Change": "80.12%"}, "1994": {"Average Stock Price": "2.4212", "Year Open": "2.1875", "Year High": "3.9075", "Year Low": "1.7188", "Year Close": "3.4700", "Annual % Change": "54.22%"}}}, "market cap": {"value": "$19.59B"}, "income statement": {"Revenue": {"2019-12-31": "2158.75900", "2018-12-31": "1881.88300", "2017-12-31": "1536.21600", "2016-12-31": "1105.71900", "2015-12-31": "753.75100", "2014-12-31": "511.49500", "2013-12-31": "354.94700", "2012-12-31": "297.05900", "2011-12-31": "94.45500", "2010-12-31": "169.87800", "2009-12-31": "9.26500", "2008-12-31": "3.91900", "2007-12-31": "34.44000", "2006-12-31": "27.64300", "2005-12-31": "7.84600"}, "Cost Of Goods Sold": {"2019-12-31": "114.24900", "2018-12-31": "94.12300", "2017-12-31": "79.47900", "2016-12-31": "58.18700", "2015-12-31": "26.97200", "2014-12-31": "3.00400", "2013-12-31": "0.63000", "2012-12-31": "0.15700", "2011-12-31": "", "2010-12-31": "", "2009-12-31": "", "2008-12-31": "", "2007-12-31": "", "2006-12-31": "", "2005-12-31": ""}, "Gross Profit": {"2019-12-31": "2044.51000", "2018-12-31": "1787.76000", "2017-12-31": "1456.73700", "2016-12-31": "1047.53200", "2015-12-31": "726.77900", "2014-12-31": "508.49100", "2013-12-31": "354.31700", "2012-12-31": "296.90200", "2011-12-31": "94.45500", "2010-12-31": "169.87800", "2009-12-31": "9.26500", "2008-12-31": "3.91900", "2007-12-31": "34.44000", "2006-12-31": "27.64300", "2005-12-31": "7.84600"}, "Research And Development Expenses": {"2019-12-31": "1154.11100", "2018-12-31": "1197.95700", "2017-12-31": "1326.13400", "2016-12-31": "581.86100", "2015-12-31": "479.51400", "2014-12-31": "347.52300", "2013-12-31": "260.43600", "2012-12-31": "210.39100", "2011-12-31": "178.70700", "2010-12-31": "123.88000", "2009-12-31": "119.44200", "2008-12-31": "146.36200", "2007-12-31": "104.88900", "2006-12-31": "87.59600", "2005-12-31": "95.61800"}, "SG&A Expenses": {"2019-12-31": "468.71100", "2018-12-31": "434.40700", "2017-12-31": "366.28600", "2016-12-31": "303.25100", "2015-12-31": "196.61400", "2014-12-31": "165.77200", "2013-12-31": "109.98300", "2012-12-31": "85.36300", "2011-12-31": "58.21900", "2010-12-31": "32.32800", "2009-12-31": "27.58000", "2008-12-31": "17.07300", "2007-12-31": "15.23800", "2006-12-31": "14.02700", "2005-12-31": "11.65600"}, "Other Operating Income Or Expenses": {"2019-12-31": "-19.68200", "2018-12-31": "-26.17300", "2017-12-31": "-7.70400", "2016-12-31": "-17.42200", "2015-12-31": "", "2014-12-31": "", "2013-12-31": "", "2012-12-31": "", "2011-12-31": "-0.71200", "2010-12-31": "0.37900", "2009-12-31": "-2.01100", "2008-12-31": "0.22700", "2007-12-31": "0.40700", "2006-12-31": "-2.88400", "2005-12-31": "-1.35600"}, "Operating Expenses": {"2019-12-31": "1756.75300", "2018-12-31": "1752.66000", "2017-12-31": "1779.60300", "2016-12-31": "960.72110", "2015-12-31": "703.10000", "2014-12-31": "516.29900", "2013-12-31": "371.04900", "2012-12-31": "295.91100", "2011-12-31": "237.63800", "2010-12-31": "155.82900", "2009-12-31": "149.03300", "2008-12-31": "163.20800", "2007-12-31": "119.72000", "2006-12-31": "104.50700", "2005-12-31": "108.63000"}, "Operating Income": {"2019-12-31": "402.00600", "2018-12-31": "129.22300", "2017-12-31": "-243.38710", "2016-12-31": "144.99790", "2015-12-31": "50.65090", "2014-12-31": "-4.80400", "2013-12-31": "-16.10200", "2012-12-31": "1.14800", "2011-12-31": "-143.18300", "2010-12-31": "14.04900", "2009-12-31": "-139.76800", "2008-12-31": "-159.28900", "2007-12-31": "-85.28000", "2006-12-31": "-76.86400", "2005-12-31": "-100.78400"}, "Total Non-Operating Income/Expense": {"2019-12-31": "84.78500", "2018-12-31": "-13.87600", "2017-12-31": "-68.90300", "2016-12-31": "-37.59400", "2015-12-31": "-43.09500", "2014-12-31": "-43.74300", "2013-12-31": "-66.74600", "2012-12-31": "-45.29400", "2011-12-31": "-43.35700", "2010-12-31": "-45.89500", "2009-12-31": "-72.10200", "2008-12-31": "-19.63100", "2007-12-31": "-1.60100", "2006-12-31": "2.69800", "2005-12-31": "-3.12500"}, "Pre-Tax Income": {"2019-12-31": "486.79100", "2018-12-31": "115.34700", "2017-12-31": "-312.29000", "2016-12-31": "107.40400", "2015-12-31": "7.55600", "2014-12-31": "-48.54700", "2013-12-31": "-82.84800", "2012-12-31": "-44.14600", "2011-12-31": "-186.54000", "2010-12-31": "-31.84600", "2009-12-31": "-211.87000", "2008-12-31": "-178.92000", "2007-12-31": "-86.88100", "2006-12-31": "-74.16600", "2005-12-31": "-103.90900"}, "Income Taxes": {"2019-12-31": "39.88500", "2018-12-31": "5.85400", "2017-12-31": "0.85200", "2016-12-31": "3.18200", "2015-12-31": "1.02500", "2014-12-31": "-0.06600", "2013-12-31": "0.29900", "2012-12-31": "0.17400", "2011-12-31": "", "2010-12-31": "0.00000", "2009-12-31": "", "2008-12-31": "", "2007-12-31": "", "2006-12-31": "", "2005-12-31": "-0.55200"}, "Income After Taxes": {"2019-12-31": "446.90600", "2018-12-31": "109.49300", "2017-12-31": "-313.14200", "2016-12-31": "104.22200", "2015-12-31": "6.53100", "2014-12-31": "-48.48100", "2013-12-31": "-83.14700", "2012-12-31": "-44.32000", "2011-12-31": "-186.54000", "2010-12-31": "-31.84600", "2009-12-31": "-211.87000", "2008-12-31": "-178.92000", "2007-12-31": "-86.88100", "2006-12-31": "-74.16600", "2005-12-31": "-103.35700"}, "Other Income": {"2019-12-31": "", "2018-12-31": "", "2017-12-31": "", "2016-12-31": "", "2015-12-31": "", "2014-12-31": "", "2013-12-31": "", "2012-12-31": "", "2011-12-31": "", "2010-12-31": "", "2009-12-31": "", "2008-12-31": "", "2007-12-31": "", "2006-12-31": "", "2005-12-31": ""}, "Income From Continuous Operations": {"2019-12-31": "446.90600", "2018-12-31": "109.49300", "2017-12-31": "-313.14200", "2016-12-31": "104.22200", "2015-12-31": "6.53100", "2014-12-31": "-48.48100", "2013-12-31": "-83.14700", "2012-12-31": "-44.32000", "2011-12-31": "-186.54000", "2010-12-31": "-31.84600", "2009-12-31": "-211.87000", "2008-12-31": "-178.92000", "2007-12-31": "-86.88100", "2006-12-31": "-74.16600", "2005-12-31": "-103.35700"}, "Income From Discontinued Operations": {"2019-12-31": "", "2018-12-31": "", "2017-12-31": "", "2016-12-31": "", "2015-12-31": "", "2014-12-31": "", "2013-12-31": "", "2012-12-31": "", "2011-12-31": "", "2010-12-31": "", "2009-12-31": "", "2008-12-31": "", "2007-12-31": "", "2006-12-31": "", "2005-12-31": "0.31400"}, "Net Income": {"2019-12-31": "446.90600", "2018-12-31": "109.49300", "2017-12-31": "-313.14200", "2016-12-31": "104.22200", "2015-12-31": "6.53100", "2014-12-31": "-48.48100", "2013-12-31": "-83.14700", "2012-12-31": "-44.32000", "2011-12-31": "-186.54000", "2010-12-31": "-31.84600", "2009-12-31": "-211.87000", "2008-12-31": "-178.92000", "2007-12-31": "-86.88100", "2006-12-31": "-74.16600", "2005-12-31": "-103.04300"}, "EBITDA": {"2019-12-31": "456.53900", "2018-12-31": "184.19200", "2017-12-31": "-191.20910", "2016-12-31": "203.42290", "2015-12-31": "95.53390", "2014-12-31": "36.60900", "2013-12-31": "13.10500", "2012-12-31": "31.12700", "2011-12-31": "-116.19300", "2010-12-31": "38.53400", "2009-12-31": "-123.07800", "2008-12-31": "-146.21800", "2007-12-31": "-72.31700", "2006-12-31": "-69.45300", "2005-12-31": "-92.59200"}, "EBIT": {"2019-12-31": "402.00600", "2018-12-31": "129.22300", "2017-12-31": "-243.38710", "2016-12-31": "144.99790", "2015-12-31": "50.65090", "2014-12-31": "-4.80400", "2013-12-31": "-16.10200", "2012-12-31": "1.14800", "2011-12-31": "-143.18300", "2010-12-31": "14.04900", "2009-12-31": "-139.76800", "2008-12-31": "-159.28900", "2007-12-31": "-85.28000", "2006-12-31": "-76.86400", "2005-12-31": "-100.78400"}, "Basic Shares Outstanding": {"2019-12-31": "214.91300", "2018-12-31": "212.38300", "2017-12-31": "204.58000", "2016-12-31": "187.87300", "2015-12-31": "179.60100", "2014-12-31": "167.94700", "2013-12-31": "148.40300", "2012-12-31": "129.74700", "2011-12-31": "125.36200", "2010-12-31": "121.62800", "2009-12-31": "102.94300", "2008-12-31": "89.78500", "2007-12-31": "84.18500", "2006-12-31": "83.79900", "2005-12-31": "83.32100"}, "Shares Outstanding": {"2019-12-31": "217.65700", "2018-12-31": "215.63500", "2017-12-31": "204.58000", "2016-12-31": "194.12500", "2015-12-31": "187.30200", "2014-12-31": "167.94700", "2013-12-31": "148.40300", "2012-12-31": "129.74700", "2011-12-31": "125.36200", "2010-12-31": "121.62800", "2009-12-31": "102.94300", "2008-12-31": "89.78500", "2007-12-31": "84.18500", "2006-12-31": "83.79900", "2005-12-31": "83.32100"}, "Basic EPS": {"2019-12-31": "2.08000", "2018-12-31": "0.52000", "2017-12-31": "-1.53000", "2016-12-31": "0.55000", "2015-12-31": "0.04000", "2014-12-31": "-0.29000", "2013-12-31": "-0.56000", "2012-12-31": "-0.34000", "2011-12-31": "-1.49000", "2010-12-31": "-0.26000", "2009-12-31": "-2.06000", "2008-12-31": "-1.99000", "2007-12-31": "-1.03000", "2006-12-31": "-0.89000", "2005-12-31": "-1.24000"}, "EPS - Earnings Per Share": {"2019-12-31": "2.05000", "2018-12-31": "0.51000", "2017-12-31": "-1.53000", "2016-12-31": "0.54000", "2015-12-31": "0.03000", "2014-12-31": "-0.29000", "2013-12-31": "-0.56000", "2012-12-31": "-0.34000", "2011-12-31": "-1.49000", "2010-12-31": "-0.26000", "2009-12-31": "-2.06000", "2008-12-31": "-1.99000", "2007-12-31": "-1.03000", "2006-12-31": "-0.89000", "2005-12-31": "-1.24000"}}, "income statement, quarterly": {"Revenue": {"2020-09-30": "620.64300", "2020-06-30": "688.04300", "2020-03-31": "568.50700", "2019-12-31": "579.38900", "2019-09-30": "551.58100", "2019-06-30": "529.93200", "2019-03-31": "497.85700", "2018-12-31": "528.40210", "2018-09-30": "449.68300", "2018-06-30": "521.51600", "2018-03-31": "382.28200", "2017-12-31": "444.15590", "2017-09-30": "381.53400", "2017-06-30": "326.44400", "2017-03-31": "384.08200", "2016-12-31": "326.49800", "2016-09-30": "269.46900", "2016-06-30": "246.28800", "2016-03-31": "263.46400", "2015-12-31": "243.88100", "2015-09-30": "187.61100", "2015-06-30": "162.98400", "2015-03-31": "159.27500", "2014-12-31": "123.97400", "2014-09-30": "198.14700", "2014-06-30": "99.58200", "2014-03-31": "89.79200", "2013-12-31": "97.07200", "2013-09-30": "85.12300", "2013-06-30": "101.67500", "2013-03-31": "71.07700", "2012-12-31": "113.84600", "2012-09-30": "60.49200", "2012-06-30": "86.54200", "2012-03-31": "36.17900", "2011-12-31": "28.88900", "2011-09-30": "16.78200", "2011-06-30": "16.81100", "2011-03-31": "31.97300", "2010-12-31": "85.87100", "2010-09-30": "16.87200", "2010-06-30": "49.84700", "2010-03-31": "17.28800", "2009-12-31": "6.86600", "2009-09-30": "0.93900", "2009-06-30": "0.78900", "2009-03-31": "0.67100", "2008-12-31": "0.93700", "2008-09-30": "1.06100", "2008-06-30": "0.61400", "2008-03-31": "1.30700", "2007-12-31": "9.75200", "2007-09-30": "6.69000", "2007-06-30": "10.57600", "2007-03-31": "7.42200", "2006-12-31": "7.05500", "2006-09-30": "7.26800", "2006-06-30": "6.85500", "2006-03-31": "6.46500", "2005-12-31": "1.02700", "2005-09-30": "1.22800", "2005-06-30": "2.67600", "2005-03-31": "2.91500"}, "Cost Of Goods Sold": {"2020-09-30": "34.32200", "2020-06-30": "33.36400", "2020-03-31": "27.31900", "2019-12-31": "32.21500", "2019-09-30": "30.04000", "2019-06-30": "29.40600", "2019-03-31": "22.58800", "2018-12-31": "26.36600", "2018-09-30": "24.79500", "2018-06-30": "24.85600", "2018-03-31": "18.10600", "2017-12-31": "22.35900", "2017-09-30": "22.03600", "2017-06-30": "20.26000", "2017-03-31": "14.82400", "2016-12-31": "19.61000", "2016-09-30": "20.20500", "2016-06-30": "12.36700", "2016-03-31": "6.00500", "2015-12-31": "9.70400", "2015-09-30": "8.04000", "2015-06-30": "6.25400", "2015-03-31": "2.97400", "2014-12-31": "2.42800", "2014-09-30": "0.22100", "2014-06-30": "0.18700", "2014-03-31": "0.16800", "2013-12-31": "0.16800", "2013-09-30": "0.15500", "2013-06-30": "0.15700", "2013-03-31": "0.15000", "2012-12-31": "0.09900", "2012-09-30": "0.03100", "2012-06-30": "0.01600", "2012-03-31": "0.01100", "2011-12-31": "", "2011-09-30": "", "2011-06-30": "", "2011-03-31": "", "2010-12-31": "", "2010-09-30": "", "2010-06-30": "", "2010-03-31": "", "2009-12-31": "", "2009-09-30": "", "2009-06-30": "", "2009-03-31": "", "2008-12-31": "", "2008-09-30": "", "2008-06-30": "", "2008-03-31": "", "2007-12-31": "", "2007-09-30": "", "2007-06-30": "", "2007-03-31": "", "2006-12-31": "", "2006-09-30": "", "2006-06-30": "", "2006-03-31": "", "2005-12-31": "", "2005-09-30": "", "2005-06-30": "", "2005-03-31": ""}, "Gross Profit": {"2020-09-30": "586.32100", "2020-06-30": "654.67900", "2020-03-31": "541.18800", "2019-12-31": "547.17400", "2019-09-30": "521.54100", "2019-06-30": "500.52600", "2019-03-31": "475.26900", "2018-12-31": "502.03610", "2018-09-30": "424.88800", "2018-06-30": "496.66000", "2018-03-31": "364.17600", "2017-12-31": "421.79690", "2017-09-30": "359.49800", "2017-06-30": "306.18400", "2017-03-31": "369.25800", "2016-12-31": "306.88810", "2016-09-30": "249.26400", "2016-06-30": "233.92100", "2016-03-31": "257.45900", "2015-12-31": "234.17700", "2015-09-30": "179.57100", "2015-06-30": "156.73000", "2015-03-31": "156.30100", "2014-12-31": "121.54600", "2014-09-30": "197.92600", "2014-06-30": "99.39500", "2014-03-31": "89.62400", "2013-12-31": "96.90400", "2013-09-30": "84.96800", "2013-06-30": "101.51800", "2013-03-31": "70.92700", "2012-12-31": "113.74700", "2012-09-30": "60.46100", "2012-06-30": "86.52600", "2012-03-31": "36.16800", "2011-12-31": "28.88900", "2011-09-30": "16.78200", "2011-06-30": "16.81100", "2011-03-31": "31.97300", "2010-12-31": "85.87100", "2010-09-30": "16.87200", "2010-06-30": "49.84700", "2010-03-31": "17.28800", "2009-12-31": "6.86600", "2009-09-30": "0.93900", "2009-06-30": "0.78900", "2009-03-31": "0.67100", "2008-12-31": "0.93700", "2008-09-30": "1.06100", "2008-06-30": "0.61400", "2008-03-31": "1.30700", "2007-12-31": "9.75200", "2007-09-30": "6.69000", "2007-06-30": "10.57600", "2007-03-31": "7.42200", "2006-12-31": "7.05500", "2006-09-30": "7.26800", "2006-06-30": "6.85500", "2006-03-31": "6.46500", "2005-12-31": "1.02700", "2005-09-30": "1.22800", "2005-06-30": "2.67600", "2005-03-31": "2.91500"}, "Research And Development Expenses": {"2020-09-30": "438.10900", "2020-06-30": "286.60100", "2020-03-31": "1085.28700", "2019-12-31": "312.86700", "2019-09-30": "281.33600", "2019-06-30": "289.36300", "2019-03-31": "270.54500", "2018-12-31": "304.23810", "2018-09-30": "292.52700", "2018-06-30": "298.08900", "2018-03-31": "303.10300", "2017-12-31": "446.87100", "2017-09-30": "269.55700", "2017-06-30": "201.78600", "2017-03-31": "407.92000", "2016-12-31": "161.58400", "2016-09-30": "143.18400", "2016-06-30": "120.26900", "2016-03-31": "156.82400", "2015-12-31": "116.63100", "2015-09-30": "132.07300", "2015-06-30": "112.44500", "2015-03-31": "118.36500", "2014-12-31": "98.71800", "2014-09-30": "88.53700", "2014-06-30": "84.68300", "2014-03-31": "75.58500", "2013-12-31": "75.01900", "2013-09-30": "71.70400", "2013-06-30": "60.95000", "2013-03-31": "52.76300", "2012-12-31": "59.76400", "2012-09-30": "50.07900", "2012-06-30": "51.58800", "2012-03-31": "48.96000", "2011-12-31": "51.77400", "2011-09-30": "44.60400", "2011-06-30": "46.04700", "2011-03-31": "36.28200", "2010-12-31": "32.94900", "2010-09-30": "30.60900", "2010-06-30": "28.88300", "2010-03-31": "31.43900", "2009-12-31": "34.28500", "2009-09-30": "26.53500", "2009-06-30": "29.03500", "2009-03-31": "29.58700", "2008-12-31": "38.32600", "2008-09-30": "36.94900", "2008-06-30": "38.13200", "2008-03-31": "32.95500", "2007-12-31": "32.63800", "2007-09-30": "25.04400", "2007-06-30": "23.30100", "2007-03-31": "23.90600", "2006-12-31": "23.55700", "2006-09-30": "19.55800", "2006-06-30": "19.72400", "2006-03-31": "24.75700", "2005-12-31": "23.94200", "2005-09-30": "27.35600", "2005-06-30": "26.55600", "2005-03-31": "17.76400"}, "SG&A Expenses": {"2020-09-30": "120.78800", "2020-06-30": "117.99800", "2020-03-31": "111.14800", "2019-12-31": "136.17700", "2019-09-30": "102.60800", "2019-06-30": "105.94300", "2019-03-31": "123.98300", "2018-12-31": "108.35800", "2018-09-30": "96.52200", "2018-06-30": "108.02900", "2018-03-31": "121.49800", "2017-12-31": "97.72600", "2017-09-30": "91.26500", "2017-06-30": "90.06600", "2017-03-31": "87.22900", "2016-12-31": "96.08700", "2016-09-30": "75.77600", "2016-06-30": "66.79200", "2016-03-31": "64.59600", "2015-12-31": "52.46500", "2015-09-30": "47.59900", "2015-06-30": "51.67900", "2015-03-31": "44.87100", "2014-12-31": "48.45300", "2014-09-30": "39.44600", "2014-06-30": "40.89900", "2014-03-31": "36.97400", "2013-12-31": "38.02600", "2013-09-30": "26.44700", "2013-06-30": "23.24900", "2013-03-31": "22.26100", "2012-12-31": "23.72800", "2012-09-30": "20.52000", "2012-06-30": "19.71900", "2012-03-31": "21.39600", "2011-12-31": "21.25400", "2011-09-30": "14.28200", "2011-06-30": "11.85800", "2011-03-31": "10.82500", "2010-12-31": "10.59100", "2010-09-30": "8.45800", "2010-06-30": "7.48500", "2010-03-31": "5.79400", "2009-12-31": "13.83200", "2009-09-30": "4.84100", "2009-06-30": "4.08600", "2009-03-31": "4.82100", "2008-12-31": "4.61100", "2008-09-30": "4.00500", "2008-06-30": "4.10300", "2008-03-31": "4.35400", "2007-12-31": "4.42400", "2007-09-30": "3.58700", "2007-06-30": "3.53500", "2007-03-31": "3.69200", "2006-12-31": "3.27600", "2006-09-30": "3.45400", "2006-06-30": "3.42100", "2006-03-31": "3.87600", "2005-12-31": "3.41100", "2005-09-30": "2.71000", "2005-06-30": "2.73400", "2005-03-31": "2.80100"}, "Other Operating Income Or Expenses": {"2020-09-30": "-22.09800", "2020-06-30": "-19.30700", "2020-03-31": "-8.75700", "2019-12-31": "-3.12200", "2019-09-30": "-3.28100", "2019-06-30": "-6.60800", "2019-03-31": "-6.67100", "2018-12-31": "-7.46500", "2018-09-30": "-4.72000", "2018-06-30": "-7.30300", "2018-03-31": "-6.68500", "2017-12-31": "-9.61800", "2017-09-30": "16.34300", "2017-06-30": "-7.07300", "2017-03-31": "-7.35600", "2016-12-31": "-7.13900", "2016-09-30": "-8.01200", "2016-06-30": "-2.27100", "2016-03-31": "", "2015-12-31": "", "2015-09-30": "", "2015-06-30": "", "2015-03-31": "", "2014-12-31": "", "2014-09-30": "", "2014-06-30": "", "2014-03-31": "", "2013-12-31": "", "2013-09-30": "", "2013-06-30": "", "2013-03-31": "", "2012-12-31": "", "2012-09-30": "", "2012-06-30": "", "2012-03-31": "", "2011-12-31": "-0.00100", "2011-09-30": "", "2011-06-30": "-0.02000", "2011-03-31": "-0.69100", "2010-12-31": "-0.02000", "2010-09-30": "0.13900", "2010-06-30": "0.14500", "2010-03-31": "0.11500", "2009-12-31": "0.03000", "2009-09-30": "-1.12600", "2009-06-30": "-0.40600", "2009-03-31": "-0.50900", "2008-12-31": "-0.66800", "2008-09-30": "0.10000", "2008-06-30": "0.91800", "2008-03-31": "-0.12300", "2007-12-31": "-0.12500", "2007-09-30": "0.56600", "2007-06-30": "0.07300", "2007-03-31": "-0.10700", "2006-12-31": "0.22000", "2006-09-30": "-0.01300", "2006-06-30": "-2.89000", "2006-03-31": "-0.20100", "2005-12-31": "-0.26800", "2005-09-30": "-0.29900", "2005-06-30": "-0.44600", "2005-03-31": "-0.34300"}, "Operating Expenses": {"2020-09-30": "615.31700", "2020-06-30": "457.27000", "2020-03-31": "1232.51100", "2019-12-31": "484.38100", "2019-09-30": "417.26500", "2019-06-30": "431.32000", "2019-03-31": "423.78700", "2018-12-31": "446.42700", "2018-09-30": "418.56400", "2018-06-30": "438.27700", "2018-03-31": "449.39200", "2017-12-31": "576.57400", "2017-09-30": "366.51500", "2017-06-30": "319.18500", "2017-03-31": "517.32900", "2016-12-31": "284.42000", "2016-09-30": "247.17700", "2016-06-30": "201.69900", "2016-03-31": "227.42500", "2015-12-31": "178.80010", "2015-09-30": "187.71200", "2015-06-30": "170.37800", "2015-03-31": "166.21000", "2014-12-31": "149.59900", "2014-09-30": "128.20400", "2014-06-30": "125.76900", "2014-03-31": "112.72700", "2013-12-31": "113.21300", "2013-09-30": "98.30600", "2013-06-30": "84.35600", "2013-03-31": "75.17400", "2012-12-31": "83.59100", "2012-09-30": "70.63000", "2012-06-30": "71.32300", "2012-03-31": "70.36700", "2011-12-31": "73.02900", "2011-09-30": "58.88600", "2011-06-30": "57.92500", "2011-03-31": "47.79800", "2010-12-31": "43.56000", "2010-09-30": "38.92800", "2010-06-30": "36.22300", "2010-03-31": "37.11800", "2009-12-31": "48.08700", "2009-09-30": "32.50200", "2009-06-30": "33.52700", "2009-03-31": "34.91700", "2008-12-31": "43.60500", "2008-09-30": "40.85400", "2008-06-30": "41.31700", "2008-03-31": "37.43200", "2007-12-31": "37.18700", "2007-09-30": "28.06500", "2007-06-30": "26.76300", "2007-03-31": "27.70500", "2006-12-31": "26.61300", "2006-09-30": "23.02500", "2006-06-30": "26.03500", "2006-03-31": "28.83400", "2005-12-31": "27.62100", "2005-09-30": "30.36500", "2005-06-30": "29.73600", "2005-03-31": "20.90800"}, "Operating Income": {"2020-09-30": "5.32600", "2020-06-30": "230.77300", "2020-03-31": "-664.00380", "2019-12-31": "95.00800", "2019-09-30": "134.31600", "2019-06-30": "98.61200", "2019-03-31": "74.07000", "2018-12-31": "81.97510", "2018-09-30": "31.11900", "2018-06-30": "83.23900", "2018-03-31": "-67.11000", "2017-12-31": "-132.41810", "2017-09-30": "15.01900", "2017-06-30": "7.25900", "2017-03-31": "-133.24700", "2016-12-31": "42.07800", "2016-09-30": "22.29200", "2016-06-30": "44.58900", "2016-03-31": "36.03900", "2015-12-31": "65.08090", "2015-09-30": "-0.10100", "2015-06-30": "-7.39400", "2015-03-31": "-6.93500", "2014-12-31": "-25.62500", "2014-09-30": "69.94300", "2014-06-30": "-26.18700", "2014-03-31": "-22.93500", "2013-12-31": "-16.14100", "2013-09-30": "-13.18300", "2013-06-30": "17.31900", "2013-03-31": "-4.09700", "2012-12-31": "30.25500", "2012-09-30": "-10.13800", "2012-06-30": "15.21900", "2012-03-31": "-34.18800", "2011-12-31": "-44.14000", "2011-09-30": "-42.10400", "2011-06-30": "-41.11400", "2011-03-31": "-15.82500", "2010-12-31": "42.31100", "2010-09-30": "-22.05600", "2010-06-30": "13.62400", "2010-03-31": "-19.83000", "2009-12-31": "-41.22100", "2009-09-30": "-31.56300", "2009-06-30": "-32.73800", "2009-03-31": "-34.24600", "2008-12-31": "-42.66800", "2008-09-30": "-39.79300", "2008-06-30": "-40.70300", "2008-03-31": "-36.12500", "2007-12-31": "-27.43500", "2007-09-30": "-21.37500", "2007-06-30": "-16.18700", "2007-03-31": "-20.28300", "2006-12-31": "-19.55800", "2006-09-30": "-15.75700", "2006-06-30": "-19.18000", "2006-03-31": "-22.36900", "2005-12-31": "-26.59400", "2005-09-30": "-29.13700", "2005-06-30": "-27.06000", "2005-03-31": "-17.99300"}, "Total Non-Operating Income/Expense": {"2020-09-30": "-8.83400", "2020-06-30": "76.49100", "2020-03-31": "-40.07200", "2019-12-31": "30.99600", "2019-09-30": "13.70300", "2019-06-30": "10.05900", "2019-03-31": "30.02700", "2018-12-31": "-11.25800", "2018-09-30": "-0.14300", "2018-06-30": "-29.23100", "2018-03-31": "26.75600", "2017-12-31": "-15.85900", "2017-09-30": "28.33500", "2017-06-30": "-16.64300", "2017-03-31": "-64.73600", "2016-12-31": "-32.63300", "2016-09-30": "16.01000", "2016-06-30": "-9.37900", "2016-03-31": "-11.59200", "2015-12-31": "-9.39000", "2015-09-30": "-39.47200", "2015-06-30": "16.82400", "2015-03-31": "-11.05700", "2014-12-31": "-11.57600", "2014-09-30": "-10.57800", "2014-06-30": "-10.61600", "2014-03-31": "-10.97300", "2013-12-31": "-26.59300", "2013-09-30": "-8.80500", "2013-06-30": "-19.81900", "2013-03-31": "-11.52900", "2012-12-31": "-11.39500", "2012-09-30": "-11.54600", "2012-06-30": "-11.11500", "2012-03-31": "-11.23800", "2011-12-31": "-10.94000", "2011-09-30": "-10.97400", "2011-06-30": "-10.75600", "2011-03-31": "-10.68700", "2010-12-31": "-9.77100", "2010-09-30": "-10.30300", "2010-06-30": "-10.24900", "2010-03-31": "-15.57200", "2009-12-31": "-47.22100", "2009-09-30": "-11.79400", "2009-06-30": "-7.29700", "2009-03-31": "-5.79000", "2008-12-31": "-5.73800", "2008-09-30": "-5.00100", "2008-06-30": "-4.86000", "2008-03-31": "-4.03200", "2007-12-31": "5.63400", "2007-09-30": "-3.11900", "2007-06-30": "-2.25200", "2007-03-31": "-1.86400", "2006-12-31": "-0.94400", "2006-09-30": "-0.08100", "2006-06-30": "-1.34000", "2006-03-31": "5.06300", "2005-12-31": "-1.51400", "2005-09-30": "-1.07000", "2005-06-30": "1.75000", "2005-03-31": "-2.29100"}, "Pre-Tax Income": {"2020-09-30": "-3.50800", "2020-06-30": "307.26400", "2020-03-31": "-704.07600", "2019-12-31": "126.00400", "2019-09-30": "148.01900", "2019-06-30": "108.67100", "2019-03-31": "104.09700", "2018-12-31": "70.71700", "2018-09-30": "30.97600", "2018-06-30": "54.00800", "2018-03-31": "-40.35400", "2017-12-31": "-148.27700", "2017-09-30": "43.35400", "2017-06-30": "-9.38400", "2017-03-31": "-197.98300", "2016-12-31": "9.44500", "2016-09-30": "38.30200", "2016-06-30": "35.21000", "2016-03-31": "24.44700", "2015-12-31": "55.69100", "2015-09-30": "-39.57300", "2015-06-30": "9.43000", "2015-03-31": "-17.99200", "2014-12-31": "-37.20100", "2014-09-30": "59.36500", "2014-06-30": "-36.80300", "2014-03-31": "-33.90800", "2013-12-31": "-42.73400", "2013-09-30": "-21.98800", "2013-06-30": "-2.50000", "2013-03-31": "-15.62600", "2012-12-31": "18.86000", "2012-09-30": "-21.68400", "2012-06-30": "4.10400", "2012-03-31": "-45.42600", "2011-12-31": "-55.08000", "2011-09-30": "-53.07800", "2011-06-30": "-51.87000", "2011-03-31": "-26.51200", "2010-12-31": "32.54000", "2010-09-30": "-32.35900", "2010-06-30": "3.37500", "2010-03-31": "-35.40200", "2009-12-31": "-88.44200", "2009-09-30": "-43.35700", "2009-06-30": "-40.03500", "2009-03-31": "-40.03600", "2008-12-31": "-48.40600", "2008-09-30": "-44.79400", "2008-06-30": "-45.56300", "2008-03-31": "-40.15700", "2007-12-31": "-21.80100", "2007-09-30": "-24.49400", "2007-06-30": "-18.43900", "2007-03-31": "-22.14700", "2006-12-31": "-20.50200", "2006-09-30": "-15.83800", "2006-06-30": "-20.52000", "2006-03-31": "-17.30600", "2005-12-31": "-28.10800", "2005-09-30": "-30.20700", "2005-06-30": "-25.31000", "2005-03-31": "-20.28400"}, "Income Taxes": {"2020-09-30": "11.69500", "2020-06-30": "16.96600", "2020-03-31": "16.56600", "2019-12-31": "14.99900", "2019-09-30": "19.74800", "2019-06-30": "3.35300", "2019-03-31": "1.78500", "2018-12-31": "1.65400", "2018-09-30": "1.80000", "2018-06-30": "1.61400", "2018-03-31": "0.78600", "2017-12-31": "1.35200", "2017-09-30": "7.30000", "2017-06-30": "3.10000", "2017-03-31": "-10.90000", "2016-12-31": "0.57200", "2016-09-30": "1.42500", "2016-06-30": "0.78500", "2016-03-31": "0.40000", "2015-12-31": "0.51300", "2015-09-30": "0.00900", "2015-06-30": "0.13600", "2015-03-31": "0.36700", "2014-12-31": "-0.25700", "2014-09-30": "0.07200", "2014-06-30": "0.07000", "2014-03-31": "0.04900", "2013-12-31": "0.13600", "2013-09-30": "0.04900", "2013-06-30": "0.07100", "2013-03-31": "0.04300", "2012-12-31": "0.08100", "2012-09-30": "0.02600", "2012-06-30": "0.06700", "2012-03-31": "0.00000", "2011-12-31": "", "2011-09-30": "0.00000", "2011-06-30": "", "2011-03-31": "", "2010-12-31": "", "2010-09-30": "-0.65800", "2010-06-30": "0.33100", "2010-03-31": "0.32700", "2009-12-31": "", "2009-09-30": "", "2009-06-30": "", "2009-03-31": "", "2008-12-31": "", "2008-09-30": "", "2008-06-30": "", "2008-03-31": "", "2007-12-31": "", "2007-09-30": "", "2007-06-30": "", "2007-03-31": "", "2006-12-31": "", "2006-09-30": "", "2006-06-30": "", "2006-03-31": "", "2005-12-31": "-0.39600", "2005-09-30": "", "2005-06-30": "-0.15600", "2005-03-31": ""}, "Income After Taxes": {"2020-09-30": "-15.20300", "2020-06-30": "290.29800", "2020-03-31": "-720.64200", "2019-12-31": "111.00500", "2019-09-30": "128.27100", "2019-06-30": "105.31800", "2019-03-31": "102.31200", "2018-12-31": "69.06300", "2018-09-30": "29.17600", "2018-06-30": "52.39400", "2018-03-31": "-41.14000", "2017-12-31": "-149.62900", "2017-09-30": "36.05400", "2017-06-30": "-12.48400", "2017-03-31": "-187.08300", "2016-12-31": "8.87300", "2016-09-30": "36.87700", "2016-06-30": "34.42500", "2016-03-31": "24.04700", "2015-12-31": "55.17800", "2015-09-30": "-39.58200", "2015-06-30": "9.29400", "2015-03-31": "-18.35900", "2014-12-31": "-36.94400", "2014-09-30": "59.29300", "2014-06-30": "-36.87300", "2014-03-31": "-33.95700", "2013-12-31": "-42.87000", "2013-09-30": "-22.03700", "2013-06-30": "-2.57100", "2013-03-31": "-15.66900", "2012-12-31": "18.77900", "2012-09-30": "-21.71000", "2012-06-30": "4.03700", "2012-03-31": "-45.42600", "2011-12-31": "-55.08000", "2011-09-30": "-53.07800", "2011-06-30": "-51.87000", "2011-03-31": "-26.51200", "2010-12-31": "32.54000", "2010-09-30": "-31.70100", "2010-06-30": "3.04400", "2010-03-31": "-35.72900", "2009-12-31": "-88.44200", "2009-09-30": "-43.35700", "2009-06-30": "-40.03500", "2009-03-31": "-40.03600", "2008-12-31": "-48.40600", "2008-09-30": "-44.79400", "2008-06-30": "-45.56300", "2008-03-31": "-40.15700", "2007-12-31": "-21.80100", "2007-09-30": "-24.49400", "2007-06-30": "-18.43900", "2007-03-31": "-22.14700", "2006-12-31": "-20.50200", "2006-09-30": "-15.83800", "2006-06-30": "-20.52000", "2006-03-31": "-17.30600", "2005-12-31": "-27.71200", "2005-09-30": "-30.20700", "2005-06-30": "-25.15400", "2005-03-31": "-20.28400"}, "Other Income": {"2020-09-30": "", "2020-06-30": "", "2020-03-31": "", "2019-12-31": "", "2019-09-30": "", "2019-06-30": "", "2019-03-31": "", "2018-12-31": "", "2018-09-30": "", "2018-06-30": "", "2018-03-31": "", "2017-12-31": "", "2017-09-30": "", "2017-06-30": "", "2017-03-31": "", "2016-12-31": "", "2016-09-30": "", "2016-06-30": "", "2016-03-31": "", "2015-12-31": "", "2015-09-30": "", "2015-06-30": "", "2015-03-31": "", "2014-12-31": "", "2014-09-30": "", "2014-06-30": "", "2014-03-31": "", "2013-12-31": "", "2013-09-30": "", "2013-06-30": "", "2013-03-31": "", "2012-12-31": "", "2012-09-30": "", "2012-06-30": "", "2012-03-31": "", "2011-12-31": "", "2011-09-30": "", "2011-06-30": "", "2011-03-31": "", "2010-12-31": "", "2010-09-30": "", "2010-06-30": "", "2010-03-31": "", "2009-12-31": "", "2009-09-30": "", "2009-06-30": "", "2009-03-31": "", "2008-12-31": "", "2008-09-30": "", "2008-06-30": "", "2008-03-31": "", "2007-12-31": "", "2007-09-30": "", "2007-06-30": "", "2007-03-31": "", "2006-12-31": "", "2006-09-30": "", "2006-06-30": "", "2006-03-31": "", "2005-12-31": "", "2005-09-30": "", "2005-06-30": "", "2005-03-31": ""}, "Income From Continuous Operations": {"2020-09-30": "-15.20300", "2020-06-30": "290.29800", "2020-03-31": "-720.64200", "2019-12-31": "111.00500", "2019-09-30": "128.27100", "2019-06-30": "105.31800", "2019-03-31": "102.31200", "2018-12-31": "69.06300", "2018-09-30": "29.17600", "2018-06-30": "52.39400", "2018-03-31": "-41.14000", "2017-12-31": "-149.62900", "2017-09-30": "36.05400", "2017-06-30": "-12.48400", "2017-03-31": "-187.08300", "2016-12-31": "8.87300", "2016-09-30": "36.87700", "2016-06-30": "34.42500", "2016-03-31": "24.04700", "2015-12-31": "55.17800", "2015-09-30": "-39.58200", "2015-06-30": "9.29400", "2015-03-31": "-18.35900", "2014-12-31": "-36.94400", "2014-09-30": "59.29300", "2014-06-30": "-36.87300", "2014-03-31": "-33.95700", "2013-12-31": "-42.87000", "2013-09-30": "-22.03700", "2013-06-30": "-2.57100", "2013-03-31": "-15.66900", "2012-12-31": "18.77900", "2012-09-30": "-21.71000", "2012-06-30": "4.03700", "2012-03-31": "-45.42600", "2011-12-31": "-55.08000", "2011-09-30": "-53.07800", "2011-06-30": "-51.87000", "2011-03-31": "-26.51200", "2010-12-31": "32.54000", "2010-09-30": "-31.70100", "2010-06-30": "3.04400", "2010-03-31": "-35.72900", "2009-12-31": "-88.44200", "2009-09-30": "-43.35700", "2009-06-30": "-40.03500", "2009-03-31": "-40.03600", "2008-12-31": "-48.40600", "2008-09-30": "-44.79400", "2008-06-30": "-45.56300", "2008-03-31": "-40.15700", "2007-12-31": "-21.80100", "2007-09-30": "-24.49400", "2007-06-30": "-18.43900", "2007-03-31": "-22.14700", "2006-12-31": "-20.50200", "2006-09-30": "-15.83800", "2006-06-30": "-20.52000", "2006-03-31": "-17.30600", "2005-12-31": "-27.71200", "2005-09-30": "-30.20700", "2005-06-30": "-25.15400", "2005-03-31": "-20.28400"}, "Income From Discontinued Operations": {"2020-09-30": "", "2020-06-30": "", "2020-03-31": "", "2019-12-31": "", "2019-09-30": "", "2019-06-30": "", "2019-03-31": "", "2018-12-31": "", "2018-09-30": "", "2018-06-30": "", "2018-03-31": "", "2017-12-31": "", "2017-09-30": "", "2017-06-30": "", "2017-03-31": "", "2016-12-31": "", "2016-09-30": "", "2016-06-30": "", "2016-03-31": "", "2015-12-31": "", "2015-09-30": "", "2015-06-30": "", "2015-03-31": "", "2014-12-31": "", "2014-09-30": "", "2014-06-30": "", "2014-03-31": "", "2013-12-31": "", "2013-09-30": "", "2013-06-30": "", "2013-03-31": "", "2012-12-31": "", "2012-09-30": "", "2012-06-30": "", "2012-03-31": "", "2011-12-31": "", "2011-09-30": "", "2011-06-30": "", "2011-03-31": "", "2010-12-31": "", "2010-09-30": "", "2010-06-30": "", "2010-03-31": "", "2009-12-31": "", "2009-09-30": "", "2009-06-30": "", "2009-03-31": "", "2008-12-31": "", "2008-09-30": "", "2008-06-30": "", "2008-03-31": "", "2007-12-31": "", "2007-09-30": "", "2007-06-30": "", "2007-03-31": "", "2006-12-31": "", "2006-09-30": "", "2006-06-30": "", "2006-03-31": "", "2005-12-31": "0.15500", "2005-09-30": "-0.00300", "2005-06-30": "0.00900", "2005-03-31": "0.15300"}, "Net Income": {"2020-09-30": "-15.20300", "2020-06-30": "290.29800", "2020-03-31": "-720.64200", "2019-12-31": "111.00500", "2019-09-30": "128.27100", "2019-06-30": "105.31800", "2019-03-31": "102.31200", "2018-12-31": "69.06300", "2018-09-30": "29.17600", "2018-06-30": "52.39400", "2018-03-31": "-41.14000", "2017-12-31": "-149.62900", "2017-09-30": "36.05400", "2017-06-30": "-12.48400", "2017-03-31": "-187.08300", "2016-12-31": "8.87300", "2016-09-30": "36.87700", "2016-06-30": "34.42500", "2016-03-31": "24.04700", "2015-12-31": "55.17800", "2015-09-30": "-39.58200", "2015-06-30": "9.29400", "2015-03-31": "-18.35900", "2014-12-31": "-36.94400", "2014-09-30": "59.29300", "2014-06-30": "-36.87300", "2014-03-31": "-33.95700", "2013-12-31": "-42.87000", "2013-09-30": "-22.03700", "2013-06-30": "-2.57100", "2013-03-31": "-15.66900", "2012-12-31": "18.77900", "2012-09-30": "-21.71000", "2012-06-30": "4.03700", "2012-03-31": "-45.42600", "2011-12-31": "-55.08000", "2011-09-30": "-53.07800", "2011-06-30": "-51.87000", "2011-03-31": "-26.51200", "2010-12-31": "32.54000", "2010-09-30": "-31.70100", "2010-06-30": "3.04400", "2010-03-31": "-35.72900", "2009-12-31": "-88.44200", "2009-09-30": "-43.35700", "2009-06-30": "-40.03500", "2009-03-31": "-40.03600", "2008-12-31": "-48.40600", "2008-09-30": "-44.79400", "2008-06-30": "-45.56300", "2008-03-31": "-40.15700", "2007-12-31": "-21.80100", "2007-09-30": "-24.49400", "2007-06-30": "-18.43900", "2007-03-31": "-22.14700", "2006-12-31": "-20.50200", "2006-09-30": "-15.83800", "2006-06-30": "-20.52000", "2006-03-31": "-17.30600", "2005-12-31": "-27.55700", "2005-09-30": "-30.21000", "2005-06-30": "-25.14500", "2005-03-31": "-20.13100"}, "EBITDA": {"2020-09-30": "18.27500", "2020-06-30": "243.36700", "2020-03-31": "-650.90580", "2019-12-31": "108.35300", "2019-09-30": "148.17800", "2019-06-30": "112.04700", "2019-03-31": "87.96100", "2018-12-31": "96.20110", "2018-09-30": "44.93700", "2018-06-30": "96.74000", "2018-03-31": "-53.68600", "2017-12-31": "-119.55910", "2017-09-30": "26.95900", "2017-06-30": "19.61100", "2017-03-31": "-118.22000", "2016-12-31": "59.64400", "2016-09-30": "39.24300", "2016-06-30": "57.43900", "2016-03-31": "47.09700", "2015-12-31": "75.68490", "2015-09-30": "11.07700", "2015-06-30": "3.87200", "2015-03-31": "4.90000", "2014-12-31": "-13.40400", "2014-09-30": "79.81400", "2014-06-30": "-16.48900", "2014-03-31": "-13.31200", "2013-12-31": "-7.28900", "2013-09-30": "-8.61500", "2013-06-30": "25.37200", "2013-03-31": "3.63700", "2012-12-31": "38.02000", "2012-09-30": "-2.56200", "2012-06-30": "22.62300", "2012-03-31": "-26.95400", "2011-12-31": "-37.09800", "2011-09-30": "-35.23300", "2011-06-30": "-34.46700", "2011-03-31": "-9.39500", "2010-12-31": "49.13700", "2010-09-30": "-16.67800", "2010-06-30": "19.50900", "2010-03-31": "-13.43400", "2009-12-31": "-33.94900", "2009-09-30": "-27.29000", "2009-06-30": "-30.10200", "2009-03-31": "-31.73700", "2008-12-31": "-39.40700", "2008-09-30": "-36.54300", "2008-06-30": "-37.43100", "2008-03-31": "-32.83700", "2007-12-31": "-24.18500", "2007-09-30": "-18.12200", "2007-06-30": "-12.92600", "2007-03-31": "-17.08400", "2006-12-31": "-16.28700", "2006-09-30": "-14.45500", "2006-06-30": "-17.95100", "2006-03-31": "-20.76000", "2005-12-31": "-24.91800", "2005-09-30": "-25.18200", "2005-06-30": "-26.35200", "2005-03-31": "-16.14000"}, "EBIT": {"2020-09-30": "5.32600", "2020-06-30": "230.77300", "2020-03-31": "-664.00380", "2019-12-31": "95.00800", "2019-09-30": "134.31600", "2019-06-30": "98.61200", "2019-03-31": "74.07000", "2018-12-31": "81.97500", "2018-09-30": "31.11900", "2018-06-30": "83.23900", "2018-03-31": "-67.11000", "2017-12-31": "-132.41800", "2017-09-30": "15.01900", "2017-06-30": "7.25900", "2017-03-31": "-133.24700", "2016-12-31": "42.07800", "2016-09-30": "22.29200", "2016-06-30": "44.58900", "2016-03-31": "36.03900", "2015-12-31": "65.08090", "2015-09-30": "-0.10100", "2015-06-30": "-7.39400", "2015-03-31": "-6.93500", "2014-12-31": "-25.62500", "2014-09-30": "69.94300", "2014-06-30": "-26.18700", "2014-03-31": "-22.93500", "2013-12-31": "-16.14100", "2013-09-30": "-13.18300", "2013-06-30": "17.31900", "2013-03-31": "-4.09700", "2012-12-31": "30.25500", "2012-09-30": "-10.13800", "2012-06-30": "15.21900", "2012-03-31": "-34.18800", "2011-12-31": "-44.14000", "2011-09-30": "-42.10400", "2011-06-30": "-41.11400", "2011-03-31": "-15.82500", "2010-12-31": "42.31100", "2010-09-30": "-22.05600", "2010-06-30": "13.62400", "2010-03-31": "-19.83000", "2009-12-31": "-41.22100", "2009-09-30": "-31.56300", "2009-06-30": "-32.73800", "2009-03-31": "-34.24600", "2008-12-31": "-42.66800", "2008-09-30": "-39.79300", "2008-06-30": "-40.70300", "2008-03-31": "-36.12500", "2007-12-31": "-27.43500", "2007-09-30": "-21.37500", "2007-06-30": "-16.18700", "2007-03-31": "-20.28300", "2006-12-31": "-19.55800", "2006-09-30": "-15.75700", "2006-06-30": "-19.18000", "2006-03-31": "-22.36900", "2005-12-31": "-26.59400", "2005-09-30": "-29.13700", "2005-06-30": "-27.06000", "2005-03-31": "-17.99300"}, "Basic Shares Outstanding": {"2020-09-30": "218.78400", "2020-06-30": "217.54900", "2020-03-31": "216.72100", "2019-12-31": "214.91300", "2019-09-30": "215.19900", "2019-06-30": "214.62000", "2019-03-31": "214.06500", "2018-12-31": "212.38300", "2018-09-30": "212.62700", "2018-06-30": "212.21000", "2018-03-31": "211.68100", "2017-12-31": "204.58000", "2017-09-30": "206.79600", "2017-06-30": "205.14100", "2017-03-31": "195.26000", "2016-12-31": "187.87300", "2016-09-30": "188.02900", "2016-06-30": "187.68200", "2016-03-31": "187.18400", "2015-12-31": "179.60100", "2015-09-30": "181.38700", "2015-06-30": "178.67600", "2015-03-31": "172.07000", "2014-12-31": "167.94700", "2014-09-30": "168.59200", "2014-06-30": "167.91400", "2014-03-31": "165.35700", "2013-12-31": "148.40300", "2013-09-30": "155.06700", "2013-06-30": "142.28400", "2013-03-31": "134.34500", "2012-12-31": "129.74700", "2012-09-30": "130.85100", "2012-06-30": "129.22400", "2012-03-31": "127.20300", "2011-12-31": "125.36200", "2011-09-30": "126.26000", "2011-06-30": "125.33000", "2011-03-31": "123.46700", "2010-12-31": "121.62800", "2010-09-30": "122.18900", "2010-06-30": "121.63000", "2010-03-31": "119.72700", "2009-12-31": "102.94300", "2009-09-30": "98.03000", "2009-06-30": "97.64300", "2009-03-31": "97.34000", "2008-12-31": "89.78500", "2008-09-30": "92.38500", "2008-06-30": "84.87100", "2008-03-31": "84.60200", "2007-12-31": "84.18500", "2007-09-30": "84.21300", "2007-06-30": "84.13600", "2007-03-31": "83.98500", "2006-12-31": "83.79900", "2006-09-30": "83.85200", "2006-06-30": "83.78600", "2006-03-31": "83.62700", "2005-12-31": "83.32100", "2005-09-30": "83.41400", "2005-06-30": "83.30300", "2005-03-31": "83.04900"}, "Shares Outstanding": {"2020-09-30": "218.78400", "2020-06-30": "220.43400", "2020-03-31": "216.72100", "2019-12-31": "217.65700", "2019-09-30": "217.79100", "2019-06-30": "217.48300", "2019-03-31": "217.06100", "2018-12-31": "215.63500", "2018-09-30": "215.96400", "2018-06-30": "215.10300", "2018-03-31": "211.68100", "2017-12-31": "204.58000", "2017-09-30": "212.61000", "2017-06-30": "205.14100", "2017-03-31": "195.26000", "2016-12-31": "194.12500", "2016-09-30": "194.26500", "2016-06-30": "193.01500", "2016-03-31": "192.62500", "2015-12-31": "187.30200", "2015-09-30": "181.38700", "2015-06-30": "186.49300", "2015-03-31": "172.07000", "2014-12-31": "167.94700", "2014-09-30": "189.04600", "2014-06-30": "167.91400", "2014-03-31": "165.35700", "2013-12-31": "148.40300", "2013-09-30": "155.06700", "2013-06-30": "142.28400", "2013-03-31": "134.34500", "2012-12-31": "129.74700", "2012-09-30": "130.85100", "2012-06-30": "137.96900", "2012-03-31": "127.20300", "2011-12-31": "125.36200", "2011-09-30": "126.26000", "2011-06-30": "125.33000", "2011-03-31": "123.46700", "2010-12-31": "121.62800", "2010-09-30": "122.18900", "2010-06-30": "128.29100", "2010-03-31": "119.72700", "2009-12-31": "102.94300", "2009-09-30": "98.03000", "2009-06-30": "97.64300", "2009-03-31": "97.34000", "2008-12-31": "89.78500", "2008-09-30": "92.38500", "2008-06-30": "84.87100", "2008-03-31": "84.60200", "2007-12-31": "84.18500", "2007-09-30": "84.21300", "2007-06-30": "84.13600", "2007-03-31": "83.98500", "2006-12-31": "83.79900", "2006-09-30": "83.85200", "2006-06-30": "83.78600", "2006-03-31": "83.62700", "2005-12-31": "83.32100", "2005-09-30": "83.41400", "2005-06-30": "83.30300", "2005-03-31": "83.04900"}, "Basic EPS": {"2020-09-30": "-0.07000", "2020-06-30": "1.33000", "2020-03-31": "-3.33000", "2019-12-31": "0.51000", "2019-09-30": "0.60000", "2019-06-30": "0.49000", "2019-03-31": "0.48000", "2018-12-31": "0.32000", "2018-09-30": "0.14000", "2018-06-30": "0.25000", "2018-03-31": "-0.19000", "2017-12-31": "-0.68000", "2017-09-30": "0.17000", "2017-06-30": "-0.06000", "2017-03-31": "-0.96000", "2016-12-31": "0.04000", "2016-09-30": "0.20000", "2016-06-30": "0.18000", "2016-03-31": "0.13000", "2015-12-31": "0.32000", "2015-09-30": "-0.22000", "2015-06-30": "0.05000", "2015-03-31": "-0.11000", "2014-12-31": "-0.21000", "2014-09-30": "0.35000", "2014-06-30": "-0.22000", "2014-03-31": "-0.21000", "2013-12-31": "-0.28000", "2013-09-30": "-0.14000", "2013-06-30": "-0.02000", "2013-03-31": "-0.12000", "2012-12-31": "0.16000", "2012-09-30": "-0.17000", "2012-06-30": "0.03000", "2012-03-31": "-0.36000", "2011-12-31": "-0.45000", "2011-09-30": "-0.42000", "2011-06-30": "-0.41000", "2011-03-31": "-0.21000", "2010-12-31": "0.27000", "2010-09-30": "-0.26000", "2010-06-30": "0.03000", "2010-03-31": "-0.30000", "2009-12-31": "-0.80000", "2009-09-30": "-0.44000", "2009-06-30": "-0.41000", "2009-03-31": "-0.41000", "2008-12-31": "-0.50000", "2008-09-30": "-0.48000", "2008-06-30": "-0.54000", "2008-03-31": "-0.47000", "2007-12-31": "-0.26000", "2007-09-30": "-0.29000", "2007-06-30": "-0.22000", "2007-03-31": "-0.26000", "2006-12-31": "-0.25000", "2006-09-30": "-0.19000", "2006-06-30": "-0.24000", "2006-03-31": "-0.21000", "2005-12-31": "-0.34000", "2005-09-30": "-0.36000", "2005-06-30": "-0.30000", "2005-03-31": "-0.24000"}, "EPS - Earnings Per Share": {"2020-09-30": "-0.07000", "2020-06-30": "1.32000", "2020-03-31": "-3.33000", "2019-12-31": "0.51000", "2019-09-30": "0.59000", "2019-06-30": "0.48000", "2019-03-31": "0.47000", "2018-12-31": "0.32000", "2018-09-30": "0.14000", "2018-06-30": "0.24000", "2018-03-31": "-0.19000", "2017-12-31": "-0.68000", "2017-09-30": "0.17000", "2017-06-30": "-0.06000", "2017-03-31": "-0.96000", "2016-12-31": "0.05000", "2016-09-30": "0.19000", "2016-06-30": "0.18000", "2016-03-31": "0.12000", "2015-12-31": "0.31000", "2015-09-30": "-0.22000", "2015-06-30": "0.05000", "2015-03-31": "-0.11000", "2014-12-31": "-0.19000", "2014-09-30": "0.33000", "2014-06-30": "-0.22000", "2014-03-31": "-0.21000", "2013-12-31": "-0.28000", "2013-09-30": "-0.14000", "2013-06-30": "-0.02000", "2013-03-31": "-0.12000", "2012-12-31": "0.16000", "2012-09-30": "-0.17000", "2012-06-30": "0.03000", "2012-03-31": "-0.36000", "2011-12-31": "-0.45000", "2011-09-30": "-0.42000", "2011-06-30": "-0.41000", "2011-03-31": "-0.21000", "2010-12-31": "0.28000", "2010-09-30": "-0.26000", "2010-06-30": "0.02000", "2010-03-31": "-0.30000", "2009-12-31": "-0.80000", "2009-09-30": "-0.44000", "2009-06-30": "-0.41000", "2009-03-31": "-0.41000", "2008-12-31": "-0.50000", "2008-09-30": "-0.48000", "2008-06-30": "-0.54000", "2008-03-31": "-0.47000", "2007-12-31": "-0.26000", "2007-09-30": "-0.29000", "2007-06-30": "-0.22000", "2007-03-31": "-0.26000", "2006-12-31": "-0.25000", "2006-09-30": "-0.19000", "2006-06-30": "-0.24000", "2006-03-31": "-0.21000", "2005-12-31": "-0.34000", "2005-09-30": "-0.36000", "2005-06-30": "-0.30000", "2005-03-31": "-0.24000"}}, "balance sheet": {"Cash On Hand": {"2019-12-31": "2117.55400", "2018-12-31": "1438.32300", "2017-12-31": "1169.64500", "2016-12-31": "808.54600", "2015-12-31": "708.29900", "2014-12-31": "600.76300", "2013-12-31": "509.50400", "2012-12-31": "228.41800", "2011-12-31": "296.88800", "2010-12-31": "443.15300", "2009-12-31": "489.45000", "2008-12-31": "198.02400", "2007-12-31": "256.43000", "2006-12-31": "318.57300", "2005-12-31": "344.97100"}, "Receivables": {"2019-12-31": "308.80900", "2018-12-31": "307.59800", "2017-12-31": "266.29900", "2016-12-31": "148.75800", "2015-12-31": "114.45000", "2014-12-31": "57.93300", "2013-12-31": "35.37400", "2012-12-31": "70.95100", "2011-12-31": "6.41500", "2010-12-31": "5.70100", "2009-12-31": "163.66100", "2008-12-31": "1.05000", "2007-12-31": "1.55100", "2006-12-31": "2.07300", "2005-12-31": "1.42300"}, "Inventory": {"2019-12-31": "11.40000", "2018-12-31": "6.96700", "2017-12-31": "6.48200", "2016-12-31": "4.10600", "2015-12-31": "1.78300", "2014-12-31": "0.35800", "2013-12-31": "0.40600", "2012-12-31": "0.27800", "2011-12-31": "", "2010-12-31": "", "2009-12-31": "", "2008-12-31": "", "2007-12-31": "", "2006-12-31": "", "2005-12-31": ""}, "Pre-Paid Expenses": {"2019-12-31": "43.72500", "2018-12-31": "79.36600", "2017-12-31": "62.42800", "2016-12-31": "32.76800", "2015-12-31": "17.84300", "2014-12-31": "20.51900", "2013-12-31": "9.62000", "2012-12-31": "9.86700", "2011-12-31": "7.47500", "2010-12-31": "6.60000", "2009-12-31": "2.94400", "2008-12-31": "6.42000", "2007-12-31": "6.43100", "2006-12-31": "7.11500", "2005-12-31": "7.58200"}, "Other Current Assets": {"2019-12-31": "", "2018-12-31": "", "2017-12-31": "", "2016-12-31": "", "2015-12-31": "", "2014-12-31": "", "2013-12-31": "", "2012-12-31": "", "2011-12-31": "", "2010-12-31": "", "2009-12-31": "", "2008-12-31": "", "2007-12-31": "", "2006-12-31": "", "2005-12-31": ""}, "Total Current Assets": {"2019-12-31": "2481.48800", "2018-12-31": "1832.25400", "2017-12-31": "1504.85400", "2016-12-31": "994.17800", "2015-12-31": "842.37500", "2014-12-31": "679.57300", "2013-12-31": "555.79900", "2012-12-31": "309.51400", "2011-12-31": "310.77800", "2010-12-31": "455.45400", "2009-12-31": "656.05500", "2008-12-31": "205.49400", "2007-12-31": "264.41200", "2006-12-31": "327.76100", "2005-12-31": "353.97600"}, "Property, Plant, And Equipment": {"2019-12-31": "377.56700", "2018-12-31": "319.75100", "2017-12-31": "259.76300", "2016-12-31": "167.67900", "2015-12-31": "86.00600", "2014-12-31": "81.79000", "2013-12-31": "26.84800", "2012-12-31": "6.34800", "2011-12-31": "6.43100", "2010-12-31": "4.80400", "2009-12-31": "1.75200", "2008-12-31": "2.79600", "2007-12-31": "3.94300", "2006-12-31": "5.89000", "2005-12-31": "7.66700"}, "Long-Term Investments": {"2019-12-31": "133.65700", "2018-12-31": "99.19900", "2017-12-31": "134.35600", "2016-12-31": "31.98700", "2015-12-31": "35.24800", "2014-12-31": "14.00000", "2013-12-31": "14.50000", "2012-12-31": "", "2011-12-31": "", "2010-12-31": "", "2009-12-31": "3.51300", "2008-12-31": "19.75900", "2007-12-31": "0.89700", "2006-12-31": "11.23700", "2005-12-31": "1.31200"}, "Goodwill And Intangible Assets": {"2019-12-31": "349.42100", "2018-12-31": "370.95700", "2017-12-31": "392.49400", "2016-12-31": "414.03000", "2015-12-31": "", "2014-12-31": "", "2013-12-31": "", "2012-12-31": "", "2011-12-31": "8.21700", "2010-12-31": "10.43200", "2009-12-31": "13.87900", "2008-12-31": "4.33900", "2007-12-31": "6.44300", "2006-12-31": "8.71500", "2005-12-31": "11.15300"}, "Other Long-Term Assets": {"2019-12-31": "50.45400", "2018-12-31": "20.16300", "2017-12-31": "3.14900", "2016-12-31": "15.53000", "2015-12-31": "26.25600", "2014-12-31": "2.03600", "2013-12-31": "17.48400", "2012-12-31": "6.08200", "2011-12-31": "", "2010-12-31": "18.89100", "2009-12-31": "37.19100", "2008-12-31": "", "2007-12-31": "", "2006-12-31": "", "2005-12-31": ""}, "Total Long-Term Assets": {"2019-12-31": "945.26200", "2018-12-31": "813.50800", "2017-12-31": "797.72800", "2016-12-31": "644.41910", "2015-12-31": "165.06500", "2014-12-31": "116.90400", "2013-12-31": "73.76900", "2012-12-31": "20.90500", "2011-12-31": "18.18400", "2010-12-31": "34.12700", "2009-12-31": "56.33500", "2008-12-31": "26.89400", "2007-12-31": "11.28300", "2006-12-31": "25.84200", "2005-12-31": "20.13200"}, "Total Assets": {"2019-12-31": "3426.75000", "2018-12-31": "2645.76200", "2017-12-31": "2302.58200", "2016-12-31": "1638.59700", "2015-12-31": "1007.44000", "2014-12-31": "796.47700", "2013-12-31": "629.56800", "2012-12-31": "330.41900", "2011-12-31": "328.96200", "2010-12-31": "489.58100", "2009-12-31": "712.39000", "2008-12-31": "232.38800", "2007-12-31": "275.69500", "2006-12-31": "353.60300", "2005-12-31": "374.10800"}, "Total Current Liabilities": {"2019-12-31": "513.34000", "2018-12-31": "425.27700", "2017-12-31": "375.39600", "2016-12-31": "273.50100", "2015-12-31": "168.00700", "2014-12-31": "221.06100", "2013-12-31": "108.04200", "2012-12-31": "136.07400", "2011-12-31": "135.61400", "2010-12-31": "113.57300", "2009-12-31": "132.82600", "2008-12-31": "50.33700", "2007-12-31": "36.59500", "2006-12-31": "49.34000", "2005-12-31": "27.85700"}, "Long Term Debt": {"2019-12-31": "31.91800", "2018-12-31": "17.43400", "2017-12-31": "16.60800", "2016-12-31": "651.48100", "2015-12-31": "619.89300", "2014-12-31": "589.98100", "2013-12-31": "661.56700", "2012-12-31": "331.07600", "2011-12-31": "316.15300", "2010-12-31": "293.43200", "2009-12-31": "443.13800", "2008-12-31": "396.16700", "2007-12-31": "386.55600", "2006-12-31": "371.10300", "2005-12-31": "341.86200"}, "Other Non-Current Liabilities": {"2019-12-31": "283.08600", "2018-12-31": "277.08400", "2017-12-31": "279.94900", "2016-12-31": "294.14800", "2015-12-31": "48.38500", "2014-12-31": "54.55200", "2013-12-31": "26.80300", "2012-12-31": "", "2011-12-31": "", "2010-12-31": "", "2009-12-31": "0.64100", "2008-12-31": "6.63400", "2007-12-31": "12.06100", "2006-12-31": "17.72000", "2005-12-31": "23.78600"}, "Total Long Term Liabilities": {"2019-12-31": "315.00400", "2018-12-31": "294.51800", "2017-12-31": "296.55700", "2016-12-31": "945.62900", "2015-12-31": "668.27800", "2014-12-31": "657.04400", "2013-12-31": "714.63400", "2012-12-31": "369.30200", "2011-12-31": "420.42500", "2010-12-31": "464.65200", "2009-12-31": "681.94800", "2008-12-31": "402.80100", "2007-12-31": "398.61700", "2006-12-31": "389.17100", "2005-12-31": "365.64800"}, "Total Liabilities": {"2019-12-31": "828.34400", "2018-12-31": "719.79500", "2017-12-31": "671.95300", "2016-12-31": "1219.13000", "2015-12-31": "836.28500", "2014-12-31": "878.10500", "2013-12-31": "822.67600", "2012-12-31": "505.37600", "2011-12-31": "556.03900", "2010-12-31": "578.22500", "2009-12-31": "814.77400", "2008-12-31": "453.13800", "2007-12-31": "435.21200", "2006-12-31": "438.51100", "2005-12-31": "393.50500"}, "Common Stock Net": {"2019-12-31": "0.21600", "2018-12-31": "0.21300", "2017-12-31": "0.21100", "2016-12-31": "0.18900", "2015-12-31": "0.18700", "2014-12-31": "0.17100", "2013-12-31": "0.16300", "2012-12-31": "0.13300", "2011-12-31": "0.12600", "2010-12-31": "0.12300", "2009-12-31": "0.11900", "2008-12-31": "0.09700", "2007-12-31": "0.08500", "2006-12-31": "0.08400", "2005-12-31": "0.08400"}, "Retained Earnings (Accumulated Deficit)": {"2019-12-31": "-1430.75800", "2018-12-31": "-1877.75900", "2017-12-31": "-1990.00500", "2016-12-31": "-1674.76500", "2015-12-31": "-1778.98700", "2014-12-31": "-1785.51800", "2013-12-31": "-1737.03700", "2012-12-31": "-1653.89000", "2011-12-31": "-1609.57000", "2010-12-31": "-1423.03000", "2009-12-31": "-1391.18400", "2008-12-31": "-1179.31400", "2007-12-31": "-1000.39400", "2006-12-31": "-913.51300", "2005-12-31": "-839.34700"}, "Comprehensive Income": {"2019-12-31": "-15.54200", "2018-12-31": "-10.16500", "2017-12-31": "-7.01000", "2016-12-31": "-2.88600", "2015-12-31": "-0.80900", "2014-12-31": "1.81500", "2013-12-31": "1.99300", "2012-12-31": "1.87800", "2011-12-31": "1.64200", "2010-12-31": "1.98600", "2009-12-31": "0.70700", "2008-12-31": "-2.74700", "2007-12-31": "-0.52800", "2006-12-31": "-0.41500", "2005-12-31": "1.22800"}, "Other Share Holders Equity": {"2019-12-31": "", "2018-12-31": "", "2017-12-31": "", "2016-12-31": "", "2015-12-31": "", "2014-12-31": "", "2013-12-31": "", "2012-12-31": "", "2011-12-31": "", "2010-12-31": "", "2009-12-31": "", "2008-12-31": "", "2007-12-31": "", "2006-12-31": "", "2005-12-31": ""}, "Share Holder Equity": {"2019-12-31": "2598.40600", "2018-12-31": "1925.96700", "2017-12-31": "1630.62900", "2016-12-31": "419.46700", "2015-12-31": "171.15500", "2014-12-31": "-81.62800", "2013-12-31": "-193.10800", "2012-12-31": "-174.95700", "2011-12-31": "-227.07700", "2010-12-31": "-88.64400", "2009-12-31": "-102.38400", "2008-12-31": "-220.75000", "2007-12-31": "-159.51700", "2006-12-31": "-84.90800", "2005-12-31": "-19.39700"}, "Total Liabilities And Share Holders Equity": {"2019-12-31": "3426.75000", "2018-12-31": "2645.76200", "2017-12-31": "2302.58200", "2016-12-31": "1638.59700", "2015-12-31": "1007.44000", "2014-12-31": "796.47700", "2013-12-31": "629.56800", "2012-12-31": "330.41900", "2011-12-31": "328.96200", "2010-12-31": "489.58100", "2009-12-31": "712.39000", "2008-12-31": "232.38800", "2007-12-31": "275.69500", "2006-12-31": "353.60300", "2005-12-31": "374.10800"}}, "balance sheet, quarterly": {"Cash On Hand": {"2020-09-30": "1734.80000", "2020-06-30": "1589.48600", "2020-03-31": "1302.59200", "2019-12-31": "2117.55400", "2019-09-30": "1986.21800", "2019-06-30": "1695.85500", "2019-03-31": "1581.02400", "2018-12-31": "1438.32300", "2018-09-30": "1375.31300", "2018-06-30": "1198.38200", "2018-03-31": "1171.05900", "2017-12-31": "1169.64500", "2017-09-30": "1281.38900", "2017-06-30": "608.60600", "2017-03-31": "511.95500", "2016-12-31": "808.54600", "2016-09-30": "716.60210", "2016-06-30": "629.20700", "2016-03-31": "811.18600", "2015-12-31": "708.29900", "2015-09-30": "635.56200", "2015-06-30": "627.98600", "2015-03-31": "585.92400", "2014-12-31": "600.76300", "2014-09-30": "532.85900", "2014-06-30": "509.50300", "2014-03-31": "519.85600", "2013-12-31": "509.50400", "2013-09-30": "291.17400", "2013-06-30": "277.45300", "2013-03-31": "270.17900", "2012-12-31": "228.41800", "2012-09-30": "253.09900", "2012-06-30": "271.30600", "2012-03-31": "255.70600", "2011-12-31": "296.88800", "2011-09-30": "335.97200", "2011-06-30": "383.10000", "2011-03-31": "402.62000", "2010-12-31": "443.15300", "2010-09-30": "414.57800", "2010-06-30": "441.17000", "2010-03-31": "441.28500", "2009-12-31": "489.45000", "2009-09-30": "397.78900", "2009-06-30": "140.47500", "2009-03-31": "157.68900", "2008-12-31": "198.02400", "2008-09-30": "249.86100", "2008-06-30": "186.02100", "2008-03-31": "219.11300", "2007-12-31": "256.43000", "2007-09-30": "264.94400", "2007-06-30": "281.46800", "2007-03-31": "293.77800", "2006-12-31": "318.57300", "2006-09-30": "426.30100", "2006-06-30": "289.74600", "2006-03-31": "321.49900", "2005-12-31": "344.97100", "2005-09-30": "364.03800", "2005-06-30": "401.44900", "2005-03-31": "448.69400"}, "Receivables": {"2020-09-30": "356.18200", "2020-06-30": "420.25000", "2020-03-31": "351.52200", "2019-12-31": "308.80900", "2019-09-30": "276.11600", "2019-06-30": "302.68000", "2019-03-31": "244.08100", "2018-12-31": "307.59800", "2018-09-30": "247.73600", "2018-06-30": "316.31000", "2018-03-31": "220.19000", "2017-12-31": "266.29900", "2017-09-30": "198.34500", "2017-06-30": "169.51600", "2017-03-31": "244.97500", "2016-12-31": "148.75800", "2016-09-30": "131.52300", "2016-06-30": "129.48600", "2016-03-31": "101.28000", "2015-12-31": "114.45000", "2015-09-30": "86.96600", "2015-06-30": "75.12200", "2015-03-31": "69.60400", "2014-12-31": "57.93300", "2014-09-30": "109.59900", "2014-06-30": "47.20500", "2014-03-31": "46.39400", "2013-12-31": "35.37400", "2013-09-30": "33.19700", "2013-06-30": "27.52200", "2013-03-31": "28.04100", "2012-12-31": "70.95100", "2012-09-30": "16.54000", "2012-06-30": "13.84100", "2012-03-31": "13.01000", "2011-12-31": "6.41500", "2011-09-30": "2.46200", "2011-06-30": "2.37600", "2011-03-31": "16.57900", "2010-12-31": "5.70100", "2010-09-30": "4.73500", "2010-06-30": "6.36000", "2010-03-31": "5.25300", "2009-12-31": "163.66100", "2009-09-30": "0.86200", "2009-06-30": "0.80700", "2009-03-31": "0.73900", "2008-12-31": "1.05000", "2008-09-30": "0.87900", "2008-06-30": "0.78700", "2008-03-31": "0.84000", "2007-12-31": "1.55100", "2007-09-30": "1.27600", "2007-06-30": "1.26700", "2007-03-31": "1.44000", "2006-12-31": "2.07300", "2006-09-30": "1.39000", "2006-06-30": "1.34600", "2006-03-31": "1.58400", "2005-12-31": "1.42300", "2005-09-30": "1.04500", "2005-06-30": "0.93100", "2005-03-31": "2.54700"}, "Inventory": {"2020-09-30": "17.01200", "2020-06-30": "16.33500", "2020-03-31": "13.97700", "2019-12-31": "11.40000", "2019-09-30": "7.36500", "2019-06-30": "6.52700", "2019-03-31": "7.12900", "2018-12-31": "6.96700", "2018-09-30": "5.99300", "2018-06-30": "5.86900", "2018-03-31": "4.63200", "2017-12-31": "6.48200", "2017-09-30": "3.26100", "2017-06-30": "2.93000", "2017-03-31": "3.96100", "2016-12-31": "4.10600", "2016-09-30": "4.07800", "2016-06-30": "6.12400", "2016-03-31": "1.30900", "2015-12-31": "1.78300", "2015-09-30": "2.42800", "2015-06-30": "1.89700", "2015-03-31": "2.41400", "2014-12-31": "0.35800", "2014-09-30": "0.40200", "2014-06-30": "0.26900", "2014-03-31": "0.34700", "2013-12-31": "0.40600", "2013-09-30": "0.35900", "2013-06-30": "0.13300", "2013-03-31": "0.18900", "2012-12-31": "0.27800", "2012-09-30": "0.19000", "2012-06-30": "0.18800", "2012-03-31": "", "2011-12-31": "", "2011-09-30": "", "2011-06-30": "", "2011-03-31": "", "2010-12-31": "", "2010-09-30": "", "2010-06-30": "", "2010-03-31": "", "2009-12-31": "", "2009-09-30": "", "2009-06-30": "", "2009-03-31": "", "2008-12-31": "", "2008-09-30": "", "2008-06-30": "", "2008-03-31": "", "2007-12-31": "", "2007-09-30": "", "2007-06-30": "", "2007-03-31": "", "2006-12-31": "", "2006-09-30": "", "2006-06-30": "", "2006-03-31": "", "2005-12-31": "", "2005-09-30": "", "2005-06-30": "", "2005-03-31": ""}, "Pre-Paid Expenses": {"2020-09-30": "51.43100", "2020-06-30": "51.55400", "2020-03-31": "48.07800", "2019-12-31": "43.72500", "2019-09-30": "49.89600", "2019-06-30": "53.56300", "2019-03-31": "72.26600", "2018-12-31": "79.36600", "2018-09-30": "71.31700", "2018-06-30": "77.52300", "2018-03-31": "73.67400", "2017-12-31": "62.42800", "2017-09-30": "58.32700", "2017-06-30": "63.75100", "2017-03-31": "58.28400", "2016-12-31": "32.76800", "2016-09-30": "34.45700", "2016-06-30": "27.31300", "2016-03-31": "21.80600", "2015-12-31": "17.84300", "2015-09-30": "23.24600", "2015-06-30": "20.26000", "2015-03-31": "28.17800", "2014-12-31": "20.51900", "2014-09-30": "18.97900", "2014-06-30": "19.26800", "2014-03-31": "13.68100", "2013-12-31": "9.62000", "2013-09-30": "9.01300", "2013-06-30": "8.26100", "2013-03-31": "10.70400", "2012-12-31": "9.86700", "2012-09-30": "8.89900", "2012-06-30": "8.82300", "2012-03-31": "7.44600", "2011-12-31": "7.47500", "2011-09-30": "7.98400", "2011-06-30": "6.44700", "2011-03-31": "6.76900", "2010-12-31": "6.60000", "2010-09-30": "3.23200", "2010-06-30": "3.76300", "2010-03-31": "4.26900", "2009-12-31": "2.94400", "2009-09-30": "4.00600", "2009-06-30": "5.43600", "2009-03-31": "6.93700", "2008-12-31": "6.42000", "2008-09-30": "6.28400", "2008-06-30": "7.24700", "2008-03-31": "7.64200", "2007-12-31": "6.43100", "2007-09-30": "4.63400", "2007-06-30": "5.57700", "2007-03-31": "5.20400", "2006-12-31": "7.11500", "2006-09-30": "4.31000", "2006-06-30": "5.07500", "2006-03-31": "6.09600", "2005-12-31": "7.58200", "2005-09-30": "5.73800", "2005-06-30": "5.47800", "2005-03-31": "6.25100"}, "Other Current Assets": {"2020-09-30": "", "2020-06-30": "", "2020-03-31": "", "2019-12-31": "", "2019-09-30": "", "2019-06-30": "", "2019-03-31": "", "2018-12-31": "", "2018-09-30": "", "2018-06-30": "", "2018-03-31": "", "2017-12-31": "", "2017-09-30": "", "2017-06-30": "", "2017-03-31": "", "2016-12-31": "", "2016-09-30": "", "2016-06-30": "", "2016-03-31": "", "2015-12-31": "", "2015-09-30": "", "2015-06-30": "", "2015-03-31": "", "2014-12-31": "", "2014-09-30": "", "2014-06-30": "", "2014-03-31": "", "2013-12-31": "", "2013-09-30": "", "2013-06-30": "", "2013-03-31": "", "2012-12-31": "", "2012-09-30": "", "2012-06-30": "", "2012-03-31": "", "2011-12-31": "", "2011-09-30": "", "2011-06-30": "", "2011-03-31": "", "2010-12-31": "", "2010-09-30": "", "2010-06-30": "", "2010-03-31": "", "2009-12-31": "", "2009-09-30": "", "2009-06-30": "", "2009-03-31": "", "2008-12-31": "", "2008-09-30": "", "2008-06-30": "", "2008-03-31": "", "2007-12-31": "", "2007-09-30": "", "2007-06-30": "", "2007-03-31": "", "2006-12-31": "", "2006-09-30": "", "2006-06-30": "", "2006-03-31": "", "2005-12-31": "", "2005-09-30": "", "2005-06-30": "", "2005-03-31": ""}, "Total Current Assets": {"2020-09-30": "2159.42500", "2020-06-30": "2077.62500", "2020-03-31": "1716.16900", "2019-12-31": "2481.48800", "2019-09-30": "2319.59500", "2019-06-30": "2058.62500", "2019-03-31": "1904.50000", "2018-12-31": "1832.25400", "2018-09-30": "1700.35900", "2018-06-30": "1598.08400", "2018-03-31": "1469.55500", "2017-12-31": "1504.85400", "2017-09-30": "1541.32200", "2017-06-30": "844.80300", "2017-03-31": "819.17500", "2016-12-31": "994.17800", "2016-09-30": "886.66000", "2016-06-30": "792.13000", "2016-03-31": "935.58100", "2015-12-31": "842.37500", "2015-09-30": "757.91400", "2015-06-30": "732.99000", "2015-03-31": "692.14500", "2014-12-31": "679.57300", "2014-09-30": "662.61400", "2014-06-30": "577.14500", "2014-03-31": "581.17000", "2013-12-31": "555.79900", "2013-09-30": "333.74300", "2013-06-30": "313.36900", "2013-03-31": "309.11300", "2012-12-31": "309.51400", "2012-09-30": "278.72800", "2012-06-30": "294.15800", "2012-03-31": "276.16200", "2011-12-31": "310.77800", "2011-09-30": "346.41800", "2011-06-30": "391.92300", "2011-03-31": "425.96800", "2010-12-31": "455.45400", "2010-09-30": "422.54500", "2010-06-30": "451.29300", "2010-03-31": "450.80700", "2009-12-31": "656.05500", "2009-09-30": "402.65700", "2009-06-30": "146.71800", "2009-03-31": "165.36500", "2008-12-31": "205.49400", "2008-09-30": "257.02400", "2008-06-30": "194.05500", "2008-03-31": "227.59500", "2007-12-31": "264.41200", "2007-09-30": "270.85400", "2007-06-30": "288.31200", "2007-03-31": "300.42200", "2006-12-31": "327.76100", "2006-09-30": "432.00100", "2006-06-30": "296.16700", "2006-03-31": "329.17900", "2005-12-31": "353.97600", "2005-09-30": "370.82100", "2005-06-30": "407.85800", "2005-03-31": "457.49200"}, "Property, Plant, And Equipment": {"2020-09-30": "498.33500", "2020-06-30": "453.77700", "2020-03-31": "410.03400", "2019-12-31": "377.56700", "2019-09-30": "347.25000", "2019-06-30": "339.12200", "2019-03-31": "338.33100", "2018-12-31": "319.75100", "2018-09-30": "300.76700", "2018-06-30": "267.58600", "2018-03-31": "264.61000", "2017-12-31": "259.76300", "2017-09-30": "246.82500", "2017-06-30": "218.87800", "2017-03-31": "193.21100", "2016-12-31": "167.67900", "2016-09-30": "151.94200", "2016-06-30": "138.51300", "2016-03-31": "92.62200", "2015-12-31": "86.00600", "2015-09-30": "83.18600", "2015-06-30": "81.60200", "2015-03-31": "80.66700", "2014-12-31": "81.79000", "2014-09-30": "75.25800", "2014-06-30": "55.60700", "2014-03-31": "38.65400", "2013-12-31": "26.84800", "2013-09-30": "6.20100", "2013-06-30": "6.23600", "2013-03-31": "6.48500", "2012-12-31": "6.34800", "2012-09-30": "6.16900", "2012-06-30": "6.51500", "2012-03-31": "6.23200", "2011-12-31": "6.43100", "2011-09-30": "6.07700", "2011-06-30": "5.50000", "2011-03-31": "4.93400", "2010-12-31": "4.80400", "2010-09-30": "2.38500", "2010-06-30": "2.15900", "2010-03-31": "1.80800", "2009-12-31": "1.75200", "2009-09-30": "1.98100", "2009-06-30": "2.18900", "2009-03-31": "2.49500", "2008-12-31": "2.79600", "2008-09-30": "2.82500", "2008-06-30": "3.11000", "2008-03-31": "3.50100", "2007-12-31": "3.94300", "2007-09-30": "3.87400", "2007-06-30": "4.53900", "2007-03-31": "5.19700", "2006-12-31": "5.89000", "2006-09-30": "5.74100", "2006-06-30": "6.25300", "2006-03-31": "6.83700", "2005-12-31": "7.66700", "2005-09-30": "8.11900", "2005-06-30": "8.88300", "2005-03-31": "9.01100"}, "Long-Term Investments": {"2020-09-30": "225.47300", "2020-06-30": "248.73100", "2020-03-31": "180.99300", "2019-12-31": "134.68000", "2019-09-30": "117.90200", "2019-06-30": "115.56300", "2019-03-31": "120.18800", "2018-12-31": "99.19900", "2018-09-30": "121.38100", "2018-06-30": "131.33000", "2018-03-31": "165.97200", "2017-12-31": "134.35600", "2017-09-30": "169.02000", "2017-06-30": "144.42500", "2017-03-31": "158.32200", "2016-12-31": "31.98700", "2016-09-30": "55.74500", "2016-06-30": "31.44400", "2016-03-31": "32.29800", "2015-12-31": "35.24800", "2015-09-30": "53.82500", "2015-06-30": "81.25900", "2015-03-31": "53.70400", "2014-12-31": "14.00000", "2014-09-30": "14.12500", "2014-06-30": "14.25000", "2014-03-31": "14.37500", "2013-12-31": "14.50000", "2013-09-30": "", "2013-06-30": "", "2013-03-31": "", "2012-12-31": "", "2012-09-30": "", "2012-06-30": "", "2012-03-31": "", "2011-12-31": "", "2011-09-30": "", "2011-06-30": "", "2011-03-31": "", "2010-12-31": "", "2010-09-30": "", "2010-06-30": "", "2010-03-31": "0.01400", "2009-12-31": "3.51300", "2009-09-30": "6.91400", "2009-06-30": "7.01000", "2009-03-31": "17.93800", "2008-12-31": "19.75900", "2008-09-30": "0.03200", "2008-06-30": "2.01100", "2008-03-31": "0.03900", "2007-12-31": "0.89700", "2007-09-30": "0.91700", "2007-06-30": "8.33700", "2007-03-31": "11.11000", "2006-12-31": "11.23700", "2006-09-30": "17.79000", "2006-06-30": "62.90700", "2006-03-31": "52.33200", "2005-12-31": "1.31200", "2005-09-30": "7.38600", "2005-06-30": "7.38700", "2005-03-31": "7.34800"}, "Goodwill And Intangible Assets": {"2020-09-30": "333.26800", "2020-06-30": "338.65300", "2020-03-31": "344.03700", "2019-12-31": "349.42100", "2019-09-30": "354.80500", "2019-06-30": "360.18900", "2019-03-31": "365.57300", "2018-12-31": "370.95700", "2018-09-30": "376.34100", "2018-06-30": "381.72500", "2018-03-31": "387.11000", "2017-12-31": "392.49400", "2017-09-30": "397.87800", "2017-06-30": "403.26200", "2017-03-31": "408.64600", "2016-12-31": "414.03000", "2016-09-30": "419.52300", "2016-06-30": "424.93000", "2016-03-31": "", "2015-12-31": "", "2015-09-30": "", "2015-06-30": "", "2015-03-31": "", "2014-12-31": "", "2014-09-30": "", "2014-06-30": "", "2014-03-31": "", "2013-12-31": "", "2013-09-30": "2.50800", "2013-06-30": "3.20400", "2013-03-31": "5.54300", "2012-12-31": "", "2012-09-30": "6.62000", "2012-06-30": "7.15400", "2012-03-31": "7.68600", "2011-12-31": "8.21700", "2011-09-30": "", "2011-06-30": "", "2011-03-31": "9.79300", "2010-12-31": "10.43200", "2010-09-30": "11.33500", "2010-06-30": "11.96200", "2010-03-31": "12.58700", "2009-12-31": "13.87900", "2009-09-30": "14.64100", "2009-06-30": "3.09900", "2009-03-31": "3.83700", "2008-12-31": "4.33900", "2008-09-30": "4.83700", "2008-06-30": "5.55900", "2008-03-31": "5.87600", "2007-12-31": "6.44300", "2007-09-30": "7.03800", "2007-06-30": "7.61000", "2007-03-31": "8.20400", "2006-12-31": "8.71500", "2006-09-30": "9.35400", "2006-06-30": "9.78500", "2006-03-31": "10.40800", "2005-12-31": "11.15300", "2005-09-30": "11.78300", "2005-06-30": "12.51900", "2005-03-31": "13.60700"}, "Other Long-Term Assets": {"2020-09-30": "53.10900", "2020-06-30": "55.84800", "2020-03-31": "64.32700", "2019-12-31": "49.43100", "2019-09-30": "39.62300", "2019-06-30": "37.62000", "2019-03-31": "21.69300", "2018-12-31": "20.16300", "2018-09-30": "15.67400", "2018-06-30": "11.73100", "2018-03-31": "10.82800", "2017-12-31": "3.14900", "2017-09-30": "7.95900", "2017-06-30": "16.16800", "2017-03-31": "13.44500", "2016-12-31": "15.53000", "2016-09-30": "15.49600", "2016-06-30": "15.41800", "2016-03-31": "26.16400", "2015-12-31": "26.25600", "2015-09-30": "19.16900", "2015-06-30": "15.93800", "2015-03-31": "19.08700", "2014-12-31": "2.03600", "2014-09-30": "15.73900", "2014-06-30": "16.51400", "2014-03-31": "17.12500", "2013-12-31": "17.48400", "2013-09-30": "", "2013-06-30": "", "2013-03-31": "", "2012-12-31": "6.08200", "2012-09-30": "", "2012-06-30": "", "2012-03-31": "", "2011-12-31": "", "2011-09-30": "18.72900", "2011-06-30": "19.24000", "2011-03-31": "18.91100", "2010-12-31": "18.89100", "2010-09-30": "28.37500", "2010-06-30": "28.26700", "2010-03-31": "37.44700", "2009-12-31": "37.19100", "2009-09-30": "46.62300", "2009-06-30": "", "2009-03-31": "", "2008-12-31": "", "2008-09-30": "", "2008-06-30": "", "2008-03-31": "", "2007-12-31": "", "2007-09-30": "", "2007-06-30": "", "2007-03-31": "", "2006-12-31": "", "2006-09-30": "", "2006-06-30": "", "2006-03-31": "", "2005-12-31": "", "2005-09-30": "", "2005-06-30": "", "2005-03-31": ""}, "Total Long-Term Assets": {"2020-09-30": "1148.00500", "2020-06-30": "1134.69600", "2020-03-31": "1036.25300", "2019-12-31": "945.26200", "2019-09-30": "895.22300", "2019-06-30": "889.00800", "2019-03-31": "849.66100", "2018-12-31": "813.50800", "2018-09-30": "819.58800", "2018-06-30": "799.07310", "2018-03-31": "836.45700", "2017-12-31": "797.72800", "2017-09-30": "832.97900", "2017-06-30": "794.64000", "2017-03-31": "788.17210", "2016-12-31": "644.41910", "2016-09-30": "657.53500", "2016-06-30": "625.84500", "2016-03-31": "168.36100", "2015-12-31": "165.06500", "2015-09-30": "174.01800", "2015-06-30": "197.34700", "2015-03-31": "170.47900", "2014-12-31": "116.90400", "2014-09-30": "122.65100", "2014-06-30": "101.96200", "2014-03-31": "85.65600", "2013-12-31": "73.76900", "2013-09-30": "23.65700", "2013-06-30": "20.85000", "2013-03-31": "21.16900", "2012-12-31": "20.90500", "2012-09-30": "17.80700", "2012-06-30": "17.81300", "2012-03-31": "17.43100", "2011-12-31": "18.18400", "2011-09-30": "24.80600", "2011-06-30": "24.74000", "2011-03-31": "33.63800", "2010-12-31": "34.12700", "2010-09-30": "42.09500", "2010-06-30": "42.38800", "2010-03-31": "51.85600", "2009-12-31": "56.33500", "2009-09-30": "70.15900", "2009-06-30": "12.29800", "2009-03-31": "24.27000", "2008-12-31": "26.89400", "2008-09-30": "7.69400", "2008-06-30": "10.68000", "2008-03-31": "9.41600", "2007-12-31": "11.28300", "2007-09-30": "11.82900", "2007-06-30": "20.48600", "2007-03-31": "24.51100", "2006-12-31": "25.84200", "2006-09-30": "32.88500", "2006-06-30": "78.94500", "2006-03-31": "69.57700", "2005-12-31": "20.13200", "2005-09-30": "27.28800", "2005-06-30": "28.78900", "2005-03-31": "29.96600"}, "Total Assets": {"2020-09-30": "3307.43000", "2020-06-30": "3212.32100", "2020-03-31": "2752.42200", "2019-12-31": "3426.75000", "2019-09-30": "3214.81800", "2019-06-30": "2947.63300", "2019-03-31": "2754.16100", "2018-12-31": "2645.76200", "2018-09-30": "2519.94700", "2018-06-30": "2397.15700", "2018-03-31": "2306.01200", "2017-12-31": "2302.58200", "2017-09-30": "2374.30100", "2017-06-30": "1639.44300", "2017-03-31": "1607.34700", "2016-12-31": "1638.59700", "2016-09-30": "1544.19500", "2016-06-30": "1417.97500", "2016-03-31": "1103.94200", "2015-12-31": "1007.44000", "2015-09-30": "931.93200", "2015-06-30": "930.33700", "2015-03-31": "862.62400", "2014-12-31": "796.47700", "2014-09-30": "785.26500", "2014-06-30": "679.10700", "2014-03-31": "666.82600", "2013-12-31": "629.56800", "2013-09-30": "357.40000", "2013-06-30": "334.21900", "2013-03-31": "330.28200", "2012-12-31": "330.41900", "2012-09-30": "296.53500", "2012-06-30": "311.97100", "2012-03-31": "293.59300", "2011-12-31": "328.96200", "2011-09-30": "371.22400", "2011-06-30": "416.66300", "2011-03-31": "459.60600", "2010-12-31": "489.58100", "2010-09-30": "464.64000", "2010-06-30": "493.68100", "2010-03-31": "502.66300", "2009-12-31": "712.39000", "2009-09-30": "472.81600", "2009-06-30": "159.01600", "2009-03-31": "189.63500", "2008-12-31": "232.38800", "2008-09-30": "264.71800", "2008-06-30": "204.73500", "2008-03-31": "237.01100", "2007-12-31": "275.69500", "2007-09-30": "282.68300", "2007-06-30": "308.79800", "2007-03-31": "324.93300", "2006-12-31": "353.60300", "2006-09-30": "464.88600", "2006-06-30": "375.11200", "2006-03-31": "398.75600", "2005-12-31": "374.10800", "2005-09-30": "398.10900", "2005-06-30": "436.64700", "2005-03-31": "487.45800"}, "Total Current Liabilities": {"2020-09-30": "606.20200", "2020-06-30": "556.51300", "2020-03-31": "503.41200", "2019-12-31": "513.34000", "2019-09-30": "461.68300", "2019-06-30": "367.10500", "2019-03-31": "364.51500", "2018-12-31": "425.27700", "2018-09-30": "422.48900", "2018-06-30": "368.23900", "2018-03-31": "381.07200", "2017-12-31": "375.39600", "2017-09-30": "319.93500", "2017-06-30": "293.16100", "2017-03-31": "304.71600", "2016-12-31": "273.50100", "2016-09-30": "240.54500", "2016-06-30": "198.98600", "2016-03-31": "200.31900", "2015-12-31": "168.00700", "2015-09-30": "155.82300", "2015-06-30": "192.47200", "2015-03-31": "225.59500", "2014-12-31": "221.06100", "2014-09-30": "124.66000", "2014-06-30": "112.54700", "2014-03-31": "106.94400", "2013-12-31": "108.04200", "2013-09-30": "109.49800", "2013-06-30": "102.95800", "2013-03-31": "121.28300", "2012-12-31": "136.07400", "2012-09-30": "137.64100", "2012-06-30": "139.73100", "2012-03-31": "142.29900", "2011-12-31": "135.61400", "2011-09-30": "120.95700", "2011-06-30": "110.66700", "2011-03-31": "110.18200", "2010-12-31": "113.57300", "2010-09-30": "117.52200", "2010-06-30": "110.94400", "2010-03-31": "117.94400", "2009-12-31": "132.82600", "2009-09-30": "44.27600", "2009-06-30": "45.62100", "2009-03-31": "42.09800", "2008-12-31": "50.33700", "2008-09-30": "40.82000", "2008-06-30": "41.65100", "2008-03-31": "34.30400", "2007-12-31": "36.59500", "2007-09-30": "33.21400", "2007-06-30": "38.19200", "2007-03-31": "39.65000", "2006-12-31": "49.34000", "2006-09-30": "136.79300", "2006-06-30": "140.95100", "2006-03-31": "140.34200", "2005-12-31": "27.85700", "2005-09-30": "27.28400", "2005-06-30": "27.03300", "2005-03-31": "21.64000"}, "Long Term Debt": {"2020-09-30": "32.84800", "2020-06-30": "31.91700", "2020-03-31": "31.95900", "2019-12-31": "31.91800", "2019-09-30": "49.81200", "2019-06-30": "49.50500", "2019-03-31": "17.64700", "2018-12-31": "17.43400", "2018-09-30": "17.22400", "2018-06-30": "17.01600", "2018-03-31": "16.81100", "2017-12-31": "16.60800", "2017-09-30": "23.71100", "2017-06-30": "23.42800", "2017-03-31": "41.60400", "2016-12-31": "651.48100", "2016-09-30": "643.43400", "2016-06-30": "635.49100", "2016-03-31": "627.64200", "2015-12-31": "619.89300", "2015-09-30": "623.92800", "2015-06-30": "617.02500", "2015-03-31": "610.21000", "2014-12-31": "589.98100", "2014-09-30": "681.31300", "2014-06-30": "673.31500", "2014-03-31": "665.22200", "2013-12-31": "661.56700", "2013-09-30": "187.13600", "2013-06-30": "223.81700", "2013-03-31": "337.51300", "2012-12-31": "331.07600", "2012-09-30": "324.78300", "2012-06-30": "318.63000", "2012-03-31": "312.61600", "2011-12-31": "316.15300", "2011-09-30": "310.27700", "2011-06-30": "304.53400", "2011-03-31": "298.91900", "2010-12-31": "293.43200", "2010-09-30": "288.06800", "2010-06-30": "282.82500", "2010-03-31": "277.70000", "2009-12-31": "443.13800", "2009-09-30": "625.52400", "2009-06-30": "401.22500", "2009-03-31": "398.67400", "2008-12-31": "396.16700", "2008-09-30": "393.70200", "2008-06-30": "391.27900", "2008-03-31": "388.89700", "2007-12-31": "386.55600", "2007-09-30": "377.50300", "2007-06-30": "375.33300", "2007-03-31": "373.19900", "2006-12-31": "371.10300", "2006-09-30": "369.04200", "2006-06-30": "256.92600", "2006-03-31": "256.83000", "2005-12-31": "341.86200", "2005-09-30": "341.91900", "2005-06-30": "349.50600", "2005-03-31": "378.68600"}, "Other Non-Current Liabilities": {"2020-09-30": "277.54700", "2020-06-30": "279.28700", "2020-03-31": "279.33000", "2019-12-31": "283.08600", "2019-09-30": "280.79600", "2019-06-30": "283.83200", "2019-03-31": "286.43200", "2018-12-31": "277.08400", "2018-09-30": "277.33500", "2018-06-30": "278.97900", "2018-03-31": "280.08500", "2017-12-31": "279.94900", "2017-09-30": "272.90500", "2017-06-30": "296.01900", "2017-03-31": "295.09300", "2016-12-31": "294.14800", "2016-09-30": "290.23000", "2016-06-30": "286.43500", "2016-03-31": "48.23300", "2015-12-31": "48.38500", "2015-09-30": "50.86300", "2015-06-30": "51.85800", "2015-03-31": "52.91000", "2014-12-31": "54.55200", "2014-09-30": "52.38200", "2014-06-30": "44.40300", "2014-03-31": "34.03600", "2013-12-31": "26.80300", "2013-09-30": "3.39200", "2013-06-30": "3.43300", "2013-03-31": "", "2012-12-31": "", "2012-09-30": "", "2012-06-30": "", "2012-03-31": "", "2011-12-31": "", "2011-09-30": "", "2011-06-30": "", "2011-03-31": "", "2010-12-31": "", "2010-09-30": "", "2010-06-30": "", "2010-03-31": "", "2009-12-31": "0.64100", "2009-09-30": "2.37200", "2009-06-30": "3.60000", "2009-03-31": "5.61400", "2008-12-31": "6.63400", "2008-09-30": "7.57300", "2008-06-30": "9.00000", "2008-03-31": "10.85800", "2007-12-31": "12.06100", "2007-09-30": "13.43900", "2007-06-30": "14.90800", "2007-03-31": "16.56100", "2006-12-31": "17.72000", "2006-09-30": "19.26300", "2006-06-30": "20.43100", "2006-03-31": "22.23700", "2005-12-31": "23.78600", "2005-09-30": "25.39100", "2005-06-30": "26.35700", "2005-03-31": "27.26400"}, "Total Long Term Liabilities": {"2020-09-30": "310.39500", "2020-06-30": "311.20400", "2020-03-31": "311.28900", "2019-12-31": "315.00400", "2019-09-30": "330.60800", "2019-06-30": "333.33700", "2019-03-31": "304.07900", "2018-12-31": "294.51800", "2018-09-30": "294.55900", "2018-06-30": "295.99500", "2018-03-31": "296.89600", "2017-12-31": "296.55700", "2017-09-30": "296.61600", "2017-06-30": "319.44700", "2017-03-31": "336.69700", "2016-12-31": "945.62900", "2016-09-30": "933.66410", "2016-06-30": "921.92600", "2016-03-31": "675.87500", "2015-12-31": "668.27800", "2015-09-30": "687.37190", "2015-06-30": "682.69100", "2015-03-31": "678.44200", "2014-12-31": "657.04400", "2014-09-30": "750.19600", "2014-06-30": "737.55800", "2014-03-31": "722.30400", "2013-12-31": "714.63400", "2013-09-30": "219.11100", "2013-06-30": "259.04700", "2013-03-31": "372.52500", "2012-12-31": "369.30200", "2012-09-30": "378.84400", "2012-06-30": "389.42800", "2012-03-31": "400.15100", "2011-12-31": "420.42500", "2011-09-30": "431.28700", "2011-06-30": "442.28000", "2011-03-31": "453.40200", "2010-12-31": "464.65200", "2010-09-30": "476.02600", "2010-06-30": "487.52000", "2010-03-31": "499.13200", "2009-12-31": "681.94800", "2009-09-30": "627.89600", "2009-06-30": "404.82500", "2009-03-31": "404.28800", "2008-12-31": "402.80100", "2008-09-30": "401.27500", "2008-06-30": "400.27900", "2008-03-31": "399.75500", "2007-12-31": "398.61700", "2007-09-30": "390.94200", "2007-06-30": "390.24100", "2007-03-31": "389.76000", "2006-12-31": "389.17100", "2006-09-30": "394.24300", "2006-06-30": "288.88600", "2006-03-31": "296.18500", "2005-12-31": "365.64800", "2005-09-30": "367.31000", "2005-06-30": "375.86300", "2005-03-31": "405.95000"}, "Total Liabilities": {"2020-09-30": "916.59700", "2020-06-30": "867.71700", "2020-03-31": "814.70100", "2019-12-31": "828.34400", "2019-09-30": "792.29100", "2019-06-30": "700.44200", "2019-03-31": "668.59400", "2018-12-31": "719.79500", "2018-09-30": "717.04800", "2018-06-30": "664.23400", "2018-03-31": "677.96800", "2017-12-31": "671.95300", "2017-09-30": "616.55100", "2017-06-30": "612.60800", "2017-03-31": "641.41300", "2016-12-31": "1219.13000", "2016-09-30": "1174.20900", "2016-06-30": "1120.91200", "2016-03-31": "876.19400", "2015-12-31": "836.28500", "2015-09-30": "843.19500", "2015-06-30": "875.16300", "2015-03-31": "904.03700", "2014-12-31": "878.10500", "2014-09-30": "874.85600", "2014-06-30": "850.10500", "2014-03-31": "829.24800", "2013-12-31": "822.67600", "2013-09-30": "328.60900", "2013-06-30": "362.00500", "2013-03-31": "493.80800", "2012-12-31": "505.37600", "2012-09-30": "516.48500", "2012-06-30": "529.15900", "2012-03-31": "542.45000", "2011-12-31": "556.03900", "2011-09-30": "552.24400", "2011-06-30": "552.94700", "2011-03-31": "563.58400", "2010-12-31": "578.22500", "2010-09-30": "593.54800", "2010-06-30": "598.46400", "2010-03-31": "617.07600", "2009-12-31": "814.77400", "2009-09-30": "672.17200", "2009-06-30": "450.44600", "2009-03-31": "446.38600", "2008-12-31": "453.13800", "2008-09-30": "442.09500", "2008-06-30": "441.93000", "2008-03-31": "434.05900", "2007-12-31": "435.21200", "2007-09-30": "424.15600", "2007-06-30": "428.43300", "2007-03-31": "429.41000", "2006-12-31": "438.51100", "2006-09-30": "531.03600", "2006-06-30": "429.83700", "2006-03-31": "436.52700", "2005-12-31": "393.50500", "2005-09-30": "394.59400", "2005-06-30": "402.89600", "2005-03-31": "427.59000"}, "Common Stock Net": {"2020-09-30": "0.21900", "2020-06-30": "0.21800", "2020-03-31": "0.21700", "2019-12-31": "0.21600", "2019-09-30": "0.21500", "2019-06-30": "0.21500", "2019-03-31": "0.21400", "2018-12-31": "0.21300", "2018-09-30": "0.21300", "2018-06-30": "0.21200", "2018-03-31": "0.21200", "2017-12-31": "0.21100", "2017-09-30": "0.21100", "2017-06-30": "0.20500", "2017-03-31": "0.20500", "2016-12-31": "0.18900", "2016-09-30": "0.18800", "2016-06-30": "0.18800", "2016-03-31": "0.18700", "2015-12-31": "0.18700", "2015-09-30": "0.18600", "2015-06-30": "0.18000", "2015-03-31": "0.17300", "2014-12-31": "0.17100", "2014-09-30": "0.16900", "2014-06-30": "0.16800", "2014-03-31": "0.16700", "2013-12-31": "0.16300", "2013-09-30": "0.16100", "2013-06-30": "0.15300", "2013-03-31": "0.13600", "2012-12-31": "0.13300", "2012-09-30": "0.13100", "2012-06-30": "0.13000", "2012-03-31": "0.12800", "2011-12-31": "0.12600", "2011-09-30": "0.12600", "2011-06-30": "0.12600", "2011-03-31": "0.12400", "2010-12-31": "0.12300", "2010-09-30": "0.12200", "2010-06-30": "0.12200", "2010-03-31": "0.12100", "2009-12-31": "0.11900", "2009-09-30": "0.11900", "2009-06-30": "0.09800", "2009-03-31": "0.09700", "2008-12-31": "0.09700", "2008-09-30": "0.09700", "2008-06-30": "0.08500", "2008-03-31": "0.08500", "2007-12-31": "0.08500", "2007-09-30": "0.08400", "2007-06-30": "0.08400", "2007-03-31": "0.08400", "2006-12-31": "0.08400", "2006-09-30": "0.08400", "2006-06-30": "0.08400", "2006-03-31": "0.08400", "2005-12-31": "0.08400", "2005-09-30": "0.08300", "2005-06-30": "0.08300", "2005-03-31": "0.08300"}, "Retained Earnings (Accumulated Deficit)": {"2020-09-30": "-1876.30500", "2020-06-30": "-1861.10200", "2020-03-31": "-2151.40000", "2019-12-31": "-1430.75800", "2019-09-30": "-1541.76300", "2019-06-30": "-1670.03400", "2019-03-31": "-1775.35200", "2018-12-31": "-1877.75900", "2018-09-30": "-1946.82200", "2018-06-30": "-1975.99800", "2018-03-31": "-2028.39200", "2017-12-31": "-1990.00500", "2017-09-30": "-1840.37600", "2017-06-30": "-1876.43000", "2017-03-31": "-1863.94600", "2016-12-31": "-1674.76500", "2016-09-30": "-1683.63800", "2016-06-30": "-1720.51500", "2016-03-31": "-1754.94000", "2015-12-31": "-1778.98700", "2015-09-30": "-1834.16300", "2015-06-30": "-1794.58100", "2015-03-31": "-1803.87700", "2014-12-31": "-1785.51800", "2014-09-30": "-1748.57500", "2014-06-30": "-1807.86700", "2014-03-31": "-1770.99400", "2013-12-31": "-1737.03700", "2013-09-30": "-1694.16600", "2013-06-30": "-1672.13000", "2013-03-31": "-1669.55900", "2012-12-31": "-1653.89000", "2012-09-30": "-1672.66900", "2012-06-30": "-1650.95900", "2012-03-31": "-1654.99600", "2011-12-31": "-1609.57000", "2011-09-30": "-1554.49100", "2011-06-30": "-1501.41300", "2011-03-31": "-1449.54200", "2010-12-31": "-1423.03000", "2010-09-30": "-1455.57100", "2010-06-30": "-1423.86900", "2010-03-31": "-1426.91300", "2009-12-31": "-1391.18400", "2009-09-30": "-1302.74200", "2009-06-30": "-1259.38500", "2009-03-31": "-1219.35000", "2008-12-31": "-1179.31400", "2008-09-30": "-1130.90900", "2008-06-30": "-1086.11500", "2008-03-31": "-1040.55100", "2007-12-31": "-1000.39400", "2007-09-30": "-978.59300", "2007-06-30": "-954.09900", "2007-03-31": "-935.66000", "2006-12-31": "-913.51300", "2006-09-30": "-893.01000", "2006-06-30": "-877.17300", "2006-03-31": "-856.65300", "2005-12-31": "-839.34700", "2005-09-30": "-811.79100", "2005-06-30": "-781.58000", "2005-03-31": "-756.43500"}, "Comprehensive Income": {"2020-09-30": "-9.74800", "2020-06-30": "-12.42300", "2020-03-31": "-13.10700", "2019-12-31": "-15.54200", "2019-09-30": "-8.61400", "2019-06-30": "-8.96500", "2019-03-31": "-9.24700", "2018-12-31": "-10.16500", "2018-09-30": "-9.52200", "2018-06-30": "-9.80900", "2018-03-31": "-10.12200", "2017-12-31": "-7.01000", "2017-09-30": "12.51200", "2017-06-30": "10.96800", "2017-03-31": "5.37700", "2016-12-31": "-2.88600", "2016-09-30": "0.39000", "2016-06-30": "0.66200", "2016-03-31": "0.39700", "2015-12-31": "-0.80900", "2015-09-30": "-0.27500", "2015-06-30": "1.94900", "2015-03-31": "2.25800", "2014-12-31": "1.81500", "2014-09-30": "1.91400", "2014-06-30": "2.08000", "2014-03-31": "2.04000", "2013-12-31": "1.99300", "2013-09-30": "2.00800", "2013-06-30": "1.99300", "2013-03-31": "1.99900", "2012-12-31": "1.87800", "2012-09-30": "2.14900", "2012-06-30": "1.72000", "2012-03-31": "1.93500", "2011-12-31": "1.64200", "2011-09-30": "1.82100", "2011-06-30": "1.95100", "2011-03-31": "2.08900", "2010-12-31": "1.98600", "2010-09-30": "1.93000", "2010-06-30": "1.79500", "2010-03-31": "1.19800", "2009-12-31": "0.70700", "2009-09-30": "0.50200", "2009-06-30": "-0.10700", "2009-03-31": "-2.07200", "2008-12-31": "-2.74700", "2008-09-30": "-3.36300", "2008-06-30": "-1.85700", "2008-03-31": "-1.76600", "2007-12-31": "-0.52800", "2007-09-30": "-0.35600", "2007-06-30": "-0.30600", "2007-03-31": "-0.14300", "2006-12-31": "-0.41500", "2006-09-30": "0.52100", "2006-06-30": "-1.80900", "2006-03-31": "-2.40600", "2005-12-31": "1.22800", "2005-09-30": "-2.84600", "2005-06-30": "-2.68400", "2005-03-31": "-0.70700"}, "Other Share Holders Equity": {"2020-09-30": "", "2020-06-30": "", "2020-03-31": "", "2019-12-31": "", "2019-09-30": "", "2019-06-30": "", "2019-03-31": "", "2018-12-31": "", "2018-09-30": "", "2018-06-30": "", "2018-03-31": "", "2017-12-31": "", "2017-09-30": "", "2017-06-30": "", "2017-03-31": "", "2016-12-31": "", "2016-09-30": "", "2016-06-30": "", "2016-03-31": "", "2015-12-31": "", "2015-09-30": "", "2015-06-30": "", "2015-03-31": "", "2014-12-31": "", "2014-09-30": "", "2014-06-30": "", "2014-03-31": "", "2013-12-31": "", "2013-09-30": "", "2013-06-30": "", "2013-03-31": "", "2012-12-31": "", "2012-09-30": "", "2012-06-30": "", "2012-03-31": "", "2011-12-31": "", "2011-09-30": "", "2011-06-30": "", "2011-03-31": "", "2010-12-31": "", "2010-09-30": "", "2010-06-30": "", "2010-03-31": "", "2009-12-31": "", "2009-09-30": "", "2009-06-30": "", "2009-03-31": "", "2008-12-31": "", "2008-09-30": "", "2008-06-30": "", "2008-03-31": "", "2007-12-31": "", "2007-09-30": "", "2007-06-30": "", "2007-03-31": "", "2006-12-31": "", "2006-09-30": "", "2006-06-30": "", "2006-03-31": "", "2005-12-31": "", "2005-09-30": "", "2005-06-30": "", "2005-03-31": ""}, "Share Holder Equity": {"2020-09-30": "2390.83300", "2020-06-30": "2344.60400", "2020-03-31": "1937.72100", "2019-12-31": "2598.40600", "2019-09-30": "2422.52700", "2019-06-30": "2247.19100", "2019-03-31": "2085.56700", "2018-12-31": "1925.96700", "2018-09-30": "1802.89900", "2018-06-30": "1732.92300", "2018-03-31": "1628.04400", "2017-12-31": "1630.62900", "2017-09-30": "1757.75000", "2017-06-30": "1026.83500", "2017-03-31": "965.93400", "2016-12-31": "419.46700", "2016-09-30": "369.98600", "2016-06-30": "297.06300", "2016-03-31": "227.74800", "2015-12-31": "171.15500", "2015-09-30": "88.73700", "2015-06-30": "55.17400", "2015-03-31": "-41.41300", "2014-12-31": "-81.62800", "2014-09-30": "-89.59100", "2014-06-30": "-170.99800", "2014-03-31": "-162.42200", "2013-12-31": "-193.10800", "2013-09-30": "28.79100", "2013-06-30": "-27.78600", "2013-03-31": "-163.52600", "2012-12-31": "-174.95700", "2012-09-30": "-219.95000", "2012-06-30": "-217.18800", "2012-03-31": "-248.85700", "2011-12-31": "-227.07700", "2011-09-30": "-181.02000", "2011-06-30": "-136.28400", "2011-03-31": "-103.97800", "2010-12-31": "-88.64400", "2010-09-30": "-128.90800", "2010-06-30": "-104.78300", "2010-03-31": "-114.41300", "2009-12-31": "-102.38400", "2009-09-30": "-199.35600", "2009-06-30": "-291.43000", "2009-03-31": "-256.75100", "2008-12-31": "-220.75000", "2008-09-30": "-177.37700", "2008-06-30": "-237.19500", "2008-03-31": "-197.04800", "2007-12-31": "-159.51700", "2007-09-30": "-141.47300", "2007-06-30": "-119.63500", "2007-03-31": "-104.47700", "2006-12-31": "-84.90800", "2006-09-30": "-66.15000", "2006-06-30": "-54.72500", "2006-03-31": "-37.77100", "2005-12-31": "-19.39700", "2005-09-30": "3.51500", "2005-06-30": "33.75100", "2005-03-31": "59.86800"}, "Total Liabilities And Share Holders Equity": {"2020-09-30": "3307.43000", "2020-06-30": "3212.32100", "2020-03-31": "2752.42200", "2019-12-31": "3426.75000", "2019-09-30": "3214.81800", "2019-06-30": "2947.63300", "2019-03-31": "2754.16100", "2018-12-31": "2645.76200", "2018-09-30": "2519.94700", "2018-06-30": "2397.15700", "2018-03-31": "2306.01200", "2017-12-31": "2302.58200", "2017-09-30": "2374.30100", "2017-06-30": "1639.44300", "2017-03-31": "1607.34700", "2016-12-31": "1638.59700", "2016-09-30": "1544.19500", "2016-06-30": "1417.97500", "2016-03-31": "1103.94200", "2015-12-31": "1007.44000", "2015-09-30": "931.93200", "2015-06-30": "930.33700", "2015-03-31": "862.62400", "2014-12-31": "796.47700", "2014-09-30": "785.26500", "2014-06-30": "679.10700", "2014-03-31": "666.82600", "2013-12-31": "629.56800", "2013-09-30": "357.40000", "2013-06-30": "334.21900", "2013-03-31": "330.28200", "2012-12-31": "330.41900", "2012-09-30": "296.53500", "2012-06-30": "311.97100", "2012-03-31": "293.59300", "2011-12-31": "328.96200", "2011-09-30": "371.22400", "2011-06-30": "416.66300", "2011-03-31": "459.60600", "2010-12-31": "489.58100", "2010-09-30": "464.64000", "2010-06-30": "493.68100", "2010-03-31": "502.66300", "2009-12-31": "712.39000", "2009-09-30": "472.81600", "2009-06-30": "159.01600", "2009-03-31": "189.63500", "2008-12-31": "232.38800", "2008-09-30": "264.71800", "2008-06-30": "204.73500", "2008-03-31": "237.01100", "2007-12-31": "275.69500", "2007-09-30": "282.68300", "2007-06-30": "308.79800", "2007-03-31": "324.93300", "2006-12-31": "353.60300", "2006-09-30": "464.88600", "2006-06-30": "375.11200", "2006-03-31": "398.75600", "2005-12-31": "374.10800", "2005-09-30": "398.10900", "2005-06-30": "436.64700", "2005-03-31": "487.45800"}}, "cash flow statement": {"Net Income/Loss": {"2019-12-31": "446.90600", "2018-12-31": "109.49300", "2017-12-31": "-313.14200", "2016-12-31": "104.22200", "2015-12-31": "6.53100", "2014-12-31": "-48.48100", "2013-12-31": "-83.14700", "2012-12-31": "-44.32000", "2011-12-31": "-186.54000", "2010-12-31": "-31.84600", "2009-12-31": "-211.87000", "2008-12-31": "-178.92000", "2007-12-31": "-86.88100", "2006-12-31": "-74.16600", "2005-12-31": "-103.04300"}, "Total Depreciation And Amortization - Cash Flow": {"2019-12-31": "54.53300", "2018-12-31": "54.96900", "2017-12-31": "52.17800", "2016-12-31": "58.42500", "2015-12-31": "44.88300", "2014-12-31": "41.41300", "2013-12-31": "29.20700", "2012-12-31": "29.97900", "2011-12-31": "26.99000", "2010-12-31": "24.48500", "2009-12-31": "16.69000", "2008-12-31": "13.07100", "2007-12-31": "12.96300", "2006-12-31": "7.41100", "2005-12-31": "8.19200"}, "Other Non-Cash Items": {"2019-12-31": "151.92200", "2018-12-31": "218.30400", "2017-12-31": "232.20500", "2016-12-31": "117.35600", "2015-12-31": "72.84100", "2014-12-31": "62.44300", "2013-12-31": "67.60200", "2012-12-31": "37.94100", "2011-12-31": "29.08000", "2010-12-31": "18.28200", "2009-12-31": "53.35700", "2008-12-31": "15.48000", "2007-12-31": "1.17300", "2006-12-31": "3.36800", "2005-12-31": "-0.94400"}, "Total Non-Cash Items": {"2019-12-31": "206.45500", "2018-12-31": "273.27300", "2017-12-31": "284.38300", "2016-12-31": "175.78100", "2015-12-31": "117.72400", "2014-12-31": "103.85600", "2013-12-31": "96.80900", "2012-12-31": "67.92000", "2011-12-31": "56.07000", "2010-12-31": "42.76700", "2009-12-31": "70.04700", "2008-12-31": "28.55100", "2007-12-31": "14.13600", "2006-12-31": "10.77900", "2005-12-31": "7.24800"}, "Change In Accounts Receivable": {"2019-12-31": "-1.21100", "2018-12-31": "-41.29900", "2017-12-31": "-117.54100", "2016-12-31": "-23.94700", "2015-12-31": "-56.51700", "2014-12-31": "-22.55900", "2013-12-31": "35.57700", "2012-12-31": "-64.53600", "2011-12-31": "-0.71400", "2010-12-31": "157.96000", "2009-12-31": "-162.61100", "2008-12-31": "0.50100", "2007-12-31": "0.52200", "2006-12-31": "-0.65000", "2005-12-31": "0.72100"}, "Change In Inventories": {"2019-12-31": "-6.10000", "2018-12-31": "4.04300", "2017-12-31": "4.85100", "2016-12-31": "4.04700", "2015-12-31": "0.09800", "2014-12-31": "-4.09300", "2013-12-31": "-6.59000", "2012-12-31": "-5.21700", "2011-12-31": "-3.53600", "2010-12-31": "", "2009-12-31": "", "2008-12-31": "", "2007-12-31": "", "2006-12-31": "", "2005-12-31": ""}, "Change In Accounts Payable": {"2019-12-31": "-20.18000", "2018-12-31": "36.15600", "2017-12-31": "-7.92800", "2016-12-31": "43.75800", "2015-12-31": "5.62300", "2014-12-31": "5.36000", "2013-12-31": "5.14100", "2012-12-31": "-0.97800", "2011-12-31": "4.16600", "2010-12-31": "-10.19100", "2009-12-31": "5.28500", "2008-12-31": "7.87300", "2007-12-31": "1.89000", "2006-12-31": "2.34300", "2005-12-31": "1.25200"}, "Change In Assets/Liabilities": {"2019-12-31": "5.74400", "2018-12-31": "-33.41200", "2017-12-31": "-31.36700", "2016-12-31": "-25.58100", "2015-12-31": "-9.29600", "2014-12-31": "-43.35700", "2013-12-31": "-65.79900", "2012-12-31": "-52.36700", "2011-12-31": "-46.79400", "2010-12-31": "-51.48500", "2009-12-31": "309.09100", "2008-12-31": "-0.12000", "2007-12-31": "-24.71000", "2006-12-31": "19.98000", "2005-12-31": "-1.20100"}, "Total Change In Assets/Liabilities": {"2019-12-31": "57.29500", "2018-12-31": "-46.53900", "2017-12-31": "-64.22900", "2016-12-31": "24.75300", "2015-12-31": "-34.84700", "2014-12-31": "-29.11900", "2013-12-31": "-4.48200", "2012-12-31": "-118.43000", "2011-12-31": "-31.24500", "2010-12-31": "87.01700", "2009-12-31": "154.18100", "2008-12-31": "9.50900", "2007-12-31": "-19.94900", "2006-12-31": "13.02000", "2005-12-31": "-6.07700"}, "Cash Flow From Operating Activities": {"2019-12-31": "710.65600", "2018-12-31": "336.22700", "2017-12-31": "-92.98800", "2016-12-31": "304.75600", "2015-12-31": "89.40800", "2014-12-31": "26.25600", "2013-12-31": "9.18000", "2012-12-31": "-94.83000", "2011-12-31": "-161.71500", "2010-12-31": "97.93800", "2009-12-31": "12.35800", "2008-12-31": "-140.86000", "2007-12-31": "-92.69400", "2006-12-31": "-50.36700", "2005-12-31": "-101.87200"}, "Net Change In Property, Plant, And Equipment": {"2019-12-31": "-78.06400", "2018-12-31": "-73.48300", "2017-12-31": "-111.02100", "2016-12-31": "-120.27700", "2015-12-31": "-26.00300", "2014-12-31": "-27.87600", "2013-12-31": "-4.26700", "2012-12-31": "-2.83900", "2011-12-31": "-3.79900", "2010-12-31": "-4.10900", "2009-12-31": "-0.38700", "2008-12-31": "-0.69800", "2007-12-31": "-1.15300", "2006-12-31": "-1.56800", "2005-12-31": "-1.57400"}, "Net Change In Intangible Assets": {"2019-12-31": "", "2018-12-31": "", "2017-12-31": "", "2016-12-31": "", "2015-12-31": "", "2014-12-31": "", "2013-12-31": "", "2012-12-31": "", "2011-12-31": "", "2010-12-31": "", "2009-12-31": "", "2008-12-31": "", "2007-12-31": "", "2006-12-31": "", "2005-12-31": ""}, "Net Acquisitions/Divestitures": {"2019-12-31": "", "2018-12-31": "", "2017-12-31": "", "2016-12-31": "-142.85600", "2015-12-31": "", "2014-12-31": "", "2013-12-31": "", "2012-12-31": "", "2011-12-31": "", "2010-12-31": "", "2009-12-31": "", "2008-12-31": "", "2007-12-31": "", "2006-12-31": "", "2005-12-31": ""}, "Net Change In Short-term Investments": {"2019-12-31": "-9.39000", "2018-12-31": "-4.00400", "2017-12-31": "-115.06600", "2016-12-31": "30.64500", "2015-12-31": "-39.17800", "2014-12-31": "-110.56300", "2013-12-31": "-33.13000", "2012-12-31": "0.85100", "2011-12-31": "1.29800", "2010-12-31": "19.31300", "2009-12-31": "16.83900", "2008-12-31": "106.59100", "2007-12-31": "171.51500", "2006-12-31": "27.60300", "2005-12-31": "17.10200"}, "Net Change In Long-Term Investments": {"2019-12-31": "", "2018-12-31": "-8.93600", "2017-12-31": "-123.89100", "2016-12-31": "", "2015-12-31": "-39.82900", "2014-12-31": "", "2013-12-31": "", "2012-12-31": "", "2011-12-31": "", "2010-12-31": "", "2009-12-31": "", "2008-12-31": "", "2007-12-31": "", "2006-12-31": "", "2005-12-31": ""}, "Net Change In Investments - Total": {"2019-12-31": "-9.39000", "2018-12-31": "-12.94000", "2017-12-31": "-238.95700", "2016-12-31": "30.64500", "2015-12-31": "-79.00700", "2014-12-31": "-110.56300", "2013-12-31": "-33.13000", "2012-12-31": "0.85100", "2011-12-31": "1.29800", "2010-12-31": "19.31300", "2009-12-31": "16.83900", "2008-12-31": "106.59100", "2007-12-31": "171.51500", "2006-12-31": "27.60300", "2005-12-31": "17.10200"}, "Investing Activities - Other": {"2019-12-31": "", "2018-12-31": "", "2017-12-31": "", "2016-12-31": "", "2015-12-31": "", "2014-12-31": "", "2013-12-31": "", "2012-12-31": "", "2011-12-31": "", "2010-12-31": "", "2009-12-31": "", "2008-12-31": "", "2007-12-31": "", "2006-12-31": "", "2005-12-31": ""}, "Cash Flow From Investing Activities": {"2019-12-31": "-87.45400", "2018-12-31": "-86.42300", "2017-12-31": "-349.97800", "2016-12-31": "-232.48800", "2015-12-31": "-105.01000", "2014-12-31": "-138.43900", "2013-12-31": "-37.39700", "2012-12-31": "-1.98800", "2011-12-31": "-2.50100", "2010-12-31": "15.20400", "2009-12-31": "16.45200", "2008-12-31": "105.89300", "2007-12-31": "170.36200", "2006-12-31": "26.03500", "2005-12-31": "15.52800"}, "Net Long-Term Debt": {"2019-12-31": "-0.82200", "2018-12-31": "", "2017-12-31": "", "2016-12-31": "", "2015-12-31": "", "2014-12-31": "", "2013-12-31": "228.70200", "2012-12-31": "", "2011-12-31": "", "2010-12-31": "-158.64400", "2009-12-31": "164.08000", "2008-12-31": "", "2007-12-31": "10.00000", "2006-12-31": "30.29100", "2005-12-31": "-35.83700"}, "Net Current Debt": {"2019-12-31": "", "2018-12-31": "", "2017-12-31": "", "2016-12-31": "", "2015-12-31": "", "2014-12-31": "", "2013-12-31": "", "2012-12-31": "", "2011-12-31": "", "2010-12-31": "", "2009-12-31": "", "2008-12-31": "", "2007-12-31": "", "2006-12-31": "", "2005-12-31": ""}, "Debt Issuance/Retirement Net - Total": {"2019-12-31": "-0.82200", "2018-12-31": "", "2017-12-31": "", "2016-12-31": "", "2015-12-31": "", "2014-12-31": "", "2013-12-31": "228.70200", "2012-12-31": "", "2011-12-31": "", "2010-12-31": "-158.64400", "2009-12-31": "164.08000", "2008-12-31": "", "2007-12-31": "10.00000", "2006-12-31": "30.29100", "2005-12-31": "-35.83700"}, "Net Common Equity Issued/Repurchased": {"2019-12-31": "63.29900", "2018-12-31": "29.94200", "2017-12-31": "716.15100", "2016-12-31": "49.97300", "2015-12-31": "86.43600", "2014-12-31": "92.84400", "2013-12-31": "73.15700", "2012-12-31": "47.71100", "2011-12-31": "19.46800", "2010-12-31": "13.59000", "2009-12-31": "134.39700", "2008-12-31": "104.88000", "2007-12-31": "2.32500", "2006-12-31": "1.40800", "2005-12-31": "1.48900"}, "Net Total Equity Issued/Repurchased": {"2019-12-31": "63.29900", "2018-12-31": "29.94200", "2017-12-31": "716.15100", "2016-12-31": "49.97300", "2015-12-31": "86.43600", "2014-12-31": "92.84400", "2013-12-31": "73.15700", "2012-12-31": "47.71100", "2011-12-31": "19.46800", "2010-12-31": "13.59000", "2009-12-31": "134.39700", "2008-12-31": "104.88000", "2007-12-31": "2.32500", "2006-12-31": "1.40800", "2005-12-31": "1.48900"}, "Total Common And Preferred Stock Dividends Paid": {"2019-12-31": "", "2018-12-31": "", "2017-12-31": "", "2016-12-31": "", "2015-12-31": "", "2014-12-31": "", "2013-12-31": "", "2012-12-31": "", "2011-12-31": "", "2010-12-31": "", "2009-12-31": "", "2008-12-31": "", "2007-12-31": "", "2006-12-31": "", "2005-12-31": ""}, "Financial Activities - Other": {"2019-12-31": "-16.76600", "2018-12-31": "-15.28500", "2017-12-31": "-25.94100", "2016-12-31": "-5.35100", "2015-12-31": "-1.69200", "2014-12-31": "0.21300", "2013-12-31": "-26.27000", "2012-12-31": "", "2011-12-31": "", "2010-12-31": "", "2009-12-31": "-56.22300", "2008-12-31": "", "2007-12-31": "", "2006-12-31": "", "2005-12-31": ""}, "Cash Flow From Financial Activities": {"2019-12-31": "45.71100", "2018-12-31": "14.65700", "2017-12-31": "690.21000", "2016-12-31": "44.62200", "2015-12-31": "84.74400", "2014-12-31": "93.05700", "2013-12-31": "275.58900", "2012-12-31": "47.71100", "2011-12-31": "19.46800", "2010-12-31": "-145.05400", "2009-12-31": "242.25400", "2008-12-31": "104.88000", "2007-12-31": "12.32500", "2006-12-31": "31.69900", "2005-12-31": "-34.34800"}, "Net Cash Flow": {"2019-12-31": "668.72100", "2018-12-31": "264.55200", "2017-12-31": "247.20500", "2016-12-31": "116.88100", "2015-12-31": "69.14200", "2014-12-31": "-19.13200", "2013-12-31": "247.37200", "2012-12-31": "-49.10700", "2011-12-31": "-144.74800", "2010-12-31": "-31.91200", "2009-12-31": "271.05700", "2008-12-31": "69.91300", "2007-12-31": "89.99300", "2006-12-31": "7.36700", "2005-12-31": "-120.68600"}, "Stock-Based Compensation": {"2019-12-31": "166.58900", "2018-12-31": "148.15300", "2017-12-31": "133.05500", "2016-12-31": "96.20100", "2015-12-31": "69.87200", "2014-12-31": "62.15600", "2013-12-31": "38.39800", "2012-12-31": "38.49300", "2011-12-31": "28.98300", "2010-12-31": "14.85600", "2009-12-31": "9.98000", "2008-12-31": "15.02600", "2007-12-31": "10.05900", "2006-12-31": "0.01800", "2005-12-31": "0.07500"}, "Common Stock Dividends Paid": {"2019-12-31": "", "2018-12-31": "", "2017-12-31": "", "2016-12-31": "", "2015-12-31": "", "2014-12-31": "", "2013-12-31": "", "2012-12-31": "", "2011-12-31": "", "2010-12-31": "", "2009-12-31": "", "2008-12-31": "", "2007-12-31": "", "2006-12-31": "", "2005-12-31": ""}}, "cash flow statement, quarterly": {"Net Income/Loss": {"2020-09-30": -15.203, "2020-06-30": 290.298, "2020-03-31": "-720.64200", "2019-12-31": 111.005, "2019-09-30": 128.271, "2019-06-30": 105.318, "2019-03-31": "102.31200", "2018-12-31": 69.063, "2018-09-30": 29.176, "2018-06-30": 52.394, "2018-03-31": "-41.14000", "2017-12-31": -149.629, "2017-09-30": 36.054, "2017-06-30": -12.484, "2017-03-31": "-187.08300", "2016-12-31": 8.873, "2016-09-30": 36.877, "2016-06-30": 34.425, "2016-03-31": "24.04700", "2015-12-31": 55.176, "2015-09-30": -39.582, "2015-06-30": 9.296, "2015-03-31": "-18.35900", "2014-12-31": -36.943, "2014-09-30": 59.292, "2014-06-30": -36.873, "2014-03-31": "-33.95700", "2013-12-31": -42.871, "2013-09-30": -22.036, "2013-06-30": -2.571, "2013-03-31": "-15.66900", "2012-12-31": 18.779, "2012-09-30": -21.71, "2012-06-30": 4.037, "2012-03-31": "-45.42600", "2011-12-31": -55.079, "2011-09-30": -53.078, "2011-06-30": -51.871, "2011-03-31": "-26.51200", "2010-12-31": 32.541, "2010-09-30": -31.702, "2010-06-30": 3.044, "2010-03-31": "-35.72900", "2009-12-31": -88.442, "2009-09-30": -43.357, "2009-06-30": -40.035, "2009-03-31": "-40.03600", "2008-12-31": -48.405, "2008-09-30": -44.794, "2008-06-30": -45.564, "2008-03-31": "-40.15700", "2007-12-31": -21.801, "2007-09-30": -24.494, "2007-06-30": -18.439, "2007-03-31": "-22.14700", "2006-12-31": -20.503, "2006-09-30": -15.837, "2006-06-30": -20.52, "2006-03-31": "-17.30600", "2005-12-31": -27.556, "2005-09-30": -30.211, "2005-06-30": -25.145, "2005-03-31": "-20.13100"}, "Total Depreciation And Amortization - Cash Flow": {"2020-09-30": 12.949, "2020-06-30": 12.594, "2020-03-31": "13.09800", "2019-12-31": 13.345, "2019-09-30": 13.862, "2019-06-30": 13.435, "2019-03-31": "13.89100", "2018-12-31": 14.226, "2018-09-30": 13.818, "2018-06-30": 13.501, "2018-03-31": "13.42400", "2017-12-31": 12.859, "2017-09-30": 11.94, "2017-06-30": 12.352, "2017-03-31": "15.02700", "2016-12-31": 17.566, "2016-09-30": 16.951, "2016-06-30": 12.85, "2016-03-31": "11.05800", "2015-12-31": 10.604, "2015-09-30": 11.178, "2015-06-30": 11.266, "2015-03-31": "11.83500", "2014-12-31": 12.221, "2014-09-30": 9.871, "2014-06-30": 9.698, "2014-03-31": "9.62300", "2013-12-31": 8.852, "2013-09-30": 4.568, "2013-06-30": 8.053, "2013-03-31": "7.73400", "2012-12-31": 7.765, "2012-09-30": 7.576, "2012-06-30": 7.404, "2012-03-31": "7.23400", "2011-12-31": 7.042, "2011-09-30": 6.871, "2011-06-30": 6.647, "2011-03-31": "6.43000", "2010-12-31": 6.826, "2010-09-30": 5.378, "2010-06-30": 5.885, "2010-03-31": "6.39600", "2009-12-31": 7.272, "2009-09-30": 4.273, "2009-06-30": 2.636, "2009-03-31": "2.50900", "2008-12-31": 3.261, "2008-09-30": 3.25, "2008-06-30": 3.272, "2008-03-31": "3.28800", "2007-12-31": 3.25, "2007-09-30": 3.253, "2007-06-30": 3.261, "2007-03-31": "3.19900", "2006-12-31": 3.271, "2006-09-30": 1.302, "2006-06-30": 1.229, "2006-03-31": "1.60900", "2005-12-31": 1.676, "2005-09-30": 3.955, "2005-06-30": 0.708, "2005-03-31": "1.85300"}, "Other Non-Cash Items": {"2020-09-30": 64.247, "2020-06-30": -11.495, "2020-03-31": "97.41700", "2019-12-31": 29.143, "2019-09-30": 44.43, "2019-06-30": 51.971, "2019-03-31": "26.37800", "2018-12-31": 66.597, "2018-09-30": 52.756, "2018-06-30": 78.634, "2018-03-31": "20.31700", "2017-12-31": 65.392, "2017-09-30": 7.611, "2017-06-30": 61.218, "2017-03-31": "97.98400", "2016-12-31": 58.647, "2016-09-30": 10.312, "2016-06-30": 24.5, "2016-03-31": "23.89700", "2015-12-31": 19.875, "2015-09-30": 47.063, "2015-06-30": -7.822, "2015-03-31": "13.72500", "2014-12-31": 15.999, "2014-09-30": 15.323, "2014-06-30": 15.478, "2014-03-31": "15.64300", "2013-12-31": 27.763, "2013-09-30": 10.938, "2013-06-30": 19.719, "2013-03-31": "9.18200", "2012-12-31": 8.515, "2012-09-30": 9.583, "2012-06-30": 9.911, "2012-03-31": "9.93200", "2011-12-31": 7.524, "2011-09-30": 7.399, "2011-06-30": 7.32, "2011-03-31": "6.83700", "2010-12-31": 3.824, "2010-09-30": 4.054, "2010-06-30": 3.41, "2010-03-31": "6.99400", "2009-12-31": 36.641, "2009-09-30": 8.689, "2009-06-30": 4.158, "2009-03-31": "3.86900", "2008-12-31": 5.228, "2008-09-30": 3.757, "2008-06-30": 3.027, "2008-03-31": "3.46800", "2007-12-31": -5.737, "2007-09-30": 2.065, "2007-06-30": 2.528, "2007-03-31": "2.31700", "2006-12-31": 1.156, "2006-09-30": 2.069, "2006-06-30": 3.056, "2006-03-31": "-2.91300", "2005-12-31": 1.347, "2005-09-30": 0.272, "2005-06-30": -2.756, "2005-03-31": "0.19300"}, "Total Non-Cash Items": {"2020-09-30": 77.196, "2020-06-30": 1.099, "2020-03-31": "110.51500", "2019-12-31": 42.488, "2019-09-30": 58.292, "2019-06-30": 65.406, "2019-03-31": "40.26900", "2018-12-31": 80.823, "2018-09-30": 66.574, "2018-06-30": 92.135, "2018-03-31": "33.74100", "2017-12-31": 78.251, "2017-09-30": 19.551, "2017-06-30": 73.57, "2017-03-31": "113.01100", "2016-12-31": 76.213, "2016-09-30": 27.263, "2016-06-30": 37.35, "2016-03-31": "34.95500", "2015-12-31": 30.479, "2015-09-30": 58.241, "2015-06-30": 3.444, "2015-03-31": "25.56000", "2014-12-31": 28.22, "2014-09-30": 25.194, "2014-06-30": 25.176, "2014-03-31": "25.26600", "2013-12-31": 36.615, "2013-09-30": 15.506, "2013-06-30": 27.772, "2013-03-31": "16.91600", "2012-12-31": 16.28, "2012-09-30": 17.159, "2012-06-30": 17.315, "2012-03-31": "17.16600", "2011-12-31": 14.566, "2011-09-30": 14.27, "2011-06-30": 13.967, "2011-03-31": "13.26700", "2010-12-31": 10.65, "2010-09-30": 9.432, "2010-06-30": 9.295, "2010-03-31": "13.39000", "2009-12-31": 43.913, "2009-09-30": 12.962, "2009-06-30": 6.794, "2009-03-31": "6.37800", "2008-12-31": 8.489, "2008-09-30": 7.007, "2008-06-30": 6.299, "2008-03-31": "6.75600", "2007-12-31": -2.487, "2007-09-30": 5.318, "2007-06-30": 5.789, "2007-03-31": "5.51600", "2006-12-31": 4.427, "2006-09-30": 3.371, "2006-06-30": 4.285, "2006-03-31": "-1.30400", "2005-12-31": 3.023, "2005-09-30": 4.227, "2005-06-30": -2.048, "2005-03-31": "2.04600"}, "Change In Accounts Receivable": {"2020-09-30": 64.068, "2020-06-30": -77.011, "2020-03-31": "-42.71300", "2019-12-31": -32.693, "2019-09-30": 26.564, "2019-06-30": -58.599, "2019-03-31": "63.51700", "2018-12-31": -59.862, "2018-09-30": 68.574, "2018-06-30": -96.12, "2018-03-31": "46.10900", "2017-12-31": -67.954, "2017-09-30": -28.829, "2017-06-30": 75.459, "2017-03-31": "-96.21700", "2016-12-31": -17.235, "2016-09-30": -3.894, "2016-06-30": -15.988, "2016-03-31": "13.17000", "2015-12-31": -27.484, "2015-09-30": -11.844, "2015-06-30": -5.518, "2015-03-31": "-11.67100", "2014-12-31": 51.666, "2014-09-30": -62.394, "2014-06-30": -0.811, "2014-03-31": "-11.02000", "2013-12-31": -2.177, "2013-09-30": -5.675, "2013-06-30": 0.519, "2013-03-31": "42.91000", "2012-12-31": -54.411, "2012-09-30": -2.699, "2012-06-30": -0.831, "2012-03-31": "-6.59500", "2011-12-31": -3.953, "2011-09-30": -0.086, "2011-06-30": 14.203, "2011-03-31": "-10.87800", "2010-12-31": -0.966, "2010-09-30": 1.625, "2010-06-30": -1.107, "2010-03-31": "158.40800", "2009-12-31": -162.8, "2009-09-30": -0.054, "2009-06-30": -0.068, "2009-03-31": "0.31100", "2008-12-31": -0.171, "2008-09-30": -0.092, "2008-06-30": 0.053, "2008-03-31": "0.71100", "2007-12-31": -0.275, "2007-09-30": -0.009, "2007-06-30": 0.173, "2007-03-31": "0.63300", "2006-12-31": -0.683, "2006-09-30": -0.044, "2006-06-30": 0.238, "2006-03-31": "-0.16100", "2005-12-31": -0.376, "2005-09-30": -0.115, "2005-06-30": 1.616, "2005-03-31": "-0.40400"}, "Change In Inventories": {"2020-09-30": 0.18, "2020-06-30": -3.672, "2020-03-31": "-5.71200", "2019-12-31": -3.187, "2019-09-30": -0.625, "2019-06-30": -1.688, "2019-03-31": "-0.60000", "2018-12-31": 1.013, "2018-09-30": 1.152, "2018-06-30": -0.001, "2018-03-31": "1.87900", "2017-12-31": 0.11, "2017-09-30": 0.279, "2017-06-30": 3.672, "2017-03-31": "0.79000", "2016-12-31": -0.392, "2016-09-30": 2.757, "2016-06-30": 0.93, "2016-03-31": "0.75200", "2015-12-31": 0.928, "2015-09-30": 0.179, "2015-06-30": -1.01, "2015-03-31": "0.00100", "2014-12-31": -1.505, "2014-09-30": -2.071, "2014-06-30": -0.011, "2014-03-31": "-0.50600", "2013-12-31": -0.036, "2013-09-30": -3.764, "2013-06-30": -2.213, "2013-03-31": "-0.57700", "2012-12-31": -3.545, "2012-09-30": -0.876, "2012-06-30": -0.819, "2012-03-31": "0.02300", "2011-12-31": -3.536, "2011-09-30": 0, "2011-06-30": 0, "2011-03-31": "", "2010-12-31": 0, "2010-09-30": 0, "2010-06-30": 0, "2010-03-31": "", "2009-12-31": 0, "2009-09-30": 0, "2009-06-30": 0, "2009-03-31": "", "2008-12-31": 0, "2008-09-30": 0, "2008-06-30": 0, "2008-03-31": "", "2007-12-31": 0, "2007-09-30": 0, "2007-06-30": 0, "2007-03-31": "", "2006-12-31": 0, "2006-09-30": 0, "2006-06-30": 0, "2006-03-31": "", "2005-12-31": 0, "2005-09-30": 0, "2005-06-30": 0, "2005-03-31": ""}, "Change In Accounts Payable": {"2020-09-30": 31.603, "2020-06-30": 29.972, "2020-03-31": "-22.71000", "2019-12-31": -11.729, "2019-09-30": 23.792, "2019-06-30": 1.221, "2019-03-31": "-33.46400", "2018-12-31": 8.349, "2018-09-30": 19.919, "2018-06-30": 1.444, "2018-03-31": "6.44400", "2017-12-31": -2.262, "2017-09-30": 0.84, "2017-06-30": -17.234, "2017-03-31": "10.72800", "2016-12-31": 18.075, "2016-09-30": 16.8, "2016-06-30": 7.069, "2016-03-31": "1.81400", "2015-12-31": 2.719, "2015-09-30": -1.796, "2015-06-30": 2.576, "2015-03-31": "2.12400", "2014-12-31": -2.143, "2014-09-30": -0.646, "2014-06-30": 9.301, "2014-03-31": "-1.15200", "2013-12-31": 0.89, "2013-09-30": 4.741, "2013-06-30": -2.044, "2013-03-31": "1.55400", "2012-12-31": 1.197, "2012-09-30": 1.662, "2012-06-30": -2.072, "2012-03-31": "-1.76500", "2011-12-31": 3.901, "2011-09-30": 2.25, "2011-06-30": 0.997, "2011-03-31": "-2.98200", "2010-12-31": 3.023, "2010-09-30": -1.408, "2010-06-30": -4.146, "2010-03-31": "-7.66000", "2009-12-31": 6.788, "2009-09-30": -1.664, "2009-06-30": 0.756, "2009-03-31": "-0.59500", "2008-12-31": 2.214, "2008-09-30": -0.016, "2008-06-30": 0.253, "2008-03-31": "5.42200", "2007-12-31": 1.385, "2007-09-30": 1.462, "2007-06-30": 0.448, "2007-03-31": "-1.40500", "2006-12-31": 2.212, "2006-09-30": -1.673, "2006-06-30": -0.532, "2006-03-31": "2.33600", "2005-12-31": -0.799, "2005-09-30": 0.189, "2005-06-30": 1.861, "2005-03-31": "0.00100"}, "Change In Assets/Liabilities": {"2020-09-30": 0.279, "2020-06-30": 5.038, "2020-03-31": "-16.70100", "2019-12-31": -4.255, "2019-09-30": 1.645, "2019-06-30": 2.795, "2019-03-31": "5.55900", "2018-12-31": -12.082, "2018-09-30": 2.259, "2018-06-30": -4.667, "2018-03-31": "-18.92200", "2017-12-31": 0.684, "2017-09-30": 1.441, "2017-06-30": -8.398, "2017-03-31": "-25.09400", "2016-12-31": -2.614, "2016-09-30": -9.078, "2016-06-30": -7.007, "2016-03-31": "-6.88200", "2015-12-31": 2.287, "2015-09-30": -6.078, "2015-06-30": -2.074, "2015-03-31": "-3.43100", "2014-12-31": -24.003, "2014-09-30": -2.426, "2014-06-30": -8.811, "2014-03-31": "-8.11700", "2013-12-31": -18.224, "2013-09-30": -17.572, "2013-06-30": -12.427, "2013-03-31": "-17.57600", "2012-12-31": -8.196, "2012-09-30": -25.811, "2012-06-30": -5.332, "2012-03-31": "-13.02800", "2011-12-31": -4.212, "2011-09-30": -18.377, "2011-06-30": -7.393, "2011-03-31": "-16.81200", "2010-12-31": -10.86, "2010-09-30": -15.615, "2010-06-30": -6.602, "2010-03-31": "-18.40800", "2009-12-31": 306.301, "2009-09-30": -0.133, "2009-06-30": 2.533, "2009-03-31": "0.39000", "2008-12-31": -0.005, "2008-09-30": 1.27, "2008-06-30": 0.267, "2008-03-31": "-1.65200", "2007-12-31": -10.206, "2007-09-30": -4.598, "2007-06-30": -6.311, "2007-03-31": "-3.59500", "2006-12-31": -8.423, "2006-09-30": -4.955, "2006-06-30": -4.478, "2006-03-31": "37.83600", "2005-12-31": -1.948, "2005-09-30": -0.358, "2005-06-30": -0.19, "2005-03-31": "1.29500"}, "Total Change In Assets/Liabilities": {"2020-09-30": 120.122, "2020-06-30": -22.015, "2020-03-31": "-73.29000", "2019-12-31": -21.875, "2019-09-30": 83.852, "2019-06-30": -17.764, "2019-03-31": "13.08200", "2018-12-31": -66.048, "2018-09-30": 103.398, "2018-06-30": -112.126, "2018-03-31": "28.23700", "2017-12-31": -17.889, "2017-09-30": -2.482, "2017-06-30": 55.708, "2017-03-31": "-99.56600", "2016-12-31": 9.292, "2016-09-30": 31.131, "2016-06-30": -54.203, "2016-03-31": "38.53300", "2015-12-31": -12.774, "2015-09-30": -10.936, "2015-06-30": 0.65, "2015-03-31": "-11.78700", "2014-12-31": 53.443, "2014-09-30": -56.699, "2014-06-30": -2.86, "2014-03-31": "-23.00300", "2013-12-31": -5.433, "2013-09-30": -5.42, "2013-06-30": -17.12, "2013-03-31": "23.49100", "2012-12-31": -57.067, "2012-09-30": -22.594, "2012-06-30": -12.628, "2012-03-31": "-26.14100", "2011-12-31": 0.734, "2011-09-30": -8.17, "2011-06-30": 7.168, "2011-03-31": "-30.97700", "2010-12-31": -15.788, "2010-09-30": -7.252, "2010-06-30": -15.105, "2010-03-31": "125.16200", "2009-12-31": 163.114, "2009-09-30": -3.445, "2009-06-30": 3.589, "2009-03-31": "-9.07700", "2008-12-31": 7.704, "2008-09-30": -0.961, "2008-06-30": 6.747, "2008-03-31": "-3.98100", "2007-12-31": -3.256, "2007-09-30": -4.852, "2007-06-30": -3.12, "2007-03-31": "-8.72100", "2006-12-31": -6.106, "2006-09-30": -10.281, "2006-06-30": -4.805, "2006-03-31": "34.21200", "2005-12-31": -3.486, "2005-09-30": -1.481, "2005-06-30": 7.078, "2005-03-31": "-8.18800"}, "Cash Flow From Operating Activities": {"2020-09-30": 182.115, "2020-06-30": 269.382, "2020-03-31": "-683.41700", "2019-12-31": 131.618, "2019-09-30": 270.415, "2019-06-30": 152.96, "2019-03-31": "155.66300", "2018-12-31": 83.838, "2018-09-30": 199.148, "2018-06-30": 32.403, "2018-03-31": "20.83800", "2017-12-31": -89.267, "2017-09-30": 53.123, "2017-06-30": 116.794, "2017-03-31": "-173.63800", "2016-12-31": 94.378, "2016-09-30": 95.271, "2016-06-30": 17.572, "2016-03-31": "97.53500", "2015-12-31": 72.881, "2015-09-30": 7.723, "2015-06-30": 13.39, "2015-03-31": "-4.58600", "2014-12-31": 44.72, "2014-09-30": 27.787, "2014-06-30": -14.557, "2014-03-31": "-31.69400", "2013-12-31": -11.689, "2013-09-30": -11.95, "2013-06-30": 8.081, "2013-03-31": "24.73800", "2012-12-31": -22.008, "2012-09-30": -27.145, "2012-06-30": 8.724, "2012-03-31": "-54.40100", "2011-12-31": -39.779, "2011-09-30": -46.978, "2011-06-30": -30.736, "2011-03-31": "-44.22200", "2010-12-31": 27.403, "2010-09-30": -29.522, "2010-06-30": -2.766, "2010-03-31": "102.82300", "2009-12-31": 118.585, "2009-09-30": -33.84, "2009-06-30": -29.652, "2009-03-31": "-42.73500", "2008-12-31": -32.212, "2008-09-30": -38.748, "2008-06-30": -32.518, "2008-03-31": "-37.38200", "2007-12-31": -27.544, "2007-09-30": -24.028, "2007-06-30": -15.77, "2007-03-31": "-25.35200", "2006-12-31": -22.182, "2006-09-30": -22.747, "2006-06-30": -21.04, "2006-03-31": "15.60200", "2005-12-31": -28.019, "2005-09-30": -27.465, "2005-06-30": -20.115, "2005-03-31": "-26.27300"}, "Net Change In Property, Plant, And Equipment": {"2020-09-30": -52.821, "2020-06-30": -43.86, "2020-03-31": "-39.26500", "2019-12-31": -29.315, "2019-09-30": 16.812, "2019-06-30": -47.294, "2019-03-31": "-18.26700", "2018-12-31": -25.281, "2018-09-30": -24.821, "2018-06-30": -10.791, "2018-03-31": "-12.59000", "2017-12-31": -25.251, "2017-09-30": -34.304, "2017-06-30": -30.499, "2017-03-31": "-20.96700", "2016-12-31": -15.872, "2016-09-30": -16.629, "2016-06-30": -82.214, "2016-03-31": "-5.56200", "2015-12-31": -6.896, "2015-09-30": -13.358, "2015-06-30": -2.196, "2015-03-31": "-3.55300", "2014-12-31": -5.855, "2014-09-30": -10.659, "2014-06-30": -8.699, "2014-03-31": "-2.66300", "2013-12-31": -2.031, "2013-09-30": -0.789, "2013-06-30": -0.553, "2013-03-31": "-0.89400", "2012-12-31": -0.93, "2012-09-30": -0.406, "2012-06-30": -1.007, "2012-03-31": "-0.49600", "2011-12-31": -0.992, "2011-09-30": -1.18, "2011-06-30": -1.075, "2011-03-31": "-0.55200", "2010-12-31": -2.739, "2010-09-30": -0.466, "2010-06-30": -0.598, "2010-03-31": "-0.30600", "2009-12-31": -0.074, "2009-09-30": -0.134, "2009-06-30": -0.084, "2009-03-31": "-0.09500", "2008-12-31": -0.366, "2008-09-30": -0.142, "2008-06-30": -0.068, "2008-03-31": "-0.12200", "2007-12-31": -0.692, "2007-09-30": -0.116, "2007-06-30": -0.19, "2007-03-31": "-0.15500", "2006-12-31": -0.999, "2006-09-30": -0.304, "2006-06-30": -0.158, "2006-03-31": "-0.10700", "2005-12-31": -0.395, "2005-09-30": -0.202, "2005-06-30": -0.882, "2005-03-31": "-0.09500"}, "Net Change In Intangible Assets": {"2020-09-30": 0, "2020-06-30": 0, "2020-03-31": "", "2019-12-31": 0, "2019-09-30": 0, "2019-06-30": 0, "2019-03-31": "", "2018-12-31": 0, "2018-09-30": 0, "2018-06-30": 0, "2018-03-31": "", "2017-12-31": 0, "2017-09-30": 0, "2017-06-30": 0, "2017-03-31": "", "2016-12-31": 0, "2016-09-30": 0, "2016-06-30": 0, "2016-03-31": "", "2015-12-31": 0, "2015-09-30": 0, "2015-06-30": 0, "2015-03-31": "", "2014-12-31": 0, "2014-09-30": 0, "2014-06-30": 0, "2014-03-31": "", "2013-12-31": 0, "2013-09-30": 0, "2013-06-30": 0, "2013-03-31": "", "2012-12-31": 0, "2012-09-30": 0, "2012-06-30": 0, "2012-03-31": "", "2011-12-31": 0, "2011-09-30": 0, "2011-06-30": 0, "2011-03-31": "", "2010-12-31": 0, "2010-09-30": 0, "2010-06-30": 0, "2010-03-31": "", "2009-12-31": 0, "2009-09-30": 0, "2009-06-30": 0, "2009-03-31": "", "2008-12-31": 0, "2008-09-30": 0, "2008-06-30": 0, "2008-03-31": "", "2007-12-31": 0, "2007-09-30": 0, "2007-06-30": 0, "2007-03-31": "", "2006-12-31": 0, "2006-09-30": 0, "2006-06-30": 0, "2006-03-31": "", "2005-12-31": 0, "2005-09-30": 0, "2005-06-30": 0, "2005-03-31": ""}, "Net Acquisitions/Divestitures": {"2020-09-30": 0, "2020-06-30": 0, "2020-03-31": "", "2019-12-31": 0, "2019-09-30": 0, "2019-06-30": 0, "2019-03-31": "", "2018-12-31": 0, "2018-09-30": 0, "2018-06-30": 0, "2018-03-31": "", "2017-12-31": 0, "2017-09-30": 0, "2017-06-30": 0, "2017-03-31": "", "2016-12-31": 0.109, "2016-09-30": 1.88, "2016-06-30": -144.845, "2016-03-31": "", "2015-12-31": 0, "2015-09-30": 0, "2015-06-30": 0, "2015-03-31": "", "2014-12-31": 0, "2014-09-30": 0, "2014-06-30": 0, "2014-03-31": "", "2013-12-31": 0, "2013-09-30": 0, "2013-06-30": 0, "2013-03-31": "", "2012-12-31": 0, "2012-09-30": 0, "2012-06-30": 0, "2012-03-31": "", "2011-12-31": 0, "2011-09-30": 0, "2011-06-30": 0, "2011-03-31": "", "2010-12-31": 0, "2010-09-30": 0, "2010-06-30": 0, "2010-03-31": "", "2009-12-31": 0, "2009-09-30": 0, "2009-06-30": 0, "2009-03-31": "", "2008-12-31": 0, "2008-09-30": 0, "2008-06-30": 0, "2008-03-31": "", "2007-12-31": 0, "2007-09-30": 0, "2007-06-30": 0, "2007-03-31": "", "2006-12-31": 0, "2006-09-30": 0, "2006-06-30": 0, "2006-03-31": "", "2005-12-31": -0.059, "2005-09-30": 0, "2005-06-30": 0, "2005-03-31": "0.05900"}, "Net Change In Short-term Investments": {"2020-09-30": 25.654, "2020-06-30": -3.934, "2020-03-31": "26.17300", "2019-12-31": -0.713, "2019-09-30": -4.528, "2019-06-30": 2.147, "2019-03-31": "-6.29600", "2018-12-31": -10.816, "2018-09-30": 6.945, "2018-06-30": 6.868, "2018-03-31": "-7.00100", "2017-12-31": -117.751, "2017-09-30": 3.465, "2017-06-30": -6.819, "2017-03-31": "6.03900", "2016-12-31": -20.249, "2016-09-30": 4.797, "2016-06-30": 11.778, "2016-03-31": "34.31900", "2015-12-31": 2.367, "2015-09-30": -1.857, "2015-06-30": -24.495, "2015-03-31": "-15.19300", "2014-12-31": 2.337, "2014-09-30": -48.032, "2014-06-30": -19.844, "2014-03-31": "-45.02400", "2013-12-31": -17.903, "2013-09-30": -0.214, "2013-06-30": -15.149, "2013-03-31": "0.13600", "2012-12-31": 0.43, "2012-09-30": 0.157, "2012-06-30": 0.097, "2012-03-31": "0.16700", "2011-12-31": -0.147, "2011-09-30": 0.339, "2011-06-30": 0.53, "2011-03-31": "0.57600", "2010-12-31": 0.898, "2010-09-30": 1.321, "2010-06-30": 10.272, "2010-03-31": "6.82200", "2009-12-31": 3.516, "2009-09-30": 6.129, "2009-06-30": 4.033, "2009-03-31": "3.16100", "2008-12-31": 3.211, "2008-09-30": 9.514, "2008-06-30": 2.995, "2008-03-31": "90.87100", "2007-12-31": 30.149, "2007-09-30": 85.764, "2007-06-30": 28.753, "2007-03-31": "26.84900", "2006-12-31": 17.306, "2006-09-30": -8.896, "2006-06-30": 7.616, "2006-03-31": "11.57700", "2005-12-31": -9.781, "2005-09-30": 46.993, "2005-06-30": -19.029, "2005-03-31": "-1.08100"}, "Net Change In Long-Term Investments": {"2020-09-30": 12.714, "2020-06-30": 4.536, "2020-03-31": "-95.46800", "2019-12-31": 0, "2019-09-30": 0, "2019-06-30": 0, "2019-03-31": "", "2018-12-31": 0, "2018-09-30": 0, "2018-06-30": 0.001, "2018-03-31": "-8.93700", "2017-12-31": 0, "2017-09-30": 0, "2017-06-30": 0, "2017-03-31": "-123.89100", "2016-12-31": 0, "2016-09-30": 0, "2016-06-30": 0, "2016-03-31": "", "2015-12-31": 0, "2015-09-30": 0, "2015-06-30": 0, "2015-03-31": "-39.82900", "2014-12-31": 0, "2014-09-30": 0, "2014-06-30": 0, "2014-03-31": "", "2013-12-31": 0, "2013-09-30": 0, "2013-06-30": 0, "2013-03-31": "", "2012-12-31": 0, "2012-09-30": 0, "2012-06-30": 0, "2012-03-31": "", "2011-12-31": 0, "2011-09-30": 0, "2011-06-30": 0, "2011-03-31": "", "2010-12-31": 0, "2010-09-30": 0, "2010-06-30": 0, "2010-03-31": "", "2009-12-31": 0, "2009-09-30": 0, "2009-06-30": 0, "2009-03-31": "", "2008-12-31": 0, "2008-09-30": 0, "2008-06-30": 0, "2008-03-31": "", "2007-12-31": 0, "2007-09-30": 0, "2007-06-30": 0, "2007-03-31": "", "2006-12-31": 0, "2006-09-30": 0, "2006-06-30": 0, "2006-03-31": "", "2005-12-31": 0, "2005-09-30": 0, "2005-06-30": 0, "2005-03-31": ""}, "Net Change In Investments - Total": {"2020-09-30": 38.368, "2020-06-30": 0.602, "2020-03-31": "-69.29500", "2019-12-31": -0.713, "2019-09-30": -4.528, "2019-06-30": 2.147, "2019-03-31": "-6.29600", "2018-12-31": -10.816, "2018-09-30": 6.945, "2018-06-30": 6.869, "2018-03-31": "-15.93800", "2017-12-31": -117.751, "2017-09-30": 3.465, "2017-06-30": -6.819, "2017-03-31": "-117.85200", "2016-12-31": -20.249, "2016-09-30": 4.797, "2016-06-30": 11.778, "2016-03-31": "34.31900", "2015-12-31": 2.367, "2015-09-30": -1.857, "2015-06-30": -24.495, "2015-03-31": "-55.02200", "2014-12-31": 2.337, "2014-09-30": -48.032, "2014-06-30": -19.844, "2014-03-31": "-45.02400", "2013-12-31": -17.903, "2013-09-30": -0.214, "2013-06-30": -15.149, "2013-03-31": "0.13600", "2012-12-31": 0.43, "2012-09-30": 0.157, "2012-06-30": 0.097, "2012-03-31": "0.16700", "2011-12-31": -0.147, "2011-09-30": 0.339, "2011-06-30": 0.53, "2011-03-31": "0.57600", "2010-12-31": 0.898, "2010-09-30": 1.321, "2010-06-30": 10.272, "2010-03-31": "6.82200", "2009-12-31": 3.516, "2009-09-30": 6.129, "2009-06-30": 4.033, "2009-03-31": "3.16100", "2008-12-31": 3.211, "2008-09-30": 9.514, "2008-06-30": 2.995, "2008-03-31": "90.87100", "2007-12-31": 30.149, "2007-09-30": 85.764, "2007-06-30": 28.753, "2007-03-31": "26.84900", "2006-12-31": 17.306, "2006-09-30": -8.896, "2006-06-30": 7.616, "2006-03-31": "11.57700", "2005-12-31": -9.781, "2005-09-30": 46.993, "2005-06-30": -19.029, "2005-03-31": "-1.08100"}, "Investing Activities - Other": {"2020-09-30": 0, "2020-06-30": 0, "2020-03-31": "", "2019-12-31": 0, "2019-09-30": 0, "2019-06-30": 0, "2019-03-31": "", "2018-12-31": 0, "2018-09-30": 0, "2018-06-30": 0, "2018-03-31": "", "2017-12-31": 0, "2017-09-30": 0, "2017-06-30": 0, "2017-03-31": "", "2016-12-31": 0, "2016-09-30": 0, "2016-06-30": 0, "2016-03-31": "", "2015-12-31": 0, "2015-09-30": 0, "2015-06-30": 0, "2015-03-31": "", "2014-12-31": 0, "2014-09-30": 0, "2014-06-30": 0, "2014-03-31": "", "2013-12-31": 0, "2013-09-30": 0, "2013-06-30": 0, "2013-03-31": "", "2012-12-31": 0, "2012-09-30": 0, "2012-06-30": 0, "2012-03-31": "", "2011-12-31": 0, "2011-09-30": 0, "2011-06-30": 0, "2011-03-31": "", "2010-12-31": 0, "2010-09-30": 0, "2010-06-30": 0, "2010-03-31": "", "2009-12-31": 0, "2009-09-30": 0, "2009-06-30": 0, "2009-03-31": "", "2008-12-31": 0, "2008-09-30": 0, "2008-06-30": 0, "2008-03-31": "", "2007-12-31": 0, "2007-09-30": 0, "2007-06-30": 0, "2007-03-31": "", "2006-12-31": 0, "2006-09-30": 0, "2006-06-30": 0, "2006-03-31": "", "2005-12-31": 0, "2005-09-30": 0, "2005-06-30": 0, "2005-03-31": ""}, "Cash Flow From Investing Activities": {"2020-09-30": -14.453, "2020-06-30": -43.258, "2020-03-31": "-108.56000", "2019-12-31": -30.028, "2019-09-30": 12.284, "2019-06-30": -45.147, "2019-03-31": "-24.56300", "2018-12-31": -36.097, "2018-09-30": -17.876, "2018-06-30": -3.922, "2018-03-31": "-28.52800", "2017-12-31": -143.002, "2017-09-30": -30.839, "2017-06-30": -37.318, "2017-03-31": "-138.81900", "2016-12-31": -36.012, "2016-09-30": -9.952, "2016-06-30": -215.281, "2016-03-31": "28.75700", "2015-12-31": -4.529, "2015-09-30": -15.215, "2015-06-30": -26.691, "2015-03-31": "-58.57500", "2014-12-31": -3.518, "2014-09-30": -58.691, "2014-06-30": -28.543, "2014-03-31": "-47.68700", "2013-12-31": -19.934, "2013-09-30": -1.003, "2013-06-30": -15.702, "2013-03-31": "-0.75800", "2012-12-31": -0.5, "2012-09-30": -0.249, "2012-06-30": -0.91, "2012-03-31": "-0.32900", "2011-12-31": -1.139, "2011-09-30": -0.841, "2011-06-30": -0.545, "2011-03-31": "0.02400", "2010-12-31": -1.841, "2010-09-30": 0.855, "2010-06-30": 9.674, "2010-03-31": "6.51600", "2009-12-31": 3.442, "2009-09-30": 5.995, "2009-06-30": 3.949, "2009-03-31": "3.06600", "2008-12-31": 2.845, "2008-09-30": 9.372, "2008-06-30": 2.927, "2008-03-31": "90.74900", "2007-12-31": 29.457, "2007-09-30": 85.648, "2007-06-30": 28.563, "2007-03-31": "26.69400", "2006-12-31": 16.307, "2006-09-30": -9.2, "2006-06-30": 7.458, "2006-03-31": "11.47000", "2005-12-31": -10.235, "2005-09-30": 46.791, "2005-06-30": -19.911, "2005-03-31": "-1.11700"}, "Net Long-Term Debt": {"2020-09-30": -0.232, "2020-06-30": -0.2, "2020-03-31": "-0.18700", "2019-12-31": -0.196, "2019-09-30": -0.217, "2019-06-30": -0.214, "2019-03-31": "-0.19500", "2018-12-31": 0, "2018-09-30": 0, "2018-06-30": 0, "2018-03-31": "", "2017-12-31": 0, "2017-09-30": 0, "2017-06-30": 0, "2017-03-31": "", "2016-12-31": 0, "2016-09-30": 0, "2016-06-30": 0, "2016-03-31": "", "2015-12-31": 0, "2015-09-30": 0, "2015-06-30": 0, "2015-03-31": "", "2014-12-31": 0, "2014-09-30": 0, "2014-06-30": 0, "2014-03-31": "", "2013-12-31": 228.702, "2013-09-30": 0, "2013-06-30": 0, "2013-03-31": "", "2012-12-31": 0, "2012-09-30": 0, "2012-06-30": 0, "2012-03-31": "", "2011-12-31": 0, "2011-09-30": 0, "2011-06-30": 0, "2011-03-31": "", "2010-12-31": 0, "2010-09-30": 0, "2010-06-30": 0, "2010-03-31": "-158.64400", "2009-12-31": -40.1, "2009-09-30": 204.18, "2009-06-30": 0, "2009-03-31": "", "2008-12-31": 0, "2008-09-30": 0, "2008-06-30": 0, "2008-03-31": "", "2007-12-31": 10, "2007-09-30": 0, "2007-06-30": 0, "2007-03-31": "", "2006-12-31": -91.616, "2006-09-30": 111.907, "2006-06-30": 0, "2006-03-31": "10.00000", "2005-12-31": -35.837, "2005-09-30": 0, "2005-06-30": 0, "2005-03-31": ""}, "Net Current Debt": {"2020-09-30": 0, "2020-06-30": 0, "2020-03-31": "", "2019-12-31": 0, "2019-09-30": 0, "2019-06-30": 0, "2019-03-31": "", "2018-12-31": 0, "2018-09-30": 0, "2018-06-30": 0, "2018-03-31": "", "2017-12-31": 0, "2017-09-30": 0, "2017-06-30": 0, "2017-03-31": "", "2016-12-31": 0, "2016-09-30": 0, "2016-06-30": 0, "2016-03-31": "", "2015-12-31": 0, "2015-09-30": 0, "2015-06-30": 0, "2015-03-31": "", "2014-12-31": 0, "2014-09-30": 0, "2014-06-30": 0, "2014-03-31": "", "2013-12-31": 0, "2013-09-30": 0, "2013-06-30": 0, "2013-03-31": "", "2012-12-31": 0, "2012-09-30": 0, "2012-06-30": 0, "2012-03-31": "", "2011-12-31": 0, "2011-09-30": 0, "2011-06-30": 0, "2011-03-31": "", "2010-12-31": 0, "2010-09-30": 0, "2010-06-30": 0, "2010-03-31": "", "2009-12-31": 0, "2009-09-30": 0, "2009-06-30": 0, "2009-03-31": "", "2008-12-31": 0, "2008-09-30": 0, "2008-06-30": 0, "2008-03-31": "", "2007-12-31": 0, "2007-09-30": 0, "2007-06-30": 0, "2007-03-31": "", "2006-12-31": 0, "2006-09-30": 0, "2006-06-30": 0, "2006-03-31": "", "2005-12-31": 35.838, "2005-09-30": -7.388, "2005-06-30": -28.45, "2005-03-31": ""}, "Debt Issuance/Retirement Net - Total": {"2020-09-30": -0.232, "2020-06-30": -0.2, "2020-03-31": "-0.18700", "2019-12-31": -0.196, "2019-09-30": -0.217, "2019-06-30": -0.214, "2019-03-31": "-0.19500", "2018-12-31": 0, "2018-09-30": 0, "2018-06-30": 0, "2018-03-31": "", "2017-12-31": 0, "2017-09-30": 0, "2017-06-30": 0, "2017-03-31": "", "2016-12-31": 0, "2016-09-30": 0, "2016-06-30": 0, "2016-03-31": "", "2015-12-31": 0, "2015-09-30": 0, "2015-06-30": 0, "2015-03-31": "", "2014-12-31": 0, "2014-09-30": 0, "2014-06-30": 0, "2014-03-31": "", "2013-12-31": 228.702, "2013-09-30": 0, "2013-06-30": 0, "2013-03-31": "", "2012-12-31": 0, "2012-09-30": 0, "2012-06-30": 0, "2012-03-31": "", "2011-12-31": 0, "2011-09-30": 0, "2011-06-30": 0, "2011-03-31": "", "2010-12-31": 0, "2010-09-30": 0, "2010-06-30": 0, "2010-03-31": "-158.64400", "2009-12-31": -40.1, "2009-09-30": 204.18, "2009-06-30": 0, "2009-03-31": "", "2008-12-31": 0, "2008-09-30": 0, "2008-06-30": 0, "2008-03-31": "", "2007-12-31": 10, "2007-09-30": 0, "2007-06-30": 0, "2007-03-31": "", "2006-12-31": -91.616, "2006-09-30": 111.907, "2006-06-30": 0, "2006-03-31": "10.00000", "2005-12-31": 0.001, "2005-09-30": -7.388, "2005-06-30": -28.45, "2005-03-31": ""}, "Net Common Equity Issued/Repurchased": {"2020-09-30": 7.783, "2020-06-30": 69.194, "2020-03-31": "14.61900", "2019-12-31": 29.516, "2019-09-30": 3.111, "2019-06-30": 15.191, "2019-03-31": "15.48100", "2018-12-31": 9.462, "2018-09-30": 2.437, "2018-06-30": 15.448, "2018-03-31": "2.59500", "2017-12-31": 8.21, "2017-09-30": 658.48, "2017-06-30": 15.725, "2017-03-31": "33.73600", "2016-12-31": 17.505, "2016-09-30": 8.363, "2016-06-30": 13.886, "2016-03-31": "10.21900", "2015-12-31": 9.565, "2015-09-30": 13.913, "2015-06-30": 33.778, "2015-03-31": "29.18000", "2014-12-31": 28.693, "2014-09-30": 6.539, "2014-06-30": 12.779, "2014-03-31": "44.83300", "2013-12-31": 17.236, "2013-09-30": 28.364, "2013-06-30": 9.78, "2013-03-31": "17.77700", "2012-12-31": 7.482, "2012-09-30": 8.914, "2012-06-30": 17.894, "2012-03-31": "13.42100", "2011-12-31": 1.754, "2011-09-30": 1.073, "2011-06-30": 12.512, "2011-03-31": "4.12900", "2010-12-31": 3.546, "2010-09-30": 3.383, "2010-06-30": 2.434, "2010-03-31": "4.22700", "2009-12-31": 0.482, "2009-09-30": 133.021, "2009-06-30": 0.894, "2009-03-31": "", "2008-12-31": 0.537, "2008-09-30": 102.261, "2008-06-30": 1.562, "2008-03-31": "0.52000", "2007-12-31": 1.312, "2007-09-30": 0.074, "2007-06-30": 0.844, "2007-03-31": "0.09500", "2006-12-31": 0.431, "2006-09-30": 0.023, "2006-06-30": 0.716, "2006-03-31": "0.23800", "2005-12-31": 0.536, "2005-09-30": 0.086, "2005-06-30": 0.819, "2005-03-31": "0.04800"}, "Net Total Equity Issued/Repurchased": {"2020-09-30": 7.783, "2020-06-30": 69.194, "2020-03-31": "14.61900", "2019-12-31": 29.516, "2019-09-30": 3.111, "2019-06-30": 15.191, "2019-03-31": "15.48100", "2018-12-31": 9.462, "2018-09-30": 2.437, "2018-06-30": 15.448, "2018-03-31": "2.59500", "2017-12-31": 8.21, "2017-09-30": 658.48, "2017-06-30": 15.725, "2017-03-31": "33.73600", "2016-12-31": 17.505, "2016-09-30": 8.363, "2016-06-30": 13.886, "2016-03-31": "10.21900", "2015-12-31": 9.565, "2015-09-30": 13.913, "2015-06-30": 33.778, "2015-03-31": "29.18000", "2014-12-31": 28.693, "2014-09-30": 6.539, "2014-06-30": 12.779, "2014-03-31": "44.83300", "2013-12-31": 17.236, "2013-09-30": 28.364, "2013-06-30": 9.78, "2013-03-31": "17.77700", "2012-12-31": 7.482, "2012-09-30": 8.914, "2012-06-30": 17.894, "2012-03-31": "13.42100", "2011-12-31": 1.754, "2011-09-30": 1.073, "2011-06-30": 12.512, "2011-03-31": "4.12900", "2010-12-31": 3.546, "2010-09-30": 3.383, "2010-06-30": 2.434, "2010-03-31": "4.22700", "2009-12-31": 0.482, "2009-09-30": 133.021, "2009-06-30": 0.894, "2009-03-31": "", "2008-12-31": 0.537, "2008-09-30": 102.261, "2008-06-30": 1.562, "2008-03-31": "0.52000", "2007-12-31": 1.312, "2007-09-30": 0.074, "2007-06-30": 0.844, "2007-03-31": "0.09500", "2006-12-31": 0.431, "2006-09-30": 0.023, "2006-06-30": 0.716, "2006-03-31": "0.23800", "2005-12-31": 0.536, "2005-09-30": 0.086, "2005-06-30": 0.819, "2005-03-31": "0.04800"}, "Total Common And Preferred Stock Dividends Paid": {"2020-09-30": 0, "2020-06-30": 0, "2020-03-31": "", "2019-12-31": 0, "2019-09-30": 0, "2019-06-30": 0, "2019-03-31": "", "2018-12-31": 0, "2018-09-30": 0, "2018-06-30": 0, "2018-03-31": "", "2017-12-31": 0, "2017-09-30": 0, "2017-06-30": 0, "2017-03-31": "", "2016-12-31": 0, "2016-09-30": 0, "2016-06-30": 0, "2016-03-31": "", "2015-12-31": 0, "2015-09-30": 0, "2015-06-30": 0, "2015-03-31": "", "2014-12-31": 0, "2014-09-30": 0, "2014-06-30": 0, "2014-03-31": "", "2013-12-31": 0, "2013-09-30": 0, "2013-06-30": 0, "2013-03-31": "", "2012-12-31": 0, "2012-09-30": 0, "2012-06-30": 0, "2012-03-31": "", "2011-12-31": 0, "2011-09-30": 0, "2011-06-30": 0, "2011-03-31": "", "2010-12-31": 0, "2010-09-30": 0, "2010-06-30": 0, "2010-03-31": "", "2009-12-31": 0, "2009-09-30": 0, "2009-06-30": 0, "2009-03-31": "", "2008-12-31": 0, "2008-09-30": 0, "2008-06-30": 0, "2008-03-31": "", "2007-12-31": 0, "2007-09-30": 0, "2007-06-30": 0, "2007-03-31": "", "2006-12-31": 0, "2006-09-30": 0, "2006-06-30": 0, "2006-03-31": "", "2005-12-31": 0, "2005-09-30": 0, "2005-06-30": 0, "2005-03-31": ""}, "Financial Activities - Other": {"2020-09-30": -6.62, "2020-06-30": -12.587, "2020-03-31": "-11.93300", "2019-12-31": 0, "2019-09-30": 0, "2019-06-30": -5.967, "2019-03-31": "-10.79900", "2018-12-31": -5.399, "2018-09-30": 0, "2018-06-30": -9.886, "2018-03-31": "", "2017-12-31": -4.486, "2017-09-30": -4.486, "2017-06-30": -5.193, "2017-03-31": "-11.77600", "2016-12-31": -17.656, "2016-09-30": -1.237, "2016-06-30": 13.877, "2016-03-31": "-0.33500", "2015-12-31": -2.279, "2015-09-30": -0.301, "2015-06-30": -2.618, "2015-03-31": "3.50600", "2014-12-31": 0.404, "2014-09-30": 0.105, "2014-06-30": 0, "2014-03-31": "-0.29600", "2013-12-31": -15.008, "2013-09-30": -1.491, "2013-06-30": -9.771, "2013-03-31": "", "2012-12-31": 0, "2012-09-30": 0, "2012-06-30": 0, "2012-03-31": "", "2011-12-31": 0, "2011-09-30": 0, "2011-06-30": 0, "2011-03-31": "", "2010-12-31": 0, "2010-09-30": 0, "2010-06-30": 0, "2010-03-31": "", "2009-12-31": -0.056, "2009-09-30": -56.167, "2009-06-30": 0, "2009-03-31": "", "2008-12-31": 0, "2008-09-30": 0, "2008-06-30": 0, "2008-03-31": "", "2007-12-31": 0, "2007-09-30": 0, "2007-06-30": 0, "2007-03-31": "", "2006-12-31": 0, "2006-09-30": 0, "2006-06-30": 0, "2006-03-31": "", "2005-12-31": 0, "2005-09-30": 0, "2005-06-30": 0, "2005-03-31": ""}, "Cash Flow From Financial Activities": {"2020-09-30": 0.931, "2020-06-30": 56.407, "2020-03-31": "2.49900", "2019-12-31": 29.32, "2019-09-30": 2.894, "2019-06-30": 9.01, "2019-03-31": "4.48700", "2018-12-31": 4.063, "2018-09-30": 2.437, "2018-06-30": 5.562, "2018-03-31": "2.59500", "2017-12-31": 3.724, "2017-09-30": 653.994, "2017-06-30": 10.532, "2017-03-31": "21.96000", "2016-12-31": -0.151, "2016-09-30": 7.126, "2016-06-30": 27.763, "2016-03-31": "9.88400", "2015-12-31": 7.286, "2015-09-30": 13.612, "2015-06-30": 31.16, "2015-03-31": "32.68600", "2014-12-31": 29.097, "2014-09-30": 6.644, "2014-06-30": 12.779, "2014-03-31": "44.53700", "2013-12-31": 230.93, "2013-09-30": 26.873, "2013-06-30": 0.009, "2013-03-31": "17.77700", "2012-12-31": 7.482, "2012-09-30": 8.914, "2012-06-30": 17.894, "2012-03-31": "13.42100", "2011-12-31": 1.754, "2011-09-30": 1.073, "2011-06-30": 12.512, "2011-03-31": "4.12900", "2010-12-31": 3.546, "2010-09-30": 3.383, "2010-06-30": 2.434, "2010-03-31": "-154.41700", "2009-12-31": -39.674, "2009-09-30": 281.034, "2009-06-30": 0.894, "2009-03-31": "", "2008-12-31": 0.537, "2008-09-30": 102.261, "2008-06-30": 1.562, "2008-03-31": "0.52000", "2007-12-31": 11.312, "2007-09-30": 0.074, "2007-06-30": 0.844, "2007-03-31": "0.09500", "2006-12-31": -91.185, "2006-09-30": 111.93, "2006-06-30": 0.716, "2006-03-31": "10.23800", "2005-12-31": 0.537, "2005-09-30": -7.302, "2005-06-30": -27.631, "2005-03-31": "0.04800"}, "Net Cash Flow": {"2020-09-30": 171.125, "2020-06-30": 283.524, "2020-03-31": "-787.91800", "2019-12-31": 130.689, "2019-09-30": 285.78, "2019-06-30": 116.539, "2019-03-31": "135.71300", "2018-12-31": 51.798, "2018-09-30": 183.671, "2018-06-30": 34.143, "2018-03-31": "-5.06000", "2017-12-31": -228.538, "2017-09-30": 676.275, "2017-06-30": 89.972, "2017-03-31": "-290.50400", "2016-12-31": 58.221, "2016-09-30": 92.445, "2016-06-30": -169.961, "2016-03-31": "136.17600", "2015-12-31": 75.638, "2015-09-30": 6.12, "2015-06-30": 17.859, "2015-03-31": "-30.47500", "2014-12-31": 70.293, "2014-09-30": -24.26, "2014-06-30": -30.321, "2014-03-31": "-34.84400", "2013-12-31": 199.307, "2013-09-30": 13.92, "2013-06-30": -7.612, "2013-03-31": "41.75700", "2012-12-31": -15.026, "2012-09-30": -18.48, "2012-06-30": 25.708, "2012-03-31": "-41.30900", "2011-12-31": -39.164, "2011-09-30": -46.746, "2011-06-30": -18.769, "2011-03-31": "-40.06900", "2010-12-31": 29.108, "2010-09-30": -25.284, "2010-06-30": 9.342, "2010-03-31": "-45.07800", "2009-12-31": 82.346, "2009-09-30": 253.189, "2009-06-30": -24.809, "2009-03-31": "-39.66900", "2008-12-31": -28.83, "2008-09-30": 72.885, "2008-06-30": -28.029, "2008-03-31": "53.88700", "2007-12-31": 13.225, "2007-09-30": 61.694, "2007-06-30": 13.637, "2007-03-31": "1.43700", "2006-12-31": -97.06, "2006-09-30": 79.983, "2006-06-30": -12.866, "2006-03-31": "37.31000", "2005-12-31": -37.703, "2005-09-30": 12.02, "2005-06-30": -67.659, "2005-03-31": "-27.34400"}, "Stock-Based Compensation": {"2020-09-30": 43.8, "2020-06-30": 46.303, "2020-03-31": "42.51300", "2019-12-31": 42.023, "2019-09-30": 43.359, "2019-06-30": 40.615, "2019-03-31": "40.59200", "2018-12-31": 37.323, "2018-09-30": 38.001, "2018-06-30": 36.605, "2018-03-31": "36.22400", "2017-12-31": 33.768, "2017-09-30": 34.929, "2017-06-30": 33.745, "2017-03-31": "30.61300", "2016-12-31": 27.603, "2016-09-30": 26.527, "2016-06-30": 21.302, "2016-03-31": "20.76900", "2015-12-31": 17.097, "2015-09-30": 17.625, "2015-06-30": 17.592, "2015-03-31": "17.55800", "2014-12-31": 15.903, "2014-09-30": 15.428, "2014-06-30": 15.478, "2014-03-31": "15.34700", "2013-12-31": 9.821, "2013-09-30": 9.447, "2013-06-30": 9.933, "2013-03-31": "9.19700", "2012-12-31": 9.067, "2012-09-30": 9.583, "2012-06-30": 9.911, "2012-03-31": "9.93200", "2011-12-31": 7.447, "2011-09-30": 7.399, "2011-06-30": 7.191, "2011-03-31": "6.94600", "2010-12-31": 4.121, "2010-09-30": 4.059, "2010-06-30": 3.555, "2010-03-31": "3.12100", "2009-12-31": 1.927, "2009-09-30": 2.196, "2009-06-30": 2.497, "2009-03-31": "3.36000", "2008-12-31": 3.879, "2008-09-30": 3.857, "2008-06-30": 3.945, "2008-03-31": "3.34500", "2007-12-31": 2.617, "2007-09-30": 2.631, "2007-06-30": 2.601, "2007-03-31": "2.21000", "2006-12-31": 0, "2006-09-30": 0, "2006-06-30": 0, "2006-03-31": "0.01800", "2005-12-31": 0.057, "2005-09-30": 0, "2005-06-30": 0, "2005-03-31": "0.01800"}, "Common Stock Dividends Paid": {"2020-09-30": 0, "2020-06-30": 0, "2020-03-31": "", "2019-12-31": 0, "2019-09-30": 0, "2019-06-30": 0, "2019-03-31": "", "2018-12-31": 0, "2018-09-30": 0, "2018-06-30": 0, "2018-03-31": "", "2017-12-31": 0, "2017-09-30": 0, "2017-06-30": 0, "2017-03-31": "", "2016-12-31": 0, "2016-09-30": 0, "2016-06-30": 0, "2016-03-31": "", "2015-12-31": 0, "2015-09-30": 0, "2015-06-30": 0, "2015-03-31": "", "2014-12-31": 0, "2014-09-30": 0, "2014-06-30": 0, "2014-03-31": "", "2013-12-31": 0, "2013-09-30": 0, "2013-06-30": 0, "2013-03-31": "", "2012-12-31": 0, "2012-09-30": 0, "2012-06-30": 0, "2012-03-31": "", "2011-12-31": 0, "2011-09-30": 0, "2011-06-30": 0, "2011-03-31": "", "2010-12-31": 0, "2010-09-30": 0, "2010-06-30": 0, "2010-03-31": "", "2009-12-31": 0, "2009-09-30": 0, "2009-06-30": 0, "2009-03-31": "", "2008-12-31": 0, "2008-09-30": 0, "2008-06-30": 0, "2008-03-31": "", "2007-12-31": 0, "2007-09-30": 0, "2007-06-30": 0, "2007-03-31": "", "2006-12-31": 0, "2006-09-30": 0, "2006-06-30": 0, "2006-03-31": "", "2005-12-31": 0, "2005-09-30": 0, "2005-06-30": 0, "2005-03-31": ""}}, "financial ratios": {"Current Ratio": {"2019-12-31": "4.83400", "2018-12-31": "4.30840", "2017-12-31": "4.00870", "2016-12-31": "3.63500", "2015-12-31": "5.01390", "2014-12-31": "3.07410", "2013-12-31": "5.14430", "2012-12-31": "2.27460", "2011-12-31": "2.29160", "2010-12-31": "4.01020", "2009-12-31": "4.93920", "2008-12-31": "4.08240", "2007-12-31": "7.22540", "2006-12-31": "6.64290", "2005-12-31": "12.70690"}, "Long-term Debt / Capital": {"2019-12-31": "0.01210", "2018-12-31": "0.00900", "2017-12-31": "0.01010", "2016-12-31": "0.60830", "2015-12-31": "0.78360", "2014-12-31": "1.16060", "2013-12-31": "1.41220", "2012-12-31": "2.12070", "2011-12-31": "3.54930", "2010-12-31": "1.43290", "2009-12-31": "1.30050", "2008-12-31": "2.25840", "2007-12-31": "1.70260", "2006-12-31": "1.29670", "2005-12-31": "1.06020"}, "Debt/Equity Ratio": {"2019-12-31": "0.01960", "2018-12-31": "0.00910", "2017-12-31": "0.01470", "2016-12-31": "1.55310", "2015-12-31": "3.62180", "2014-12-31": "-8.27130", "2013-12-31": "-3.42590", "2012-12-31": "-1.89230", "2011-12-31": "-1.39230", "2010-12-31": "-3.31020", "2009-12-31": "-4.32820", "2008-12-31": "-1.79460", "2007-12-31": "-2.42330", "2006-12-31": "-4.37060", "2005-12-31": "-17.62450"}, "Gross Margin": {"2019-12-31": "94.70770", "2018-12-31": "94.99850", "2017-12-31": "94.82630", "2016-12-31": "94.73760", "2015-12-31": "96.42160", "2014-12-31": "99.41270", "2013-12-31": "99.82250", "2012-12-31": "99.94710", "2011-12-31": "100.00000", "2010-12-31": "100.00000", "2009-12-31": "100.00000", "2008-12-31": "100.00000", "2007-12-31": "100.00000", "2006-12-31": "100.00000", "2005-12-31": "100.00000"}, "Operating Margin": {"2019-12-31": "18.62210", "2018-12-31": "6.86670", "2017-12-31": "-15.84330", "2016-12-31": "13.11350", "2015-12-31": "6.71990", "2014-12-31": "-0.93920", "2013-12-31": "-4.53650", "2012-12-31": "0.38640", "2011-12-31": "-151.58860", "2010-12-31": "8.27010", "2009-12-31": "-1508.55900", "2008-12-31": "-4064.53100", "2007-12-31": "-247.61900", "2006-12-31": "-278.05960", "2005-12-31": "-1284.52700"}, "EBIT Margin": {"2019-12-31": "18.62210", "2018-12-31": "6.86670", "2017-12-31": "-15.84330", "2016-12-31": "13.11350", "2015-12-31": "6.71990", "2014-12-31": "-0.93920", "2013-12-31": "-4.53650", "2012-12-31": "0.38640", "2011-12-31": "-151.58860", "2010-12-31": "8.27010", "2009-12-31": "-1508.55900", "2008-12-31": "-4064.53100", "2007-12-31": "-247.61900", "2006-12-31": "-278.05960", "2005-12-31": "-1284.52700"}, "EBITDA Margin": {"2019-12-31": "21.14820", "2018-12-31": "9.78760", "2017-12-31": "-12.44680", "2016-12-31": "18.39730", "2015-12-31": "12.67450", "2014-12-31": "7.15730", "2013-12-31": "3.69210", "2012-12-31": "10.47840", "2011-12-31": "-123.01410", "2010-12-31": "22.68330", "2009-12-31": "-1328.41900", "2008-12-31": "-3731.00200", "2007-12-31": "-209.97970", "2006-12-31": "-251.24990", "2005-12-31": "-1180.11700"}, "Pre-Tax Profit Margin": {"2019-12-31": "22.54960", "2018-12-31": "6.12930", "2017-12-31": "-20.32850", "2016-12-31": "9.71350", "2015-12-31": "1.00250", "2014-12-31": "-9.49120", "2013-12-31": "-23.34100", "2012-12-31": "-14.86100", "2011-12-31": "-197.49090", "2010-12-31": "-18.74640", "2009-12-31": "-2286.77800", "2008-12-31": "-4565.45000", "2007-12-31": "-252.26770", "2006-12-31": "-268.29940", "2005-12-31": "-1324.35600"}, "Net Profit Margin": {"2019-12-31": "20.70200", "2018-12-31": "5.81830", "2017-12-31": "-20.38400", "2016-12-31": "9.42570", "2015-12-31": "0.86650", "2014-12-31": "-9.47830", "2013-12-31": "-23.42520", "2012-12-31": "-14.91960", "2011-12-31": "-197.49090", "2010-12-31": "-18.74640", "2009-12-31": "-2286.77800", "2008-12-31": "-4565.45000", "2007-12-31": "-252.26770", "2006-12-31": "-268.29940", "2005-12-31": "-1313.31900"}, "Asset Turnover": {"2019-12-31": "0.63000", "2018-12-31": "0.71130", "2017-12-31": "0.66720", "2016-12-31": "0.67480", "2015-12-31": "0.74820", "2014-12-31": "0.64220", "2013-12-31": "0.56380", "2012-12-31": "0.89900", "2011-12-31": "0.28710", "2010-12-31": "0.34700", "2009-12-31": "0.01300", "2008-12-31": "0.01690", "2007-12-31": "0.12490", "2006-12-31": "0.07820", "2005-12-31": "0.02100"}, "Inventory Turnover Ratio": {"2019-12-31": "10.02180", "2018-12-31": "13.50980", "2017-12-31": "12.26150", "2016-12-31": "14.17120", "2015-12-31": "15.12730", "2014-12-31": "8.39110", "2013-12-31": "1.55170", "2012-12-31": "0.56470", "2011-12-31": "", "2010-12-31": "", "2009-12-31": "", "2008-12-31": "", "2007-12-31": "", "2006-12-31": "", "2005-12-31": ""}, "Receiveable Turnover": {"2019-12-31": "6.99060", "2018-12-31": "6.11800", "2017-12-31": "5.76880", "2016-12-31": "7.43300", "2015-12-31": "6.58590", "2014-12-31": "8.82910", "2013-12-31": "10.03410", "2012-12-31": "4.18680", "2011-12-31": "14.72410", "2010-12-31": "29.79790", "2009-12-31": "0.05660", "2008-12-31": "3.73240", "2007-12-31": "22.20500", "2006-12-31": "13.33480", "2005-12-31": "5.51370"}, "Days Sales In Receivables": {"2019-12-31": "52.21300", "2018-12-31": "59.66010", "2017-12-31": "63.27180", "2016-12-31": "49.10530", "2015-12-31": "55.42180", "2014-12-31": "41.34070", "2013-12-31": "36.37590", "2012-12-31": "87.17840", "2011-12-31": "24.78930", "2010-12-31": "12.24920", "2009-12-31": "6447.51900", "2008-12-31": "97.79280", "2007-12-31": "16.43770", "2006-12-31": "27.37200", "2005-12-31": "66.19870"}, "ROE - Return On Equity": {"2019-12-31": "17.19920", "2018-12-31": "5.68510", "2017-12-31": "-19.20380", "2016-12-31": "24.84630", "2015-12-31": "3.81580", "2014-12-31": "59.39270", "2013-12-31": "43.05720", "2012-12-31": "25.33190", "2011-12-31": "82.14840", "2010-12-31": "35.92570", "2009-12-31": "206.93680", "2008-12-31": "81.05100", "2007-12-31": "54.46510", "2006-12-31": "87.34860", "2005-12-31": "532.85050"}, "Return On Tangible Equity": {"2019-12-31": "19.87150", "2018-12-31": "7.04130", "2017-12-31": "-25.29140", "2016-12-31": "1916.89900", "2015-12-31": "3.81580", "2014-12-31": "59.39260", "2013-12-31": "43.05730", "2012-12-31": "25.33190", "2011-12-31": "79.27950", "2010-12-31": "32.14300", "2009-12-31": "182.23340", "2008-12-31": "79.48860", "2007-12-31": "52.35060", "2006-12-31": "79.21770", "2005-12-31": "338.32080"}, "ROA - Return On Assets": {"2019-12-31": "13.04170", "2018-12-31": "4.13840", "2017-12-31": "-13.59960", "2016-12-31": "6.36040", "2015-12-31": "0.64830", "2014-12-31": "-6.08690", "2013-12-31": "-13.20700", "2012-12-31": "-13.41330", "2011-12-31": "-56.70560", "2010-12-31": "-6.50470", "2009-12-31": "-29.74070", "2008-12-31": "-76.99190", "2007-12-31": "-31.51350", "2006-12-31": "-20.97440", "2005-12-31": "-27.62760"}, "ROI - Return On Investment": {"2019-12-31": "16.99050", "2018-12-31": "5.63410", "2017-12-31": "-19.01010", "2016-12-31": "9.73180", "2015-12-31": "0.82560", "2014-12-31": "-9.53690", "2013-12-31": "-17.74910", "2012-12-31": "-28.38860", "2011-12-31": "-209.41670", "2010-12-31": "-15.55070", "2009-12-31": "-62.17680", "2008-12-31": "-101.99690", "2007-12-31": "-38.26700", "2006-12-31": "-25.91450", "2005-12-31": "-32.05220"}, "Book Value Per Share": {"2019-12-31": "12.01980", "2018-12-31": "9.03050", "2017-12-31": "7.71850", "2016-12-31": "2.22120", "2015-12-31": "0.91700", "2014-12-31": "-0.47770", "2013-12-31": "-1.18480", "2012-12-31": "-1.31090", "2011-12-31": "-1.79550", "2010-12-31": "-0.71900", "2009-12-31": "-0.86110", "2008-12-31": "-2.26780", "2007-12-31": "-1.88700", "2006-12-31": "-1.01110", "2005-12-31": "-0.23200"}, "Operating Cash Flow Per Share": {"2019-12-31": 1.7058, "2018-12-31": 2.0137, "2017-12-31": -2.0244, "2016-12-31": 1.0926, "2015-12-31": 0.321, "2014-12-31": 0.0944, "2013-12-31": 0.7928, "2012-12-31": 0.5591, "2011-12-31": -2.0952, "2010-12-31": 0.6852, "2009-12-31": 1.6889, "2008-12-31": -0.4678, "2007-12-31": -0.5001, "2006-12-31": 0.6216, "2005-12-31": -1.2226}, "Free Cash Flow Per Share": {"2019-12-31": 1.6879, "2018-12-31": 2.2157, "2017-12-31": -1.9475, "2016-12-31": 0.6118, "2015-12-31": 0.3481, "2014-12-31": -0.0427, "2013-12-31": 0.7859, "2012-12-31": 0.5675, "2011-12-31": -2.0917, "2010-12-31": 0.6551, "2009-12-31": 1.6929, "2008-12-31": -0.4618, "2007-12-31": -0.495, "2006-12-31": 0.6217, "2005-12-31": -1.2415}}, "financial ratios, quarterly": {"Current Ratio": {"2020-09-30": "3.56220", "2020-06-30": "3.73330", "2020-03-31": "3.40910", "2019-12-31": "4.83400", "2019-09-30": "5.02420", "2019-06-30": "5.60770", "2019-03-31": "5.22480", "2018-12-31": "4.30840", "2018-09-30": "4.02460", "2018-06-30": "4.33980", "2018-03-31": "3.85640", "2017-12-31": "4.00870", "2017-09-30": "4.81760", "2017-06-30": "2.88170", "2017-03-31": "2.68830", "2016-12-31": "3.63500", "2016-09-30": "3.68600", "2016-06-30": "3.98080", "2016-03-31": "4.67050", "2015-12-31": "5.01390", "2015-09-30": "4.86390", "2015-06-30": "3.80830", "2015-03-31": "3.06810", "2014-12-31": "3.07410", "2014-09-30": "5.31540", "2014-06-30": "5.12800", "2014-03-31": "5.43430", "2013-12-31": "5.14430", "2013-09-30": "3.04790", "2013-06-30": "3.04370", "2013-03-31": "2.54870", "2012-12-31": "2.27460", "2012-09-30": "2.02500", "2012-06-30": "2.10520", "2012-03-31": "1.94070", "2011-12-31": "2.29160", "2011-09-30": "2.86400", "2011-06-30": "3.54150", "2011-03-31": "3.86600", "2010-12-31": "4.01020", "2010-09-30": "3.59550", "2010-06-30": "4.06780", "2010-03-31": "3.82220", "2009-12-31": "4.93920", "2009-09-30": "9.09430", "2009-06-30": "3.21600", "2009-03-31": "3.92810", "2008-12-31": "4.08240", "2008-09-30": "6.29650", "2008-06-30": "4.65910", "2008-03-31": "6.63460", "2007-12-31": "7.22540", "2007-09-30": "8.15480", "2007-06-30": "7.54900", "2007-03-31": "7.57680", "2006-12-31": "6.64290", "2006-09-30": "3.15810", "2006-06-30": "2.10120", "2006-03-31": "2.34550", "2005-12-31": "12.70690", "2005-09-30": "13.59120", "2005-06-30": "15.08740", "2005-03-31": "21.14100"}, "Long-term Debt / Capital": {"2020-09-30": "0.01360", "2020-06-30": "0.01340", "2020-03-31": "0.01620", "2019-12-31": "0.01210", "2019-09-30": "0.02010", "2019-06-30": "0.02160", "2019-03-31": "0.00840", "2018-12-31": "0.00900", "2018-09-30": "0.00950", "2018-06-30": "0.00970", "2018-03-31": "0.01020", "2017-12-31": "0.01010", "2017-09-30": "0.01330", "2017-06-30": "0.02230", "2017-03-31": "0.04130", "2016-12-31": "0.60830", "2016-09-30": "0.63490", "2016-06-30": "0.68150", "2016-03-31": "0.73370", "2015-12-31": "0.78360", "2015-09-30": "0.87550", "2015-06-30": "0.91790", "2015-03-31": "1.07280", "2014-12-31": "1.16060", "2014-09-30": "1.15140", "2014-06-30": "1.34040", "2014-03-31": "1.32300", "2013-12-31": "1.41220", "2013-09-30": "0.86670", "2013-06-30": "1.14170", "2013-03-31": "1.93990", "2012-12-31": "2.12070", "2012-09-30": "3.09810", "2012-06-30": "3.14100", "2012-03-31": "4.90310", "2011-12-31": "3.54930", "2011-09-30": "2.40050", "2011-06-30": "1.81000", "2011-03-31": "1.53340", "2010-12-31": "1.43290", "2010-09-30": "1.80990", "2010-06-30": "1.58850", "2010-03-31": "1.70070", "2009-12-31": "1.30050", "2009-09-30": "1.46780", "2009-06-30": "3.65430", "2009-03-31": "2.80910", "2008-12-31": "2.25840", "2008-09-30": "1.82000", "2008-06-30": "2.53940", "2008-03-31": "2.02710", "2007-12-31": "1.70260", "2007-09-30": "1.59940", "2007-06-30": "1.46790", "2007-03-31": "1.38880", "2006-12-31": "1.29670", "2006-09-30": "1.21840", "2006-06-30": "1.27060", "2006-03-31": "1.17240", "2005-12-31": "1.06020", "2005-09-30": "0.98980", "2005-06-30": "0.91190", "2005-03-31": "0.86350"}, "Debt/Equity Ratio": {"2020-09-30": "0.01950", "2020-06-30": "0.02200", "2020-03-31": "0.02650", "2019-12-31": "0.01960", "2019-09-30": "0.02090", "2019-06-30": "0.02240", "2019-03-31": "0.00850", "2018-12-31": "0.00910", "2018-09-30": "0.01380", "2018-06-30": "0.01420", "2018-03-31": "0.01490", "2017-12-31": "0.01470", "2017-09-30": "0.01350", "2017-06-30": "0.02280", "2017-03-31": "0.04310", "2016-12-31": "1.55310", "2016-09-30": "1.73910", "2016-06-30": "2.13920", "2016-03-31": "2.75590", "2015-12-31": "3.62180", "2015-09-30": "7.03130", "2015-06-30": "11.96150", "2015-03-31": "-16.84370", "2014-12-31": "-8.27130", "2014-09-30": "-7.60470", "2014-06-30": "-3.93760", "2014-03-31": "-4.09560", "2013-12-31": "-3.42590", "2013-09-30": "6.49980", "2013-06-30": "-8.05500", "2013-03-31": "-2.06400", "2012-12-31": "-1.89230", "2012-09-30": "-1.52130", "2012-06-30": "-1.51160", "2012-03-31": "-1.29460", "2011-12-31": "-1.39230", "2011-09-30": "-1.71400", "2011-06-30": "-2.23460", "2011-03-31": "-2.87480", "2010-12-31": "-3.31020", "2010-09-30": "-2.23470", "2010-06-30": "-2.69920", "2010-03-31": "-2.42720", "2009-12-31": "-4.32820", "2009-09-30": "-3.13770", "2009-06-30": "-1.37670", "2009-03-31": "-1.55280", "2008-12-31": "-1.79460", "2008-09-30": "-2.21960", "2008-06-30": "-1.64960", "2008-03-31": "-1.97360", "2007-12-31": "-2.42330", "2007-09-30": "-2.66840", "2007-06-30": "-3.13730", "2007-03-31": "-3.57210", "2006-12-31": "-4.37060", "2006-09-30": "-6.96500", "2006-06-30": "-6.37140", "2006-03-31": "-9.23020", "2005-12-31": "-17.62450", "2005-09-30": "97.27430", "2005-06-30": "10.35540", "2005-03-31": "6.32530"}, "Gross Margin": {"2020-09-30": "94.46990", "2020-06-30": "95.15090", "2020-03-31": "95.19460", "2019-12-31": "94.43980", "2019-09-30": "94.55380", "2019-06-30": "94.45100", "2019-03-31": "95.46300", "2018-12-31": "95.01020", "2018-09-30": "94.48610", "2018-06-30": "95.23390", "2018-03-31": "95.26370", "2017-12-31": "94.96600", "2017-09-30": "94.22440", "2017-06-30": "93.79370", "2017-03-31": "96.14040", "2016-12-31": "93.99380", "2016-09-30": "92.50190", "2016-06-30": "94.97870", "2016-03-31": "97.72080", "2015-12-31": "96.02100", "2015-09-30": "95.71450", "2015-06-30": "96.16280", "2015-03-31": "98.13280", "2014-12-31": "98.04150", "2014-09-30": "99.88850", "2014-06-30": "99.81220", "2014-03-31": "99.81290", "2013-12-31": "99.82700", "2013-09-30": "99.81790", "2013-06-30": "99.84560", "2013-03-31": "99.78900", "2012-12-31": "99.91300", "2012-09-30": "99.94880", "2012-06-30": "99.98150", "2012-03-31": "99.96960", "2011-12-31": "100.00000", "2011-09-30": "100.00000", "2011-06-30": "100.00000", "2011-03-31": "100.00000", "2010-12-31": "100.00000", "2010-09-30": "100.00000", "2010-06-30": "100.00000", "2010-03-31": "100.00000", "2009-12-31": "100.00000", "2009-09-30": "100.00000", "2009-06-30": "100.00000", "2009-03-31": "100.00000", "2008-12-31": "100.00000", "2008-09-30": "100.00000", "2008-06-30": "100.00000", "2008-03-31": "100.00000", "2007-12-31": "100.00000", "2007-09-30": "100.00000", "2007-06-30": "100.00000", "2007-03-31": "100.00000", "2006-12-31": "100.00000", "2006-09-30": "100.00000", "2006-06-30": "100.00000", "2006-03-31": "100.00000", "2005-12-31": "100.00000", "2005-09-30": "100.00000", "2005-06-30": "100.00000", "2005-03-31": "100.00000"}, "Operating Margin": {"2020-09-30": "0.85810", "2020-06-30": "33.54050", "2020-03-31": "-116.79780", "2019-12-31": "16.39800", "2019-09-30": "24.35110", "2019-06-30": "18.60840", "2019-03-31": "14.87780", "2018-12-31": "15.51380", "2018-09-30": "6.92020", "2018-06-30": "15.96100", "2018-03-31": "-17.55510", "2017-12-31": "-29.81340", "2017-09-30": "3.93650", "2017-06-30": "2.22370", "2017-03-31": "-34.69230", "2016-12-31": "12.88770", "2016-09-30": "8.27260", "2016-06-30": "18.10440", "2016-03-31": "13.67890", "2015-12-31": "26.68550", "2015-09-30": "-0.05380", "2015-06-30": "-4.53660", "2015-03-31": "-4.35410", "2014-12-31": "-20.66970", "2014-09-30": "35.29850", "2014-06-30": "-26.29690", "2014-03-31": "-25.54240", "2013-12-31": "-16.62790", "2013-09-30": "-15.48700", "2013-06-30": "17.03370", "2013-03-31": "-5.76420", "2012-12-31": "26.57540", "2012-09-30": "-16.75920", "2012-06-30": "17.58570", "2012-03-31": "-94.49680", "2011-12-31": "-152.79170", "2011-09-30": "-250.88790", "2011-06-30": "-244.56600", "2011-03-31": "-49.49490", "2010-12-31": "49.27280", "2010-09-30": "-130.72550", "2010-06-30": "27.33160", "2010-03-31": "-114.70380", "2009-12-31": "-600.36430", "2009-09-30": "-3361.34200", "2009-06-30": "-4149.30200", "2009-03-31": "-5103.72600", "2008-12-31": "-4553.68200", "2008-09-30": "-3750.51900", "2008-06-30": "-6629.15300", "2008-03-31": "-2763.96400", "2007-12-31": "-281.32690", "2007-09-30": "-319.50670", "2007-06-30": "-153.05410", "2007-03-31": "-273.28210", "2006-12-31": "-277.22180", "2006-09-30": "-216.79970", "2006-06-30": "-279.79580", "2006-03-31": "-346.00150", "2005-12-31": "-2589.48400", "2005-09-30": "-2372.72000", "2005-06-30": "-1011.21100", "2005-03-31": "-617.25560"}, "EBIT Margin": {"2020-09-30": "0.85810", "2020-06-30": "33.54050", "2020-03-31": "-116.79780", "2019-12-31": "16.39800", "2019-09-30": "24.35110", "2019-06-30": "18.60840", "2019-03-31": "14.87780", "2018-12-31": "15.51380", "2018-09-30": "6.92020", "2018-06-30": "15.96100", "2018-03-31": "-17.55510", "2017-12-31": "-29.81340", "2017-09-30": "3.93650", "2017-06-30": "2.22370", "2017-03-31": "-34.69230", "2016-12-31": "12.88770", "2016-09-30": "8.27260", "2016-06-30": "18.10440", "2016-03-31": "13.67890", "2015-12-31": "26.68550", "2015-09-30": "-0.05380", "2015-06-30": "-4.53660", "2015-03-31": "-4.35410", "2014-12-31": "-20.66970", "2014-09-30": "35.29850", "2014-06-30": "-26.29690", "2014-03-31": "-25.54240", "2013-12-31": "-16.62790", "2013-09-30": "-15.48700", "2013-06-30": "17.03370", "2013-03-31": "-5.76420", "2012-12-31": "26.57540", "2012-09-30": "-16.75920", "2012-06-30": "17.58570", "2012-03-31": "-94.49680", "2011-12-31": "-152.79170", "2011-09-30": "-250.88790", "2011-06-30": "-244.56600", "2011-03-31": "-49.49490", "2010-12-31": "49.27280", "2010-09-30": "-130.72550", "2010-06-30": "27.33160", "2010-03-31": "-114.70380", "2009-12-31": "-600.36430", "2009-09-30": "-3361.34200", "2009-06-30": "-4149.30200", "2009-03-31": "-5103.72600", "2008-12-31": "-4553.68200", "2008-09-30": "-3750.51900", "2008-06-30": "-6629.15300", "2008-03-31": "-2763.96400", "2007-12-31": "-281.32690", "2007-09-30": "-319.50670", "2007-06-30": "-153.05410", "2007-03-31": "-273.28210", "2006-12-31": "-277.22180", "2006-09-30": "-216.79970", "2006-06-30": "-279.79580", "2006-03-31": "-346.00150", "2005-12-31": "-2589.48400", "2005-09-30": "-2372.72000", "2005-06-30": "-1011.21100", "2005-03-31": "-617.25560"}, "EBITDA Margin": {"2020-09-30": "", "2020-06-30": "", "2020-03-31": "", "2019-12-31": "", "2019-09-30": "", "2019-06-30": "", "2019-03-31": "", "2018-12-31": "", "2018-09-30": "", "2018-06-30": "", "2018-03-31": "", "2017-12-31": "", "2017-09-30": "", "2017-06-30": "", "2017-03-31": "", "2016-12-31": "", "2016-09-30": "", "2016-06-30": "", "2016-03-31": "", "2015-12-31": "", "2015-09-30": "", "2015-06-30": "", "2015-03-31": "", "2014-12-31": "", "2014-09-30": "", "2014-06-30": "", "2014-03-31": "", "2013-12-31": "", "2013-09-30": "", "2013-06-30": "", "2013-03-31": "", "2012-12-31": "", "2012-09-30": "", "2012-06-30": "", "2012-03-31": "", "2011-12-31": "", "2011-09-30": "", "2011-06-30": "", "2011-03-31": "", "2010-12-31": "", "2010-09-30": "", "2010-06-30": "", "2010-03-31": "", "2009-12-31": "", "2009-09-30": "", "2009-06-30": "", "2009-03-31": "", "2008-12-31": "", "2008-09-30": "", "2008-06-30": "", "2008-03-31": "", "2007-12-31": "", "2007-09-30": "", "2007-06-30": "", "2007-03-31": "", "2006-12-31": "", "2006-09-30": "", "2006-06-30": "", "2006-03-31": "", "2005-12-31": "", "2005-09-30": "", "2005-06-30": "", "2005-03-31": ""}, "Pre-Tax Profit Margin": {"2020-09-30": "-0.56520", "2020-06-30": "44.65770", "2020-03-31": "-123.84650", "2019-12-31": "21.74770", "2019-09-30": "26.83540", "2019-06-30": "20.50660", "2019-03-31": "20.90900", "2018-12-31": "13.38320", "2018-09-30": "6.88840", "2018-06-30": "10.35600", "2018-03-31": "-10.55610", "2017-12-31": "-33.38400", "2017-09-30": "11.36310", "2017-06-30": "-2.87460", "2017-03-31": "-51.54710", "2016-12-31": "2.89280", "2016-09-30": "14.21390", "2016-06-30": "14.29630", "2016-03-31": "9.27910", "2015-12-31": "22.83530", "2015-09-30": "-21.09310", "2015-06-30": "5.78580", "2015-03-31": "-11.29620", "2014-12-31": "-30.00710", "2014-09-30": "29.96010", "2014-06-30": "-36.95750", "2014-03-31": "-37.76280", "2013-12-31": "-44.02300", "2013-09-30": "-25.83090", "2013-06-30": "-2.45880", "2013-03-31": "-21.98460", "2012-12-31": "16.56620", "2012-09-30": "-35.84610", "2012-06-30": "4.74220", "2012-03-31": "-125.55900", "2011-12-31": "-190.66080", "2011-09-30": "-316.27930", "2011-06-30": "-308.54790", "2011-03-31": "-82.92000", "2010-12-31": "37.89410", "2010-09-30": "-191.79110", "2010-06-30": "6.77070", "2010-03-31": "-204.77790", "2009-12-31": "-1288.11600", "2009-09-30": "-4617.35900", "2009-06-30": "-5074.14500", "2009-03-31": "-5966.61700", "2008-12-31": "-5166.06000", "2008-09-30": "-4221.86700", "2008-06-30": "-7420.68400", "2008-03-31": "-3072.45600", "2007-12-31": "-223.55420", "2007-09-30": "-366.12850", "2007-06-30": "-174.34760", "2007-03-31": "-298.39670", "2006-12-31": "-290.60250", "2006-09-30": "-217.91420", "2006-06-30": "-299.34360", "2006-03-31": "-267.68750", "2005-12-31": "-2736.90400", "2005-09-30": "-2459.85300", "2005-06-30": "-945.81460", "2005-03-31": "-695.84910"}, "Net Profit Margin": {"2020-09-30": "-2.44960", "2020-06-30": "42.19180", "2020-03-31": "-126.76040", "2019-12-31": "19.15900", "2019-09-30": "23.25520", "2019-06-30": "19.87390", "2019-03-31": "20.55050", "2018-12-31": "13.07020", "2018-09-30": "6.48810", "2018-06-30": "10.04650", "2018-03-31": "-10.76170", "2017-12-31": "-33.68840", "2017-09-30": "9.44970", "2017-06-30": "-3.82420", "2017-03-31": "-48.70910", "2016-12-31": "2.71760", "2016-09-30": "13.68510", "2016-06-30": "13.97750", "2016-03-31": "9.12720", "2015-12-31": "22.62500", "2015-09-30": "-21.09790", "2015-06-30": "5.70240", "2015-03-31": "-11.52660", "2014-12-31": "-29.79980", "2014-09-30": "29.92370", "2014-06-30": "-37.02780", "2014-03-31": "-37.81740", "2013-12-31": "-44.16310", "2013-09-30": "-25.88840", "2013-06-30": "-2.52860", "2013-03-31": "-22.04510", "2012-12-31": "16.49510", "2012-09-30": "-35.88900", "2012-06-30": "4.66480", "2012-03-31": "-125.55900", "2011-12-31": "-190.66080", "2011-09-30": "-316.27930", "2011-06-30": "-308.54790", "2011-03-31": "-82.92000", "2010-12-31": "37.89410", "2010-09-30": "-187.89120", "2010-06-30": "6.10670", "2010-03-31": "-206.66940", "2009-12-31": "-1288.11500", "2009-09-30": "-4617.35900", "2009-06-30": "-5074.14500", "2009-03-31": "-5966.61700", "2008-12-31": "-5166.06400", "2008-09-30": "-4221.86600", "2008-06-30": "-7420.68400", "2008-03-31": "-3072.45600", "2007-12-31": "-223.55420", "2007-09-30": "-366.12850", "2007-06-30": "-174.34760", "2007-03-31": "-298.39670", "2006-12-31": "-290.60240", "2006-09-30": "-217.91420", "2006-06-30": "-299.34360", "2006-03-31": "-267.68750", "2005-12-31": "-2683.25200", "2005-09-30": "-2460.09700", "2005-06-30": "-939.64870", "2005-03-31": "-690.60030"}, "Asset Turnover": {"2020-09-30": "0.18770", "2020-06-30": "0.21420", "2020-03-31": "0.20650", "2019-12-31": "0.16910", "2019-09-30": "0.17160", "2019-06-30": "0.17980", "2019-03-31": "0.18080", "2018-12-31": "0.19970", "2018-09-30": "0.17840", "2018-06-30": "0.21760", "2018-03-31": "0.16580", "2017-12-31": "0.19290", "2017-09-30": "0.16070", "2017-06-30": "0.19910", "2017-03-31": "0.23900", "2016-12-31": "0.19930", "2016-09-30": "0.17450", "2016-06-30": "0.17370", "2016-03-31": "0.23870", "2015-12-31": "0.24210", "2015-09-30": "0.20130", "2015-06-30": "0.17520", "2015-03-31": "0.18460", "2014-12-31": "0.15570", "2014-09-30": "0.25230", "2014-06-30": "0.14660", "2014-03-31": "0.13470", "2013-12-31": "0.15420", "2013-09-30": "0.23820", "2013-06-30": "0.30420", "2013-03-31": "0.21520", "2012-12-31": "0.34460", "2012-09-30": "0.20400", "2012-06-30": "0.27740", "2012-03-31": "0.12320", "2011-12-31": "0.08780", "2011-09-30": "0.04520", "2011-06-30": "0.04030", "2011-03-31": "0.06960", "2010-12-31": "0.17540", "2010-09-30": "0.03630", "2010-06-30": "0.10100", "2010-03-31": "0.03440", "2009-12-31": "0.00960", "2009-09-30": "0.00200", "2009-06-30": "0.00500", "2009-03-31": "0.00350", "2008-12-31": "0.00400", "2008-09-30": "0.00400", "2008-06-30": "0.00300", "2008-03-31": "0.00550", "2007-12-31": "0.03540", "2007-09-30": "0.02370", "2007-06-30": "0.03420", "2007-03-31": "0.02280", "2006-12-31": "0.02000", "2006-09-30": "0.01560", "2006-06-30": "0.01830", "2006-03-31": "0.01620", "2005-12-31": "0.00270", "2005-09-30": "0.00310", "2005-06-30": "0.00610", "2005-03-31": "0.00600"}, "Inventory Turnover Ratio": {"2020-09-30": "2.01750", "2020-06-30": "2.04250", "2020-03-31": "1.95460", "2019-12-31": "2.82590", "2019-09-30": "4.07880", "2019-06-30": "4.50530", "2019-03-31": "3.16850", "2018-12-31": "3.78440", "2018-09-30": "4.13730", "2018-06-30": "4.23510", "2018-03-31": "3.90890", "2017-12-31": "3.44940", "2017-09-30": "6.75740", "2017-06-30": "6.91470", "2017-03-31": "3.74250", "2016-12-31": "4.77590", "2016-09-30": "4.95460", "2016-06-30": "2.01940", "2016-03-31": "4.58750", "2015-12-31": "5.44250", "2015-09-30": "3.31140", "2015-06-30": "3.29680", "2015-03-31": "1.23200", "2014-12-31": "6.78210", "2014-09-30": "0.54980", "2014-06-30": "0.69520", "2014-03-31": "0.48410", "2013-12-31": "0.41380", "2013-09-30": "0.43180", "2013-06-30": "1.18050", "2013-03-31": "0.79370", "2012-12-31": "0.35610", "2012-09-30": "0.16320", "2012-06-30": "0.08510", "2012-03-31": "", "2011-12-31": "", "2011-09-30": "", "2011-06-30": "", "2011-03-31": "", "2010-12-31": "", "2010-09-30": "", "2010-06-30": "", "2010-03-31": "", "2009-12-31": "", "2009-09-30": "", "2009-06-30": "", "2009-03-31": "", "2008-12-31": "", "2008-09-30": "", "2008-06-30": "", "2008-03-31": "", "2007-12-31": "", "2007-09-30": "", "2007-06-30": "", "2007-03-31": "", "2006-12-31": "", "2006-09-30": "", "2006-06-30": "", "2006-03-31": "", "2005-12-31": "", "2005-09-30": "", "2005-06-30": "", "2005-03-31": ""}, "Receiveable Turnover": {"2020-09-30": "1.74250", "2020-06-30": "1.63720", "2020-03-31": "1.61730", "2019-12-31": "1.87620", "2019-09-30": "1.99760", "2019-06-30": "1.75080", "2019-03-31": "2.03970", "2018-12-31": "1.71780", "2018-09-30": "1.81520", "2018-06-30": "1.64880", "2018-03-31": "1.73610", "2017-12-31": "1.66790", "2017-09-30": "1.92360", "2017-06-30": "1.92570", "2017-03-31": "1.56780", "2016-12-31": "2.19480", "2016-09-30": "2.04880", "2016-06-30": "1.90200", "2016-03-31": "2.60130", "2015-12-31": "2.13090", "2015-09-30": "2.15730", "2015-06-30": "2.16960", "2015-03-31": "2.28830", "2014-12-31": "2.14000", "2014-09-30": "1.80790", "2014-06-30": "2.10960", "2014-03-31": "1.93540", "2013-12-31": "2.74420", "2013-09-30": "2.56420", "2013-06-30": "3.69430", "2013-03-31": "2.53480", "2012-12-31": "1.60460", "2012-09-30": "3.65730", "2012-06-30": "6.25260", "2012-03-31": "2.78090", "2011-12-31": "4.50340", "2011-09-30": "6.81640", "2011-06-30": "7.07530", "2011-03-31": "1.92850", "2010-12-31": "15.06250", "2010-09-30": "3.56330", "2010-06-30": "7.83760", "2010-03-31": "3.29110", "2009-12-31": "0.04200", "2009-09-30": "1.08930", "2009-06-30": "0.97770", "2009-03-31": "0.90800", "2008-12-31": "0.89240", "2008-09-30": "1.20710", "2008-06-30": "0.78020", "2008-03-31": "1.55600", "2007-12-31": "6.28760", "2007-09-30": "5.24290", "2007-06-30": "8.34730", "2007-03-31": "5.15420", "2006-12-31": "3.40330", "2006-09-30": "5.22880", "2006-06-30": "5.09290", "2006-03-31": "4.08140", "2005-12-31": "0.72170", "2005-09-30": "1.17510", "2005-06-30": "2.87430", "2005-03-31": "1.14450"}, "Days Sales In Receivables": {"2020-09-30": "51.65030", "2020-06-30": "54.97110", "2020-03-31": "55.64920", "2019-12-31": "47.96920", "2019-09-30": "45.05310", "2019-06-30": "51.40510", "2019-03-31": "44.12370", "2018-12-31": "52.39160", "2018-09-30": "49.58210", "2018-06-30": "54.58680", "2018-03-31": "51.83900", "2017-12-31": "53.96060", "2017-09-30": "46.78760", "2017-06-30": "46.73520", "2017-03-31": "57.40380", "2016-12-31": "41.00550", "2016-09-30": "43.92740", "2016-06-30": "47.31750", "2016-03-31": "34.59750", "2015-12-31": "42.23580", "2015-09-30": "41.71900", "2015-06-30": "41.48250", "2015-03-31": "39.33050", "2014-12-31": "42.05700", "2014-09-30": "49.78080", "2014-06-30": "42.66280", "2014-03-31": "46.50150", "2013-12-31": "32.79690", "2013-09-30": "35.09900", "2013-06-30": "24.36170", "2013-03-31": "35.50640", "2012-12-31": "56.08970", "2012-09-30": "24.60820", "2012-06-30": "14.39410", "2012-03-31": "32.36410", "2011-12-31": "19.98510", "2011-09-30": "13.20340", "2011-06-30": "12.72020", "2011-03-31": "46.66780", "2010-12-31": "5.97510", "2010-09-30": "25.25780", "2010-06-30": "11.48310", "2010-03-31": "27.34670", "2009-12-31": "2145.28000", "2009-09-30": "82.61980", "2009-06-30": "92.05320", "2009-03-31": "99.12070", "2008-12-31": "100.85380", "2008-09-30": "74.56170", "2008-06-30": "115.35830", "2008-03-31": "57.84240", "2007-12-31": "14.31400", "2007-09-30": "17.16590", "2007-06-30": "10.78200", "2007-03-31": "17.46160", "2006-12-31": "26.44510", "2006-09-30": "17.21240", "2006-06-30": "17.67180", "2006-03-31": "22.05100", "2005-12-31": "124.70300", "2005-09-30": "76.58790", "2005-06-30": "31.31170", "2005-03-31": "78.63810"}, "ROE - Return On Equity": {"2020-09-30": "-0.63590", "2020-06-30": "12.38150", "2020-03-31": "-37.19020", "2019-12-31": "4.27200", "2019-09-30": "5.29490", "2019-06-30": "4.68670", "2019-03-31": "4.90570", "2018-12-31": "3.58590", "2018-09-30": "1.61830", "2018-06-30": "3.02340", "2018-03-31": "-2.52700", "2017-12-31": "-9.17620", "2017-09-30": "2.05110", "2017-06-30": "-1.21580", "2017-03-31": "-19.36810", "2016-12-31": "2.11530", "2016-09-30": "9.96710", "2016-06-30": "11.58850", "2016-03-31": "10.55860", "2015-12-31": "32.23860", "2015-09-30": "-44.60590", "2015-06-30": "16.84490", "2015-03-31": "44.33150", "2014-12-31": "45.25910", "2014-09-30": "-66.18190", "2014-06-30": "21.56340", "2014-03-31": "20.90660", "2013-12-31": "22.20000", "2013-09-30": "-76.54140", "2013-06-30": "9.25280", "2013-03-31": "9.58200", "2012-12-31": "-10.73350", "2012-09-30": "9.87040", "2012-06-30": "-1.85880", "2012-03-31": "18.25390", "2011-12-31": "24.25610", "2011-09-30": "29.32160", "2011-06-30": "38.06020", "2011-03-31": "25.49770", "2010-12-31": "-36.70860", "2010-09-30": "24.59190", "2010-06-30": "-2.90500", "2010-03-31": "31.22810", "2009-12-31": "86.38270", "2009-09-30": "21.74850", "2009-06-30": "13.73740", "2009-03-31": "15.59330", "2008-12-31": "21.92800", "2008-09-30": "25.25350", "2008-06-30": "19.20910", "2008-03-31": "20.37930", "2007-12-31": "13.66690", "2007-09-30": "17.31360", "2007-06-30": "15.41270", "2007-03-31": "21.19800", "2006-12-31": "24.14610", "2006-09-30": "23.94260", "2006-06-30": "37.49660", "2006-03-31": "45.81820", "2005-12-31": "142.86750", "2005-09-30": "-859.36940", "2005-06-30": "-74.52820", "2005-03-31": "-33.88120"}, "Return On Tangible Equity": {"2020-09-30": "-0.73890", "2020-06-30": "14.47180", "2020-03-31": "-45.21860", "2019-12-31": "4.93580", "2019-09-30": "6.20350", "2019-06-30": "5.58120", "2019-03-31": "5.94840", "2018-12-31": "4.44130", "2018-09-30": "2.04520", "2018-06-30": "3.87760", "2018-03-31": "-3.31520", "2017-12-31": "-12.08500", "2017-09-30": "2.65130", "2017-06-30": "-2.00200", "2017-03-31": "-33.57030", "2016-12-31": "163.19630", "2016-09-30": "-74.44330", "2016-06-30": "-26.92250", "2016-03-31": "10.55860", "2015-12-31": "32.23860", "2015-09-30": "-44.60600", "2015-06-30": "16.84490", "2015-03-31": "44.33150", "2014-12-31": "45.25900", "2014-09-30": "-66.18190", "2014-06-30": "21.56340", "2014-03-31": "20.90670", "2013-12-31": "22.20000", "2013-09-30": "-83.84510", "2013-06-30": "8.29620", "2013-03-31": "9.26780", "2012-12-31": "-10.73350", "2012-09-30": "9.58200", "2012-06-30": "-1.79950", "2012-03-31": "17.70700", "2011-12-31": "23.40900", "2011-09-30": "29.32160", "2011-06-30": "38.06020", "2011-03-31": "23.30300", "2010-12-31": "-32.84350", "2010-09-30": "22.60430", "2010-06-30": "-2.60740", "2010-03-31": "28.13310", "2009-12-31": "76.07070", "2009-09-30": "20.26060", "2009-06-30": "13.59290", "2009-03-31": "15.36370", "2008-12-31": "21.50530", "2008-09-30": "24.58320", "2008-06-30": "18.76920", "2008-03-31": "19.78920", "2007-12-31": "13.13630", "2007-09-30": "16.49310", "2007-06-30": "14.49090", "2007-03-31": "19.65460", "2006-12-31": "21.89850", "2006-09-30": "20.97640", "2006-06-30": "31.80900", "2006-03-31": "35.92020", "2005-12-31": "90.71030", "2005-09-30": "365.34900", "2005-06-30": "-118.47210", "2005-03-31": "-43.84690"}, "ROA - Return On Assets": {"2020-09-30": "-0.45970", "2020-06-30": "9.03700", "2020-03-31": "-26.18210", "2019-12-31": "3.23940", "2019-09-30": "3.99000", "2019-06-30": "3.57300", "2019-03-31": "3.71480", "2018-12-31": "2.61030", "2018-09-30": "1.15780", "2018-06-30": "2.18570", "2018-03-31": "-1.78400", "2017-12-31": "-6.49830", "2017-09-30": "1.51850", "2017-06-30": "-0.76150", "2017-03-31": "-11.63920", "2016-12-31": "0.54150", "2016-09-30": "2.38810", "2016-06-30": "2.42780", "2016-03-31": "2.17830", "2015-12-31": "5.47710", "2015-09-30": "-4.24730", "2015-06-30": "0.99900", "2015-03-31": "-2.12830", "2014-12-31": "-4.63840", "2014-09-30": "7.55070", "2014-06-30": "-5.42960", "2014-03-31": "-5.09230", "2013-12-31": "-6.80940", "2013-09-30": "-6.16590", "2013-06-30": "-0.76930", "2013-03-31": "-4.74410", "2012-12-31": "5.68340", "2012-09-30": "-7.32120", "2012-06-30": "1.29400", "2012-03-31": "-15.47240", "2011-12-31": "-16.74360", "2011-09-30": "-14.29810", "2011-06-30": "-12.44890", "2011-03-31": "-5.76840", "2010-12-31": "6.64650", "2010-09-30": "-6.82270", "2010-06-30": "0.61660", "2010-03-31": "-7.10790", "2009-12-31": "-12.41480", "2009-09-30": "-9.17000", "2009-06-30": "-25.17670", "2009-03-31": "-21.11210", "2008-12-31": "-20.82980", "2008-09-30": "-16.92140", "2008-06-30": "-22.25460", "2008-03-31": "-16.94310", "2007-12-31": "-7.90770", "2007-09-30": "-8.66480", "2007-06-30": "-5.97120", "2007-03-31": "-6.81590", "2006-12-31": "-5.79800", "2006-09-30": "-3.40690", "2006-06-30": "-5.47040", "2006-03-31": "-4.34000", "2005-12-31": "-7.40750", "2005-09-30": "-7.58760", "2005-06-30": "-5.76070", "2005-03-31": "-4.16120"}, "ROI - Return On Investment": {"2020-09-30": "-0.62730", "2020-06-30": "12.21530", "2020-03-31": "-36.58680", "2019-12-31": "4.22020", "2019-09-30": "5.18820", "2019-06-30": "4.58560", "2019-03-31": "4.86460", "2018-12-31": "3.55370", "2018-09-30": "1.60300", "2018-06-30": "2.99400", "2018-03-31": "-2.50110", "2017-12-31": "-9.08360", "2017-09-30": "2.02380", "2017-06-30": "-1.18870", "2017-03-31": "-18.56830", "2016-12-31": "0.82850", "2016-09-30": "3.63890", "2016-06-30": "3.69150", "2016-03-31": "2.81120", "2015-12-31": "6.97530", "2015-09-30": "-5.55410", "2015-06-30": "1.38260", "2015-03-31": "-3.22770", "2014-12-31": "-7.26740", "2014-09-30": "10.02040", "2014-06-30": "-7.34060", "2014-03-31": "-6.75360", "2013-12-31": "-9.15130", "2013-09-30": "-10.20580", "2013-06-30": "-1.31150", "2013-03-31": "-9.00580", "2012-12-31": "12.02860", "2012-09-30": "-20.70910", "2012-06-30": "3.97960", "2012-03-31": "-71.24640", "2011-12-31": "-61.83480", "2011-09-30": "-41.06390", "2011-06-30": "-30.82910", "2011-03-31": "-13.60000", "2010-12-31": "15.88960", "2010-09-30": "-19.91770", "2010-06-30": "1.70970", "2010-03-31": "-21.88110", "2009-12-31": "-25.95480", "2009-09-30": "-10.17370", "2009-06-30": "-36.46340", "2009-03-31": "-28.20970", "2008-12-31": "-27.59480", "2008-09-30": "-20.70680", "2008-06-30": "-29.57020", "2008-03-31": "-20.93160", "2007-12-31": "-9.60230", "2007-09-30": "-10.37750", "2007-06-30": "-7.21120", "2007-03-31": "-8.24160", "2006-12-31": "-7.16360", "2006-09-30": "-5.22890", "2006-06-30": "-10.14830", "2006-03-31": "-7.90020", "2005-12-31": "-8.59380", "2005-09-30": "-8.74470", "2005-06-30": "-6.56320", "2005-03-31": "-4.62520"}, "Book Value Per Share": {"2020-09-30": "10.92190", "2020-06-30": "10.75170", "2020-03-31": "8.93160", "2019-12-31": "12.01980", "2019-09-30": "11.24800", "2019-06-30": "10.45860", "2019-03-31": "9.73110", "2018-12-31": "9.03050", "2018-09-30": "8.47410", "2018-06-30": "8.15840", "2018-03-31": "7.68350", "2017-12-31": "7.71850", "2017-09-30": "8.32980", "2017-06-30": "4.99360", "2017-03-31": "4.72190", "2016-12-31": "2.22120", "2016-09-30": "1.96530", "2016-06-30": "1.58120", "2016-03-31": "1.21530", "2015-12-31": "0.91700", "2015-09-30": "0.47720", "2015-06-30": "0.30620", "2015-03-31": "-0.23880", "2014-12-31": "-0.47770", "2014-09-30": "-0.53060", "2014-06-30": "-1.01560", "2014-03-31": "-0.96970", "2013-12-31": "-1.18480", "2013-09-30": "0.17900", "2013-06-30": "-0.18170", "2013-03-31": "-1.20660", "2012-12-31": "-1.31090", "2012-09-30": "-1.67760", "2012-06-30": "-1.66910", "2012-03-31": "-1.94360", "2011-12-31": "-1.79550", "2011-09-30": "-1.43340", "2011-06-30": "-1.08080", "2011-03-31": "-0.83980", "2010-12-31": "-0.71900", "2010-09-30": "-1.05250", "2010-06-30": "-0.85910", "2010-03-31": "-0.94490", "2009-12-31": "-0.86110", "2009-09-30": "-1.68180", "2009-06-30": "-2.97420", "2009-03-31": "-2.63770", "2008-12-31": "-2.26780", "2008-09-30": "-1.82540", "2008-06-30": "-2.79090", "2008-03-31": "-2.32850", "2007-12-31": "-1.88700", "2007-09-30": "-1.67960", "2007-06-30": "-1.42060", "2007-03-31": "-1.24390", "2006-12-31": "-1.01110", "2006-09-30": "-0.78890", "2006-06-30": "-0.65270", "2006-03-31": "-0.45160", "2005-12-31": "-0.23200", "2005-09-30": "0.04210", "2005-06-30": "0.40470", "2005-03-31": "0.72030"}, "Operating Cash Flow Per Share": {"2020-09-30": 0.8183, "2020-06-30": 1.2751, "2020-03-31": "-3.15340", "2019-12-31": 0.6063, "2019-09-30": 1.2396, "2019-06-30": 0.702, "2019-03-31": "0.71710", "2018-12-31": 0.3905, "2018-09-30": 0.9212, "2018-06-30": 0.1491, "2018-03-31": "0.09840", "2017-12-31": -0.437, "2017-09-30": 0.2596, "2017-06-30": 0.6122, "2017-03-31": "-0.88930", "2016-12-31": 0.487, "2016-09-30": 0.4865, "2016-06-30": 0.0901, "2016-03-31": "0.50630", "2015-12-31": 0.3862, "2015-09-30": 0.0439, "2015-06-30": 0.0739, "2015-03-31": "-0.02670", "2014-12-31": 0.254, "2014-09-30": 0.1777, "2014-06-30": -0.0837, "2014-03-31": "-0.19170", "2013-12-31": -0.0727, "2013-09-30": -0.0961, "2013-06-30": 0.0466, "2013-03-31": "0.18410", "2012-12-31": -0.1744, "2012-09-30": -0.2254, "2012-06-30": 0.0966, "2012-03-31": "-0.42770", "2011-12-31": -0.3242, "2011-09-30": -0.3677, "2011-06-30": -0.2399, "2011-03-31": "-0.35820", "2010-12-31": 0.2279, "2010-09-30": -0.2026, "2010-06-30": -0.0789, "2010-03-31": "0.85880", "2009-12-31": 1.2036, "2009-09-30": -0.3423, "2009-06-30": -0.3023, "2009-03-31": "-0.43900", "2008-12-31": -0.3929, "2008-09-30": -0.3524, "2008-06-30": -0.3817, "2008-03-31": "-0.44190", "2007-12-31": -0.3275, "2007-09-30": -0.2848, "2007-06-30": -0.1869, "2007-03-31": "-0.30190", "2006-12-31": -0.2649, "2006-09-30": -0.2712, "2006-06-30": -0.2515, "2006-03-31": "0.18660", "2005-12-31": -0.3372, "2005-09-30": -0.3285, "2005-06-30": -0.2405, "2005-03-31": "-0.31640"}, "Free Cash Flow Per Share": {"2020-09-30": 0.574, "2020-06-30": 1.0792, "2020-03-31": "-3.33460", "2019-12-31": 0.4715, "2019-09-30": 1.3173, "2019-06-30": 0.4846, "2019-03-31": "0.63300", "2018-12-31": 0.273, "2018-09-30": 0.8067, "2018-06-30": 0.0998, "2018-03-31": "0.03900", "2017-12-31": -0.5763, "2017-09-30": 0.1071, "2017-06-30": 0.4686, "2017-03-31": "-0.99660", "2016-12-31": 0.4048, "2016-09-30": 0.4039, "2016-06-30": -0.3359, "2016-03-31": "0.47750", "2015-12-31": 0.3527, "2015-09-30": -0.0306, "2015-06-30": 0.0637, "2015-03-31": "-0.04730", "2014-12-31": 0.2046, "2014-09-30": 0.1289, "2014-06-30": -0.1353, "2014-03-31": "-0.20780", "2013-12-31": -0.0871, "2013-09-30": -0.1003, "2013-06-30": 0.043, "2013-03-31": "0.17750", "2012-12-31": -0.1817, "2012-09-30": -0.2291, "2012-06-30": 0.0896, "2012-03-31": "-0.43160", "2011-12-31": -0.3323, "2011-09-30": -0.3769, "2011-06-30": -0.2485, "2011-03-31": "-0.36260", "2010-12-31": 0.2054, "2010-09-30": -0.2069, "2010-06-30": -0.0834, "2010-03-31": "0.85630", "2009-12-31": 1.2031, "2009-09-30": -0.3436, "2009-06-30": -0.3032, "2009-03-31": "-0.44000", "2008-12-31": -0.397, "2008-09-30": -0.3538, "2008-06-30": -0.3825, "2008-03-31": "-0.44330", "2007-12-31": -0.3357, "2007-09-30": -0.2862, "2007-06-30": -0.1892, "2007-03-31": "-0.30370", "2006-12-31": -0.2769, "2006-09-30": -0.2748, "2006-06-30": -0.2534, "2006-03-31": "0.18530", "2005-12-31": -0.342, "2005-09-30": -0.3309, "2005-06-30": -0.2511, "2005-03-31": "-0.31750"}}, "revenue": {"Incyte Annual Revenue (Millions of US $)": {"2019": "$2,159", "2018": "$1,882", "2017": "$1,536", "2016": "$1,106", "2015": "$754", "2014": "$511", "2013": "$355", "2012": "$297", "2011": "$94", "2010": "$170", "2009": "$9", "2008": "$4", "2007": "$34", "2006": "$28", "2005": "$8"}, "Incyte Quarterly Revenue (Millions of US $)": {"2020-09-30": "$621", "2020-06-30": "$688", "2020-03-31": "$569", "2019-12-31": "$579", "2019-09-30": "$552", "2019-06-30": "$530", "2019-03-31": "$498", "2018-12-31": "$528", "2018-09-30": "$450", "2018-06-30": "$522", "2018-03-31": "$382", "2017-12-31": "$444", "2017-09-30": "$382", "2017-06-30": "$326", "2017-03-31": "$384", "2016-12-31": "$326", "2016-09-30": "$269", "2016-06-30": "$246", "2016-03-31": "$263", "2015-12-31": "$244", "2015-09-30": "$188", "2015-06-30": "$163", "2015-03-31": "$159", "2014-12-31": "$124", "2014-09-30": "$198", "2014-06-30": "$100", "2014-03-31": "$90", "2013-12-31": "$97", "2013-09-30": "$85", "2013-06-30": "$102", "2013-03-31": "$71", "2012-12-31": "$114", "2012-09-30": "$60", "2012-06-30": "$87", "2012-03-31": "$36", "2011-12-31": "$29", "2011-09-30": "$17", "2011-06-30": "$17", "2011-03-31": "$32", "2010-12-31": "$86", "2010-09-30": "$17", "2010-06-30": "$50", "2010-03-31": "$17", "2009-12-31": "$7", "2009-09-30": "$1", "2009-06-30": "$1", "2009-03-31": "$1", "2008-12-31": "$1", "2008-09-30": "$1", "2008-06-30": "$1", "2008-03-31": "$1", "2007-12-31": "$10", "2007-09-30": "$7", "2007-06-30": "$11", "2007-03-31": "$7", "2006-12-31": "$7", "2006-09-30": "$7", "2006-06-30": "$7", "2006-03-31": "$6", "2005-12-31": "$1", "2005-09-30": "$1", "2005-06-30": "$3", "2005-03-31": "$3"}}, "gross-profit": {"Incyte Annual Gross Profit (Millions of US $)": {"2019": "$2,045", "2018": "$1,788", "2017": "$1,457", "2016": "$1,048", "2015": "$727", "2014": "$508", "2013": "$354", "2012": "$297", "2011": "$94", "2010": "$170", "2009": "$9", "2008": "$4", "2007": "$34", "2006": "$28", "2005": "$8"}, "Incyte Quarterly Gross Profit (Millions of US $)": {"2020-09-30": "$586", "2020-06-30": "$655", "2020-03-31": "$541", "2019-12-31": "$547", "2019-09-30": "$522", "2019-06-30": "$501", "2019-03-31": "$475", "2018-12-31": "$502", "2018-09-30": "$425", "2018-06-30": "$497", "2018-03-31": "$364", "2017-12-31": "$422", "2017-09-30": "$359", "2017-06-30": "$306", "2017-03-31": "$369", "2016-12-31": "$307", "2016-09-30": "$249", "2016-06-30": "$234", "2016-03-31": "$257", "2015-12-31": "$234", "2015-09-30": "$180", "2015-06-30": "$157", "2015-03-31": "$156", "2014-12-31": "$122", "2014-09-30": "$198", "2014-06-30": "$99", "2014-03-31": "$90", "2013-12-31": "$97", "2013-09-30": "$85", "2013-06-30": "$102", "2013-03-31": "$71", "2012-12-31": "$114", "2012-09-30": "$60", "2012-06-30": "$87", "2012-03-31": "$36", "2011-12-31": "$29", "2011-09-30": "$17", "2011-06-30": "$17", "2011-03-31": "$32", "2010-12-31": "$86", "2010-09-30": "$17", "2010-06-30": "$50", "2010-03-31": "$17", "2009-12-31": "$7", "2009-09-30": "$1", "2009-06-30": "$1", "2009-03-31": "$1", "2008-12-31": "$1", "2008-09-30": "$1", "2008-06-30": "$1", "2008-03-31": "$1", "2007-12-31": "$10", "2007-09-30": "$7", "2007-06-30": "$11", "2007-03-31": "$7", "2006-12-31": "$7", "2006-09-30": "$7", "2006-06-30": "$7", "2006-03-31": "$6", "2005-12-31": "$1", "2005-09-30": "$1", "2005-06-30": "$3", "2005-03-31": "$3"}}, "operating-income": {"Incyte Annual Operating Income (Millions of US $)": {"2019": "$402", "2018": "$129", "2017": "$-243", "2016": "$145", "2015": "$51", "2014": "$-5", "2013": "$-16", "2012": "$1", "2011": "$-143", "2010": "$14", "2009": "$-140", "2008": "$-159", "2007": "$-85", "2006": "$-77", "2005": "$-101"}, "Incyte Quarterly Operating Income (Millions of US $)": {"2020-09-30": "$5", "2020-06-30": "$231", "2020-03-31": "$-664", "2019-12-31": "$95", "2019-09-30": "$134", "2019-06-30": "$99", "2019-03-31": "$74", "2018-12-31": "$82", "2018-09-30": "$31", "2018-06-30": "$83", "2018-03-31": "$-67", "2017-12-31": "$-132", "2017-09-30": "$15", "2017-06-30": "$7", "2017-03-31": "$-133", "2016-12-31": "$42", "2016-09-30": "$22", "2016-06-30": "$45", "2016-03-31": "$36", "2015-12-31": "$65", "2015-09-30": "$-0", "2015-06-30": "$-7", "2015-03-31": "$-7", "2014-12-31": "$-26", "2014-09-30": "$70", "2014-06-30": "$-26", "2014-03-31": "$-23", "2013-12-31": "$-16", "2013-09-30": "$-13", "2013-06-30": "$17", "2013-03-31": "$-4", "2012-12-31": "$30", "2012-09-30": "$-10", "2012-06-30": "$15", "2012-03-31": "$-34", "2011-12-31": "$-44", "2011-09-30": "$-42", "2011-06-30": "$-41", "2011-03-31": "$-16", "2010-12-31": "$42", "2010-09-30": "$-22", "2010-06-30": "$14", "2010-03-31": "$-20", "2009-12-31": "$-41", "2009-09-30": "$-32", "2009-06-30": "$-33", "2009-03-31": "$-34", "2008-12-31": "$-43", "2008-09-30": "$-40", "2008-06-30": "$-41", "2008-03-31": "$-36", "2007-12-31": "$-27", "2007-09-30": "$-21", "2007-06-30": "$-16", "2007-03-31": "$-20", "2006-12-31": "$-20", "2006-09-30": "$-16", "2006-06-30": "$-19", "2006-03-31": "$-22", "2005-12-31": "$-27", "2005-09-30": "$-29", "2005-06-30": "$-27", "2005-03-31": "$-18"}}, "ebitda": {"Incyte Annual EBITDA (Millions of US $)": {"2019": "$457", "2018": "$184", "2017": "$-191", "2016": "$203", "2015": "$96", "2014": "$37", "2013": "$13", "2012": "$31", "2011": "$-116", "2010": "$39", "2009": "$-123", "2008": "$-146", "2007": "$-72", "2006": "$-69", "2005": "$-93"}, "Incyte Quarterly EBITDA (Millions of US $)": {"2020-09-30": "$18", "2020-06-30": "$243", "2020-03-31": "$-651", "2019-12-31": "$108", "2019-09-30": "$148", "2019-06-30": "$112", "2019-03-31": "$88", "2018-12-31": "$96", "2018-09-30": "$45", "2018-06-30": "$97", "2018-03-31": "$-54", "2017-12-31": "$-120", "2017-09-30": "$27", "2017-06-30": "$20", "2017-03-31": "$-118", "2016-12-31": "$60", "2016-09-30": "$39", "2016-06-30": "$57", "2016-03-31": "$47", "2015-12-31": "$76", "2015-09-30": "$11", "2015-06-30": "$4", "2015-03-31": "$5", "2014-12-31": "$-13", "2014-09-30": "$80", "2014-06-30": "$-16", "2014-03-31": "$-13", "2013-12-31": "$-7", "2013-09-30": "$-9", "2013-06-30": "$25", "2013-03-31": "$4", "2012-12-31": "$38", "2012-09-30": "$-3", "2012-06-30": "$23", "2012-03-31": "$-27", "2011-12-31": "$-37", "2011-09-30": "$-35", "2011-06-30": "$-34", "2011-03-31": "$-9", "2010-12-31": "$49", "2010-09-30": "$-17", "2010-06-30": "$20", "2010-03-31": "$-13", "2009-12-31": "$-34", "2009-09-30": "$-27", "2009-06-30": "$-30", "2009-03-31": "$-32", "2008-12-31": "$-39", "2008-09-30": "$-37", "2008-06-30": "$-37", "2008-03-31": "$-33", "2007-12-31": "$-24", "2007-09-30": "$-18", "2007-06-30": "$-13", "2007-03-31": "$-17", "2006-12-31": "$-16", "2006-09-30": "$-14", "2006-06-30": "$-18", "2006-03-31": "$-21", "2005-12-31": "$-25", "2005-09-30": "$-25", "2005-06-30": "$-26", "2005-03-31": "$-16"}}, "net-income": {"Incyte Annual Net Income (Millions of US $)": {"2019": "$447", "2018": "$109", "2017": "$-313", "2016": "$104", "2015": "$7", "2014": "$-48", "2013": "$-83", "2012": "$-44", "2011": "$-187", "2010": "$-32", "2009": "$-212", "2008": "$-179", "2007": "$-87", "2006": "$-74", "2005": "$-103"}, "Incyte Quarterly Net Income (Millions of US $)": {"2020-09-30": "$-15", "2020-06-30": "$290", "2020-03-31": "$-721", "2019-12-31": "$111", "2019-09-30": "$128", "2019-06-30": "$105", "2019-03-31": "$102", "2018-12-31": "$69", "2018-09-30": "$29", "2018-06-30": "$52", "2018-03-31": "$-41", "2017-12-31": "$-150", "2017-09-30": "$36", "2017-06-30": "$-12", "2017-03-31": "$-187", "2016-12-31": "$9", "2016-09-30": "$37", "2016-06-30": "$34", "2016-03-31": "$24", "2015-12-31": "$55", "2015-09-30": "$-40", "2015-06-30": "$9", "2015-03-31": "$-18", "2014-12-31": "$-37", "2014-09-30": "$59", "2014-06-30": "$-37", "2014-03-31": "$-34", "2013-12-31": "$-43", "2013-09-30": "$-22", "2013-06-30": "$-3", "2013-03-31": "$-16", "2012-12-31": "$19", "2012-09-30": "$-22", "2012-06-30": "$4", "2012-03-31": "$-45", "2011-12-31": "$-55", "2011-09-30": "$-53", "2011-06-30": "$-52", "2011-03-31": "$-27", "2010-12-31": "$33", "2010-09-30": "$-32", "2010-06-30": "$3", "2010-03-31": "$-36", "2009-12-31": "$-88", "2009-09-30": "$-43", "2009-06-30": "$-40", "2009-03-31": "$-40", "2008-12-31": "$-48", "2008-09-30": "$-45", "2008-06-30": "$-46", "2008-03-31": "$-40", "2007-12-31": "$-22", "2007-09-30": "$-24", "2007-06-30": "$-18", "2007-03-31": "$-22", "2006-12-31": "$-21", "2006-09-30": "$-16", "2006-06-30": "$-21", "2006-03-31": "$-17", "2005-12-31": "$-28", "2005-09-30": "$-30", "2005-06-30": "$-25", "2005-03-31": "$-20"}}, "eps-earnings-per-share-diluted": {"Incyte Annual EPS": {"2019": "$2.05", "2018": "$0.51", "2017": "$-1.53", "2016": "$0.54", "2015": "$0.03", "2014": "$-0.29", "2013": "$-0.56", "2012": "$-0.34", "2011": "$-1.49", "2010": "$-0.26", "2009": "$-2.06", "2008": "$-1.99", "2007": "$-1.03", "2006": "$-0.89", "2005": "$-1.24"}, "Incyte Quarterly EPS": {"2020-09-30": "$-0.07", "2020-06-30": "$1.32", "2020-03-31": "$-3.33", "2019-12-31": "$0.51", "2019-09-30": "$0.59", "2019-06-30": "$0.48", "2019-03-31": "$0.47", "2018-12-31": "$0.32", "2018-09-30": "$0.14", "2018-06-30": "$0.24", "2018-03-31": "$-0.19", "2017-12-31": "$-0.68", "2017-09-30": "$0.17", "2017-06-30": "$-0.06", "2017-03-31": "$-0.96", "2016-12-31": "$0.05", "2016-09-30": "$0.19", "2016-06-30": "$0.18", "2016-03-31": "$0.12", "2015-12-31": "$0.31", "2015-09-30": "$-0.22", "2015-06-30": "$0.05", "2015-03-31": "$-0.11", "2014-12-31": "$-0.19", "2014-09-30": "$0.33", "2014-06-30": "$-0.22", "2014-03-31": "$-0.21", "2013-12-31": "$-0.28", "2013-09-30": "$-0.14", "2013-06-30": "$-0.02", "2013-03-31": "$-0.12", "2012-12-31": "$0.16", "2012-09-30": "$-0.17", "2012-06-30": "$0.03", "2012-03-31": "$-0.36", "2011-12-31": "$-0.45", "2011-09-30": "$-0.42", "2011-06-30": "$-0.41", "2011-03-31": "$-0.21", "2010-12-31": "$0.28", "2010-09-30": "$-0.26", "2010-06-30": "$0.02", "2010-03-31": "$-0.30", "2009-12-31": "$-0.80", "2009-09-30": "$-0.44", "2009-06-30": "$-0.41", "2009-03-31": "$-0.41", "2008-12-31": "$-0.50", "2008-09-30": "$-0.48", "2008-06-30": "$-0.54", "2008-03-31": "$-0.47", "2007-12-31": "$-0.26", "2007-09-30": "$-0.29", "2007-06-30": "$-0.22", "2007-03-31": "$-0.26", "2006-12-31": "$-0.25", "2006-09-30": "$-0.19", "2006-06-30": "$-0.24", "2006-03-31": "$-0.21", "2005-12-31": "$-0.34", "2005-09-30": "$-0.36", "2005-06-30": "$-0.30", "2005-03-31": "$-0.24"}}, "shares-outstanding": {"Incyte Annual Shares Outstanding (Millions of Shares)": {"2019": "218", "2018": "216", "2017": "205", "2016": "194", "2015": "187", "2014": "168", "2013": "148", "2012": "130", "2011": "125", "2010": "122", "2009": "103", "2008": "90", "2007": "84", "2006": "84", "2005": "83"}, "Incyte Quarterly Shares Outstanding (Millions of Shares)": {"2020-09-30": "219", "2020-06-30": "220", "2020-03-31": "217", "2019-12-31": "218", "2019-09-30": "218", "2019-06-30": "217", "2019-03-31": "217", "2018-12-31": "216", "2018-09-30": "216", "2018-06-30": "215", "2018-03-31": "212", "2017-12-31": "205", "2017-09-30": "213", "2017-06-30": "205", "2017-03-31": "195", "2016-12-31": "194", "2016-09-30": "194", "2016-06-30": "193", "2016-03-31": "193", "2015-12-31": "187", "2015-09-30": "181", "2015-06-30": "186", "2015-03-31": "172", "2014-12-31": "168", "2014-09-30": "189", "2014-06-30": "168", "2014-03-31": "165", "2013-12-31": "148", "2013-09-30": "155", "2013-06-30": "142", "2013-03-31": "134", "2012-12-31": "130", "2012-09-30": "131", "2012-06-30": "138", "2012-03-31": "127", "2011-12-31": "125", "2011-09-30": "126", "2011-06-30": "125", "2011-03-31": "123", "2010-12-31": "122", "2010-09-30": "122", "2010-06-30": "128", "2010-03-31": "120", "2009-12-31": "103", "2009-09-30": "98", "2009-06-30": "98", "2009-03-31": "97", "2008-12-31": "90", "2008-09-30": "92", "2008-06-30": "85", "2008-03-31": "85", "2007-12-31": "84", "2007-09-30": "84", "2007-06-30": "84", "2007-03-31": "84", "2006-12-31": "84", "2006-09-30": "84", "2006-06-30": "84", "2006-03-31": "84", "2005-12-31": "83", "2005-09-30": "83", "2005-06-30": "83", "2005-03-31": "83"}}, "total-assets": {"Incyte Annual Total Assets (Millions of US $)": {"2019": "$3,427", "2018": "$2,646", "2017": "$2,303", "2016": "$1,639", "2015": "$1,007", "2014": "$796", "2013": "$630", "2012": "$330", "2011": "$329", "2010": "$490", "2009": "$712", "2008": "$232", "2007": "$276", "2006": "$354", "2005": "$374"}, "Incyte Quarterly Total Assets (Millions of US $)": {"2020-09-30": "$3,307", "2020-06-30": "$3,212", "2020-03-31": "$2,752", "2019-12-31": "$3,427", "2019-09-30": "$3,215", "2019-06-30": "$2,948", "2019-03-31": "$2,754", "2018-12-31": "$2,646", "2018-09-30": "$2,520", "2018-06-30": "$2,397", "2018-03-31": "$2,306", "2017-12-31": "$2,303", "2017-09-30": "$2,374", "2017-06-30": "$1,639", "2017-03-31": "$1,607", "2016-12-31": "$1,639", "2016-09-30": "$1,544", "2016-06-30": "$1,418", "2016-03-31": "$1,104", "2015-12-31": "$1,007", "2015-09-30": "$932", "2015-06-30": "$930", "2015-03-31": "$863", "2014-12-31": "$796", "2014-09-30": "$785", "2014-06-30": "$679", "2014-03-31": "$667", "2013-12-31": "$630", "2013-09-30": "$357", "2013-06-30": "$334", "2013-03-31": "$330", "2012-12-31": "$330", "2012-09-30": "$297", "2012-06-30": "$312", "2012-03-31": "$294", "2011-12-31": "$329", "2011-09-30": "$371", "2011-06-30": "$417", "2011-03-31": "$460", "2010-12-31": "$490", "2010-09-30": "$465", "2010-06-30": "$494", "2010-03-31": "$503", "2009-12-31": "$712", "2009-09-30": "$473", "2009-06-30": "$159", "2009-03-31": "$190", "2008-12-31": "$232", "2008-09-30": "$265", "2008-06-30": "$205", "2008-03-31": "$237", "2007-12-31": "$276", "2007-09-30": "$283", "2007-06-30": "$309", "2007-03-31": "$325", "2006-12-31": "$354", "2006-09-30": "$465", "2006-06-30": "$375", "2006-03-31": "$399", "2005-12-31": "$374", "2005-09-30": "$398", "2005-06-30": "$437", "2005-03-31": "$487"}}, "cash-on-hand": {"Incyte Annual Cash on Hand (Millions of US $)": {"2019": "$2,118", "2018": "$1,438", "2017": "$1,170", "2016": "$809", "2015": "$708", "2014": "$601", "2013": "$510", "2012": "$228", "2011": "$297", "2010": "$443", "2009": "$489", "2008": "$198", "2007": "$256", "2006": "$319", "2005": "$345"}, "Incyte Quarterly Cash on Hand (Millions of US $)": {"2020-09-30": "$1,735", "2020-06-30": "$1,589", "2020-03-31": "$1,303", "2019-12-31": "$2,118", "2019-09-30": "$1,986", "2019-06-30": "$1,696", "2019-03-31": "$1,581", "2018-12-31": "$1,438", "2018-09-30": "$1,375", "2018-06-30": "$1,198", "2018-03-31": "$1,171", "2017-12-31": "$1,170", "2017-09-30": "$1,281", "2017-06-30": "$609", "2017-03-31": "$512", "2016-12-31": "$809", "2016-09-30": "$717", "2016-06-30": "$629", "2016-03-31": "$811", "2015-12-31": "$708", "2015-09-30": "$636", "2015-06-30": "$628", "2015-03-31": "$586", "2014-12-31": "$601", "2014-09-30": "$533", "2014-06-30": "$510", "2014-03-31": "$520", "2013-12-31": "$510", "2013-09-30": "$291", "2013-06-30": "$277", "2013-03-31": "$270", "2012-12-31": "$228", "2012-09-30": "$253", "2012-06-30": "$271", "2012-03-31": "$256", "2011-12-31": "$297", "2011-09-30": "$336", "2011-06-30": "$383", "2011-03-31": "$403", "2010-12-31": "$443", "2010-09-30": "$415", "2010-06-30": "$441", "2010-03-31": "$441", "2009-12-31": "$489", "2009-09-30": "$398", "2009-06-30": "$140", "2009-03-31": "$158", "2008-12-31": "$198", "2008-09-30": "$250", "2008-06-30": "$186", "2008-03-31": "$219", "2007-12-31": "$256", "2007-09-30": "$265", "2007-06-30": "$281", "2007-03-31": "$294", "2006-12-31": "$319", "2006-09-30": "$426", "2006-06-30": "$290", "2006-03-31": "$321", "2005-12-31": "$345", "2005-09-30": "$364", "2005-06-30": "$401", "2005-03-31": "$449"}}, "long-term-debt": {"Incyte Annual Long Term Debt (Millions of US $)": {"2019": "$32", "2018": "$17", "2017": "$17", "2016": "$651", "2015": "$620", "2014": "$590", "2013": "$662", "2012": "$331", "2011": "$316", "2010": "$293", "2009": "$443", "2008": "$396", "2007": "$387", "2006": "$371", "2005": "$342"}, "Incyte Quarterly Long Term Debt (Millions of US $)": {"2020-09-30": "$33", "2020-06-30": "$32", "2020-03-31": "$32", "2019-12-31": "$32", "2019-09-30": "$50", "2019-06-30": "$50", "2019-03-31": "$18", "2018-12-31": "$17", "2018-09-30": "$17", "2018-06-30": "$17", "2018-03-31": "$17", "2017-12-31": "$17", "2017-09-30": "$24", "2017-06-30": "$23", "2017-03-31": "$42", "2016-12-31": "$651", "2016-09-30": "$643", "2016-06-30": "$635", "2016-03-31": "$628", "2015-12-31": "$620", "2015-09-30": "$624", "2015-06-30": "$617", "2015-03-31": "$610", "2014-12-31": "$590", "2014-09-30": "$681", "2014-06-30": "$673", "2014-03-31": "$665", "2013-12-31": "$662", "2013-09-30": "$187", "2013-06-30": "$224", "2013-03-31": "$338", "2012-12-31": "$331", "2012-09-30": "$325", "2012-06-30": "$319", "2012-03-31": "$313", "2011-12-31": "$316", "2011-09-30": "$310", "2011-06-30": "$305", "2011-03-31": "$299", "2010-12-31": "$293", "2010-09-30": "$288", "2010-06-30": "$283", "2010-03-31": "$278", "2009-12-31": "$443", "2009-09-30": "$626", "2009-06-30": "$401", "2009-03-31": "$399", "2008-12-31": "$396", "2008-09-30": "$394", "2008-06-30": "$391", "2008-03-31": "$389", "2007-12-31": "$387", "2007-09-30": "$378", "2007-06-30": "$375", "2007-03-31": "$373", "2006-12-31": "$371", "2006-09-30": "$369", "2006-06-30": "$257", "2006-03-31": "$257", "2005-12-31": "$342", "2005-09-30": "$342", "2005-06-30": "$350", "2005-03-31": "$379"}}, "total-liabilities": {"Incyte Annual Total Liabilities (Millions of US $)": {"2019": "$828", "2018": "$720", "2017": "$672", "2016": "$1,219", "2015": "$836", "2014": "$878", "2013": "$823", "2012": "$505", "2011": "$556", "2010": "$578", "2009": "$815", "2008": "$453", "2007": "$435", "2006": "$439", "2005": "$394"}, "Incyte Quarterly Total Liabilities (Millions of US $)": {"2020-09-30": "$917", "2020-06-30": "$868", "2020-03-31": "$815", "2019-12-31": "$828", "2019-09-30": "$792", "2019-06-30": "$700", "2019-03-31": "$669", "2018-12-31": "$720", "2018-09-30": "$717", "2018-06-30": "$664", "2018-03-31": "$678", "2017-12-31": "$672", "2017-09-30": "$617", "2017-06-30": "$613", "2017-03-31": "$641", "2016-12-31": "$1,219", "2016-09-30": "$1,174", "2016-06-30": "$1,121", "2016-03-31": "$876", "2015-12-31": "$836", "2015-09-30": "$843", "2015-06-30": "$875", "2015-03-31": "$904", "2014-12-31": "$878", "2014-09-30": "$875", "2014-06-30": "$850", "2014-03-31": "$829", "2013-12-31": "$823", "2013-09-30": "$329", "2013-06-30": "$362", "2013-03-31": "$494", "2012-12-31": "$505", "2012-09-30": "$516", "2012-06-30": "$529", "2012-03-31": "$542", "2011-12-31": "$556", "2011-09-30": "$552", "2011-06-30": "$553", "2011-03-31": "$564", "2010-12-31": "$578", "2010-09-30": "$594", "2010-06-30": "$598", "2010-03-31": "$617", "2009-12-31": "$815", "2009-09-30": "$672", "2009-06-30": "$450", "2009-03-31": "$446", "2008-12-31": "$453", "2008-09-30": "$442", "2008-06-30": "$442", "2008-03-31": "$434", "2007-12-31": "$435", "2007-09-30": "$424", "2007-06-30": "$428", "2007-03-31": "$429", "2006-12-31": "$439", "2006-09-30": "$531", "2006-06-30": "$430", "2006-03-31": "$437", "2005-12-31": "$394", "2005-09-30": "$395", "2005-06-30": "$403", "2005-03-31": "$428"}}, "total-share-holder-equity": {"Incyte Annual Share Holder Equity (Millions of US $)": {"2019": "$2,598", "2018": "$1,926", "2017": "$1,631", "2016": "$419", "2015": "$171", "2014": "$-82", "2013": "$-193", "2012": "$-175", "2011": "$-227", "2010": "$-89", "2009": "$-102", "2008": "$-221", "2007": "$-160", "2006": "$-85", "2005": "$-19"}, "Incyte Quarterly Share Holder Equity (Millions of US $)": {"2020-09-30": "$2,391", "2020-06-30": "$2,345", "2020-03-31": "$1,938", "2019-12-31": "$2,598", "2019-09-30": "$2,423", "2019-06-30": "$2,247", "2019-03-31": "$2,086", "2018-12-31": "$1,926", "2018-09-30": "$1,803", "2018-06-30": "$1,733", "2018-03-31": "$1,628", "2017-12-31": "$1,631", "2017-09-30": "$1,758", "2017-06-30": "$1,027", "2017-03-31": "$966", "2016-12-31": "$419", "2016-09-30": "$370", "2016-06-30": "$297", "2016-03-31": "$228", "2015-12-31": "$171", "2015-09-30": "$89", "2015-06-30": "$55", "2015-03-31": "$-41", "2014-12-31": "$-82", "2014-09-30": "$-90", "2014-06-30": "$-171", "2014-03-31": "$-162", "2013-12-31": "$-193", "2013-09-30": "$29", "2013-06-30": "$-28", "2013-03-31": "$-164", "2012-12-31": "$-175", "2012-09-30": "$-220", "2012-06-30": "$-217", "2012-03-31": "$-249", "2011-12-31": "$-227", "2011-09-30": "$-181", "2011-06-30": "$-136", "2011-03-31": "$-104", "2010-12-31": "$-89", "2010-09-30": "$-129", "2010-06-30": "$-105", "2010-03-31": "$-114", "2009-12-31": "$-102", "2009-09-30": "$-199", "2009-06-30": "$-291", "2009-03-31": "$-257", "2008-12-31": "$-221", "2008-09-30": "$-177", "2008-06-30": "$-237", "2008-03-31": "$-197", "2007-12-31": "$-160", "2007-09-30": "$-141", "2007-06-30": "$-120", "2007-03-31": "$-104", "2006-12-31": "$-85", "2006-09-30": "$-66", "2006-06-30": "$-55", "2006-03-31": "$-38", "2005-12-31": "$-19", "2005-09-30": "$4", "2005-06-30": "$34", "2005-03-31": "$60"}}, "profit-margins": {"current": "-11.09%"}, "gross margin": {"2020-09-30": "94.79%", "2020-06-30": "94.85%", "2020-03-31": "94.66%", "2019-12-31": "94.72%", "2019-09-30": "94.88%", "2019-06-30": "94.87%", "2019-03-31": "95.05%", "2018-12-31": "95.01%", "2018-09-30": "94.99%", "2018-06-30": "94.91%", "2018-03-31": "94.59%", "2017-12-31": "94.79%", "2017-09-30": "94.57%", "2017-06-30": "94.33%", "2017-03-31": "94.61%", "2016-12-31": "94.84%", "2016-09-30": "95.30%", "2016-06-30": "96.17%", "2016-03-31": "96.50%", "2015-12-31": "96.42%", "2015-09-30": "97.00%", "2015-06-30": "98.29%", "2015-03-31": "98.97%", "2014-12-31": "99.41%", "2014-09-30": "99.79%", "2014-06-30": "99.73%", "2014-03-31": "100.00%", "2013-12-31": "100.00%", "2013-09-30": "100.00%", "2013-06-30": "100.00%", "2013-03-31": "100.00%", "2012-12-31": "100.00%", "2012-09-30": "100.00%", "2012-06-30": "100.00%", "2012-03-31": "100.00%", "2011-12-31": "100.00%", "2011-09-30": "100.00%", "2011-06-30": "100.00%", "2011-03-31": "100.00%", "2010-12-31": "100.00%", "2010-09-30": "100.00%", "2010-06-30": "100.00%", "2010-03-31": "100.00%", "2009-12-31": "100.00%", "2009-09-30": "100.00%", "2009-06-30": "100.00%", "2009-03-31": "100.00%", "2008-12-31": "100.00%", "2008-09-30": "100.00%", "2008-06-30": "100.00%", "2008-03-31": "100.00%", "2007-12-31": "100.00%", "2007-09-30": "100.00%", "2007-06-30": "100.00%", "2007-03-31": "100.00%", "2006-12-31": "100.00%", "2006-09-30": "100.00%", "2006-06-30": "100.00%", "2006-03-31": "100.00%", "2005-12-31": "100.00%"}, "operating margin": {"2020-09-30": "-13.55%", "2020-06-30": "-8.54%", "2020-03-31": "-15.07%", "2019-12-31": "18.62%", "2019-09-30": "18.45%", "2019-06-30": "14.26%", "2019-03-31": "13.51%", "2018-12-31": "6.85%", "2018-09-30": "-4.73%", "2018-06-30": "-5.84%", "2018-03-31": "-11.54%", "2017-12-31": "-15.82%", "2017-09-30": "-4.87%", "2017-06-30": "-4.75%", "2017-03-31": "-1.96%", "2016-12-31": "13.13%", "2016-09-30": "16.44%", "2016-06-30": "15.52%", "2016-03-31": "10.96%", "2015-12-31": "6.76%", "2015-09-30": "-6.31%", "2015-06-30": "4.66%", "2015-03-31": "1.89%", "2014-12-31": "-0.98%", "2014-09-30": "1.03%", "2014-06-30": "-20.97%", "2014-03-31": "-9.36%", "2013-12-31": "-4.51%", "2013-09-30": "8.06%", "2013-06-30": "9.51%", "2013-03-31": "9.34%", "2012-12-31": "0.34%", "2012-09-30": "-34.43%", "2012-06-30": "-62.13%", "2012-03-31": "-162.63%", "2011-12-31": "-150.53%", "2011-09-30": "-37.50%", "2011-06-30": "-24.34%", "2011-03-31": "9.73%", "2010-12-31": "8.24%", "2010-09-30": "-75.82%", "2010-06-30": "-105.33%", "2010-03-31": "-484.62%", "2009-12-31": "-1400.00%", "2009-09-30": "-3550.00%", "2009-06-30": "-3750.00%", "2009-03-31": "-3950.00%", "2008-12-31": "-4000.00%", "2008-09-30": "-1107.69%", "2008-06-30": "-657.89%", "2008-03-31": "-344.83%", "2007-12-31": "-240.00%", "2007-09-30": "-240.63%", "2007-06-30": "-225.00%", "2007-03-31": "-267.86%", "2006-12-31": "-285.19%", "2006-09-30": "-400.00%", "2006-06-30": "-646.67%", "2006-03-31": "-954.55%", "2005-12-31": "-1262.50%"}, "ebitda margin": {"2020-09-30": "-11.48%", "2020-06-30": "-6.37%", "2020-03-31": "-12.69%", "2019-12-31": "21.12%", "2019-09-30": "21.06%", "2019-06-30": "17.00%", "2019-03-31": "16.32%", "2018-12-31": "9.78%", "2018-09-30": "-1.78%", "2018-06-30": "-2.89%", "2018-03-31": "-8.28%", "2017-12-31": "-12.43%", "2017-09-30": "-0.78%", "2017-06-30": "0.08%", "2017-03-31": "3.10%", "2016-12-31": "18.39%", "2016-09-30": "21.43%", "2016-06-30": "20.30%", "2016-03-31": "16.08%", "2015-12-31": "12.73%", "2015-09-30": "1.10%", "2015-06-30": "11.80%", "2015-03-31": "9.64%", "2014-12-31": "7.42%", "2014-09-30": "9.07%", "2014-06-30": "-12.10%", "2014-03-31": "-1.07%", "2013-12-31": "3.66%", "2013-09-30": "15.59%", "2013-06-30": "18.44%", "2013-03-31": "18.67%", "2012-12-31": "10.44%", "2012-09-30": "-20.75%", "2012-06-30": "-44.97%", "2012-03-31": "-134.34%", "2011-12-31": "-121.05%", "2011-09-30": "-19.08%", "2011-06-30": "-7.24%", "2011-03-31": "23.24%", "2010-12-31": "22.94%", "2010-09-30": "-48.35%", "2010-06-30": "-72.00%", "2010-03-31": "-400.00%", "2009-12-31": "-1230.00%", "2009-09-30": "-3200.00%", "2009-06-30": "-3450.00%", "2009-03-31": "-3625.00%", "2008-12-31": "-3650.00%", "2008-09-30": "-1007.69%", "2008-06-30": "-589.47%", "2008-03-31": "-303.45%", "2007-12-31": "-205.71%", "2007-09-30": "-200.00%", "2007-06-30": "-187.50%", "2007-03-31": "-232.14%", "2006-12-31": "-255.56%", "2006-09-30": "-371.43%", "2006-06-30": "-593.33%", "2006-03-31": "-881.82%", "2005-12-31": "-1150.00%"}, "pre tax profit margin": {"2020-09-30": "-11.19%", "2020-06-30": "-5.15%", "2020-03-31": "-14.39%", "2019-12-31": "22.56%", "2019-09-30": "20.49%", "2019-06-30": "15.70%", "2019-03-31": "13.01%", "2018-12-31": "6.16%", "2018-09-30": "-5.73%", "2018-06-30": "-5.26%", "2018-03-31": "-10.04%", "2017-12-31": "-20.31%", "2017-09-30": "-10.93%", "2017-06-30": "-12.26%", "2017-03-31": "-9.47%", "2016-12-31": "9.60%", "2016-09-30": "14.97%", "2016-06-30": "7.97%", "2016-03-31": "5.71%", "2015-12-31": "0.93%", "2015-09-30": "-13.56%", "2015-06-30": "2.02%", "2015-03-31": "-5.68%", "2014-12-31": "-9.57%", "2014-09-30": "-11.34%", "2014-06-30": "-36.56%", "2014-03-31": "-27.27%", "2013-12-31": "-23.66%", "2013-09-30": "-5.91%", "2013-06-30": "-6.34%", "2013-03-31": "-4.52%", "2012-12-31": "-14.81%", "2012-09-30": "-55.66%", "2012-06-30": "-88.17%", "2012-03-31": "-207.07%", "2011-12-31": "-196.84%", "2011-09-30": "-65.13%", "2011-06-30": "-51.32%", "2011-03-31": "-12.43%", "2010-12-31": "-18.24%", "2010-09-30": "-167.03%", "2010-06-30": "-217.33%", "2010-03-31": "-792.31%", "2009-12-31": "-2110.00%", "2009-09-30": "-4275.00%", "2009-06-30": "-4325.00%", "2009-03-31": "-4475.00%", "2008-12-31": "-4475.00%", "2008-09-30": "-1176.92%", "2008-06-30": "-694.74%", "2008-03-31": "-358.62%", "2007-12-31": "-245.71%", "2007-09-30": "-265.63%", "2007-06-30": "-240.63%", "2007-03-31": "-285.71%", "2006-12-31": "-277.78%", "2006-09-30": "-390.48%", "2006-06-30": "-640.00%", "2006-03-31": "-909.09%", "2005-12-31": "-1287.50%"}, "net profit margin": {"2020-09-30": "-13.63%", "2020-06-30": "-8.04%", "2020-03-31": "-16.91%", "2019-12-31": "20.66%", "2019-09-30": "19.17%", "2019-06-30": "15.20%", "2019-03-31": "12.61%", "2018-12-31": "5.79%", "2018-09-30": "-6.12%", "2018-06-30": "-5.95%", "2018-03-31": "-10.89%", "2017-12-31": "-20.38%", "2017-09-30": "-10.86%", "2017-06-30": "-11.72%", "2017-03-31": "-8.73%", "2016-12-31": "9.42%", "2016-09-30": "14.68%", "2016-06-30": "7.76%", "2016-03-31": "5.59%", "2015-12-31": "0.80%", "2015-09-30": "-13.56%", "2015-06-30": "2.02%", "2015-03-31": "-5.68%", "2014-12-31": "-9.57%", "2014-09-30": "-11.34%", "2014-06-30": "-36.56%", "2014-03-31": "-27.27%", "2013-12-31": "-23.66%", "2013-09-30": "-5.91%", "2013-06-30": "-6.34%", "2013-03-31": "-4.52%", "2012-12-31": "-14.81%", "2012-09-30": "-55.66%", "2012-06-30": "-88.17%", "2012-03-31": "-207.07%", "2011-12-31": "-196.84%", "2011-09-30": "-65.13%", "2011-06-30": "-51.32%", "2011-03-31": "-12.43%", "2010-12-31": "-18.82%", "2010-09-30": "-168.13%", "2010-06-30": "-218.67%", "2010-03-31": "-796.15%", "2009-12-31": "-2110.00%", "2009-09-30": "-4275.00%", "2009-06-30": "-4325.00%", "2009-03-31": "-4475.00%", "2008-12-31": "-4475.00%", "2008-09-30": "-1176.92%", "2008-06-30": "-694.74%", "2008-03-31": "-358.62%", "2007-12-31": "-245.71%", "2007-09-30": "-265.63%", "2007-06-30": "-240.63%", "2007-03-31": "-285.71%", "2006-12-31": "-277.78%", "2006-09-30": "-390.48%", "2006-06-30": "-640.00%", "2006-03-31": "-909.09%", "2005-12-31": "-1287.50%"}, "pe ratio": {"current": "0.00", "2021-02-11": "0.00", "2020-09-30": "0.00", "2020-06-30": "0.00", "2020-03-31": "0.00", "2019-12-31": "42.60", "2019-09-30": "39.91", "2019-06-30": "60.26", "2019-03-31": "73.51", "2018-12-31": "124.69", "2018-09-30": "0.00", "2018-06-30": "0.00", "2018-03-31": "0.00", "2017-12-31": "0.00", "2017-09-30": "0.00", "2017-06-30": "0.00", "2017-03-31": "0.00", "2016-12-31": "185.69", "2016-09-30": "120.88", "2016-06-30": "216.16", "2016-03-31": "301.96", "2015-12-31": "0.00", "2015-09-30": "0.00", "2015-06-30": "2084.20", "2015-03-31": "0.00", "2014-12-31": "0.00", "2014-09-30": "0.00", "2014-06-30": "0.00", "2014-03-31": "0.00", "2013-12-31": "0.00", "2013-09-30": "0.00", "2013-06-30": "0.00", "2013-03-31": "0.00", "2012-12-31": "0.00", "2012-09-30": "0.00", "2012-06-30": "0.00", "2012-03-31": "0.00", "2011-12-31": "0.00", "2011-09-30": "0.00", "2011-06-30": "0.00", "2011-03-31": "0.00", "2010-12-31": "0.00", "2010-09-30": "0.00", "2010-06-30": "0.00", "2010-03-31": "0.00", "2009-12-31": "0.00", "2009-09-30": "0.00", "2009-06-30": "0.00", "2009-03-31": "0.00", "2008-12-31": "0.00", "2008-09-30": "0.00", "2008-06-30": "0.00", "2008-03-31": "0.00", "2007-12-31": "0.00", "2007-09-30": "0.00", "2007-06-30": "0.00", "2007-03-31": "0.00", "2006-12-31": "0.00"}, "price sales": {"2021-02-11": "7.56", "2020-09-30": "7.98", "2020-06-30": "9.50", "2020-03-31": "7.14", "2019-12-31": "8.80", "2019-09-30": "7.64", "2019-06-30": "9.17", "2019-03-31": "9.30", "2018-12-31": "7.26", "2018-09-30": "8.14", "2018-06-30": "8.17", "2018-03-31": "11.32", "2017-12-31": "12.59", "2017-09-30": "16.59", "2017-06-30": "19.00", "2017-03-31": "21.18", "2016-12-31": "17.55", "2016-09-30": "17.68", "2016-06-30": "16.06", "2016-03-31": "15.83", "2015-12-31": "26.22", "2015-09-30": "30.90", "2015-06-30": "29.06", "2015-03-31": "27.73", "2014-12-31": "25.02", "2014-09-30": "17.28", "2014-06-30": "24.13", "2014-03-31": "21.75", "2013-12-31": "20.69", "2013-09-30": "14.29", "2013-06-30": "8.52", "2013-03-31": "9.38", "2012-12-31": "7.38", "2012-09-30": "11.25", "2012-06-30": "17.80", "2012-03-31": "24.68", "2011-12-31": "19.84", "2011-09-30": "11.34", "2011-06-30": "15.31", "2011-03-31": "10.63", "2010-12-31": "12.03", "2010-09-30": "21.67", "2010-06-30": "18.17", "2010-03-31": "60.90", "2009-12-31": "99.84", "2009-09-30": "192.92", "2009-06-30": "89.17", "2009-03-31": "64.91", "2008-12-31": "84.97", "2008-09-30": "51.00", "2008-06-30": "34.91", "2008-03-31": "31.24", "2007-12-31": "24.55", "2007-09-30": "18.93", "2007-06-30": "15.59", "2007-03-31": "19.32", "2006-12-31": "17.70"}, "price book": {"current": "8.19", "2021-02-10": "7.80", "2020-09-30": "8.22", "2020-06-30": "9.67", "2020-03-31": "8.20", "2019-12-31": "7.26", "2019-09-30": "6.60", "2019-06-30": "8.12", "2019-03-31": "8.84", "2018-12-31": "7.04", "2018-09-30": "8.15", "2018-06-30": "8.21", "2018-03-31": "10.85", "2017-12-31": "12.27", "2017-09-30": "14.01", "2017-06-30": "25.21", "2017-03-31": "28.31", "2016-12-31": "45.14", "2016-09-30": "47.98", "2016-06-30": "50.58", "2016-03-31": "59.63", "2015-12-31": "118.27", "2015-09-30": "231.31", "2015-06-30": "340.33", "2015-03-31": "-383.84", "2014-12-31": "-153.05", "2014-09-30": "-92.44", "2014-06-30": "-55.57", "2014-03-31": "-55.19", "2013-12-31": "-42.73", "2013-09-30": "213.13", "2013-06-30": "-121.08", "2013-03-31": "-19.40", "2012-12-31": "-12.67", "2012-09-30": "-10.76", "2012-06-30": "-13.60", "2012-03-31": "-9.93", "2011-12-31": "-8.36", "2011-09-30": "-9.75", "2011-06-30": "-17.52", "2011-03-31": "-18.87", "2010-12-31": "-23.03", "2010-09-30": "-15.19", "2010-06-30": "-12.89", "2010-03-31": "-14.74", "2009-12-31": "-10.58", "2009-09-30": "-4.01", "2009-06-30": "-1.11", "2009-03-31": "-0.89", "2008-12-31": "-1.67", "2008-09-30": "-4.19", "2008-06-30": "-2.73", "2008-03-31": "-4.51", "2007-12-31": "-5.33", "2007-09-30": "-4.26", "2007-06-30": "-4.22", "2007-03-31": "-5.30", "2006-12-31": "-5.78", "2006-09-30": "-5.36", "2006-06-30": "-7.05", "2006-03-31": "-13.33"}, "price fcf": {"2021-02-11": "", "2020-09-30": "$-1.21", "2020-06-30": "$-0.47", "2020-03-31": "$-1.06", "2019-12-31": "$2.91", "2019-09-30": "$2.71", "2019-06-30": "$2.20", "2019-03-31": "$1.81", "2018-12-31": "$1.22", "2018-09-30": "$0.37", "2018-06-30": "$-0.33", "2018-03-31": "$0.04", "2017-12-31": "$-1.00", "2017-09-30": "$-0.02", "2017-06-30": "$0.28", "2017-03-31": "$-0.52", "2016-12-31": "$0.95", "2016-09-30": "$0.90", "2016-06-30": "$0.46", "2016-03-31": "$0.86", "2015-12-31": "$0.34", "2015-09-30": "$0.19", "2015-06-30": "$0.35", "2015-03-31": "$0.15", "2014-12-31": "$-0.01", "2014-09-30": "$-0.30", "2014-06-30": "$-0.53", "2014-03-31": "$-0.35", "2013-12-31": "$0.03", "2013-09-30": "$-0.06", "2013-06-30": "$-0.19", "2013-03-31": "$-0.14", "2012-12-31": "$-0.75", "2012-09-30": "$-0.90", "2012-06-30": "$-1.05", "2012-03-31": "$-1.39", "2011-12-31": "$-1.32", "2011-09-30": "$-0.78", "2011-06-30": "$-0.61", "2011-03-31": "$-0.45", "2010-12-31": "$0.77", "2010-09-30": "$1.77", "2010-06-30": "$1.63", "2010-03-31": "$1.41", "2009-12-31": "$0.12", "2009-09-30": "$-1.48", "2009-06-30": "$-1.49", "2009-03-31": "$-1.57", "2008-12-31": "$-1.58", "2008-09-30": "$-1.52", "2008-06-30": "$-1.45", "2008-03-31": "$-1.25", "2007-12-31": "$-1.11", "2007-09-30": "$-1.06", "2007-06-30": "$-1.04", "2007-03-31": "$-1.11", "2006-12-31": "$-0.62"}, "net worth": {"value": "$19.59B"}, "current ratio": {"current": "3.56", "2020-09-30": "3.56", "2020-06-30": "3.73", "2020-03-31": "3.41", "2019-12-31": "4.83", "2019-09-30": "5.02", "2019-06-30": "5.61", "2019-03-31": "5.23", "2018-12-31": "4.31", "2018-09-30": "4.03", "2018-06-30": "4.34", "2018-03-31": "3.86", "2017-12-31": "4.01", "2017-09-30": "4.82", "2017-06-30": "2.88", "2017-03-31": "2.69", "2016-12-31": "3.64", "2016-09-30": "3.69", "2016-06-30": "3.98", "2016-03-31": "4.67", "2015-12-31": "5.01", "2015-09-30": "4.86", "2015-06-30": "3.81", "2015-03-31": "3.07", "2014-12-31": "3.07", "2014-09-30": "5.32", "2014-06-30": "5.13", "2014-03-31": "5.43", "2013-12-31": "5.14", "2013-09-30": "3.05", "2013-06-30": "3.04", "2013-03-31": "2.55", "2012-12-31": "2.28", "2012-09-30": "2.03", "2012-06-30": "2.11", "2012-03-31": "1.94", "2011-12-31": "2.29", "2011-09-30": "2.86", "2011-06-30": "3.54", "2011-03-31": "3.87", "2010-12-31": "4.01", "2010-09-30": "3.60", "2010-06-30": "4.07", "2010-03-31": "3.82", "2009-12-31": "4.94", "2009-09-30": "9.09", "2009-06-30": "3.22", "2009-03-31": "3.93", "2008-12-31": "4.08", "2008-09-30": "6.30", "2008-06-30": "4.66", "2008-03-31": "6.64", "2007-12-31": "7.23", "2007-09-30": "8.16", "2007-06-30": "7.55", "2007-03-31": "7.58", "2006-12-31": "6.64", "2006-09-30": "3.16", "2006-06-30": "2.10", "2006-03-31": "2.35", "2005-12-31": "12.71", "2005-09-30": "13.59", "2005-06-30": "15.09", "2005-03-31": "21.14"}, "quick ratio": {"2020-09-30": "3.53", "2020-06-30": "3.70", "2020-03-31": "3.38", "2019-12-31": "4.81", "2019-09-30": "5.01", "2019-06-30": "5.59", "2019-03-31": "5.21", "2018-12-31": "4.29", "2018-09-30": "4.01", "2018-06-30": "4.32", "2018-03-31": "3.84", "2017-12-31": "3.99", "2017-09-30": "4.81", "2017-06-30": "2.87", "2017-03-31": "2.68", "2016-12-31": "3.62", "2016-09-30": "3.67", "2016-06-30": "3.95", "2016-03-31": "4.66", "2015-12-31": "5.00", "2015-09-30": "4.85", "2015-06-30": "3.80", "2015-03-31": "3.06", "2014-12-31": "3.07", "2014-09-30": "5.31", "2014-06-30": "5.13", "2014-03-31": "5.43", "2013-12-31": "5.14", "2013-09-30": "3.05", "2013-06-30": "3.04", "2013-03-31": "2.55", "2012-12-31": "2.27", "2012-09-30": "2.02", "2012-06-30": "2.10", "2012-03-31": "0.00", "2011-12-31": "0.00", "2011-09-30": "0.00", "2011-06-30": "0.00", "2011-03-31": "0.00", "2010-12-31": "0.00", "2010-09-30": "0.00", "2010-06-30": "0.00", "2010-03-31": "0.00", "2009-12-31": "0.00", "2009-09-30": "0.00", "2009-06-30": "0.00", "2009-03-31": "0.00", "2008-12-31": "0.00", "2008-09-30": "0.00", "2008-06-30": "0.00", "2008-03-31": "0.00", "2007-12-31": "0.00", "2007-09-30": "0.00", "2007-06-30": "0.00", "2007-03-31": "0.00", "2006-12-31": "0.00", "2006-09-30": "0.00", "2006-06-30": "0.00", "2006-03-31": "0.00", "2005-12-31": "0.00", "2005-09-30": "0.00", "2005-06-30": "0.00", "2005-03-31": "0.00"}, "debt equity ratio": {"current": "0.01", "2020-09-30": "0.38", "2020-06-30": "0.37", "2020-03-31": "0.42", "2019-12-31": "0.32", "2019-09-30": "0.33", "2019-06-30": "0.31", "2019-03-31": "0.32", "2018-12-31": "0.37", "2018-09-30": "0.40", "2018-06-30": "0.38", "2018-03-31": "0.42", "2017-12-31": "0.41", "2017-09-30": "0.35", "2017-06-30": "0.60", "2017-03-31": "0.66", "2016-12-31": "2.91", "2016-09-30": "3.17", "2016-06-30": "3.77", "2016-03-31": "3.85", "2015-12-31": "4.89", "2015-09-30": "9.50", "2015-06-30": "15.86", "2015-03-31": "-21.83", "2014-12-31": "-10.76", "2014-09-30": "-9.77", "2014-06-30": "-4.97", "2014-03-31": "-5.11", "2013-12-31": "-4.26", "2013-09-30": "11.41", "2013-06-30": "-13.03", "2013-03-31": "-3.02", "2012-12-31": "-2.89", "2012-09-30": "-2.35", "2012-06-30": "-2.44", "2012-03-31": "-2.18", "2011-12-31": "-2.45", "2011-09-30": "-3.05", "2011-06-30": "-4.06", "2011-03-31": "-5.42", "2010-12-31": "-6.52", "2010-09-30": "-4.60", "2010-06-30": "-5.71", "2010-03-31": "-5.39", "2009-12-31": "-7.96", "2009-09-30": "-3.37", "2009-06-30": "-1.55", "2009-03-31": "-1.74", "2008-12-31": "-2.05", "2008-09-30": "-2.49", "2008-06-30": "-1.86", "2008-03-31": "-2.20", "2007-12-31": "-2.73", "2007-09-30": "-3.00", "2007-06-30": "-3.58", "2007-03-31": "-4.11", "2006-12-31": "-5.17", "2006-09-30": "-8.03", "2006-06-30": "-7.85", "2006-03-31": "-11.56", "2005-12-31": "-20.29", "2005-09-30": "112.26", "2005-06-30": "11.94", "2005-03-31": "7.14"}, "return on equity": {"2020-09-30": "-14.45%", "2020-06-30": "-8.25%", "2020-03-31": "-16.38%", "2019-12-31": "19.07%", "2019-09-30": "18.61%", "2019-06-30": "15.13%", "2019-03-31": "13.35%", "2018-12-31": "6.15%", "2018-09-30": "-6.48%", "2018-06-30": "-6.10%", "2018-03-31": "-11.05%", "2017-12-31": "-23.26%", "2017-09-30": "-14.77%", "2017-06-30": "-22.00%", "2017-03-31": "-20.86%", "2016-12-31": "31.66%", "2016-09-30": "56.29%", "2016-06-30": "37.20%", "2016-03-31": "35.36%", "2015-12-31": "8.76%", "2015-09-30": "-1638.10%", "2015-06-30": "-32.91%", "2015-03-31": "34.38%", "2014-12-31": "38.81%", "2014-09-30": "35.71%", "2014-06-30": "109.46%", "2014-03-31": "115.25%", "2013-12-31": "94.38%", "2013-09-30": "26.04%", "2013-06-30": "14.99%", "2013-03-31": "7.73%", "2012-12-31": "20.44%", "2012-09-30": "51.70%", "2012-06-30": "68.19%", "2012-03-31": "103.40%", "2011-12-31": "115.43%", "2011-09-30": "77.65%", "2011-06-30": "68.12%", "2011-03-31": "21.55%", "2010-12-31": "29.29%", "2010-09-30": "136.00%", "2010-06-30": "126.15%", "2010-03-31": "117.28%", "2009-12-31": "99.41%", "2009-09-30": "70.66%", "2009-06-30": "73.15%", "2009-03-31": "80.27%", "2008-12-31": "86.06%", "2008-09-30": "79.38%", "2008-06-30": "71.84%", "2008-03-31": "67.31%", "2007-12-31": "65.52%", "2007-09-30": "75.56%", "2007-06-30": "82.13%", "2007-03-31": "103.23%", "2006-12-31": "122.95%", "2006-09-30": "184.27%", "2006-06-30": "355.56%", "2006-03-31": "2105.26%", "2005-12-31": "-521.52%"}, "return on assets": {"2020-09-30": "-10.55%", "2020-06-30": "-6.09%", "2020-03-31": "-12.22%", "2019-12-31": "14.45%", "2019-09-30": "13.98%", "2019-06-30": "11.23%", "2019-03-31": "9.77%", "2018-12-31": "4.42%", "2018-09-30": "-4.62%", "2018-06-30": "-4.39%", "2018-03-31": "-7.75%", "2017-12-31": "-15.80%", "2017-09-30": "-8.49%", "2017-06-30": "-9.52%", "2017-03-31": "-6.89%", "2016-12-31": "7.29%", "2016-09-30": "11.83%", "2016-06-30": "6.55%", "2016-03-31": "4.83%", "2015-12-31": "0.64%", "2015-09-30": "-9.77%", "2015-06-30": "1.54%", "2015-03-31": "-4.23%", "2014-12-31": "-6.70%", "2014-09-30": "-7.97%", "2014-06-30": "-23.32%", "2014-03-31": "-20.52%", "2013-12-31": "-20.35%", "2013-09-30": "-6.51%", "2013-06-30": "-6.82%", "2013-03-31": "-4.73%", "2012-12-31": "-14.27%", "2012-09-30": "-38.31%", "2012-06-30": "-45.64%", "2012-03-31": "-58.11%", "2011-12-31": "-47.43%", "2011-09-30": "-22.78%", "2011-06-30": "-17.03%", "2011-03-31": "-4.82%", "2010-12-31": "-6.56%", "2010-09-30": "-28.15%", "2010-06-30": "-30.06%", "2010-03-31": "-44.83%", "2009-12-31": "-55.02%", "2009-09-30": "-64.90%", "2009-06-30": "-81.80%", "2009-03-31": "-80.27%", "2008-12-31": "-76.25%", "2008-09-30": "-62.26%", "2008-06-30": "-52.75%", "2008-03-31": "-37.65%", "2007-12-31": "-28.83%", "2007-09-30": "-26.75%", "2007-06-30": "-21.20%", "2007-03-31": "-21.07%", "2006-12-31": "-18.83%", "2006-09-30": "-20.33%", "2006-06-30": "-24.84%", "2006-03-31": "-24.88%", "2005-12-31": "-24.29%"}, "return on investments": {"2020-09-30": "-14.17%", "2020-06-30": "-8.64%", "2020-03-31": "-14.35%", "2019-12-31": "16.92%", "2019-09-30": "17.65%", "2019-06-30": "14.01%", "2019-03-31": "14.18%", "2018-12-31": "7.21%", "2018-09-30": "-4.95%", "2018-06-30": "-5.92%", "2018-03-31": "-11.56%", "2017-12-31": "-17.72%", "2017-09-30": "-5.62%", "2017-06-30": "-5.99%", "2017-03-31": "-2.39%", "2016-12-31": "14.98%", "2016-09-30": "18.71%", "2016-06-30": "17.74%", "2016-03-31": "12.41%", "2015-12-31": "7.43%", "2015-09-30": "-6.50%", "2015-06-30": "5.13%", "2015-03-31": "2.03%", "2014-12-31": "-0.95%", "2014-09-30": "0.97%", "2014-06-30": "-18.47%", "2014-03-31": "-10.12%", "2013-12-31": "-6.07%", "2013-09-30": "16.17%", "2013-06-30": "20.92%", "2013-03-31": "23.13%", "2012-12-31": "0.94%", "2012-09-30": "-81.34%", "2012-06-30": "-109.66%", "2012-03-31": "-143.11%", "2011-12-31": "-98.45%", "2011-09-30": "-32.71%", "2011-06-30": "-20.36%", "2011-03-31": "9.77%", "2010-12-31": "7.94%", "2010-09-30": "-32.82%", "2010-06-30": "-28.52%", "2010-03-31": "-48.46%", "2009-12-31": "-54.96%", "2009-09-30": "-66.59%", "2009-06-30": "-93.31%", "2009-03-31": "-91.99%", "2008-12-31": "-86.84%", "2008-09-30": "-73.00%", "2008-06-30": "-61.80%", "2008-03-31": "-43.91%", "2007-12-31": "-34.01%", "2007-09-30": "-29.42%", "2007-06-30": "-25.85%", "2007-03-31": "-28.30%", "2006-12-31": "-30.50%", "2006-09-30": "-32.12%", "2006-06-30": "-35.66%", "2006-03-31": "-33.10%", "2005-12-31": "-27.13%"}, "return on tangible equity": {"2020-09-30": "-16.95%", "2020-06-30": "-9.70%", "2020-03-31": "-19.34%", "2019-12-31": "22.51%", "2019-09-30": "22.35%", "2019-06-30": "18.52%", "2019-03-31": "16.65%", "2018-12-31": "7.82%", "2018-09-30": "-8.37%", "2018-06-30": "-7.94%", "2018-03-31": "-14.97%", "2017-12-31": "-33.13%", "2017-09-30": "-24.19%", "2017-06-30": "-53.87%", "2017-03-31": "-111.46%", "2016-12-31": "756.36%", "2016-09-30": "271.49%", "2016-06-30": "81.11%", "2016-03-31": "35.36%", "2015-12-31": "8.76%", "2015-09-30": "-1638.10%", "2015-06-30": "-32.91%", "2015-03-31": "34.38%", "2014-12-31": "38.81%", "2014-09-30": "35.71%", "2014-06-30": "108.80%", "2014-03-31": "113.33%", "2013-12-31": "91.55%", "2013-09-30": "25.21%", "2013-06-30": "14.62%", "2013-03-31": "7.55%", "2012-12-31": "19.93%", "2012-09-30": "50.05%", "2012-06-30": "66.44%", "2012-03-31": "101.36%", "2011-12-31": "112.31%", "2011-09-30": "74.72%", "2011-06-30": "63.80%", "2011-03-31": "19.57%", "2010-12-31": "26.50%", "2010-09-30": "122.40%", "2010-06-30": "114.29%", "2010-03-31": "110.11%", "2009-12-31": "95.26%", "2009-09-30": "68.74%", "2009-06-30": "71.86%", "2009-03-31": "78.59%", "2008-12-31": "83.94%", "2008-09-30": "77.08%", "2008-06-30": "69.38%", "2008-03-31": "64.50%", "2007-12-31": "61.98%", "2007-09-30": "70.39%", "2007-06-30": "75.12%", "2007-03-31": "91.95%", "2006-12-31": "106.01%", "2006-09-30": "149.09%", "2006-06-30": "252.63%", "2006-03-31": "606.06%", "2005-12-31": "-1471.43%"}, "dividend yield history": {"last payout": "$0.00", "last yield": "0.00%"}}