{"ticker": "INFO", "price": {"title": "IHS Markit Historical Annual Stock Price Data", "value": 91.47, "historical": {"2020": {"Average Stock Price": "76.6421", "Year Open": "75.7900", "Year High": "99.4600", "Year Low": "45.4000", "Year Close": "89.8300", "Annual % Change": "19.22%"}, "2019": {"Average Stock Price": "61.6908", "Year Open": "47.4200", "Year High": "75.6400", "Year Low": "46.6000", "Year Close": "75.3500", "Annual % Change": "57.08%"}, "2018": {"Average Stock Price": "50.6006", "Year Open": "45.5500", "Year High": "55.7000", "Year Low": "43.7300", "Year Close": "47.9700", "Annual % Change": "6.25%"}, "2017": {"Average Stock Price": "43.5993", "Year Open": "35.9200", "Year High": "48.4300", "Year Low": "35.9200", "Year Close": "45.1500", "Annual % Change": "27.51%"}, "2016": {"Average Stock Price": "33.7137", "Year Open": "29.5400", "Year High": "37.8100", "Year Low": "26.5100", "Year Close": "35.4100", "Annual % Change": "17.37%"}, "2015": {"Average Stock Price": "27.5919", "Year Open": "26.6000", "Year High": "30.7200", "Year Low": "25.4500", "Year Close": "30.1700", "Annual % Change": "14.15%"}, "2014": {"Average Stock Price": "25.0570", "Year Open": "26.7000", "Year High": "26.9800", "Year Low": "21.0400", "Year Close": "26.4300", "Annual % Change": "0.00%"}}}, "market cap": {"value": "$36.17B"}, "income statement": {"Revenue": {"2020-11-30": "4287.80000", "2019-11-30": "4414.60000", "2018-11-30": "4009.20000", "2017-11-30": "3599.70000", "2016-11-30": "2734.80000", "2015-12-31": "1113.40000", "2015-11-30": "2184.30000", "2014-12-31": "1065.10000", "2014-11-30": "2079.80000", "2013-12-31": "947.90000", "2013-11-30": ""}, "Cost Of Goods Sold": {"2020-11-30": "1590.00000", "2019-11-30": "1657.00000", "2018-11-30": "1495.70000", "2017-11-30": "1348.40000", "2016-11-30": "1037.70000", "2015-12-31": "600.40000", "2015-11-30": "819.20000", "2014-12-31": "569.20000", "2014-11-30": "815.20000", "2013-12-31": "515.10000", "2013-11-30": ""}, "Gross Profit": {"2020-11-30": "2697.80000", "2019-11-30": "2757.60000", "2018-11-30": "2513.50000", "2017-11-30": "2251.30000", "2016-11-30": "1697.10000", "2015-12-31": "513.00000", "2015-11-30": "1365.10000", "2014-12-31": "495.90000", "2014-11-30": "1264.60000", "2013-12-31": "432.80000", "2013-11-30": ""}, "Research And Development Expenses": {"2020-11-30": "", "2019-11-30": "", "2018-11-30": "", "2017-11-30": "", "2016-11-30": "", "2015-12-31": "", "2015-11-30": "", "2014-12-31": "", "2014-11-30": "", "2013-12-31": "", "2013-11-30": "0.00000"}, "SG&A Expenses": {"2020-11-30": "1128.00000", "2019-11-30": "1197.90000", "2018-11-30": "1192.80000", "2017-11-30": "1096.00000", "2016-11-30": "907.10000", "2015-12-31": "50.80000", "2015-11-30": "795.30000", "2014-12-31": "16.00000", "2014-11-30": "789.80000", "2013-12-31": "8.10000", "2013-11-30": "66.60000"}, "Other Operating Income Or Expenses": {"2020-11-30": "333.40000", "2019-11-30": "34.20000", "2018-11-30": "-136.50000", "2017-11-30": "-131.70000", "2016-11-30": "-171.10000", "2015-12-31": "-39.20000", "2015-11-30": "-7.50000", "2014-12-31": "-78.50000", "2014-11-30": "-7.30000", "2013-12-31": "-58.50000", "2013-11-30": ""}, "Operating Expenses": {"2020-11-30": "3137.30000", "2019-11-30": "3411.10000", "2018-11-30": "3367.90000", "2017-11-30": "3068.60000", "2016-11-30": "2474.40000", "2015-12-31": "861.10000", "2015-11-30": "1876.50000", "2014-12-31": "821.70000", "2014-11-30": "1802.30000", "2013-12-31": "717.79990", "2013-11-30": "202.70000"}, "Operating Income": {"2020-11-30": "1150.50000", "2019-11-30": "1003.50000", "2018-11-30": "641.30000", "2017-11-30": "531.10010", "2016-11-30": "260.39990", "2015-12-31": "252.30000", "2015-11-30": "307.79990", "2014-12-31": "243.40000", "2014-11-30": "277.50000", "2013-12-31": "230.10010", "2013-11-30": "-202.70000"}, "Total Non-Operating Income/Expense": {"2020-11-30": "-267.20000", "2019-11-30": "-260.60000", "2018-11-30": "-217.00000", "2017-11-30": "-159.00000", "2016-11-30": "-118.10000", "2015-12-31": "-30.20000", "2015-11-30": "-70.00000", "2014-12-31": "-22.80000", "2014-11-30": "-54.40000", "2013-12-31": "-19.40000", "2013-11-30": ""}, "Pre-Tax Income": {"2020-11-30": "883.30000", "2019-11-30": "742.90000", "2018-11-30": "424.30000", "2017-11-30": "372.10000", "2016-11-30": "142.30000", "2015-12-31": "222.10000", "2015-11-30": "237.80000", "2014-12-31": "220.60000", "2014-11-30": "223.10000", "2013-12-31": "210.70000", "2013-11-30": "-202.70000"}, "Income Taxes": {"2020-11-30": "13.30000", "2019-11-30": "242.60000", "2018-11-30": "-115.40000", "2017-11-30": "-49.90000", "2016-11-30": "-5.10000", "2015-12-31": "70.00000", "2015-11-30": "48.90000", "2014-12-31": "56.50000", "2014-11-30": "45.10000", "2013-12-31": "63.70000", "2013-11-30": ""}, "Income After Taxes": {"2020-11-30": "870.00000", "2019-11-30": "500.30000", "2018-11-30": "539.70000", "2017-11-30": "422.00000", "2016-11-30": "147.40000", "2015-12-31": "152.10000", "2015-11-30": "188.90000", "2014-12-31": "164.10000", "2014-11-30": "178.00000", "2013-12-31": "147.00000", "2013-11-30": "-202.70000"}, "Other Income": {"2020-11-30": "", "2019-11-30": "", "2018-11-30": "", "2017-11-30": "", "2016-11-30": "", "2015-12-31": "", "2015-11-30": "", "2014-12-31": "", "2014-11-30": "", "2013-12-31": "", "2013-11-30": "0.00000"}, "Income From Continuous Operations": {"2020-11-30": "869.40000", "2019-11-30": "499.40000", "2018-11-30": "539.20000", "2017-11-30": "417.00000", "2016-11-30": "142.90000", "2015-12-31": "152.10000", "2015-11-30": "188.90000", "2014-12-31": "164.10000", "2014-11-30": "178.00000", "2013-12-31": "147.00000", "2013-11-30": "241.52100"}, "Income From Discontinued Operations": {"2020-11-30": "", "2019-11-30": "", "2018-11-30": "", "2017-11-30": "", "2016-11-30": "9.20000", "2015-12-31": "", "2015-11-30": "51.30000", "2014-12-31": "", "2014-11-30": "16.50000", "2013-12-31": "", "2013-11-30": "0.00000"}, "Net Income": {"2020-11-30": "870.70000", "2019-11-30": "502.70000", "2018-11-30": "542.30000", "2017-11-30": "416.90000", "2016-11-30": "152.80000", "2015-12-31": "152.50000", "2015-11-30": "240.20000", "2014-12-31": "165.20000", "2014-11-30": "194.50000", "2013-12-31": "139.40000", "2013-11-30": "139.40000"}, "EBITDA": {"2020-11-30": "1742.09900", "2019-11-30": "1576.60000", "2018-11-30": "1182.50000", "2017-11-30": "1023.60000", "2016-11-30": "596.09990", "2015-12-31": "423.00000", "2015-11-30": "543.29990", "2014-12-31": "401.40000", "2014-11-30": "479.60000", "2013-12-31": "366.20010", "2013-11-30": "-66.60000"}, "EBIT": {"2020-11-30": "1150.50000", "2019-11-30": "1003.50000", "2018-11-30": "641.30000", "2017-11-30": "531.10010", "2016-11-30": "260.39990", "2015-12-31": "252.30000", "2015-11-30": "307.79990", "2014-12-31": "243.40000", "2014-11-30": "277.50000", "2013-12-31": "230.10010", "2013-11-30": "-202.70000"}, "Basic Shares Outstanding": {"2020-11-30": "396.80000", "2019-11-30": "399.50000", "2018-11-30": "394.40000", "2017-11-30": "400.30000", "2016-11-30": "309.20000", "2015-12-31": "179.79700", "2015-11-30": "243.40000", "2014-12-31": "179.18400", "2014-11-30": "242.40000", "2013-12-31": "173.87600", "2013-11-30": ""}, "Shares Outstanding": {"2020-11-30": "401.50000", "2019-11-30": "409.20000", "2018-11-30": "406.90000", "2017-11-30": "416.20000", "2016-11-30": "316.30000", "2015-12-31": "189.79700", "2015-11-30": "246.40000", "2014-12-31": "184.46700", "2014-11-30": "245.80000", "2013-12-31": "175.55100", "2013-11-30": ""}, "Basic EPS": {"2020-11-30": "2.19000", "2019-11-30": "1.26000", "2018-11-30": "1.38000", "2017-11-30": "1.04000", "2016-11-30": "0.49000", "2015-12-31": "0.85000", "2015-11-30": "0.99000", "2014-12-31": "0.92000", "2014-11-30": "0.80000", "2013-12-31": "0.80000", "2013-11-30": ""}, "EPS - Earnings Per Share": {"2020-11-30": "2.17000", "2019-11-30": "1.23000", "2018-11-30": "1.33000", "2017-11-30": "1.00000", "2016-11-30": "0.48000", "2015-12-31": "0.80000", "2015-11-30": "0.97000", "2014-12-31": "0.90000", "2014-11-30": "0.79000", "2013-12-31": "0.79000", "2013-11-30": "0.00000"}}, "income statement, quarterly": {"Revenue": {"2020-11-30": "1107.20000", "2020-08-31": "1073.20000", "2020-05-31": "1026.60000", "2020-02-29": "1080.80000", "2019-11-30": "1120.40000", "2019-08-31": "1112.30000", "2019-05-31": "1135.50000", "2019-02-28": "1046.40000", "2018-11-30": "1067.80000", "2018-08-31": "1001.00000", "2018-05-31": "1008.30000", "2018-02-28": "932.10000", "2017-11-30": "944.70000", "2017-08-31": "904.70000", "2017-05-31": "906.10000", "2017-02-28": "844.20000", "2016-11-30": "873.80000", "2016-08-31": "724.60000", "2016-05-31": "587.90000", "2016-03-31": "287.80000", "2016-02-29": "548.50000", "2015-12-31": "", "2015-11-30": "291.50000", "2015-08-31": "557.90000", "2015-05-31": "", "2015-03-31": "271.50000", "2015-02-28": "271.50000", "2014-12-31": "", "2014-11-30": "271.40000", "2014-08-31": "269.70000", "2014-05-31": "264.60000", "2014-02-28": "259.40000", "2013-11-30": "", "2013-08-31": "238.40000", "2013-05-31": "238.30000"}, "Cost Of Goods Sold": {"2020-11-30": "400.30000", "2020-08-31": "385.60000", "2020-05-31": "388.30000", "2020-02-29": "415.80000", "2019-11-30": "409.50010", "2019-08-31": "419.70000", "2019-05-31": "428.00000", "2019-02-28": "399.80000", "2018-11-30": "409.09990", "2018-08-31": "375.30000", "2018-05-31": "368.40000", "2018-02-28": "342.90000", "2017-11-30": "342.10000", "2017-08-31": "341.60000", "2017-05-31": "337.70000", "2017-02-28": "327.00000", "2016-11-30": "345.50000", "2016-08-31": "269.10000", "2016-05-31": "212.30000", "2016-03-31": "160.50000", "2016-02-29": "210.80000", "2015-12-31": "", "2015-11-30": "97.60000", "2015-08-31": "209.20000", "2015-05-31": "", "2015-03-31": "146.80000", "2015-02-28": "146.80000", "2014-12-31": "", "2014-11-30": "280.00000", "2014-08-31": "144.60000", "2014-05-31": "144.60000", "2014-02-28": "", "2013-11-30": "", "2013-08-31": "", "2013-05-31": ""}, "Gross Profit": {"2020-11-30": "706.90000", "2020-08-31": "687.60000", "2020-05-31": "638.30000", "2020-02-29": "665.00010", "2019-11-30": "710.90000", "2019-08-31": "692.60000", "2019-05-31": "707.50000", "2019-02-28": "646.60000", "2018-11-30": "658.70010", "2018-08-31": "625.70000", "2018-05-31": "639.90000", "2018-02-28": "589.20000", "2017-11-30": "602.60000", "2017-08-31": "563.10000", "2017-05-31": "568.40000", "2017-02-28": "517.20000", "2016-11-30": "528.30000", "2016-08-31": "455.50000", "2016-05-31": "375.60000", "2016-03-31": "127.30000", "2016-02-29": "337.70000", "2015-12-31": "", "2015-11-30": "193.90000", "2015-08-31": "348.70000", "2015-05-31": "", "2015-03-31": "124.70000", "2015-02-28": "124.70000", "2014-12-31": "", "2014-11-30": "-8.60000", "2014-08-31": "125.10000", "2014-05-31": "120.00000", "2014-02-28": "259.40000", "2013-11-30": "", "2013-08-31": "238.40000", "2013-05-31": "238.30000"}, "Research And Development Expenses": {"2020-11-30": "", "2020-08-31": "", "2020-05-31": "", "2020-02-29": "", "2019-11-30": "", "2019-08-31": "", "2019-05-31": "", "2019-02-28": "", "2018-11-30": "", "2018-08-31": "", "2018-05-31": "", "2018-02-28": "", "2017-11-30": "", "2017-08-31": "", "2017-05-31": "", "2017-02-28": "", "2016-11-30": "", "2016-08-31": "", "2016-05-31": "", "2016-03-31": "", "2016-02-29": "", "2015-12-31": "", "2015-11-30": "", "2015-08-31": "", "2015-05-31": "0.00000", "2015-03-31": "", "2015-02-28": "0.00000", "2014-12-31": "", "2014-11-30": "", "2014-08-31": "0.00000", "2014-05-31": "0.00000", "2014-02-28": "", "2013-11-30": "", "2013-08-31": "", "2013-05-31": ""}, "SG&A Expenses": {"2020-11-30": "295.00000", "2020-08-31": "258.70000", "2020-05-31": "258.10000", "2020-02-29": "316.20000", "2019-11-30": "308.90000", "2019-08-31": "295.40000", "2019-05-31": "293.30000", "2019-02-28": "300.30000", "2018-11-30": "315.60000", "2018-08-31": "287.70000", "2018-05-31": "299.20000", "2018-02-28": "290.30000", "2017-11-30": "285.00000", "2017-08-31": "268.80000", "2017-05-31": "274.20000", "2017-02-28": "268.00000", "2016-11-30": "246.00000", "2016-08-31": "267.60000", "2016-05-31": "207.00000", "2016-03-31": "24.10000", "2016-02-29": "186.50000", "2015-12-31": "", "2015-11-30": "-156.10000", "2015-08-31": "200.10000", "2015-05-31": "3.40000", "2015-03-31": "9.90000", "2015-02-28": "3.40000", "2014-12-31": "", "2014-11-30": "9.80000", "2014-08-31": "3.10000", "2014-05-31": "3.10000", "2014-02-28": "", "2013-11-30": "", "2013-08-31": "", "2013-05-31": ""}, "Other Operating Income Or Expenses": {"2020-11-30": "-25.10000", "2020-08-31": "-8.00000", "2020-05-31": "-5.40000", "2020-02-29": "371.90000", "2019-11-30": "-6.60000", "2019-08-31": "91.40000", "2019-05-31": "-29.80000", "2019-02-28": "-20.80000", "2018-11-30": "-36.10000", "2018-08-31": "-43.20000", "2018-05-31": "-28.80000", "2018-02-28": "-28.40000", "2017-11-30": "-42.60000", "2017-08-31": "-21.10000", "2017-05-31": "-35.10000", "2017-02-28": "-32.90000", "2016-11-30": "-53.30000", "2016-08-31": "-102.30000", "2016-05-31": "-11.70000", "2016-03-31": "-10.20000", "2016-02-29": "-5.30000", "2015-12-31": "", "2015-11-30": "", "2015-08-31": "-0.90000", "2015-05-31": "", "2015-03-31": "6.50000", "2015-02-28": "", "2014-12-31": "", "2014-11-30": "", "2014-08-31": "", "2014-05-31": "", "2014-02-28": "", "2013-11-30": "", "2013-08-31": "", "2013-05-31": ""}, "Operating Expenses": {"2020-11-30": "932.90000", "2020-08-31": "812.00000", "2020-05-31": "882.49990", "2020-02-29": "509.90000", "2019-11-30": "873.40010", "2019-08-31": "769.50000", "2019-05-31": "896.80000", "2019-02-28": "871.40000", "2018-11-30": "907.60000", "2018-08-31": "840.70000", "2018-05-31": "827.40000", "2018-02-28": "792.20000", "2017-11-30": "798.59990", "2017-08-31": "752.20000", "2017-05-31": "769.30000", "2017-02-28": "748.50000", "2016-11-30": "761.40010", "2016-08-31": "741.30000", "2016-05-31": "502.90000", "2016-03-31": "241.60000", "2016-02-29": "468.80000", "2015-12-31": "", "2015-11-30": "-21.20000", "2015-08-31": "466.90000", "2015-05-31": "42.70000", "2015-03-31": "189.50000", "2015-02-28": "189.50000", "2014-12-31": "", "2014-11-30": "400.80000", "2014-08-31": "171.20000", "2014-05-31": "171.20000", "2014-02-28": "", "2013-11-30": "", "2013-08-31": "", "2013-05-31": ""}, "Operating Income": {"2020-11-30": "174.30000", "2020-08-31": "261.20000", "2020-05-31": "144.10000", "2020-02-29": "570.90000", "2019-11-30": "246.99990", "2019-08-31": "342.80000", "2019-05-31": "238.70000", "2019-02-28": "175.00010", "2018-11-30": "160.19990", "2018-08-31": "160.30000", "2018-05-31": "180.90000", "2018-02-28": "139.90000", "2017-11-30": "146.10020", "2017-08-31": "152.50000", "2017-05-31": "136.80000", "2017-02-28": "95.70000", "2016-11-30": "112.40000", "2016-08-31": "-16.70000", "2016-05-31": "85.00000", "2016-03-31": "46.20000", "2016-02-29": "79.70000", "2015-12-31": "", "2015-11-30": "312.70000", "2015-08-31": "91.00000", "2015-05-31": "-42.70000", "2015-03-31": "82.00000", "2015-02-28": "82.00000", "2014-12-31": "", "2014-11-30": "-129.40000", "2014-08-31": "98.50000", "2014-05-31": "93.40000", "2014-02-28": "259.40000", "2013-11-30": "", "2013-08-31": "238.40000", "2013-05-31": "238.30000"}, "Total Non-Operating Income/Expense": {"2020-11-30": "-58.70000", "2020-08-31": "-57.50000", "2020-05-31": "-68.70000", "2020-02-29": "-82.30000", "2019-11-30": "-65.60000", "2019-08-31": "-62.80000", "2019-05-31": "-65.40000", "2019-02-28": "-66.80000", "2018-11-30": "-67.80000", "2018-08-31": "-48.70000", "2018-05-31": "-54.70000", "2018-02-28": "-45.80000", "2017-11-30": "-49.60000", "2017-08-31": "-41.00000", "2017-05-31": "-37.10000", "2017-02-28": "-31.30000", "2016-11-30": "-27.20000", "2016-08-31": "-36.20000", "2016-05-31": "-26.80000", "2016-03-31": "-11.00000", "2016-02-29": "-27.90000", "2015-12-31": "", "2015-11-30": "7.20000", "2015-08-31": "-17.90000", "2015-05-31": "", "2015-03-31": "-6.70000", "2015-02-28": "-6.70000", "2014-12-31": "", "2014-11-30": "102.90000", "2014-08-31": "-54.40000", "2014-05-31": "-54.40000", "2014-02-28": "", "2013-11-30": "", "2013-08-31": "", "2013-05-31": ""}, "Pre-Tax Income": {"2020-11-30": "115.60000", "2020-08-31": "203.70000", "2020-05-31": "75.40000", "2020-02-29": "488.60000", "2019-11-30": "181.40000", "2019-08-31": "280.00000", "2019-05-31": "173.30000", "2019-02-28": "108.20000", "2018-11-30": "92.40000", "2018-08-31": "111.60000", "2018-05-31": "126.20000", "2018-02-28": "94.10000", "2017-11-30": "96.50000", "2017-08-31": "111.50000", "2017-05-31": "99.70000", "2017-02-28": "64.40000", "2016-11-30": "85.20000", "2016-08-31": "-52.90000", "2016-05-31": "58.20000", "2016-03-31": "35.20000", "2016-02-29": "51.80000", "2015-12-31": "", "2015-11-30": "319.90000", "2015-08-31": "73.10000", "2015-05-31": "-42.70000", "2015-03-31": "75.30000", "2015-02-28": "75.30000", "2014-12-31": "", "2014-11-30": "-26.50000", "2014-08-31": "39.00000", "2014-05-31": "39.00000", "2014-02-28": "259.40000", "2013-11-30": "", "2013-08-31": "238.40000", "2013-05-31": "238.30000"}, "Income Taxes": {"2020-11-30": "-35.60000", "2020-08-31": "39.90000", "2020-05-31": "4.70000", "2020-02-29": "4.30000", "2019-11-30": "-21.30000", "2019-08-31": "240.60000", "2019-05-31": "24.20000", "2019-02-28": "-0.90000", "2018-11-30": "11.30000", "2018-08-31": "7.90000", "2018-05-31": "12.00000", "2018-02-28": "-146.60000", "2017-11-30": "-8.60000", "2017-08-31": "-36.70000", "2017-05-31": "-1.00000", "2017-02-28": "-3.60000", "2016-11-30": "-5.80000", "2016-08-31": "-23.10000", "2016-05-31": "13.40000", "2016-03-31": "10.50000", "2016-02-29": "10.40000", "2015-12-31": "", "2015-11-30": "12.10000", "2015-08-31": "16.30000", "2015-05-31": "", "2015-03-31": "20.80000", "2015-02-28": "20.80000", "2014-12-31": "", "2014-11-30": "37.30000", "2014-08-31": "9.60000", "2014-05-31": "9.60000", "2014-02-28": "", "2013-11-30": "", "2013-08-31": "", "2013-05-31": ""}, "Income After Taxes": {"2020-11-30": "151.20000", "2020-08-31": "163.80000", "2020-05-31": "70.70000", "2020-02-29": "484.30000", "2019-11-30": "202.70000", "2019-08-31": "39.40000", "2019-05-31": "149.10000", "2019-02-28": "109.10000", "2018-11-30": "81.10000", "2018-08-31": "103.70000", "2018-05-31": "114.20000", "2018-02-28": "240.70000", "2017-11-30": "105.10000", "2017-08-31": "148.20000", "2017-05-31": "100.70000", "2017-02-28": "68.00000", "2016-11-30": "91.00000", "2016-08-31": "-29.80000", "2016-05-31": "44.80000", "2016-03-31": "24.70000", "2016-02-29": "41.40000", "2015-12-31": "", "2015-11-30": "307.80000", "2015-08-31": "56.80000", "2015-05-31": "-42.70000", "2015-03-31": "54.50000", "2015-02-28": "54.50000", "2014-12-31": "", "2014-11-30": "-63.80000", "2014-08-31": "29.40000", "2014-05-31": "29.40000", "2014-02-28": "259.40000", "2013-11-30": "", "2013-08-31": "238.40000", "2013-05-31": "238.30000"}, "Other Income": {"2020-11-30": "", "2020-08-31": "", "2020-05-31": "", "2020-02-29": "", "2019-11-30": "", "2019-08-31": "", "2019-05-31": "", "2019-02-28": "", "2018-11-30": "", "2018-08-31": "", "2018-05-31": "", "2018-02-28": "", "2017-11-30": "", "2017-08-31": "", "2017-05-31": "", "2017-02-28": "", "2016-11-30": "", "2016-08-31": "", "2016-05-31": "", "2016-03-31": "", "2016-02-29": "", "2015-12-31": "", "2015-11-30": "", "2015-08-31": "", "2015-05-31": "0.00000", "2015-03-31": "", "2015-02-28": "0.00000", "2014-12-31": "", "2014-11-30": "", "2014-08-31": "0.00000", "2014-05-31": "0.00000", "2014-02-28": "", "2013-11-30": "", "2013-08-31": "", "2013-05-31": ""}, "Income From Continuous Operations": {"2020-11-30": "150.90000", "2020-08-31": "163.70000", "2020-05-31": "70.80000", "2020-02-29": "484.00000", "2019-11-30": "202.30000", "2019-08-31": "39.20000", "2019-05-31": "148.90000", "2019-02-28": "109.00000", "2018-11-30": "80.80000", "2018-08-31": "103.50000", "2018-05-31": "114.20000", "2018-02-28": "240.70000", "2017-11-30": "105.10000", "2017-08-31": "147.10000", "2017-05-31": "98.80000", "2017-02-28": "66.00000", "2016-11-30": "107.80000", "2016-08-31": "-31.00000", "2016-05-31": "44.80000", "2016-03-31": "24.70000", "2016-02-29": "41.40000", "2015-12-31": "", "2015-11-30": "46.50000", "2015-08-31": "56.80000", "2015-05-31": "44.50000", "2015-03-31": "54.50000", "2015-02-28": "54.80000", "2014-12-31": "", "2014-11-30": "15.70000", "2014-08-31": "80.30000", "2014-05-31": "29.40000", "2014-02-28": "39.80000", "2013-11-30": "", "2013-08-31": "32.40000", "2013-05-31": "53.40000"}, "Income From Discontinued Operations": {"2020-11-30": "", "2020-08-31": "", "2020-05-31": "", "2020-02-29": "", "2019-11-30": "", "2019-08-31": "", "2019-05-31": "", "2019-02-28": "", "2018-11-30": "", "2018-08-31": "", "2018-05-31": "", "2018-02-28": "", "2017-11-30": "", "2017-08-31": "", "2017-05-31": "", "2017-02-28": "", "2016-11-30": "1.20000", "2016-08-31": "-1.00000", "2016-05-31": "5.20000", "2016-03-31": "", "2016-02-29": "3.80000", "2015-12-31": "", "2015-11-30": "0.00000", "2015-08-31": "2.30000", "2015-05-31": "0.00000", "2015-03-31": "", "2015-02-28": "0.00000", "2014-12-31": "", "2014-11-30": "0.00000", "2014-08-31": "0.00000", "2014-05-31": "0.00000", "2014-02-28": "0.00000", "2013-11-30": "", "2013-08-31": "0.00000", "2013-05-31": "0.00000"}, "Net Income": {"2020-11-30": "151.10000", "2020-08-31": "162.90000", "2020-05-31": "71.70000", "2020-02-29": "485.00000", "2019-11-30": "203.10000", "2019-08-31": "40.10000", "2019-05-31": "149.80000", "2019-02-28": "109.70000", "2018-11-30": "81.80000", "2018-08-31": "104.50000", "2018-05-31": "114.70000", "2018-02-28": "241.30000", "2017-11-30": "105.70000", "2017-08-31": "145.90000", "2017-05-31": "99.30000", "2017-02-28": "66.00000", "2016-11-30": "114.40000", "2016-08-31": "-31.70000", "2016-05-31": "50.00000", "2016-03-31": "24.90000", "2016-02-29": "45.20000", "2015-12-31": "", "2015-11-30": "46.50000", "2015-08-31": "59.10000", "2015-05-31": "44.50000", "2015-03-31": "54.80000", "2015-02-28": "54.80000", "2014-12-31": "", "2014-11-30": "15.70000", "2014-08-31": "80.30000", "2014-05-31": "29.40000", "2014-02-28": "39.80000", "2013-11-30": "", "2013-08-31": "32.40000", "2013-05-31": "53.40000"}, "EBITDA": {"2020-11-30": "", "2020-08-31": "408.79990", "2020-05-31": "293.50010", "2020-02-29": "716.20000", "2019-11-30": "389.09990", "2019-08-31": "487.50010", "2019-05-31": "382.70000", "2019-02-28": "317.30000", "2018-11-30": "305.69990", "2018-08-31": "294.40000", "2018-05-31": "311.90000", "2018-02-28": "270.50000", "2017-11-30": "274.20020", "2017-08-31": "273.30000", "2017-05-31": "259.60000", "2017-02-28": "216.50000", "2016-11-30": "231.60000", "2016-08-31": "153.00000", "2016-05-31": "71.30000", "2016-03-31": "32.50000", "2016-02-29": "140.20000", "2015-12-31": "", "2015-11-30": "373.40000", "2015-08-31": "226.50000", "2015-05-31": "-161.40000", "2015-03-31": "-36.70000", "2015-02-28": "240.00000", "2014-12-31": "", "2014-11-30": "26.30000", "2014-08-31": "98.50000", "2014-05-31": "3.70000", "2014-02-28": "395.50000", "2013-11-30": "", "2013-08-31": "238.40000", "2013-05-31": "238.30000"}, "EBIT": {"2020-11-30": "174.30000", "2020-08-31": "261.20000", "2020-05-31": "144.10000", "2020-02-29": "570.90000", "2019-11-30": "246.99990", "2019-08-31": "342.80000", "2019-05-31": "238.70000", "2019-02-28": "175.00010", "2018-11-30": "160.20010", "2018-08-31": "160.30000", "2018-05-31": "180.90000", "2018-02-28": "139.90000", "2017-11-30": "146.10010", "2017-08-31": "152.50000", "2017-05-31": "136.80000", "2017-02-28": "95.70000", "2016-11-30": "112.39990", "2016-08-31": "-16.70000", "2016-05-31": "85.00000", "2016-03-31": "46.20000", "2016-02-29": "79.70000", "2015-12-31": "", "2015-11-30": "312.70000", "2015-08-31": "91.00000", "2015-05-31": "-42.70000", "2015-03-31": "82.00000", "2015-02-28": "82.00000", "2014-12-31": "", "2014-11-30": "-129.40000", "2014-08-31": "98.50000", "2014-05-31": "93.40000", "2014-02-28": "259.40000", "2013-11-30": "", "2013-08-31": "238.40000", "2013-05-31": "238.30000"}, "Basic Shares Outstanding": {"2020-11-30": "396.60000", "2020-08-31": "397.80000", "2020-05-31": "397.00000", "2020-02-29": "395.70000", "2019-11-30": "399.50000", "2019-08-31": "401.20000", "2019-05-31": "400.50000", "2019-02-28": "398.00000", "2018-11-30": "394.40000", "2018-08-31": "393.00000", "2018-05-31": "391.80000", "2018-02-28": "398.00000", "2017-11-30": "400.30000", "2017-08-31": "397.60000", "2017-05-31": "399.70000", "2017-02-28": "406.20000", "2016-11-30": "309.20000", "2016-08-31": "340.10000", "2016-05-31": "240.30000", "2016-03-31": "175.67800", "2016-02-29": "239.70000", "2015-12-31": "", "2015-11-30": "178.84600", "2015-08-31": "243.10000", "2015-05-31": "", "2015-03-31": "183.25900", "2015-02-28": "191.70000", "2014-12-31": "", "2014-11-30": "180.61500", "2014-08-31": "179.96400", "2014-05-31": "177.29400", "2014-02-28": "176.72800", "2013-11-30": "", "2013-08-31": "175.32800", "2013-05-31": "172.52600"}, "Shares Outstanding": {"2020-11-30": "400.50000", "2020-08-31": "401.10000", "2020-05-31": "400.10000", "2020-02-29": "404.10000", "2019-11-30": "409.20000", "2019-08-31": "410.90000", "2019-05-31": "409.30000", "2019-02-28": "408.00000", "2018-11-30": "406.90000", "2018-08-31": "405.10000", "2018-05-31": "403.60000", "2018-02-28": "412.10000", "2017-11-30": "416.20000", "2017-08-31": "414.20000", "2017-05-31": "415.60000", "2017-02-28": "422.20000", "2016-11-30": "316.30000", "2016-08-31": "340.10000", "2016-05-31": "241.10000", "2016-03-31": "186.12500", "2016-02-29": "242.00000", "2015-12-31": "", "2015-11-30": "188.10000", "2015-08-31": "244.80000", "2015-05-31": "", "2015-03-31": "191.65400", "2015-02-28": "191.70000", "2014-12-31": "", "2014-11-30": "187.33600", "2014-08-31": "187.89300", "2014-05-31": "182.77700", "2014-02-28": "178.71900", "2013-11-30": "", "2013-08-31": "176.54800", "2013-05-31": "174.30500"}, "Basic EPS": {"2020-11-30": "0.38000", "2020-08-31": "0.41000", "2020-05-31": "0.18000", "2020-02-29": "1.23000", "2019-11-30": "0.51000", "2019-08-31": "0.10000", "2019-05-31": "0.37000", "2019-02-28": "0.28000", "2018-11-30": "0.22000", "2018-08-31": "0.26000", "2018-05-31": "0.29000", "2018-02-28": "0.61000", "2017-11-30": "0.26000", "2017-08-31": "0.37000", "2017-05-31": "0.25000", "2017-02-28": "0.16000", "2016-11-30": "0.25000", "2016-08-31": "-0.09000", "2016-05-31": "0.21000", "2016-03-31": "0.14000", "2016-02-29": "0.19000", "2015-12-31": "", "2015-11-30": "0.26000", "2015-08-31": "0.24000", "2015-05-31": "", "2015-03-31": "0.30000", "2015-02-28": "0.30000", "2014-12-31": "", "2014-11-30": "0.09000", "2014-08-31": "0.45000", "2014-05-31": "0.17000", "2014-02-28": "0.23000", "2013-11-30": "", "2013-08-31": "0.18000", "2013-05-31": "0.31000"}, "EPS - Earnings Per Share": {"2020-11-30": "0.38000", "2020-08-31": "0.41000", "2020-05-31": "0.18000", "2020-02-29": "1.20000", "2019-11-30": "0.49000", "2019-08-31": "0.10000", "2019-05-31": "0.37000", "2019-02-28": "0.27000", "2018-11-30": "0.20000", "2018-08-31": "0.26000", "2018-05-31": "0.28000", "2018-02-28": "0.59000", "2017-11-30": "0.25000", "2017-08-31": "0.35000", "2017-05-31": "0.24000", "2017-02-28": "0.16000", "2016-11-30": "0.25000", "2016-08-31": "-0.09000", "2016-05-31": "0.21000", "2016-03-31": "0.13000", "2016-02-29": "0.19000", "2015-12-31": "0.00000", "2015-11-30": "0.25000", "2015-08-31": "0.24000", "2015-05-31": "0.00000", "2015-03-31": "0.29000", "2015-02-28": "0.29000", "2014-12-31": "0.00000", "2014-11-30": "0.08000", "2014-08-31": "0.43000", "2014-05-31": "0.16000", "2014-02-28": "0.22000", "2013-11-30": "0.00000", "2013-08-31": "0.18000", "2013-05-31": "0.30000"}}, "balance sheet": {"Cash On Hand": {"2020-11-30": "125.60000", "2019-11-30": "111.50000", "2018-11-30": "120.00000", "2017-11-30": "133.80000", "2016-11-30": "138.90000", "2015-12-31": "149.90000", "2015-11-30": "291.60000", "2014-12-31": "124.80000", "2014-11-30": "", "2013-12-31": "", "2013-11-30": ""}, "Receivables": {"2020-11-30": "891.70000", "2019-11-30": "890.70000", "2018-11-30": "792.90000", "2017-11-30": "725.40000", "2016-11-30": "661.60000", "2015-12-31": "275.60000", "2015-11-30": "360.50000", "2014-12-31": "289.20000", "2014-11-30": "289.20000", "2013-12-31": "", "2013-11-30": ""}, "Inventory": {"2020-11-30": "", "2019-11-30": "", "2018-11-30": "", "2017-11-30": "", "2016-11-30": "", "2015-12-31": "", "2015-11-30": "", "2014-12-31": "", "2014-11-30": "", "2013-12-31": "", "2013-11-30": ""}, "Pre-Paid Expenses": {"2020-11-30": "", "2019-11-30": "", "2018-11-30": "", "2017-11-30": "", "2016-11-30": "", "2015-12-31": "", "2015-11-30": "", "2014-12-31": "", "2014-11-30": "", "2013-12-31": "", "2013-11-30": ""}, "Other Current Assets": {"2020-11-30": "131.70000", "2019-11-30": "233.50000", "2018-11-30": "109.20000", "2017-11-30": "93.00000", "2016-11-30": "77.40000", "2015-12-31": "", "2015-11-30": "245.60000", "2014-12-31": "", "2014-11-30": "", "2013-12-31": "", "2013-11-30": ""}, "Total Current Assets": {"2020-11-30": "1233.30000", "2019-11-30": "1307.80000", "2018-11-30": "1099.40000", "2017-11-30": "1015.00000", "2016-11-30": "933.50000", "2015-12-31": "425.50000", "2015-11-30": "950.50000", "2014-12-31": "414.00000", "2014-11-30": "289.20000", "2013-12-31": "", "2013-11-30": ""}, "Property, Plant, And Equipment": {"2020-11-30": "724.80000", "2019-11-30": "658.20000", "2018-11-30": "579.60000", "2017-11-30": "531.30000", "2016-11-30": "416.20000", "2015-12-31": "49.60000", "2015-11-30": "314.40000", "2014-12-31": "56.50000", "2014-11-30": "", "2013-12-31": "", "2013-11-30": ""}, "Long-Term Investments": {"2020-11-30": "", "2019-11-30": "", "2018-11-30": "", "2017-11-30": "", "2016-11-30": "", "2015-12-31": "14.10000", "2015-11-30": "", "2014-12-31": "2.00000", "2014-11-30": "", "2013-12-31": "", "2013-11-30": ""}, "Goodwill And Intangible Assets": {"2020-11-30": "13754.80000", "2019-11-30": "14005.30000", "2018-11-30": "14320.80000", "2017-11-30": "12966.80000", "2016-11-30": "12561.60000", "2015-12-31": "3076.80000", "2015-11-30": "4302.20000", "2014-12-31": "2823.30000", "2014-11-30": "2889.80000", "2013-12-31": "", "2013-11-30": "0.00000"}, "Other Long-Term Assets": {"2020-11-30": "98.40000", "2019-11-30": "98.10000", "2018-11-30": "47.90000", "2017-11-30": "34.20000", "2016-11-30": "10.50000", "2015-12-31": "", "2015-11-30": "3.80000", "2014-12-31": "", "2014-11-30": "", "2013-12-31": "", "2013-11-30": ""}, "Total Long-Term Assets": {"2020-11-30": "14901.90000", "2019-11-30": "14779.40000", "2018-11-30": "14962.90000", "2017-11-30": "13539.40000", "2016-11-30": "13003.10000", "2015-12-31": "3142.80000", "2015-11-30": "4627.00000", "2014-12-31": "2886.00000", "2014-11-30": "3046.20000", "2013-12-31": "", "2013-11-30": ""}, "Total Assets": {"2020-11-30": "16135.20000", "2019-11-30": "16087.20000", "2018-11-30": "16062.30000", "2017-11-30": "14554.40000", "2016-11-30": "13936.60000", "2015-12-31": "3568.30000", "2015-11-30": "5577.50000", "2014-12-31": "3300.00000", "2014-11-30": "3335.40000", "2013-12-31": "0.00000", "2013-11-30": "0.00000"}, "Total Current Liabilities": {"2020-11-30": "1978.80000", "2019-11-30": "1969.20000", "2018-11-30": "2320.30000", "2017-11-30": "1906.10000", "2016-11-30": "1412.40000", "2015-12-31": "538.00000", "2015-11-30": "960.30000", "2014-12-31": "506.30000", "2014-11-30": "90.20000", "2013-12-31": "", "2013-11-30": ""}, "Long Term Debt": {"2020-11-30": "4641.70000", "2019-11-30": "4874.40000", "2018-11-30": "4889.20000", "2017-11-30": "3617.30000", "2016-11-30": "3279.30000", "2015-12-31": "737.60000", "2015-11-30": "2071.50000", "2014-12-31": "349.20000", "2014-11-30": "", "2013-12-31": "", "2013-11-30": ""}, "Other Non-Current Liabilities": {"2020-11-30": "130.40000", "2019-11-30": "145.50000", "2018-11-30": "126.50000", "2017-11-30": "105.90000", "2016-11-30": "74.70000", "2015-12-31": "157.30000", "2015-11-30": "58.60000", "2014-12-31": "143.70000", "2014-11-30": "", "2013-12-31": "", "2013-11-30": ""}, "Total Long Term Liabilities": {"2020-11-30": "5627.00000", "2019-11-30": "5702.20000", "2018-11-30": "5721.50000", "2017-11-30": "4643.90000", "2016-11-30": "4439.80000", "2015-12-31": "917.80000", "2015-11-30": "2416.30000", "2014-12-31": "523.10000", "2014-11-30": "205.10000", "2013-12-31": "", "2013-11-30": ""}, "Total Liabilities": {"2020-11-30": "7605.80000", "2019-11-30": "7671.40000", "2018-11-30": "8041.80000", "2017-11-30": "6550.00000", "2016-11-30": "5852.20000", "2015-12-31": "1455.80000", "2015-11-30": "3376.60000", "2014-12-31": "1029.40000", "2014-11-30": "295.30000", "2013-12-31": "", "2013-11-30": "0.00000"}, "Common Stock Net": {"2020-11-30": "4.80000", "2019-11-30": "4.80000", "2018-11-30": "4.70000", "2017-11-30": "4.70000", "2016-11-30": "4.50000", "2015-12-31": "1.70000", "2015-11-30": "2.50000", "2014-12-31": "1.80000", "2014-11-30": "", "2013-12-31": "", "2013-11-30": "0.00000"}, "Retained Earnings (Accumulated Deficit)": {"2020-11-30": "3842.10000", "2019-11-30": "3295.00000", "2018-11-30": "2743.10000", "2017-11-30": "2217.60000", "2016-11-30": "1806.90000", "2015-12-31": "2067.40000", "2015-11-30": "1655.30000", "2014-12-31": "1850.60000", "2014-11-30": "", "2013-12-31": "", "2013-11-30": ""}, "Comprehensive Income": {"2020-11-30": "-107.90000", "2019-11-30": "-261.60000", "2018-11-30": "-298.90000", "2017-11-30": "-85.00000", "2016-11-30": "-438.80000", "2015-12-31": "", "2015-11-30": "-191.20000", "2014-12-31": "", "2014-11-30": "", "2013-12-31": "", "2013-11-30": ""}, "Other Share Holders Equity": {"2020-11-30": "", "2019-11-30": "", "2018-11-30": "", "2017-11-30": "", "2016-11-30": "", "2015-12-31": "-170.00000", "2015-11-30": "", "2014-12-31": "-75.20000", "2014-11-30": "", "2013-12-31": "", "2013-11-30": "0.00000"}, "Share Holder Equity": {"2020-11-30": "8529.40000", "2019-11-30": "8415.80000", "2018-11-30": "8020.50000", "2017-11-30": "8004.40000", "2016-11-30": "8084.40000", "2015-12-31": "2112.50000", "2015-11-30": "2200.90000", "2014-12-31": "2270.60000", "2014-11-30": "", "2013-12-31": "", "2013-11-30": "0.00000"}, "Total Liabilities And Share Holders Equity": {"2020-11-30": "16135.20000", "2019-11-30": "16087.20000", "2018-11-30": "16062.30000", "2017-11-30": "14554.40000", "2016-11-30": "13936.60000", "2015-12-31": "3568.30000", "2015-11-30": "5577.50000", "2014-12-31": "3300.00000", "2014-11-30": "295.30000", "2013-12-31": "", "2013-11-30": "0.00000"}}, "balance sheet, quarterly": {"Cash On Hand": {"2020-11-30": "125.60000", "2020-08-31": "156.80000", "2020-05-31": "207.80000", "2020-02-29": "143.90000", "2019-11-30": "111.50000", "2019-08-31": "124.10000", "2019-05-31": "109.50000", "2019-02-28": "133.20000", "2018-11-30": "120.00000", "2018-08-31": "154.40000", "2018-05-31": "159.00000", "2018-02-28": "156.00000", "2017-11-30": "133.80000", "2017-08-31": "153.80000", "2017-05-31": "162.50000", "2017-02-28": "154.80000", "2016-11-30": "138.90000", "2016-08-31": "200.70000", "2016-05-31": "", "2016-03-31": "96.60000", "2016-02-29": "", "2015-12-31": "", "2015-11-30": "291.60000", "2015-08-31": "124.90000", "2015-05-31": "97.80000", "2015-03-31": "", "2015-02-28": "124.80000", "2014-12-31": "", "2014-11-30": "124.80000", "2014-08-31": "99.40000", "2014-05-31": "99.40000", "2014-02-28": "", "2013-11-30": "", "2013-08-31": "", "2013-05-31": ""}, "Receivables": {"2020-11-30": "891.70000", "2020-08-31": "859.70000", "2020-05-31": "876.10000", "2020-02-29": "979.70000", "2019-11-30": "890.70000", "2019-08-31": "880.50000", "2019-05-31": "868.30000", "2019-02-28": "995.60000", "2018-11-30": "792.90000", "2018-08-31": "778.80000", "2018-05-31": "734.10000", "2018-02-28": "837.10000", "2017-11-30": "725.40000", "2017-08-31": "670.40000", "2017-05-31": "701.90000", "2017-02-28": "727.40000", "2016-11-30": "661.60000", "2016-08-31": "523.40000", "2016-05-31": "", "2016-03-31": "276.40000", "2016-02-29": "276.40000", "2015-12-31": "", "2015-11-30": "360.50000", "2015-08-31": "262.70000", "2015-05-31": "275.30000", "2015-03-31": "", "2015-02-28": "289.20000", "2014-12-31": "", "2014-11-30": "289.20000", "2014-08-31": "279.30000", "2014-05-31": "279.30000", "2014-02-28": "", "2013-11-30": "", "2013-08-31": "", "2013-05-31": ""}, "Inventory": {"2020-11-30": "", "2020-08-31": "", "2020-05-31": "", "2020-02-29": "", "2019-11-30": "", "2019-08-31": "", "2019-05-31": "", "2019-02-28": "", "2018-11-30": "", "2018-08-31": "", "2018-05-31": "", "2018-02-28": "", "2017-11-30": "", "2017-08-31": "", "2017-05-31": "", "2017-02-28": "", "2016-11-30": "", "2016-08-31": "", "2016-05-31": "", "2016-03-31": "", "2016-02-29": "", "2015-12-31": "", "2015-11-30": "", "2015-08-31": "", "2015-05-31": "", "2015-03-31": "", "2015-02-28": "", "2014-12-31": "", "2014-11-30": "", "2014-08-31": "", "2014-05-31": "", "2014-02-28": "", "2013-11-30": "", "2013-08-31": "", "2013-05-31": ""}, "Pre-Paid Expenses": {"2020-11-30": "", "2020-08-31": "", "2020-05-31": "", "2020-02-29": "", "2019-11-30": "", "2019-08-31": "", "2019-05-31": "", "2019-02-28": "", "2018-11-30": "", "2018-08-31": "", "2018-05-31": "", "2018-02-28": "", "2017-11-30": "", "2017-08-31": "", "2017-05-31": "", "2017-02-28": "", "2016-11-30": "", "2016-08-31": "", "2016-05-31": "", "2016-03-31": "", "2016-02-29": "", "2015-12-31": "", "2015-11-30": "", "2015-08-31": "", "2015-05-31": "", "2015-03-31": "", "2015-02-28": "", "2014-12-31": "", "2014-11-30": "", "2014-08-31": "", "2014-05-31": "", "2014-02-28": "", "2013-11-30": "", "2013-08-31": "", "2013-05-31": ""}, "Other Current Assets": {"2020-11-30": "131.70000", "2020-08-31": "127.80000", "2020-05-31": "126.60000", "2020-02-29": "125.80000", "2019-11-30": "233.50000", "2019-08-31": "112.10000", "2019-05-31": "198.50000", "2019-02-28": "109.30000", "2018-11-30": "109.20000", "2018-08-31": "109.70000", "2018-05-31": "1236.40000", "2018-02-28": "94.70000", "2017-11-30": "93.00000", "2017-08-31": "88.00000", "2017-05-31": "93.20000", "2017-02-28": "97.60000", "2016-11-30": "77.40000", "2016-08-31": "152.40000", "2016-05-31": "", "2016-03-31": "", "2016-02-29": "", "2015-12-31": "", "2015-11-30": "245.60000", "2015-08-31": "", "2015-05-31": "", "2015-03-31": "", "2015-02-28": "", "2014-12-31": "", "2014-11-30": "", "2014-08-31": "", "2014-05-31": "", "2014-02-28": "", "2013-11-30": "", "2013-08-31": "", "2013-05-31": ""}, "Total Current Assets": {"2020-11-30": "1233.30000", "2020-08-31": "1226.00000", "2020-05-31": "1302.40000", "2020-02-29": "1338.30000", "2019-11-30": "1307.80000", "2019-08-31": "1189.00000", "2019-05-31": "1261.20000", "2019-02-28": "1326.20000", "2018-11-30": "1099.40000", "2018-08-31": "1114.10000", "2018-05-31": "2207.10000", "2018-02-28": "1165.80000", "2017-11-30": "1015.00000", "2017-08-31": "972.10000", "2017-05-31": "1024.20000", "2017-02-28": "1044.60000", "2016-11-30": "933.50000", "2016-08-31": "929.50000", "2016-05-31": "", "2016-03-31": "373.00000", "2016-02-29": "276.40000", "2015-12-31": "", "2015-11-30": "950.50000", "2015-08-31": "387.60000", "2015-05-31": "373.10000", "2015-03-31": "", "2015-02-28": "414.00000", "2014-12-31": "", "2014-11-30": "289.20000", "2014-08-31": "378.70000", "2014-05-31": "378.70000", "2014-02-28": "", "2013-11-30": "", "2013-08-31": "", "2013-05-31": ""}, "Property, Plant, And Equipment": {"2020-11-30": "724.80000", "2020-08-31": "703.70000", "2020-05-31": "687.30000", "2020-02-29": "681.10000", "2019-11-30": "658.20000", "2019-08-31": "623.90000", "2019-05-31": "615.10000", "2019-02-28": "596.40000", "2018-11-30": "579.60000", "2018-08-31": "591.90000", "2018-05-31": "508.90000", "2018-02-28": "539.70000", "2017-11-30": "531.30000", "2017-08-31": "506.90000", "2017-05-31": "470.10000", "2017-02-28": "445.00000", "2016-11-30": "416.20000", "2016-08-31": "391.60000", "2016-05-31": "", "2016-03-31": "46.40000", "2016-02-29": "49.60000", "2015-12-31": "", "2015-11-30": "314.40000", "2015-08-31": "", "2015-05-31": "", "2015-03-31": "", "2015-02-28": "169.50000", "2014-12-31": "", "2014-11-30": "169.50000", "2014-08-31": "", "2014-05-31": "", "2014-02-28": "", "2013-11-30": "", "2013-08-31": "", "2013-05-31": ""}, "Long-Term Investments": {"2020-11-30": "", "2020-08-31": "", "2020-05-31": "", "2020-02-29": "", "2019-11-30": "", "2019-08-31": "", "2019-05-31": "", "2019-02-28": "", "2018-11-30": "", "2018-08-31": "", "2018-05-31": "", "2018-02-28": "", "2017-11-30": "", "2017-08-31": "", "2017-05-31": "", "2017-02-28": "", "2016-11-30": "", "2016-08-31": "", "2016-05-31": "", "2016-03-31": "13.20000", "2016-02-29": "", "2015-12-31": "14.10000", "2015-11-30": "", "2015-08-31": "9.80000", "2015-05-31": "3.40000", "2015-03-31": "", "2015-02-28": "2.00000", "2014-12-31": "2.00000", "2014-11-30": "", "2014-08-31": "", "2014-05-31": "", "2014-02-28": "", "2013-11-30": "", "2013-08-31": "", "2013-05-31": ""}, "Goodwill And Intangible Assets": {"2020-11-30": "13754.80000", "2020-08-31": "13849.80000", "2020-05-31": "13673.00000", "2020-02-29": "13882.50000", "2019-11-30": "14005.30000", "2019-08-31": "13986.80000", "2019-05-31": "14048.50000", "2019-02-28": "14359.50000", "2018-11-30": "14320.80000", "2018-08-31": "14438.20000", "2018-05-31": "11686.90000", "2018-02-28": "12939.00000", "2017-11-30": "12966.80000", "2017-08-31": "12467.80000", "2017-05-31": "12513.40000", "2017-02-28": "12454.30000", "2016-11-30": "12561.60000", "2016-08-31": "12988.70000", "2016-05-31": "", "2016-03-31": "3066.50000", "2016-02-29": "3076.80000", "2015-12-31": "", "2015-11-30": "4302.20000", "2015-08-31": "2806.30000", "2015-05-31": "2784.60000", "2015-03-31": "", "2015-02-28": "2823.30000", "2014-12-31": "", "2014-11-30": "2889.80000", "2014-08-31": "2829.40000", "2014-05-31": "2829.40000", "2014-02-28": "0.00000", "2013-11-30": "0.00000", "2013-08-31": "", "2013-05-31": ""}, "Other Long-Term Assets": {"2020-11-30": "98.40000", "2020-08-31": "102.60000", "2020-05-31": "101.00000", "2020-02-29": "95.90000", "2019-11-30": "98.10000", "2019-08-31": "89.30000", "2019-05-31": "93.90000", "2019-02-28": "86.70000", "2018-11-30": "47.90000", "2018-08-31": "51.00000", "2018-05-31": "51.80000", "2018-02-28": "41.10000", "2017-11-30": "34.20000", "2017-08-31": "55.30000", "2017-05-31": "48.70000", "2017-02-28": "47.00000", "2016-11-30": "10.50000", "2016-08-31": "12.00000", "2016-05-31": "", "2016-03-31": "", "2016-02-29": "", "2015-12-31": "", "2015-11-30": "3.80000", "2015-08-31": "", "2015-05-31": "", "2015-03-31": "", "2015-02-28": "", "2014-12-31": "", "2014-11-30": "", "2014-08-31": "", "2014-05-31": "", "2014-02-28": "", "2013-11-30": "", "2013-08-31": "", "2013-05-31": ""}, "Total Long-Term Assets": {"2020-11-30": "14901.90000", "2020-08-31": "15007.60000", "2020-05-31": "14826.50000", "2020-02-29": "15041.80000", "2019-11-30": "14779.40000", "2019-08-31": "14714.60000", "2019-05-31": "14772.10000", "2019-02-28": "15057.20000", "2018-11-30": "14962.90000", "2018-08-31": "15092.20000", "2018-05-31": "12258.70000", "2018-02-28": "13530.90000", "2017-11-30": "13539.40000", "2017-08-31": "13044.80000", "2017-05-31": "13047.00000", "2017-02-28": "12961.10000", "2016-11-30": "13003.10000", "2016-08-31": "13398.90000", "2016-05-31": "", "2016-03-31": "3128.90000", "2016-02-29": "3128.70000", "2015-12-31": "", "2015-11-30": "4627.00000", "2015-08-31": "2817.50000", "2015-05-31": "2792.40000", "2015-03-31": "", "2015-02-28": "2999.00000", "2014-12-31": "", "2014-11-30": "3215.70000", "2014-08-31": "2988.70000", "2014-05-31": "2988.70000", "2014-02-28": "", "2013-11-30": "", "2013-08-31": "", "2013-05-31": ""}, "Total Assets": {"2020-11-30": "16135.20000", "2020-08-31": "16233.60000", "2020-05-31": "16128.90000", "2020-02-29": "16380.10000", "2019-11-30": "16087.20000", "2019-08-31": "15903.60000", "2019-05-31": "16033.30000", "2019-02-28": "16383.40000", "2018-11-30": "16062.30000", "2018-08-31": "16206.30000", "2018-05-31": "14465.80000", "2018-02-28": "14696.70000", "2017-11-30": "14554.40000", "2017-08-31": "14016.90000", "2017-05-31": "14071.20000", "2017-02-28": "14005.70000", "2016-11-30": "13936.60000", "2016-08-31": "14328.40000", "2016-05-31": "0.00000", "2016-03-31": "3501.90000", "2016-02-29": "3405.10000", "2015-12-31": "0.00000", "2015-11-30": "5577.50000", "2015-08-31": "3257.10000", "2015-05-31": "3220.70000", "2015-03-31": "0.00000", "2015-02-28": "3300.00000", "2014-12-31": "0.00000", "2014-11-30": "3335.40000", "2014-08-31": "3432.40000", "2014-05-31": "3432.40000", "2014-02-28": "0.00000", "2013-11-30": "0.00000", "2013-08-31": "0.00000", "2013-05-31": "0.00000"}, "Total Current Liabilities": {"2020-11-30": "1978.80000", "2020-08-31": "1838.30000", "2020-05-31": "1791.20000", "2020-02-29": "1922.50000", "2019-11-30": "1969.20000", "2019-08-31": "1663.30000", "2019-05-31": "1919.70000", "2019-02-28": "2087.20000", "2018-11-30": "2320.30000", "2018-08-31": "2563.40000", "2018-05-31": "1561.70000", "2018-02-28": "1480.40000", "2017-11-30": "1906.10000", "2017-08-31": "1840.70000", "2017-05-31": "1859.60000", "2017-02-28": "1967.40000", "2016-11-30": "1412.40000", "2016-08-31": "1414.60000", "2016-05-31": "", "2016-03-31": "473.10000", "2016-02-29": "", "2015-12-31": "", "2015-11-30": "960.30000", "2015-08-31": "457.30000", "2015-05-31": "434.50000", "2015-03-31": "", "2015-02-28": "506.30000", "2014-12-31": "", "2014-11-30": "90.20000", "2014-08-31": "479.30000", "2014-05-31": "479.30000", "2014-02-28": "", "2013-11-30": "", "2013-08-31": "", "2013-05-31": ""}, "Long Term Debt": {"2020-11-30": "4641.70000", "2020-08-31": "4707.60000", "2020-05-31": "5136.50000", "2020-02-29": "4961.30000", "2019-11-30": "4874.40000", "2019-08-31": "5051.20000", "2019-05-31": "4893.50000", "2019-02-28": "5111.40000", "2018-11-30": "4889.20000", "2018-08-31": "4893.80000", "2018-05-31": "4353.70000", "2018-02-28": "4186.10000", "2017-11-30": "3617.30000", "2017-08-31": "3424.70000", "2017-05-31": "3423.20000", "2017-02-28": "3131.50000", "2016-11-30": "3279.30000", "2016-08-31": "3140.00000", "2016-05-31": "", "2016-03-31": "656.60000", "2016-02-29": "", "2015-12-31": "", "2015-11-30": "2071.50000", "2015-08-31": "455.70000", "2015-05-31": "226.00000", "2015-03-31": "", "2015-02-28": "349.20000", "2014-12-31": "", "2014-11-30": "349.20000", "2014-08-31": "489.10000", "2014-05-31": "489.10000", "2014-02-28": "", "2013-11-30": "", "2013-08-31": "", "2013-05-31": ""}, "Other Non-Current Liabilities": {"2020-11-30": "130.40000", "2020-08-31": "109.90000", "2020-05-31": "103.50000", "2020-02-29": "94.70000", "2019-11-30": "145.50000", "2019-08-31": "150.70000", "2019-05-31": "122.50000", "2019-02-28": "116.60000", "2018-11-30": "126.50000", "2018-08-31": "162.40000", "2018-05-31": "148.50000", "2018-02-28": "136.90000", "2017-11-30": "105.90000", "2017-08-31": "115.50000", "2017-05-31": "114.90000", "2017-02-28": "110.90000", "2016-11-30": "74.70000", "2016-08-31": "111.90000", "2016-05-31": "", "2016-03-31": "163.50000", "2016-02-29": "", "2015-12-31": "", "2015-11-30": "58.60000", "2015-08-31": "131.90000", "2015-05-31": "143.40000", "2015-03-31": "", "2015-02-28": "143.70000", "2014-12-31": "143.70000", "2014-11-30": "", "2014-08-31": "49.50000", "2014-05-31": "49.50000", "2014-02-28": "", "2013-11-30": "", "2013-08-31": "", "2013-05-31": ""}, "Total Long Term Liabilities": {"2020-11-30": "5627.00000", "2020-08-31": "5802.40000", "2020-05-31": "6229.30000", "2020-02-29": "6088.60000", "2019-11-30": "5702.20000", "2019-08-31": "6005.30000", "2019-05-31": "5727.20000", "2019-02-28": "5963.90000", "2018-11-30": "5721.50000", "2018-08-31": "5751.30000", "2018-05-31": "5135.40000", "2018-02-28": "5054.00000", "2017-11-30": "4643.90000", "2017-08-31": "4474.10000", "2017-05-31": "4603.00000", "2017-02-28": "4288.40000", "2016-11-30": "4439.80000", "2016-08-31": "4481.20000", "2016-05-31": "", "2016-03-31": "828.10000", "2016-02-29": "22.90000", "2015-12-31": "", "2015-11-30": "2416.30000", "2015-08-31": "628.50000", "2015-05-31": "400.30000", "2015-03-31": "", "2015-02-28": "523.10000", "2014-12-31": "", "2014-11-30": "554.30000", "2014-08-31": "688.50000", "2014-05-31": "688.50000", "2014-02-28": "", "2013-11-30": "", "2013-08-31": "", "2013-05-31": ""}, "Total Liabilities": {"2020-11-30": "7605.80000", "2020-08-31": "7640.70000", "2020-05-31": "8020.50000", "2020-02-29": "8011.10000", "2019-11-30": "7671.40000", "2019-08-31": "7668.60000", "2019-05-31": "7646.90000", "2019-02-28": "8051.10000", "2018-11-30": "8041.80000", "2018-08-31": "8314.70000", "2018-05-31": "6697.10000", "2018-02-28": "6534.40000", "2017-11-30": "6550.00000", "2017-08-31": "6314.80000", "2017-05-31": "6462.60000", "2017-02-28": "6255.80000", "2016-11-30": "5852.20000", "2016-08-31": "5895.80000", "2016-05-31": "", "2016-03-31": "1301.20000", "2016-02-29": "22.90000", "2015-12-31": "", "2015-11-30": "3376.60000", "2015-08-31": "1085.80000", "2015-05-31": "834.80000", "2015-03-31": "", "2015-02-28": "1029.40000", "2014-12-31": "", "2014-11-30": "295.30000", "2014-08-31": "1167.80000", "2014-05-31": "1167.80000", "2014-02-28": "0.00000", "2013-11-30": "0.00000", "2013-08-31": "", "2013-05-31": ""}, "Common Stock Net": {"2020-11-30": "", "2020-08-31": "4.80000", "2020-05-31": "4.80000", "2020-02-29": "4.80000", "2019-11-30": "4.80000", "2019-08-31": "4.80000", "2019-05-31": "4.80000", "2019-02-28": "4.80000", "2018-11-30": "4.70000", "2018-08-31": "4.70000", "2018-05-31": "4.70000", "2018-02-28": "4.70000", "2017-11-30": "4.70000", "2017-08-31": "4.70000", "2017-05-31": "4.70000", "2017-02-28": "4.60000", "2016-11-30": "4.50000", "2016-08-31": "4.50000", "2016-05-31": "", "2016-03-31": "1.80000", "2016-02-29": "", "2015-12-31": "", "2015-11-30": "2.50000", "2015-08-31": "1.80000", "2015-05-31": "1.90000", "2015-03-31": "", "2015-02-28": "1.80000", "2014-12-31": "1.80000", "2014-11-30": "0.00000", "2014-08-31": "1.80000", "2014-05-31": "1.80000", "2014-02-28": "0.00000", "2013-11-30": "0.00000", "2013-08-31": "", "2013-05-31": ""}, "Retained Earnings (Accumulated Deficit)": {"2020-11-30": "", "2020-08-31": "3759.70000", "2020-05-31": "3677.80000", "2020-02-29": "3689.40000", "2019-11-30": "3295.00000", "2019-08-31": "3094.70000", "2019-05-31": "3054.80000", "2019-02-28": "2906.40000", "2018-11-30": "2743.10000", "2018-08-31": "2684.00000", "2018-05-31": "2579.50000", "2018-02-28": "2464.80000", "2017-11-30": "2217.60000", "2017-08-31": "2116.80000", "2017-05-31": "1971.00000", "2017-02-28": "1872.30000", "2016-11-30": "1806.90000", "2016-08-31": "1718.80000", "2016-05-31": "", "2016-03-31": "2128.60000", "2016-02-29": "", "2015-12-31": "", "2015-11-30": "1655.30000", "2015-08-31": "1973.60000", "2015-05-31": "1923.90000", "2015-03-31": "", "2015-02-28": "1850.60000", "2014-12-31": "", "2014-11-30": "1850.60000", "2014-08-31": "1805.50000", "2014-05-31": "1805.50000", "2014-02-28": "", "2013-11-30": "", "2013-08-31": "", "2013-05-31": ""}, "Comprehensive Income": {"2020-11-30": "", "2020-08-31": "-107.40000", "2020-05-31": "-412.20000", "2020-02-29": "-292.20000", "2019-11-30": "-261.60000", "2019-08-31": "-458.60000", "2019-05-31": "-342.30000", "2019-02-28": "-164.70000", "2018-11-30": "-298.90000", "2018-08-31": "-220.60000", "2018-05-31": "-143.60000", "2018-02-28": "-29.70000", "2017-11-30": "-85.00000", "2017-08-31": "-213.20000", "2017-05-31": "-309.80000", "2017-02-28": "-460.70000", "2016-11-30": "-438.80000", "2016-08-31": "-218.80000", "2016-05-31": "", "2016-03-31": "", "2016-02-29": "", "2015-12-31": "", "2015-11-30": "-191.20000", "2015-08-31": "", "2015-05-31": "", "2015-03-31": "", "2015-02-28": "", "2014-12-31": "", "2014-11-30": "", "2014-08-31": "", "2014-05-31": "", "2014-02-28": "", "2013-11-30": "", "2013-08-31": "", "2013-05-31": ""}, "Other Share Holders Equity": {"2020-11-30": "", "2020-08-31": "", "2020-05-31": "", "2020-02-29": "", "2019-11-30": "", "2019-08-31": "", "2019-05-31": "", "2019-02-28": "", "2018-11-30": "", "2018-08-31": "", "2018-05-31": "", "2018-02-28": "", "2017-11-30": "", "2017-08-31": "", "2017-05-31": "", "2017-02-28": "", "2016-11-30": "", "2016-08-31": "0.00000", "2016-05-31": "", "2016-03-31": "-178.30000", "2016-02-29": "", "2015-12-31": "-170.00000", "2015-11-30": "", "2015-08-31": "-38.09000", "2015-05-31": "-69.80000", "2015-03-31": "", "2015-02-28": "-38.60000", "2014-12-31": "-75.20000", "2014-11-30": "0.00000", "2014-08-31": "29.50000", "2014-05-31": "29.50000", "2014-02-28": "0.00000", "2013-11-30": "0.00000", "2013-08-31": "", "2013-05-31": ""}, "Share Holder Equity": {"2020-11-30": "8529.40000", "2020-08-31": "8592.90000", "2020-05-31": "8108.40000", "2020-02-29": "8369.00000", "2019-11-30": "8415.80000", "2019-08-31": "8235.00000", "2019-05-31": "8386.40000", "2019-02-28": "8332.30000", "2018-11-30": "8020.50000", "2018-08-31": "7891.60000", "2018-05-31": "7768.70000", "2018-02-28": "8162.30000", "2017-11-30": "8004.40000", "2017-08-31": "7702.10000", "2017-05-31": "7608.60000", "2017-02-28": "7749.90000", "2016-11-30": "8084.40000", "2016-08-31": "8432.60000", "2016-05-31": "", "2016-03-31": "2200.70000", "2016-02-29": "", "2015-12-31": "", "2015-11-30": "2200.90000", "2015-08-31": "2171.30000", "2015-05-31": "2385.90000", "2015-03-31": "", "2015-02-28": "2270.60000", "2014-12-31": "", "2014-11-30": "2270.60000", "2014-08-31": "2264.60000", "2014-05-31": "2264.60000", "2014-02-28": "0.00000", "2013-11-30": "0.00000", "2013-08-31": "", "2013-05-31": ""}, "Total Liabilities And Share Holders Equity": {"2020-11-30": "16135.20000", "2020-08-31": "16233.60000", "2020-05-31": "16128.90000", "2020-02-29": "16380.10000", "2019-11-30": "16087.20000", "2019-08-31": "15903.60000", "2019-05-31": "16033.30000", "2019-02-28": "16383.40000", "2018-11-30": "16062.30000", "2018-08-31": "16206.30000", "2018-05-31": "14465.80000", "2018-02-28": "14696.70000", "2017-11-30": "14554.40000", "2017-08-31": "14016.90000", "2017-05-31": "14071.20000", "2017-02-28": "14005.70000", "2016-11-30": "13936.60000", "2016-08-31": "14328.40000", "2016-05-31": "", "2016-03-31": "3501.90000", "2016-02-29": "22.90000", "2015-12-31": "", "2015-11-30": "5577.50000", "2015-08-31": "3257.10000", "2015-05-31": "3220.70000", "2015-03-31": "", "2015-02-28": "3300.00000", "2014-12-31": "", "2014-11-30": "295.30000", "2014-08-31": "3432.40000", "2014-05-31": "3432.40000", "2014-02-28": "0.00000", "2013-11-30": "0.00000", "2013-08-31": "", "2013-05-31": ""}}, "cash flow statement": {"Net Income/Loss": {"2020-11-30": "869.40000", "2019-11-30": "499.40000", "2018-11-30": "539.20000", "2017-11-30": "417.00000", "2016-11-30": "152.10000", "2015-12-31": "222.10000", "2015-11-30": "240.20000", "2014-12-31": "220.60000", "2014-11-30": "194.50000", "2013-12-31": "210.70000", "2013-11-30": "0.00000"}, "Total Depreciation And Amortization - Cash Flow": {"2020-11-30": "591.60000", "2019-11-30": "573.10000", "2018-11-30": "541.20000", "2017-11-30": "492.50000", "2016-11-30": "335.70000", "2015-12-31": "170.70000", "2015-11-30": "235.50000", "2014-12-31": "158.00000", "2014-11-30": "202.10000", "2013-12-31": "136.10000", "2013-11-30": "136.10000"}, "Other Non-Cash Items": {"2020-11-30": "-290.30000", "2019-11-30": "60.10000", "2018-11-30": "21.00000", "2017-11-30": "168.20000", "2016-11-30": "173.00000", "2015-12-31": "66.20000", "2015-11-30": "98.20000", "2014-12-31": "82.10000", "2014-11-30": "137.00000", "2013-12-31": "74.30000", "2013-11-30": ""}, "Total Non-Cash Items": {"2020-11-30": "301.30000", "2019-11-30": "633.20000", "2018-11-30": "562.20000", "2017-11-30": "660.70010", "2016-11-30": "508.70000", "2015-12-31": "236.90000", "2015-11-30": "333.70000", "2014-12-31": "240.10000", "2014-11-30": "339.10000", "2013-12-31": "210.40000", "2013-11-30": "136.10000"}, "Change In Accounts Receivable": {"2020-11-30": "1.60000", "2019-11-30": "-67.90000", "2018-11-30": "-11.80000", "2017-11-30": "-27.50000", "2016-11-30": "-8.50000", "2015-12-31": "26.00000", "2015-11-30": "56.10000", "2014-12-31": "-56.60000", "2014-11-30": "36.40000", "2013-12-31": "-36.00000", "2013-11-30": ""}, "Change In Inventories": {"2020-11-30": "", "2019-11-30": "", "2018-11-30": "", "2017-11-30": "", "2016-11-30": "", "2015-12-31": "", "2015-11-30": "", "2014-12-31": "", "2014-11-30": "", "2013-12-31": "", "2013-11-30": ""}, "Change In Accounts Payable": {"2020-11-30": "-17.30000", "2019-11-30": "15.50000", "2018-11-30": "32.10000", "2017-11-30": "-20.00000", "2016-11-30": "-12.50000", "2015-12-31": "-9.40000", "2015-11-30": "-4.10000", "2014-12-31": "17.20000", "2014-11-30": "-11.40000", "2013-12-31": "28.70000", "2013-11-30": ""}, "Change In Assets/Liabilities": {"2020-11-30": "13.60000", "2019-11-30": "82.30000", "2018-11-30": "80.30000", "2017-11-30": "-11.20000", "2016-11-30": "7.60000", "2015-12-31": "", "2015-11-30": "-45.30000", "2014-12-31": "", "2014-11-30": "27.00000", "2013-12-31": "", "2013-11-30": ""}, "Total Change In Assets/Liabilities": {"2020-11-30": "-31.90000", "2019-11-30": "118.70000", "2018-11-30": "188.10000", "2017-11-30": "-116.20000", "2016-11-30": "-22.50000", "2015-12-31": "16.60000", "2015-11-30": "38.70000", "2014-12-31": "-39.40000", "2014-11-30": "94.50000", "2013-12-31": "-7.30000", "2013-11-30": "-7.29000"}, "Cash Flow From Operating Activities": {"2020-11-30": "1138.80000", "2019-11-30": "1251.30000", "2018-11-30": "1289.50000", "2017-11-30": "961.50000", "2016-11-30": "638.30000", "2015-12-31": "405.60000", "2015-11-30": "612.60000", "2014-12-31": "369.90000", "2014-11-30": "628.10000", "2013-12-31": "339.80000", "2013-11-30": "128.81000"}, "Net Change In Property, Plant, And Equipment": {"2020-11-30": "201.80000", "2019-11-30": "-114.60000", "2018-11-30": "-222.70000", "2017-11-30": "-260.20000", "2016-11-30": "-147.60000", "2015-12-31": "-16.60000", "2015-11-30": "-122.90000", "2014-12-31": "-19.40000", "2014-11-30": "-114.50000", "2013-12-31": "-35.00000", "2013-11-30": "-35.00000"}, "Net Change In Intangible Assets": {"2020-11-30": "", "2019-11-30": "", "2018-11-30": "", "2017-11-30": "", "2016-11-30": "", "2015-12-31": "-100.50000", "2015-11-30": "", "2014-12-31": "-101.40000", "2014-11-30": "-0.70000", "2013-12-31": "-95.50000", "2013-11-30": ""}, "Net Acquisitions/Divestitures": {"2020-11-30": "-4.70000", "2019-11-30": "-136.50000", "2018-11-30": "-1876.20000", "2017-11-30": "-401.10000", "2016-11-30": "-823.50000", "2015-12-31": "-326.00000", "2015-11-30": "-369.90000", "2014-12-31": "-128.80000", "2014-11-30": "-210.40000", "2013-12-31": "-12.50000", "2013-11-30": "-12.50000"}, "Net Change In Short-term Investments": {"2020-11-30": "", "2019-11-30": "", "2018-11-30": "", "2017-11-30": "", "2016-11-30": "", "2015-12-31": "-1.10000", "2015-11-30": "", "2014-12-31": "", "2014-11-30": "", "2013-12-31": "5.20000", "2013-11-30": ""}, "Net Change In Long-Term Investments": {"2020-11-30": "", "2019-11-30": "", "2018-11-30": "", "2017-11-30": "", "2016-11-30": "", "2015-12-31": "", "2015-11-30": "", "2014-12-31": "", "2014-11-30": "", "2013-12-31": "", "2013-11-30": ""}, "Net Change In Investments - Total": {"2020-11-30": "", "2019-11-30": "", "2018-11-30": "", "2017-11-30": "", "2016-11-30": "", "2015-12-31": "-1.10000", "2015-11-30": "", "2014-12-31": "", "2014-11-30": "", "2013-12-31": "5.20000", "2013-11-30": "5.20000"}, "Investing Activities - Other": {"2020-11-30": "7.90000", "2019-11-30": "-20.40000", "2018-11-30": "-13.20000", "2017-11-30": "15.00000", "2016-11-30": "-11.70000", "2015-12-31": "10.10000", "2015-11-30": "-3.20000", "2014-12-31": "-1.30000", "2014-11-30": "1.60000", "2013-12-31": "-32.80000", "2013-11-30": ""}, "Cash Flow From Investing Activities": {"2020-11-30": "205.00000", "2019-11-30": "-271.50000", "2018-11-30": "-2112.10000", "2017-11-30": "-646.30000", "2016-11-30": "-982.80000", "2015-12-31": "-434.10000", "2015-11-30": "-496.00000", "2014-12-31": "-250.90000", "2014-11-30": "-324.00000", "2013-12-31": "-170.60000", "2013-11-30": "-42.30000"}, "Net Long-Term Debt": {"2020-11-30": "-224.99990", "2019-11-30": "-557.20000", "2018-11-30": "1494.40000", "2017-11-30": "813.30000", "2016-11-30": "653.20000", "2015-12-31": "472.00000", "2015-11-30": "288.80000", "2014-12-31": "-40.00000", "2014-11-30": "-332.20000", "2013-12-31": "20.00000", "2013-11-30": ""}, "Net Current Debt": {"2020-11-30": "", "2019-11-30": "", "2018-11-30": "", "2017-11-30": "", "2016-11-30": "", "2015-12-31": "", "2015-11-30": "", "2014-12-31": "", "2014-11-30": "", "2013-12-31": "", "2013-11-30": "0.00000"}, "Debt Issuance/Retirement Net - Total": {"2020-11-30": "-224.99990", "2019-11-30": "-557.20000", "2018-11-30": "1494.40000", "2017-11-30": "813.30000", "2016-11-30": "653.20000", "2015-12-31": "472.00000", "2015-11-30": "288.80000", "2014-12-31": "-40.00000", "2014-11-30": "-332.20000", "2013-12-31": "20.00000", "2013-11-30": "20.00000"}, "Net Common Equity Issued/Repurchased": {"2020-11-30": "-721.00000", "2019-11-30": "-322.30000", "2018-11-30": "-442.50000", "2017-11-30": "-986.20010", "2016-11-30": "-422.70000", "2015-12-31": "-411.50000", "2015-11-30": "-200.40000", "2014-12-31": "-31.20000", "2014-11-30": "-59.90000", "2013-12-31": "-45.50000", "2013-11-30": ""}, "Net Total Equity Issued/Repurchased": {"2020-11-30": "-721.00000", "2019-11-30": "-322.30000", "2018-11-30": "-442.50000", "2017-11-30": "-986.20010", "2016-11-30": "-422.70000", "2015-12-31": "-411.50000", "2015-11-30": "-200.40000", "2014-12-31": "-31.20000", "2014-11-30": "-59.90000", "2013-12-31": "-45.50000", "2013-11-30": "-45.50000"}, "Total Common And Preferred Stock Dividends Paid": {"2020-11-30": "-270.40000", "2019-11-30": "", "2018-11-30": "", "2017-11-30": "", "2016-11-30": "", "2015-12-31": "", "2015-11-30": "", "2014-12-31": "", "2014-11-30": "", "2013-12-31": "", "2013-11-30": "0.00000"}, "Financial Activities - Other": {"2020-11-30": "-128.20000", "2019-11-30": "-78.50000", "2018-11-30": "-178.90000", "2017-11-30": "-156.40000", "2016-11-30": "-53.00000", "2015-12-31": "-2.00000", "2015-11-30": "-43.00000", "2014-12-31": "-4.10000", "2014-11-30": "-5.70000", "2013-12-31": "-178.40000", "2013-11-30": ""}, "Cash Flow From Financial Activities": {"2020-11-30": "-1344.60000", "2019-11-30": "-958.00000", "2018-11-30": "873.00000", "2017-11-30": "-329.30000", "2016-11-30": "177.50000", "2015-12-31": "58.50000", "2015-11-30": "45.40000", "2014-12-31": "-75.30000", "2014-11-30": "-397.80000", "2013-12-31": "-203.90000", "2013-11-30": "-25.50000"}, "Net Cash Flow": {"2020-11-30": "14.10000", "2019-11-30": "-8.50000", "2018-11-30": "-13.80000", "2017-11-30": "-5.10000", "2016-11-30": "-154.20000", "2015-12-31": "28.30000", "2015-11-30": "139.90000", "2014-12-31": "42.40000", "2014-11-30": "-105.20000", "2013-12-31": "-34.90000", "2013-11-30": "61.01000"}, "Stock-Based Compensation": {"2020-11-30": "265.70000", "2019-11-30": "223.80000", "2018-11-30": "241.70000", "2017-11-30": "261.90000", "2016-11-30": "206.20000", "2015-12-31": "37.30000", "2015-11-30": "135.40000", "2014-12-31": "20.70000", "2014-11-30": "167.40000", "2013-12-31": "8.10000", "2013-11-30": ""}, "Common Stock Dividends Paid": {"2020-11-30": "-270.40000", "2019-11-30": "", "2018-11-30": "", "2017-11-30": "", "2016-11-30": "", "2015-12-31": "", "2015-11-30": "", "2014-12-31": "", "2014-11-30": "", "2013-12-31": "", "2013-11-30": ""}}, "cash flow statement, quarterly": {"Net Income/Loss": {"2020-11-30": 150.9, "2020-08-31": 163.7, "2020-05-31": 70.8, "2020-02-29": "484.00000", "2019-11-30": 202.3, "2019-08-31": 39.2, "2019-05-31": 148.9, "2019-02-28": "109.00000", "2018-11-30": 80.8, "2018-08-31": 103.5, "2018-05-31": 114.2, "2018-02-28": "240.70000", "2017-11-30": 105.1, "2017-08-31": 147.1, "2017-05-31": 98.8, "2017-02-28": "66.00000", "2016-11-30": 88.6, "2016-08-31": -31.7, "2016-05-31": 60, "2016-03-31": -10, "2016-02-29": "45.20000", "2015-12-31": "0.00000", "2015-11-30": 90.6, "2015-08-31": 149.6, "2015-05-31": -75.3, "2015-03-31": -145.3, "2015-02-28": "220.60000", "2014-12-31": "0.00000", "2014-11-30": 100.1, "2014-08-31": 0, "2014-05-31": -116.3, "2014-02-28": "210.70000", "2013-11-30": 210.7, "2013-08-31": 0, "2013-05-31": 0}, "Total Depreciation And Amortization - Cash Flow": {"2020-11-30": 149.3, "2020-08-31": 147.6, "2020-05-31": 149.4, "2020-02-29": "145.30000", "2019-11-30": 142.1, "2019-08-31": 144.7, "2019-05-31": 144, "2019-02-28": "142.30000", "2018-11-30": 145.5, "2018-08-31": 134.1, "2018-05-31": 131, "2018-02-28": "130.60000", "2017-11-30": 128.1, "2017-08-31": 120.8, "2017-05-31": 122.8, "2017-02-28": "120.80000", "2016-11-30": 119.2, "2016-08-31": 91.7, "2016-05-31": 78, "2016-03-31": -13.7, "2016-02-29": "60.50000", "2015-12-31": "", "2015-11-30": 60.7, "2015-08-31": 149.9, "2015-05-31": -14.4, "2015-03-31": -118.7, "2015-02-28": "158.00000", "2014-12-31": "", "2014-11-30": 155.7, "2014-08-31": 0, "2014-05-31": -89.7, "2014-02-28": "136.10000", "2013-11-30": 136.1, "2013-08-31": 0, "2013-05-31": 0}, "Other Non-Cash Items": {"2020-11-30": -40.6, "2020-08-31": 54.3, "2020-05-31": 33, "2020-02-29": "-337.00000", "2019-11-30": -103.9, "2019-08-31": 94.3, "2019-05-31": 33.6, "2019-02-28": "36.10000", "2018-11-30": 60.9, "2018-08-31": 25.5, "2018-05-31": 60.9, "2018-02-28": "-126.30000", "2017-11-30": 65.7, "2017-08-31": -14.9, "2017-05-31": 32.2, "2017-02-28": "85.20000", "2016-11-30": 65.1, "2016-08-31": 62.1, "2016-05-31": 21.3, "2016-03-31": -18.4, "2016-02-29": "42.90000", "2015-12-31": "66.20000", "2015-11-30": 24.5, "2015-08-31": 73.7, "2015-05-31": -14.8, "2015-03-31": 14.8, "2015-02-28": "", "2014-12-31": "82.10000", "2014-11-30": -10.3, "2014-08-31": 0, "2014-05-31": 0, "2014-02-28": "", "2013-11-30": 0, "2013-08-31": 0, "2013-05-31": 0}, "Total Non-Cash Items": {"2020-11-30": 108.7001, "2020-08-31": 201.8999, "2020-05-31": 182.4, "2020-02-29": "-191.70000", "2019-11-30": 38.2, "2019-08-31": 239, "2019-05-31": 177.6, "2019-02-28": "178.40000", "2018-11-30": 206.4, "2018-08-31": 159.6, "2018-05-31": 191.9, "2018-02-28": "4.30000", "2017-11-30": 193.8001, "2017-08-31": 105.9, "2017-05-31": 155, "2017-02-28": "206.00000", "2016-11-30": 184.3, "2016-08-31": 153.8, "2016-05-31": 99.3, "2016-03-31": -32.1, "2016-02-29": "103.40000", "2015-12-31": "", "2015-11-30": -13, "2015-08-31": 223.6, "2015-05-31": -29.2, "2015-03-31": -103.9, "2015-02-28": "158.00000", "2014-12-31": "", "2014-11-30": 155.7, "2014-08-31": 0, "2014-05-31": -89.7, "2014-02-28": "136.10000", "2013-11-30": 136.1, "2013-08-31": 0, "2013-05-31": 0}, "Change In Accounts Receivable": {"2020-11-30": -30.4, "2020-08-31": 25, "2020-05-31": 96.8, "2020-02-29": "-89.80000", "2019-11-30": -50.4, "2019-08-31": 10.1, "2019-05-31": 128.1, "2019-02-28": "-155.70000", "2018-11-30": -39.7, "2018-08-31": 75.6, "2018-05-31": 62.9, "2018-02-28": "-110.60000", "2017-11-30": -39.2, "2017-08-31": 22.1, "2017-05-31": 6.3, "2017-02-28": "-16.70000", "2016-11-30": -74.3, "2016-08-31": 52.8, "2016-05-31": 18, "2016-03-31": 36.3, "2016-02-29": "-41.30000", "2015-12-31": "26.00000", "2015-11-30": -45.2, "2015-08-31": 101.3, "2015-05-31": -2.5, "2015-03-31": 2.5, "2015-02-28": "", "2014-12-31": "-56.60000", "2014-11-30": 0, "2014-08-31": 0, "2014-05-31": 0, "2014-02-28": "", "2013-11-30": 0, "2013-08-31": 0, "2013-05-31": 0}, "Change In Inventories": {"2020-11-30": 0, "2020-08-31": 0, "2020-05-31": 0, "2020-02-29": "", "2019-11-30": 0, "2019-08-31": 0, "2019-05-31": 0, "2019-02-28": "", "2018-11-30": 0, "2018-08-31": 0, "2018-05-31": 0, "2018-02-28": "", "2017-11-30": 0, "2017-08-31": 0, "2017-05-31": 0, "2017-02-28": "", "2016-11-30": 0, "2016-08-31": 0, "2016-05-31": 0, "2016-03-31": 0, "2016-02-29": "", "2015-12-31": "", "2015-11-30": 0, "2015-08-31": 0, "2015-05-31": 0, "2015-03-31": 0, "2015-02-28": "", "2014-12-31": "", "2014-11-30": 0, "2014-08-31": 0, "2014-05-31": 0, "2014-02-28": "", "2013-11-30": 0, "2013-08-31": 0, "2013-05-31": 0}, "Change In Accounts Payable": {"2020-11-30": 21.7, "2020-08-31": -16.5, "2020-05-31": -1, "2020-02-29": "-21.50000", "2019-11-30": 30, "2019-08-31": -3.4, "2019-05-31": -15.1, "2019-02-28": "4.00000", "2018-11-30": 45.4, "2018-08-31": -2.8, "2018-05-31": -9.4, "2018-02-28": "-1.10000", "2017-11-30": -2.5, "2017-08-31": -3.7, "2017-05-31": -1.2, "2017-02-28": "-12.60000", "2016-11-30": 28.1, "2016-08-31": -20.7, "2016-05-31": 19.7, "2016-03-31": -23.1, "2016-02-29": "-16.50000", "2015-12-31": "-9.40000", "2015-11-30": -6.1, "2015-08-31": 2, "2015-05-31": 56.3, "2015-03-31": -56.3, "2015-02-28": "", "2014-12-31": "17.20000", "2014-11-30": 0, "2014-08-31": 0, "2014-05-31": 0, "2014-02-28": "", "2013-11-30": 0, "2013-08-31": 0, "2013-05-31": 0}, "Change In Assets/Liabilities": {"2020-11-30": 19.3, "2020-08-31": -63.4, "2020-05-31": -62.8, "2020-02-29": "120.50000", "2019-11-30": 33.6, "2019-08-31": -15.1, "2019-05-31": -63.8, "2019-02-28": "127.60000", "2018-11-30": 0.7, "2018-08-31": -33.8, "2018-05-31": 5.9, "2018-02-28": "107.50000", "2017-11-30": -8.5, "2017-08-31": -59.5, "2017-05-31": -42, "2017-02-28": "98.80000", "2016-11-30": -53.1, "2016-08-31": 0.3, "2016-05-31": 60.4, "2016-03-31": -81.7, "2016-02-29": "81.70000", "2015-12-31": "", "2015-11-30": -26.8, "2015-08-31": -18.5, "2015-05-31": 0, "2015-03-31": 0, "2015-02-28": "", "2014-12-31": "", "2014-11-30": 27, "2014-08-31": 0, "2014-05-31": 0, "2014-02-28": "", "2013-11-30": 0, "2013-08-31": 0, "2013-05-31": 0}, "Total Change In Assets/Liabilities": {"2020-11-30": 78.7, "2020-08-31": 37.2, "2020-05-31": 25, "2020-02-29": "-172.80000", "2019-11-30": -14.8, "2019-08-31": 134.7, "2019-05-31": 98.2, "2019-02-28": "-99.40000", "2018-11-30": 70.3, "2018-08-31": 83.3, "2018-05-31": 76.6, "2018-02-28": "-42.10000", "2017-11-30": -56, "2017-08-31": 14.3, "2017-05-31": -53.2, "2017-02-28": "-21.30000", "2016-11-30": -109.7, "2016-08-31": 24.5, "2016-05-31": 107.3, "2016-03-31": -47.8, "2016-02-29": "3.20000", "2015-12-31": "", "2015-11-30": -59.8, "2015-08-31": 98.5, "2015-05-31": 53.8, "2015-03-31": -475.1, "2015-02-28": "421.30000", "2014-12-31": "", "2014-11-30": 94.5, "2014-08-31": 0, "2014-05-31": 7.29, "2014-02-28": "-7.29000", "2013-11-30": -7.29, "2013-08-31": 0, "2013-05-31": 0}, "Cash Flow From Operating Activities": {"2020-11-30": 338.3, "2020-08-31": 402.8, "2020-05-31": 278.2, "2020-02-29": "119.50000", "2019-11-30": 225.7, "2019-08-31": 412.9, "2019-05-31": 424.7, "2019-02-28": "188.00000", "2018-11-30": 357.5, "2018-08-31": 346.4, "2018-05-31": 382.7, "2018-02-28": "202.90000", "2017-11-30": 242.9, "2017-08-31": 267.3, "2017-05-31": 200.6, "2017-02-28": "250.70000", "2016-11-30": 163.2, "2016-08-31": 146.6, "2016-05-31": 274.1, "2016-03-31": -97.4, "2016-02-29": "151.80000", "2015-12-31": "", "2015-11-30": 116, "2015-08-31": 471.7, "2015-05-31": -36, "2015-03-31": -309, "2015-02-28": "369.90000", "2014-12-31": "", "2014-11-30": 499.4, "2014-08-31": 0, "2014-05-31": -211.1, "2014-02-28": "339.80000", "2013-11-30": 339.8, "2013-08-31": 0, "2013-05-31": 0}, "Net Change In Property, Plant, And Equipment": {"2020-11-30": 413.6, "2020-08-31": -530.4, "2020-05-31": -69.6, "2020-02-29": "388.20000", "2019-11-30": 85.3, "2019-08-31": -70, "2019-05-31": -66.7, "2019-02-28": "-63.20000", "2018-11-30": -54.2, "2018-08-31": -53.8, "2018-05-31": -59.5, "2018-02-28": "-55.20000", "2017-11-30": -68.4, "2017-08-31": -61.3, "2017-05-31": -58.8, "2017-02-28": "-71.70000", "2016-11-30": -48.3, "2016-08-31": -46.6, "2016-05-31": -49.9, "2016-03-31": 21.7, "2016-02-29": "-24.50000", "2015-12-31": "", "2015-11-30": -25.2, "2015-08-31": -91.9, "2015-05-31": 0, "2015-03-31": 17.7, "2015-02-28": "-23.50000", "2014-12-31": "", "2014-11-30": 35, "2014-08-31": 0, "2014-05-31": -114.5, "2014-02-28": "-35.00000", "2013-11-30": -35, "2013-08-31": 0, "2013-05-31": 0}, "Net Change In Intangible Assets": {"2020-11-30": 0, "2020-08-31": 0, "2020-05-31": 0, "2020-02-29": "", "2019-11-30": 0, "2019-08-31": 0, "2019-05-31": 0, "2019-02-28": "", "2018-11-30": 0, "2018-08-31": 0, "2018-05-31": 3.1, "2018-02-28": "-3.10000", "2017-11-30": 0, "2017-08-31": 0, "2017-05-31": 0, "2017-02-28": "", "2016-11-30": 0, "2016-08-31": 0, "2016-05-31": 37.4, "2016-03-31": -37.4, "2016-02-29": "", "2015-12-31": "-100.50000", "2015-11-30": 0, "2015-08-31": 0, "2015-05-31": 34.1, "2015-03-31": -34.1, "2015-02-28": "", "2014-12-31": "-101.40000", "2014-11-30": 0, "2014-08-31": 0, "2014-05-31": 0, "2014-02-28": "", "2013-11-30": 0, "2013-08-31": 0, "2013-05-31": 0}, "Net Acquisitions/Divestitures": {"2020-11-30": -470, "2020-08-31": 468.5, "2020-05-31": -3.2, "2020-02-29": "", "2019-11-30": -167.3, "2019-08-31": 63.4, "2019-05-31": -32.6, "2019-02-28": "", "2018-11-30": 5.2, "2018-08-31": -1872.6, "2018-05-31": -8.8, "2018-02-28": "", "2017-11-30": -401.1, "2017-08-31": 0, "2017-05-31": 0, "2017-02-28": "", "2016-11-30": 0.7, "2016-08-31": 99, "2016-05-31": -901, "2016-03-31": 1091.2, "2016-02-29": "-1113.40000", "2015-12-31": "", "2015-11-30": 0, "2015-08-31": -369.9, "2015-05-31": 7.6, "2015-03-31": 119.8, "2015-02-28": "-127.40000", "2014-12-31": "", "2014-11-30": -210.4, "2014-08-31": 0, "2014-05-31": 12.5, "2014-02-28": "-12.50000", "2013-11-30": -12.5, "2013-08-31": 0, "2013-05-31": 0}, "Net Change In Short-term Investments": {"2020-11-30": 0, "2020-08-31": 0, "2020-05-31": 0, "2020-02-29": "", "2019-11-30": 0, "2019-08-31": 0, "2019-05-31": 0, "2019-02-28": "", "2018-11-30": 0, "2018-08-31": 0, "2018-05-31": 0, "2018-02-28": "", "2017-11-30": 0, "2017-08-31": 0, "2017-05-31": 0, "2017-02-28": "", "2016-11-30": 0, "2016-08-31": 0, "2016-05-31": 1.7, "2016-03-31": -1.7, "2016-02-29": "", "2015-12-31": "-1.10000", "2015-11-30": 0, "2015-08-31": 0, "2015-05-31": 0, "2015-03-31": 0, "2015-02-28": "", "2014-12-31": "", "2014-11-30": 0, "2014-08-31": 0, "2014-05-31": 0, "2014-02-28": "", "2013-11-30": 0, "2013-08-31": 0, "2013-05-31": 0}, "Net Change In Long-Term Investments": {"2020-11-30": 8.6, "2020-08-31": -1.4, "2020-05-31": -3.6, "2020-02-29": "-3.60000", "2019-11-30": 6.9, "2019-08-31": -1.3, "2019-05-31": -0.5, "2019-02-28": "-5.10000", "2018-11-30": 0, "2018-08-31": 0, "2018-05-31": 0, "2018-02-28": "", "2017-11-30": 0, "2017-08-31": 0, "2017-05-31": 0, "2017-02-28": "", "2016-11-30": 0, "2016-08-31": 0, "2016-05-31": 0, "2016-03-31": 0, "2016-02-29": "", "2015-12-31": "", "2015-11-30": 0, "2015-08-31": 0, "2015-05-31": 0, "2015-03-31": 0, "2015-02-28": "", "2014-12-31": "", "2014-11-30": 0, "2014-08-31": 0, "2014-05-31": 0, "2014-02-28": "", "2013-11-30": 0, "2013-08-31": 0, "2013-05-31": 0}, "Net Change In Investments - Total": {"2020-11-30": 8.6, "2020-08-31": -1.4, "2020-05-31": -3.6, "2020-02-29": "-3.60000", "2019-11-30": 6.9, "2019-08-31": -1.3, "2019-05-31": -0.5, "2019-02-28": "-5.10000", "2018-11-30": 0, "2018-08-31": 0, "2018-05-31": 0, "2018-02-28": "", "2017-11-30": 0, "2017-08-31": 0, "2017-05-31": 0, "2017-02-28": "", "2016-11-30": 0, "2016-08-31": 0, "2016-05-31": 1.7, "2016-03-31": -1.7, "2016-02-29": "", "2015-12-31": "-1.10000", "2015-11-30": 0, "2015-08-31": 0, "2015-05-31": 0, "2015-03-31": 0, "2015-02-28": "0.00000", "2014-12-31": "", "2014-11-30": 0, "2014-08-31": 0, "2014-05-31": -5.2, "2014-02-28": "5.20000", "2013-11-30": 5.2, "2013-08-31": 0, "2013-05-31": 0}, "Investing Activities - Other": {"2020-11-30": -2.8, "2020-08-31": 31.6, "2020-05-31": -23.3, "2020-02-29": "2.40000", "2019-11-30": 10.1, "2019-08-31": -26.5, "2019-05-31": -3.5, "2019-02-28": "-0.50000", "2018-11-30": 1.1, "2018-08-31": -4.4, "2018-05-31": -13.1, "2018-02-28": "3.20000", "2017-11-30": 11.3, "2017-08-31": -5, "2017-05-31": 3.4, "2017-02-28": "5.30000", "2016-11-30": -17.6, "2016-08-31": 5.7, "2016-05-31": 0.2, "2016-03-31": -7.6, "2016-02-29": "7.60000", "2015-12-31": "", "2015-11-30": -7.3, "2015-08-31": 45.8, "2015-05-31": -41.7, "2015-03-31": 100, "2015-02-28": "-100.00000", "2014-12-31": "", "2014-11-30": 0.9, "2014-08-31": 0, "2014-05-31": 128.3, "2014-02-28": "-128.30000", "2013-11-30": -128.3, "2013-08-31": 0, "2013-05-31": 0}, "Cash Flow From Investing Activities": {"2020-11-30": -50.6, "2020-08-31": -31.7, "2020-05-31": -99.7, "2020-02-29": "387.00000", "2019-11-30": -65, "2019-08-31": -34.4, "2019-05-31": -103.3, "2019-02-28": "-68.80000", "2018-11-30": -47.9, "2018-08-31": -1930.8, "2018-05-31": -78.3, "2018-02-28": "-55.10000", "2017-11-30": -458.2, "2017-08-31": -66.3, "2017-05-31": -55.4, "2017-02-28": "-66.40000", "2016-11-30": -65.2, "2016-08-31": 58.1, "2016-05-31": -911.6, "2016-03-31": 1066.2, "2016-02-29": "-1130.30000", "2015-12-31": "", "2015-11-30": -32.5, "2015-08-31": -416, "2015-05-31": 0, "2015-03-31": 203.4, "2015-02-28": "-250.90000", "2014-12-31": "", "2014-11-30": -174.5, "2014-08-31": 0, "2014-05-31": 21.1, "2014-02-28": "-170.60000", "2013-11-30": -170.6, "2013-08-31": 0, "2013-05-31": 0}, "Net Long-Term Debt": {"2020-11-30": -51.2999, "2020-08-31": -431.2, "2020-05-31": 172.8, "2020-02-29": "84.70000", "2019-11-30": 70.9, "2019-08-31": -204.3999, "2019-05-31": -337.8001, "2019-02-28": "-85.90000", "2018-11-30": -383.9, "2018-08-31": 1610.6, "2018-05-31": 179.7, "2018-02-28": "88.00000", "2017-11-30": 204.9, "2017-08-31": 3.6, "2017-05-31": 267.3, "2017-02-28": "337.50000", "2016-11-30": 107, "2016-08-31": -283.8, "2016-05-31": 890.1, "2016-03-31": -927.1, "2016-02-29": "867.00000", "2015-12-31": "472.00000", "2015-11-30": 46.1, "2015-08-31": 242.7, "2015-05-31": 103, "2015-03-31": -103, "2015-02-28": "", "2014-12-31": "-40.00000", "2014-11-30": 0, "2014-08-31": 0, "2014-05-31": 0, "2014-02-28": "", "2013-11-30": 0, "2013-08-31": 0, "2013-05-31": 0}, "Net Current Debt": {"2020-11-30": 0, "2020-08-31": 0, "2020-05-31": 0, "2020-02-29": "", "2019-11-30": 0, "2019-08-31": 0, "2019-05-31": 0, "2019-02-28": "", "2018-11-30": 0, "2018-08-31": 0, "2018-05-31": 0, "2018-02-28": "", "2017-11-30": 0, "2017-08-31": 0, "2017-05-31": 0, "2017-02-28": "", "2016-11-30": 0, "2016-08-31": 0, "2016-05-31": 0, "2016-03-31": 0, "2016-02-29": "", "2015-12-31": "", "2015-11-30": 0, "2015-08-31": 0, "2015-05-31": 0, "2015-03-31": 4.1, "2015-02-28": "-4.10000", "2014-12-31": "", "2014-11-30": 0, "2014-08-31": 0, "2014-05-31": 0, "2014-02-28": "0.00000", "2013-11-30": 0, "2013-08-31": 0, "2013-05-31": 0}, "Debt Issuance/Retirement Net - Total": {"2020-11-30": -51.2999, "2020-08-31": -431.2, "2020-05-31": 172.8, "2020-02-29": "84.70000", "2019-11-30": 70.9, "2019-08-31": -204.3999, "2019-05-31": -337.8001, "2019-02-28": "-85.90000", "2018-11-30": -383.9, "2018-08-31": 1610.6, "2018-05-31": 179.7, "2018-02-28": "88.00000", "2017-11-30": 204.9, "2017-08-31": 3.6, "2017-05-31": 267.3, "2017-02-28": "337.50000", "2016-11-30": 107, "2016-08-31": -283.8, "2016-05-31": 890.1, "2016-03-31": -927.1, "2016-02-29": "867.00000", "2015-12-31": "", "2015-11-30": 46.1, "2015-08-31": 242.7, "2015-05-31": 103, "2015-03-31": -63, "2015-02-28": "-40.00000", "2014-12-31": "", "2014-11-30": -332.2, "2014-08-31": 0, "2014-05-31": -20, "2014-02-28": "20.00000", "2013-11-30": 20, "2013-08-31": 0, "2013-05-31": 0}, "Net Common Equity Issued/Repurchased": {"2020-11-30": -188.3, "2020-08-31": 40.1, "2020-05-31": -203.7, "2020-02-29": "-369.10000", "2019-11-30": -256.4, "2019-08-31": -123.5, "2019-05-31": 31.9, "2019-02-28": "25.70000", "2018-11-30": 67.6, "2018-08-31": 50.5, "2018-05-31": -445, "2018-02-28": "-115.60000", "2017-11-30": 34.3999, "2017-08-31": -202.4, "2017-05-31": -390.6, "2017-02-28": "-427.60000", "2016-11-30": -227.2, "2016-08-31": -89.5, "2016-05-31": -119.6, "2016-03-31": 117.9, "2016-02-29": "-104.30000", "2015-12-31": "-411.50000", "2015-11-30": -51.8, "2015-08-31": -148.6, "2015-05-31": -57.9, "2015-03-31": 57.9, "2015-02-28": "", "2014-12-31": "-31.20000", "2014-11-30": 0, "2014-08-31": 0, "2014-05-31": 0, "2014-02-28": "", "2013-11-30": 0, "2013-08-31": 0, "2013-05-31": 0}, "Net Total Equity Issued/Repurchased": {"2020-11-30": -188.3, "2020-08-31": 40.1, "2020-05-31": -203.7, "2020-02-29": "-369.10000", "2019-11-30": -256.4, "2019-08-31": -123.5, "2019-05-31": 31.9, "2019-02-28": "25.70000", "2018-11-30": 67.6, "2018-08-31": 50.5, "2018-05-31": -445, "2018-02-28": "-115.60000", "2017-11-30": 34.3999, "2017-08-31": -202.4, "2017-05-31": -390.6, "2017-02-28": "-427.60000", "2016-11-30": -227.2, "2016-08-31": -89.5, "2016-05-31": -119.6, "2016-03-31": 117.9, "2016-02-29": "-104.30000", "2015-12-31": "", "2015-11-30": -100.3, "2015-08-31": -148.6, "2015-05-31": -57.9, "2015-03-31": -14.4, "2015-02-28": "72.30000", "2014-12-31": "", "2014-11-30": -98.7, "2014-08-31": 0, "2014-05-31": 84.3, "2014-02-28": "-45.50000", "2013-11-30": -45.5, "2013-08-31": 0, "2013-05-31": 0}, "Total Common And Preferred Stock Dividends Paid": {"2020-11-30": -67.4, "2020-08-31": -67.7, "2020-05-31": -67.6, "2020-02-29": "-67.70000", "2019-11-30": 0, "2019-08-31": 0, "2019-05-31": 0, "2019-02-28": "", "2018-11-30": 0, "2018-08-31": 0, "2018-05-31": 0, "2018-02-28": "", "2017-11-30": 0, "2017-08-31": 0, "2017-05-31": 0, "2017-02-28": "", "2016-11-30": 0, "2016-08-31": 0, "2016-05-31": 0, "2016-03-31": 0, "2016-02-29": "", "2015-12-31": "", "2015-11-30": 0, "2015-08-31": 0, "2015-05-31": 0, "2015-03-31": 0, "2015-02-28": "0.00000", "2014-12-31": "", "2014-11-30": 0, "2014-08-31": 0, "2014-05-31": 0, "2014-02-28": "0.00000", "2013-11-30": 0, "2013-08-31": 0, "2013-05-31": 0}, "Financial Activities - Other": {"2020-11-30": -10.6, "2020-08-31": -5.9, "2020-05-31": -1.7, "2020-02-29": "-110.00000", "2019-11-30": -10.6, "2019-08-31": -6.6, "2019-05-31": -9.6, "2019-02-28": "-51.70000", "2018-11-30": -11.7, "2018-08-31": -65.8, "2018-05-31": -10.1, "2018-02-28": "-91.30000", "2017-11-30": -67.3, "2017-08-31": -9.3, "2017-05-31": -3.3, "2017-02-28": "-76.50000", "2016-11-30": -32, "2016-08-31": -5.7, "2016-05-31": -15.3, "2016-03-31": 15.4, "2016-02-29": "-15.40000", "2015-12-31": "", "2015-11-30": -0.4, "2015-08-31": 51, "2015-05-31": -45.1, "2015-03-31": 103.5, "2015-02-28": "-103.50000", "2014-12-31": "", "2014-11-30": -9.6, "2014-08-31": 0, "2014-05-31": 182.3, "2014-02-28": "-178.40000", "2013-11-30": -178.4, "2013-08-31": 0, "2013-05-31": 0}, "Cash Flow From Financial Activities": {"2020-11-30": -317.6, "2020-08-31": -464.7, "2020-05-31": -100.2, "2020-02-29": "-462.10000", "2019-11-30": -196.1, "2019-08-31": -334.5, "2019-05-31": -315.5, "2019-02-28": "-111.90000", "2018-11-30": -328, "2018-08-31": 1595.3, "2018-05-31": -275.4, "2018-02-28": "-118.90000", "2017-11-30": 172, "2017-08-31": -208.1, "2017-05-31": -126.6, "2017-02-28": "-166.60000", "2016-11-30": -152.2, "2016-08-31": -379, "2016-05-31": 755.2, "2016-03-31": -793.8, "2016-02-29": "747.30000", "2015-12-31": "", "2015-11-30": -54.6, "2015-08-31": 145.1, "2015-05-31": 0, "2015-03-31": 30.2, "2015-02-28": "-75.30000", "2014-12-31": "", "2014-11-30": -440.5, "2014-08-31": 0, "2014-05-31": 246.6, "2014-02-28": "-203.90000", "2013-11-30": -203.9, "2013-08-31": 0, "2013-05-31": 0}, "Net Cash Flow": {"2020-11-30": -31.2, "2020-08-31": -51, "2020-05-31": 63.9, "2020-02-29": "32.40000", "2019-11-30": -12.6, "2019-08-31": 14.6, "2019-05-31": -23.7, "2019-02-28": "13.20000", "2018-11-30": -34.4, "2018-08-31": -4.6, "2018-05-31": 3, "2018-02-28": "22.20000", "2017-11-30": -20, "2017-08-31": -8.7, "2017-05-31": 7.7, "2017-02-28": "15.90000", "2016-11-30": -61.8, "2016-08-31": -144.8, "2016-05-31": 108.7, "2016-03-31": 175.6, "2016-02-29": "-231.90000", "2015-12-31": "", "2015-11-30": 29.5, "2015-08-31": 178.1, "2015-05-31": -34.4, "2015-03-31": -75.7, "2015-02-28": "42.40000", "2014-12-31": "", "2014-11-30": -127.4, "2014-08-31": 0, "2014-05-31": 57.1, "2014-02-28": "-34.90000", "2013-11-30": -34.9, "2013-08-31": 0, "2013-05-31": 0}, "Stock-Based Compensation": {"2020-11-30": 55.9, "2020-08-31": 56, "2020-05-31": 71.2, "2020-02-29": "82.60000", "2019-11-30": 56.5, "2019-08-31": 54, "2019-05-31": 53.6, "2019-02-28": "59.70000", "2018-11-30": 69.6, "2018-08-31": 52.5, "2018-05-31": 57.7, "2018-02-28": "61.90000", "2017-11-30": 58.7, "2017-08-31": 63.4, "2017-05-31": 64.6, "2017-02-28": "75.20000", "2016-11-30": 61.3, "2016-08-31": 80.4, "2016-05-31": 51.3, "2016-03-31": -17.4, "2016-02-29": "30.60000", "2015-12-31": "37.30000", "2015-11-30": 34.2, "2015-08-31": 101.2, "2015-05-31": -9.1, "2015-03-31": 9.1, "2015-02-28": "", "2014-12-31": "20.70000", "2014-11-30": 0, "2014-08-31": 0, "2014-05-31": 0, "2014-02-28": "", "2013-11-30": 0, "2013-08-31": 0, "2013-05-31": 0}, "Common Stock Dividends Paid": {"2020-11-30": -67.4, "2020-08-31": -67.7, "2020-05-31": -67.6, "2020-02-29": "-67.70000", "2019-11-30": 0, "2019-08-31": 0, "2019-05-31": 0, "2019-02-28": "", "2018-11-30": 0, "2018-08-31": 0, "2018-05-31": 0, "2018-02-28": "", "2017-11-30": 0, "2017-08-31": 0, "2017-05-31": 0, "2017-02-28": "", "2016-11-30": 0, "2016-08-31": 0, "2016-05-31": 0, "2016-03-31": 0, "2016-02-29": "", "2015-12-31": "", "2015-11-30": 0, "2015-08-31": 0, "2015-05-31": 0, "2015-03-31": 0, "2015-02-28": "", "2014-12-31": "", "2014-11-30": 0, "2014-08-31": 0, "2014-05-31": 0, "2014-02-28": "", "2013-11-30": 0, "2013-08-31": 0, "2013-05-31": 0}}, "financial ratios": {"Current Ratio": {"2020-11-30": "0.62330", "2019-11-30": "0.66410", "2018-11-30": "0.47380", "2017-11-30": "0.53250", "2016-11-30": "0.66090", "2015-12-31": "0.79090", "2015-11-30": "0.98980", "2014-12-31": "0.81770", "2014-11-30": "3.20620", "2013-12-31": "", "2013-11-30": ""}, "Long-term Debt / Capital": {"2020-11-30": "0.35240", "2019-11-30": "0.36680", "2018-11-30": "0.37870", "2017-11-30": "0.31130", "2016-11-30": "0.28860", "2015-12-31": "0.25880", "2015-11-30": "0.48490", "2014-12-31": "0.13330", "2014-11-30": "", "2013-12-31": "", "2013-11-30": ""}, "Debt/Equity Ratio": {"2020-11-30": "0.57560", "2019-11-30": "0.60900", "2018-11-30": "0.70810", "2017-11-30": "0.52390", "2016-11-30": "0.41860", "2015-12-31": "0.39010", "2015-11-30": "0.95760", "2014-12-31": "0.19180", "2014-11-30": "", "2013-12-31": "", "2013-11-30": ""}, "Gross Margin": {"2020-11-30": "62.91810", "2019-11-30": "62.46550", "2018-11-30": "62.69330", "2017-11-30": "62.54130", "2016-11-30": "62.05570", "2015-12-31": "46.07510", "2015-11-30": "62.49600", "2014-12-31": "46.55900", "2014-11-30": "60.80390", "2013-12-31": "45.65880", "2013-11-30": ""}, "Operating Margin": {"2020-11-30": "26.83190", "2019-11-30": "22.73140", "2018-11-30": "15.99570", "2017-11-30": "14.75400", "2016-11-30": "9.52170", "2015-12-31": "22.66030", "2015-11-30": "14.09150", "2014-12-31": "22.85230", "2014-11-30": "13.34260", "2013-12-31": "24.27470", "2013-11-30": ""}, "EBIT Margin": {"2020-11-30": "26.83190", "2019-11-30": "22.73140", "2018-11-30": "15.99570", "2017-11-30": "14.75400", "2016-11-30": "9.52170", "2015-12-31": "22.66030", "2015-11-30": "14.09150", "2014-12-31": "22.85230", "2014-11-30": "13.34260", "2013-12-31": "24.27470", "2013-11-30": ""}, "EBITDA Margin": {"2020-11-30": "40.62920", "2019-11-30": "35.71330", "2018-11-30": "29.49470", "2017-11-30": "28.43570", "2016-11-30": "21.79680", "2015-12-31": "37.99170", "2015-11-30": "24.87300", "2014-12-31": "37.68660", "2014-11-30": "23.05990", "2013-12-31": "38.63280", "2013-11-30": ""}, "Pre-Tax Profit Margin": {"2020-11-30": "20.60030", "2019-11-30": "16.82830", "2018-11-30": "10.58320", "2017-11-30": "10.33700", "2016-11-30": "5.20330", "2015-12-31": "19.94790", "2015-11-30": "10.88680", "2014-12-31": "20.71170", "2014-11-30": "10.72700", "2013-12-31": "22.22810", "2013-11-30": ""}, "Net Profit Margin": {"2020-11-30": "20.30650", "2019-11-30": "11.38720", "2018-11-30": "13.52640", "2017-11-30": "11.58150", "2016-11-30": "5.58720", "2015-12-31": "13.69680", "2015-11-30": "10.99670", "2014-12-31": "15.51030", "2014-11-30": "9.35190", "2013-12-31": "14.70620", "2013-11-30": ""}, "Asset Turnover": {"2020-11-30": "0.26570", "2019-11-30": "0.27440", "2018-11-30": "0.24960", "2017-11-30": "0.24730", "2016-11-30": "0.19620", "2015-12-31": "0.31200", "2015-11-30": "0.39160", "2014-12-31": "0.32280", "2014-11-30": "0.62360", "2013-12-31": "", "2013-11-30": ""}, "Inventory Turnover Ratio": {"2020-11-30": "", "2019-11-30": "", "2018-11-30": "", "2017-11-30": "", "2016-11-30": "", "2015-12-31": "", "2015-11-30": "", "2014-12-31": "", "2014-11-30": "", "2013-12-31": "", "2013-11-30": ""}, "Receiveable Turnover": {"2020-11-30": "4.80860", "2019-11-30": "4.95630", "2018-11-30": "5.05640", "2017-11-30": "4.96240", "2016-11-30": "4.13360", "2015-12-31": "4.03990", "2015-11-30": "6.05910", "2014-12-31": "3.68290", "2014-11-30": "7.19160", "2013-12-31": "", "2013-11-30": ""}, "Days Sales In Receivables": {"2020-11-30": "75.90620", "2019-11-30": "73.64330", "2018-11-30": "72.18610", "2017-11-30": "73.55360", "2016-11-30": "88.30040", "2015-12-31": "90.34850", "2015-11-30": "60.24010", "2014-12-31": "99.10620", "2014-11-30": "50.75390", "2013-12-31": "", "2013-11-30": ""}, "ROE - Return On Equity": {"2020-11-30": "10.19300", "2019-11-30": "5.93410", "2018-11-30": "6.72280", "2017-11-30": "5.20960", "2016-11-30": "1.76760", "2015-12-31": "7.20000", "2015-11-30": "8.58290", "2014-12-31": "7.22720", "2014-11-30": "", "2013-12-31": "", "2013-11-30": ""}, "Return On Tangible Equity": {"2020-11-30": "-16.63800", "2019-11-30": "-8.93460", "2018-11-30": "-8.55830", "2017-11-30": "-8.40320", "2016-11-30": "-3.19170", "2015-12-31": "-15.77310", "2015-11-30": "-8.98970", "2014-12-31": "-29.69060", "2014-11-30": "118.43000", "2013-12-31": "", "2013-11-30": ""}, "ROA - Return On Assets": {"2020-11-30": "5.38820", "2019-11-30": "3.10430", "2018-11-30": "3.35690", "2017-11-30": "2.86510", "2016-11-30": "1.02540", "2015-12-31": "4.26250", "2015-11-30": "3.38680", "2014-12-31": "4.97270", "2014-11-30": "5.33670", "2013-12-31": "", "2013-11-30": ""}, "ROI - Return On Investment": {"2020-11-30": "6.60080", "2019-11-30": "3.75770", "2018-11-30": "4.17670", "2017-11-30": "3.58810", "2016-11-30": "1.25750", "2015-12-31": "5.33670", "2015-11-30": "4.42140", "2014-12-31": "6.26380", "2014-11-30": "", "2013-12-31": "", "2013-11-30": ""}, "Book Value Per Share": {"2020-11-30": "21.51170", "2019-11-30": "21.12930", "2018-11-30": "20.19770", "2017-11-30": "20.05110", "2016-11-30": "19.48050", "2015-12-31": "11.94940", "2015-11-30": "9.16280", "2014-12-31": "12.44110", "2014-11-30": "", "2013-12-31": "", "2013-11-30": ""}, "Operating Cash Flow Per Share": {"2020-11-30": -0.2215, "2019-11-30": -0.1112, "2018-11-30": 0.8589, "2017-11-30": 0.2922, "2016-11-30": -0.119, "2015-12-31": "2.13700", "2015-11-30": 0.481, "2014-12-31": "2.00520", "2014-11-30": 0.6197, "2013-12-31": "1.93560", "2013-11-30": 0}, "Free Cash Flow Per Share": {"2020-11-30": 0.5611, "2019-11-30": 0.1561, "2018-11-30": 0.9368, "2017-11-30": 0.1336, "2016-11-30": -0.4982, "2015-12-31": "2.04960", "2015-11-30": 0.0873, "2014-12-31": "1.90010", "2014-11-30": 0.3533, "2013-12-31": "1.73620", "2013-11-30": 0}}, "financial ratios, quarterly": {"Current Ratio": {"2020-08-31": "0.66690", "2020-05-31": "0.72710", "2020-02-29": "0.69610", "2019-11-30": "0.66410", "2019-08-31": "0.71480", "2019-05-31": "0.65700", "2019-02-28": "0.63540", "2018-11-30": "0.47380", "2018-08-31": "0.43460", "2018-05-31": "1.41330", "2018-02-28": "0.78750", "2017-11-30": "0.53250", "2017-08-31": "0.52810", "2017-05-31": "0.55080", "2017-02-28": "0.53100", "2016-11-30": "0.66090", "2016-08-31": "0.65710", "2016-05-31": "", "2016-03-31": "0.78840", "2016-02-29": "", "2015-12-31": "", "2015-11-30": "0.98980", "2015-08-31": "0.84760", "2015-05-31": "0.85870", "2015-03-31": "", "2015-02-28": "0.81770", "2014-12-31": "", "2014-11-30": "3.20620", "2014-08-31": "0.79010", "2014-05-31": "0.79010", "2014-02-28": "", "2013-11-30": "", "2013-08-31": "", "2013-05-31": ""}, "Long-term Debt / Capital": {"2020-08-31": "0.35390", "2020-05-31": "0.38780", "2020-02-29": "0.37220", "2019-11-30": "0.36680", "2019-08-31": "0.38020", "2019-05-31": "0.36850", "2019-02-28": "0.38020", "2018-11-30": "0.37870", "2018-08-31": "0.38280", "2018-05-31": "0.35910", "2018-02-28": "0.33900", "2017-11-30": "0.31130", "2017-08-31": "0.30780", "2017-05-31": "0.31030", "2017-02-28": "0.28780", "2016-11-30": "0.28860", "2016-08-31": "0.27130", "2016-05-31": "", "2016-03-31": "0.22980", "2016-02-29": "", "2015-12-31": "", "2015-11-30": "0.48490", "2015-08-31": "0.17350", "2015-05-31": "0.08650", "2015-03-31": "", "2015-02-28": "0.13330", "2014-12-31": "", "2014-11-30": "0.13330", "2014-08-31": "0.17760", "2014-05-31": "0.17760", "2014-02-28": "", "2013-11-30": "", "2013-08-31": "", "2013-05-31": ""}, "Debt/Equity Ratio": {"2020-08-31": "0.57710", "2020-05-31": "0.66440", "2020-02-29": "0.62280", "2019-11-30": "0.60900", "2019-08-31": "0.61350", "2019-05-31": "0.62690", "2019-02-28": "0.67160", "2018-11-30": "0.70810", "2018-08-31": "0.76790", "2018-05-31": "0.57400", "2018-02-28": "0.52400", "2017-11-30": "0.52390", "2017-08-31": "0.51750", "2017-05-31": "0.52370", "2017-02-28": "0.47930", "2016-11-30": "0.41860", "2016-08-31": "0.38730", "2016-05-31": "", "2016-03-31": "0.33760", "2016-02-29": "", "2015-12-31": "", "2015-11-30": "0.95760", "2015-08-31": "0.24970", "2015-05-31": "0.13090", "2015-03-31": "", "2015-02-28": "0.19180", "2014-12-31": "", "2014-11-30": "0.19350", "2014-08-31": "0.25740", "2014-05-31": "0.25740", "2014-02-28": "", "2013-11-30": "", "2013-08-31": "", "2013-05-31": ""}, "Gross Margin": {"2020-08-31": "64.07010", "2020-05-31": "62.17610", "2020-02-29": "61.52850", "2019-11-30": "63.45060", "2019-08-31": "62.26740", "2019-05-31": "62.30740", "2019-02-28": "61.79280", "2018-11-30": "61.68760", "2018-08-31": "62.50750", "2018-05-31": "63.46330", "2018-02-28": "63.21210", "2017-11-30": "63.78740", "2017-08-31": "62.24160", "2017-05-31": "62.73040", "2017-02-28": "61.26510", "2016-11-30": "60.46010", "2016-08-31": "62.86230", "2016-05-31": "63.88840", "2016-03-31": "44.23210", "2016-02-29": "61.56790", "2015-12-31": "", "2015-11-30": "66.51800", "2015-08-31": "62.50220", "2015-05-31": "", "2015-03-31": "45.93000", "2015-02-28": "45.93000", "2014-12-31": "", "2014-11-30": "-3.16880", "2014-08-31": "44.49390", "2014-05-31": "45.35150", "2014-02-28": "100.00000", "2013-11-30": "", "2013-08-31": "100.00000", "2013-05-31": "100.00000"}, "Operating Margin": {"2020-08-31": "24.33840", "2020-05-31": "14.03660", "2020-02-29": "52.82200", "2019-11-30": "22.04570", "2019-08-31": "30.81900", "2019-05-31": "21.02160", "2019-02-28": "16.72400", "2018-11-30": "15.00280", "2018-08-31": "16.01400", "2018-05-31": "17.94110", "2018-02-28": "15.00910", "2017-11-30": "15.46520", "2017-08-31": "16.85640", "2017-05-31": "15.09770", "2017-02-28": "11.33620", "2016-11-30": "12.86340", "2016-08-31": "-2.30470", "2016-05-31": "14.45820", "2016-03-31": "16.05280", "2016-02-29": "14.53050", "2015-12-31": "", "2015-11-30": "107.27270", "2015-08-31": "16.31120", "2015-05-31": "", "2015-03-31": "30.20260", "2015-02-28": "30.20260", "2014-12-31": "", "2014-11-30": "-47.67870", "2014-08-31": "36.52210", "2014-05-31": "35.29860", "2014-02-28": "100.00000", "2013-11-30": "", "2013-08-31": "100.00000", "2013-05-31": "100.00000"}, "EBIT Margin": {"2020-08-31": "24.33840", "2020-05-31": "14.03660", "2020-02-29": "52.82200", "2019-11-30": "22.04570", "2019-08-31": "30.81900", "2019-05-31": "21.02160", "2019-02-28": "16.72400", "2018-11-30": "15.00280", "2018-08-31": "16.01400", "2018-05-31": "17.94110", "2018-02-28": "15.00910", "2017-11-30": "15.46520", "2017-08-31": "16.85640", "2017-05-31": "15.09770", "2017-02-28": "11.33620", "2016-11-30": "12.86330", "2016-08-31": "-2.30470", "2016-05-31": "14.45820", "2016-03-31": "16.05280", "2016-02-29": "14.53050", "2015-12-31": "", "2015-11-30": "107.27270", "2015-08-31": "16.31120", "2015-05-31": "", "2015-03-31": "30.20260", "2015-02-28": "30.20260", "2014-12-31": "", "2014-11-30": "-47.67870", "2014-08-31": "36.52210", "2014-05-31": "35.29860", "2014-02-28": "100.00000", "2013-11-30": "", "2013-08-31": "100.00000", "2013-05-31": "100.00000"}, "EBITDA Margin": {"2020-08-31": "", "2020-05-31": "", "2020-02-29": "", "2019-11-30": "", "2019-08-31": "", "2019-05-31": "", "2019-02-28": "", "2018-11-30": "", "2018-08-31": "", "2018-05-31": "", "2018-02-28": "", "2017-11-30": "", "2017-08-31": "", "2017-05-31": "", "2017-02-28": "", "2016-11-30": "", "2016-08-31": "", "2016-05-31": "", "2016-03-31": "", "2016-02-29": "", "2015-12-31": "", "2015-11-30": "", "2015-08-31": "", "2015-05-31": "", "2015-03-31": "", "2015-02-28": "", "2014-12-31": "", "2014-11-30": "", "2014-08-31": "", "2014-05-31": "", "2014-02-28": "", "2013-11-30": "", "2013-08-31": "", "2013-05-31": ""}, "Pre-Tax Profit Margin": {"2020-08-31": "18.98060", "2020-05-31": "7.34460", "2020-02-29": "45.20730", "2019-11-30": "16.19070", "2019-08-31": "25.17310", "2019-05-31": "15.26200", "2019-02-28": "10.34020", "2018-11-30": "8.65330", "2018-08-31": "11.14890", "2018-05-31": "12.51610", "2018-02-28": "10.09550", "2017-11-30": "10.21490", "2017-08-31": "12.32450", "2017-05-31": "11.00320", "2017-02-28": "7.62850", "2016-11-30": "9.75050", "2016-08-31": "-7.30060", "2016-05-31": "9.89960", "2016-03-31": "12.23070", "2016-02-29": "9.44390", "2015-12-31": "", "2015-11-30": "109.74270", "2015-08-31": "13.10270", "2015-05-31": "", "2015-03-31": "27.73480", "2015-02-28": "27.73480", "2014-12-31": "", "2014-11-30": "-9.76420", "2014-08-31": "14.46050", "2014-05-31": "14.73920", "2014-02-28": "100.00000", "2013-11-30": "", "2013-08-31": "100.00000", "2013-05-31": "100.00000"}, "Net Profit Margin": {"2020-08-31": "15.17890", "2020-05-31": "6.98420", "2020-02-29": "44.87420", "2019-11-30": "18.12750", "2019-08-31": "3.60510", "2019-05-31": "13.19240", "2019-02-28": "10.48360", "2018-11-30": "7.66060", "2018-08-31": "10.43960", "2018-05-31": "11.37560", "2018-02-28": "25.88780", "2017-11-30": "11.18870", "2017-08-31": "16.12690", "2017-05-31": "10.95910", "2017-02-28": "7.81810", "2016-11-30": "13.09220", "2016-08-31": "-4.37480", "2016-05-31": "8.50480", "2016-03-31": "8.65180", "2016-02-29": "8.24070", "2015-12-31": "", "2015-11-30": "15.95200", "2015-08-31": "10.59330", "2015-05-31": "", "2015-03-31": "20.18420", "2015-02-28": "20.18420", "2014-12-31": "", "2014-11-30": "5.78480", "2014-08-31": "29.77380", "2014-05-31": "11.11110", "2014-02-28": "15.34310", "2013-11-30": "", "2013-08-31": "13.59060", "2013-05-31": "22.40870"}, "Asset Turnover": {"2020-08-31": "0.06610", "2020-05-31": "0.06360", "2020-02-29": "0.06600", "2019-11-30": "0.06960", "2019-08-31": "0.06990", "2019-05-31": "0.07080", "2019-02-28": "0.06390", "2018-11-30": "0.06650", "2018-08-31": "0.06180", "2018-05-31": "0.06970", "2018-02-28": "0.06340", "2017-11-30": "0.06490", "2017-08-31": "0.06450", "2017-05-31": "0.06440", "2017-02-28": "0.06030", "2016-11-30": "0.06270", "2016-08-31": "0.05060", "2016-05-31": "", "2016-03-31": "0.08220", "2016-02-29": "0.16110", "2015-12-31": "", "2015-11-30": "0.05230", "2015-08-31": "0.17130", "2015-05-31": "", "2015-03-31": "", "2015-02-28": "0.08230", "2014-12-31": "", "2014-11-30": "0.08140", "2014-08-31": "0.07860", "2014-05-31": "0.07710", "2014-02-28": "", "2013-11-30": "", "2013-08-31": "", "2013-05-31": ""}, "Inventory Turnover Ratio": {"2020-08-31": "", "2020-05-31": "", "2020-02-29": "", "2019-11-30": "", "2019-08-31": "", "2019-05-31": "", "2019-02-28": "", "2018-11-30": "", "2018-08-31": "", "2018-05-31": "", "2018-02-28": "", "2017-11-30": "", "2017-08-31": "", "2017-05-31": "", "2017-02-28": "", "2016-11-30": "", "2016-08-31": "", "2016-05-31": "", "2016-03-31": "", "2016-02-29": "", "2015-12-31": "", "2015-11-30": "", "2015-08-31": "", "2015-05-31": "", "2015-03-31": "", "2015-02-28": "", "2014-12-31": "", "2014-11-30": "", "2014-08-31": "", "2014-05-31": "", "2014-02-28": "", "2013-11-30": "", "2013-08-31": "", "2013-05-31": ""}, "Receiveable Turnover": {"2020-08-31": "1.24830", "2020-05-31": "1.17180", "2020-02-29": "1.10320", "2019-11-30": "1.25790", "2019-08-31": "1.26330", "2019-05-31": "1.30770", "2019-02-28": "1.05100", "2018-11-30": "1.34670", "2018-08-31": "1.28530", "2018-05-31": "1.37350", "2018-02-28": "1.11350", "2017-11-30": "1.30230", "2017-08-31": "1.34950", "2017-05-31": "1.29090", "2017-02-28": "1.16060", "2016-11-30": "1.32070", "2016-08-31": "1.38440", "2016-05-31": "", "2016-03-31": "1.04120", "2016-02-29": "1.98440", "2015-12-31": "", "2015-11-30": "0.80860", "2015-08-31": "2.12370", "2015-05-31": "", "2015-03-31": "", "2015-02-28": "0.93880", "2014-12-31": "", "2014-11-30": "0.93850", "2014-08-31": "0.96560", "2014-05-31": "0.94740", "2014-02-28": "", "2013-11-30": "", "2013-08-31": "", "2013-05-31": ""}, "Days Sales In Receivables": {"2020-08-31": "72.09560", "2020-05-31": "76.80600", "2020-02-29": "81.58120", "2019-11-30": "71.54860", "2019-08-31": "71.24430", "2019-05-31": "68.82170", "2019-02-28": "85.63070", "2018-11-30": "66.82990", "2018-08-31": "70.02200", "2018-05-31": "65.52520", "2018-02-28": "80.82720", "2017-11-30": "69.10770", "2017-08-31": "66.69170", "2017-05-31": "69.71750", "2017-02-28": "77.54800", "2016-11-30": "68.14370", "2016-08-31": "65.00970", "2016-05-31": "", "2016-03-31": "86.43500", "2016-02-29": "45.35280", "2015-12-31": "", "2015-11-30": "111.30360", "2015-08-31": "42.37860", "2015-05-31": "", "2015-03-31": "", "2015-02-28": "95.86740", "2014-12-31": "", "2014-11-30": "95.90270", "2014-08-31": "93.20360", "2014-05-31": "95.00000", "2014-02-28": "", "2013-11-30": "", "2013-08-31": "", "2013-05-31": ""}, "ROE - Return On Equity": {"2020-08-31": "1.90510", "2020-05-31": "0.87320", "2020-02-29": "5.78320", "2019-11-30": "2.40380", "2019-08-31": "0.47600", "2019-05-31": "1.77550", "2019-02-28": "1.30820", "2018-11-30": "1.00740", "2018-08-31": "1.31150", "2018-05-31": "1.47000", "2018-02-28": "2.94890", "2017-11-30": "1.31300", "2017-08-31": "1.90990", "2017-05-31": "1.29850", "2017-02-28": "0.85160", "2016-11-30": "1.33340", "2016-08-31": "-0.36760", "2016-05-31": "", "2016-03-31": "1.12240", "2016-02-29": "", "2015-12-31": "", "2015-11-30": "2.11280", "2015-08-31": "2.61590", "2015-05-31": "1.86510", "2015-03-31": "", "2015-02-28": "2.41350", "2014-12-31": "", "2014-11-30": "0.84840", "2014-08-31": "3.54590", "2014-05-31": "1.29820", "2014-02-28": "", "2013-11-30": "", "2013-08-31": "", "2013-05-31": ""}, "Return On Tangible Equity": {"2020-08-31": "-3.11400", "2020-05-31": "-1.27230", "2020-02-29": "-8.77850", "2019-11-30": "-3.61930", "2019-08-31": "-0.68150", "2019-05-31": "-2.62980", "2019-02-28": "-1.80850", "2018-11-30": "-1.28250", "2018-08-31": "-1.58100", "2018-05-31": "-2.91460", "2018-02-28": "-5.03900", "2017-11-30": "-2.11790", "2017-08-31": "-3.08660", "2017-05-31": "-2.01440", "2017-02-28": "-1.40290", "2016-11-30": "-2.40780", "2016-08-31": "0.68040", "2016-05-31": "", "2016-03-31": "-2.85290", "2016-02-29": "13.55600", "2015-12-31": "", "2015-11-30": "-2.21290", "2015-08-31": "-8.94490", "2015-05-31": "-11.16130", "2015-03-31": "", "2015-02-28": "-9.91500", "2014-12-31": "", "2014-11-30": "10.44580", "2014-08-31": "-14.21740", "2014-05-31": "-5.20540", "2014-02-28": "", "2013-11-30": "", "2013-08-31": "", "2013-05-31": ""}, "ROA - Return On Assets": {"2020-08-31": "1.00840", "2020-05-31": "0.43900", "2020-02-29": "2.95480", "2019-11-30": "1.25750", "2019-08-31": "0.24650", "2019-05-31": "0.92870", "2019-02-28": "0.66530", "2018-11-30": "0.50300", "2018-08-31": "0.63860", "2018-05-31": "0.78940", "2018-02-28": "1.63780", "2017-11-30": "0.72210", "2017-08-31": "1.04940", "2017-05-31": "0.70210", "2017-02-28": "0.47120", "2016-11-30": "0.77350", "2016-08-31": "-0.21640", "2016-05-31": "", "2016-03-31": "0.70530", "2016-02-29": "1.21580", "2015-12-31": "", "2015-11-30": "0.83370", "2015-08-31": "1.74390", "2015-05-31": "1.38170", "2015-03-31": "", "2015-02-28": "1.66060", "2014-12-31": "", "2014-11-30": "0.47070", "2014-08-31": "2.33950", "2014-05-31": "0.85650", "2014-02-28": "", "2013-11-30": "", "2013-08-31": "", "2013-05-31": ""}, "ROI - Return On Investment": {"2020-08-31": "1.23080", "2020-05-31": "0.53450", "2020-02-29": "3.63080", "2019-11-30": "1.52220", "2019-08-31": "0.29500", "2019-05-31": "1.12120", "2019-02-28": "0.81080", "2018-11-30": "0.62590", "2018-08-31": "0.80950", "2018-05-31": "0.94210", "2018-02-28": "1.94920", "2017-11-30": "0.90430", "2017-08-31": "1.32200", "2017-05-31": "0.89560", "2017-02-28": "0.60650", "2016-11-30": "0.94860", "2016-08-31": "-0.26790", "2016-05-31": "", "2016-03-31": "0.86450", "2016-02-29": "", "2015-12-31": "", "2015-11-30": "1.08840", "2015-08-31": "2.16220", "2015-05-31": "1.70370", "2015-03-31": "", "2015-02-28": "2.09180", "2014-12-31": "", "2014-11-30": "0.59930", "2014-08-31": "2.91610", "2014-05-31": "1.06770", "2014-02-28": "", "2013-11-30": "", "2013-08-31": "", "2013-05-31": ""}, "Book Value Per Share": {"2020-08-31": "21.56850", "2020-05-31": "20.43450", "2020-02-29": "20.98020", "2019-11-30": "21.12930", "2019-08-31": "20.53620", "2019-05-31": "20.90850", "2019-02-28": "20.84640", "2018-11-30": "20.19770", "2018-08-31": "20.01930", "2018-05-31": "19.81810", "2018-02-28": "20.41600", "2017-11-30": "20.05110", "2017-08-31": "19.30840", "2017-05-31": "19.05960", "2017-02-28": "19.04620", "2016-11-30": "19.48050", "2016-08-31": "19.98720", "2016-05-31": "", "2016-03-31": "12.21560", "2016-02-29": "", "2015-12-31": "", "2015-11-30": "9.16280", "2015-08-31": "", "2015-05-31": "", "2015-03-31": "", "2015-02-28": "", "2014-12-31": "", "2014-11-30": "", "2014-08-31": "", "2014-05-31": "", "2014-02-28": "", "2013-11-30": "", "2013-08-31": "", "2013-05-31": ""}, "Operating Cash Flow Per Share": {"2020-08-31": 1.0018, "2020-05-31": 0.6983, "2020-02-29": "0.29570", "2019-11-30": 0.5619, "2019-08-31": 0.9991, "2019-05-31": 1.0361, "2019-02-28": "0.46080", "2018-11-30": 0.8684, "2018-08-31": 0.8498, "2018-05-31": 0.9585, "2018-02-28": "0.49240", "2017-11-30": 0.5753, "2017-08-31": 0.649, "2017-05-31": 0.4921, "2017-02-28": "0.59380", "2016-11-30": 0.6211, "2016-08-31": 0.0344, "2016-05-31": 1.0702, "2016-03-31": -0.335, "2016-02-29": "0.62730", "2015-12-31": "", "2015-11-30": 1.2282, "2015-08-31": 2.0286, "2015-05-31": -0.3178, "2015-03-31": -1.6118, "2015-02-28": "1.92960", "2014-12-31": "", "2014-11-30": 2.6678, "2014-08-31": -0.0191, "2014-05-31": -1.1972, "2014-02-28": "1.90130", "2013-11-30": 0, "2013-08-31": 0, "2013-05-31": 0}, "Free Cash Flow Per Share": {"2020-08-31": -0.3226, "2020-05-31": 0.5339, "2020-02-29": "1.25640", "2019-11-30": 0.7684, "2019-08-31": 0.8299, "2019-05-31": 0.8737, "2019-02-28": "0.30590", "2018-11-30": 0.7371, "2018-08-31": 0.718, "2018-05-31": 0.8083, "2018-02-28": "0.35840", "2017-11-30": 0.4132, "2017-08-31": 0.4999, "2017-05-31": 0.3479, "2017-02-28": "0.42400", "2016-11-30": 0.4464, "2016-08-31": -0.0389, "2016-05-31": 0.8667, "2016-03-31": -0.2488, "2016-02-29": "0.52600", "2015-12-31": "", "2015-11-30": 0.9739, "2015-08-31": 1.6295, "2015-05-31": -0.2875, "2015-03-31": -1.5195, "2015-02-28": "1.80700", "2014-12-31": "", "2014-11-30": 2.8523, "2014-08-31": 0.0031, "2014-05-31": -1.8193, "2014-02-28": "1.70550", "2013-11-30": 0, "2013-08-31": 0, "2013-05-31": 0}}, "revenue": {"IHS Markit Annual Revenue (Millions of US $)": {"2020": "$4,288", "2019": "$4,415", "2018": "$4,009", "2017": "$3,600", "2016": "$2,735", "2015": "$2,184", "2014": "$2,080", "2013": "$"}, "IHS Markit Quarterly Revenue (Millions of US $)": {"2020-11-30": "$1,107", "2020-08-31": "$1,073", "2020-05-31": "$1,027", "2020-02-29": "$1,081", "2019-11-30": "$1,120", "2019-08-31": "$1,112", "2019-05-31": "$1,136", "2019-02-28": "$1,046", "2018-11-30": "$1,068", "2018-08-31": "$1,001", "2018-05-31": "$1,008", "2018-02-28": "$932", "2017-11-30": "$945", "2017-08-31": "$905", "2017-05-31": "$906", "2017-02-28": "$844", "2016-11-30": "$874", "2016-08-31": "$725", "2016-05-31": "$588", "2016-03-31": "$288", "2016-02-29": "$549", "2015-12-31": "", "2015-11-30": "$292", "2015-08-31": "$558", "2015-05-31": "", "2015-03-31": "$272", "2015-02-28": "$272", "2014-12-31": "", "2014-11-30": "$271", "2014-08-31": "$270", "2014-05-31": "$265", "2014-02-28": "$259", "2013-11-30": "", "2013-08-31": "$238", "2013-05-31": "$238"}}, "gross-profit": {"IHS Markit Annual Gross Profit (Millions of US $)": {"2020": "$2,698", "2019": "$2,758", "2018": "$2,514", "2017": "$2,251", "2016": "$1,697", "2015": "$1,365", "2014": "$1,265", "2013": "$"}, "IHS Markit Quarterly Gross Profit (Millions of US $)": {"2020-11-30": "$707", "2020-08-31": "$688", "2020-05-31": "$638", "2020-02-29": "$665", "2019-11-30": "$711", "2019-08-31": "$693", "2019-05-31": "$708", "2019-02-28": "$647", "2018-11-30": "$659", "2018-08-31": "$626", "2018-05-31": "$640", "2018-02-28": "$589", "2017-11-30": "$603", "2017-08-31": "$563", "2017-05-31": "$568", "2017-02-28": "$517", "2016-11-30": "$528", "2016-08-31": "$456", "2016-05-31": "$376", "2016-03-31": "$127", "2016-02-29": "$338", "2015-12-31": "", "2015-11-30": "$194", "2015-08-31": "$349", "2015-05-31": "", "2015-03-31": "$125", "2015-02-28": "$125", "2014-12-31": "", "2014-11-30": "$-9", "2014-08-31": "$125", "2014-05-31": "$120", "2014-02-28": "$259", "2013-11-30": "", "2013-08-31": "$238", "2013-05-31": "$238"}}, "operating-income": {"IHS Markit Annual Operating Income (Millions of US $)": {"2020": "$1,151", "2019": "$1,004", "2018": "$641", "2017": "$531", "2016": "$260", "2015": "$308", "2014": "$278", "2013": "$-203"}, "IHS Markit Quarterly Operating Income (Millions of US $)": {"2020-11-30": "$174", "2020-08-31": "$261", "2020-05-31": "$144", "2020-02-29": "$571", "2019-11-30": "$247", "2019-08-31": "$343", "2019-05-31": "$239", "2019-02-28": "$175", "2018-11-30": "$160", "2018-08-31": "$160", "2018-05-31": "$181", "2018-02-28": "$140", "2017-11-30": "$146", "2017-08-31": "$153", "2017-05-31": "$137", "2017-02-28": "$96", "2016-11-30": "$112", "2016-08-31": "$-17", "2016-05-31": "$85", "2016-03-31": "$46", "2016-02-29": "$80", "2015-12-31": "", "2015-11-30": "$313", "2015-08-31": "$91", "2015-05-31": "$-43", "2015-03-31": "$82", "2015-02-28": "$82", "2014-12-31": "", "2014-11-30": "$-129", "2014-08-31": "$99", "2014-05-31": "$93", "2014-02-28": "$259", "2013-11-30": "", "2013-08-31": "$238", "2013-05-31": "$238"}}, "ebitda": {"IHS Markit Annual EBITDA (Millions of US $)": {"2020": "$1,742", "2019": "$1,577", "2018": "$1,183", "2017": "$1,024", "2016": "$596", "2015": "$543", "2014": "$480", "2013": "$-67"}, "IHS Markit Quarterly EBITDA (Millions of US $)": {"2020-08-31": "$409", "2020-05-31": "$294", "2020-02-29": "$716", "2019-11-30": "$389", "2019-08-31": "$488", "2019-05-31": "$383", "2019-02-28": "$317", "2018-11-30": "$306", "2018-08-31": "$294", "2018-05-31": "$312", "2018-02-28": "$271", "2017-11-30": "$274", "2017-08-31": "$273", "2017-05-31": "$260", "2017-02-28": "$217", "2016-11-30": "$232", "2016-08-31": "$153", "2016-05-31": "$71", "2016-03-31": "$33", "2016-02-29": "$140", "2015-12-31": "", "2015-11-30": "$373", "2015-08-31": "$227", "2015-05-31": "$-161", "2015-03-31": "$-37", "2015-02-28": "$240", "2014-12-31": "", "2014-11-30": "$26", "2014-08-31": "$99", "2014-05-31": "$4", "2014-02-28": "$396", "2013-11-30": "", "2013-08-31": "$238", "2013-05-31": "$238"}}, "net-income": {"IHS Markit Annual Net Income (Millions of US $)": {"2020": "$871", "2019": "$503", "2018": "$542", "2017": "$417", "2016": "$153", "2015": "$240", "2014": "$195", "2013": "$139"}, "IHS Markit Quarterly Net Income (Millions of US $)": {"2020-11-30": "$151", "2020-08-31": "$163", "2020-05-31": "$72", "2020-02-29": "$485", "2019-11-30": "$203", "2019-08-31": "$40", "2019-05-31": "$150", "2019-02-28": "$110", "2018-11-30": "$82", "2018-08-31": "$105", "2018-05-31": "$115", "2018-02-28": "$241", "2017-11-30": "$106", "2017-08-31": "$146", "2017-05-31": "$99", "2017-02-28": "$66", "2016-11-30": "$114", "2016-08-31": "$-32", "2016-05-31": "$50", "2016-03-31": "$25", "2016-02-29": "$45", "2015-12-31": "", "2015-11-30": "$47", "2015-08-31": "$59", "2015-05-31": "$45", "2015-03-31": "$55", "2015-02-28": "$55", "2014-12-31": "", "2014-11-30": "$16", "2014-08-31": "$80", "2014-05-31": "$29", "2014-02-28": "$40", "2013-11-30": "", "2013-08-31": "$32", "2013-05-31": "$53"}}, "eps-earnings-per-share-diluted": {"IHS Markit Annual EPS": {"2020": "$2.17", "2019": "$1.23", "2018": "$1.33", "2017": "$1.00", "2016": "$0.48", "2015": "$0.97", "2014": "$0.79", "2013": "$0.00"}, "IHS Markit Quarterly EPS": {"2020-11-30": "$0.38", "2020-08-31": "$0.41", "2020-05-31": "$0.18", "2020-02-29": "$1.20", "2019-11-30": "$0.49", "2019-08-31": "$0.10", "2019-05-31": "$0.37", "2019-02-28": "$0.27", "2018-11-30": "$0.20", "2018-08-31": "$0.26", "2018-05-31": "$0.28", "2018-02-28": "$0.59", "2017-11-30": "$0.25", "2017-08-31": "$0.35", "2017-05-31": "$0.24", "2017-02-28": "$0.16", "2016-11-30": "$0.25", "2016-08-31": "$-0.09", "2016-05-31": "$0.21", "2016-03-31": "$0.13", "2016-02-29": "$0.19", "2015-12-31": "$0.00", "2015-11-30": "$0.25", "2015-08-31": "$0.24", "2015-05-31": "$0.00", "2015-03-31": "$0.29", "2015-02-28": "$0.29", "2014-12-31": "$0.00", "2014-11-30": "$0.08", "2014-08-31": "$0.43", "2014-05-31": "$0.16", "2014-02-28": "$0.22", "2013-11-30": "$0.00", "2013-08-31": "$0.18", "2013-05-31": "$0.30"}}, "shares-outstanding": {"IHS Markit Annual Shares Outstanding (Millions of Shares)": {"2020": "402", "2019": "409", "2018": "407", "2017": "416", "2016": "316", "2015": "246", "2014": "246", "2013": ""}, "IHS Markit Quarterly Shares Outstanding (Millions of Shares)": {"2020-11-30": "401", "2020-08-31": "401", "2020-05-31": "400", "2020-02-29": "404", "2019-11-30": "409", "2019-08-31": "411", "2019-05-31": "409", "2019-02-28": "408", "2018-11-30": "407", "2018-08-31": "405", "2018-05-31": "404", "2018-02-28": "412", "2017-11-30": "416", "2017-08-31": "414", "2017-05-31": "416", "2017-02-28": "422", "2016-11-30": "316", "2016-08-31": "340", "2016-05-31": "241", "2016-03-31": "186", "2016-02-29": "242", "2015-12-31": "", "2015-11-30": "188", "2015-08-31": "245", "2015-05-31": "", "2015-03-31": "192", "2015-02-28": "192", "2014-12-31": "", "2014-11-30": "187", "2014-08-31": "188", "2014-05-31": "183", "2014-02-28": "179", "2013-11-30": "", "2013-08-31": "177", "2013-05-31": "174"}}, "total-assets": {"IHS Markit Annual Total Assets (Millions of US $)": {"2020": "$16,135", "2019": "$16,087", "2018": "$16,062", "2017": "$14,554", "2016": "$13,937", "2015": "$5,578", "2014": "$3,335", "2013": "$0"}, "IHS Markit Quarterly Total Assets (Millions of US $)": {"2020-08-31": "$16,234", "2020-05-31": "$16,129", "2020-02-29": "$16,380", "2019-11-30": "$16,087", "2019-08-31": "$15,904", "2019-05-31": "$16,033", "2019-02-28": "$16,383", "2018-11-30": "$16,062", "2018-08-31": "$16,206", "2018-05-31": "$14,466", "2018-02-28": "$14,697", "2017-11-30": "$14,554", "2017-08-31": "$14,017", "2017-05-31": "$14,071", "2017-02-28": "$14,006", "2016-11-30": "$13,937", "2016-08-31": "$14,328", "2016-05-31": "$0", "2016-03-31": "$3,502", "2016-02-29": "$3,405", "2015-12-31": "$0", "2015-11-30": "$5,578", "2015-08-31": "$3,257", "2015-05-31": "$3,221", "2015-03-31": "$0", "2015-02-28": "$3,300", "2014-12-31": "$0", "2014-11-30": "$3,335", "2014-08-31": "$3,432", "2014-05-31": "$3,432", "2014-02-28": "$0", "2013-11-30": "$0", "2013-08-31": "$0", "2013-05-31": "$0"}}, "cash-on-hand": {"IHS Markit Annual Cash on Hand (Millions of US $)": {"2020": "$126", "2019": "$112", "2018": "$120", "2017": "$134", "2016": "$139", "2015": "$292", "2014": "$", "2013": "$"}, "IHS Markit Quarterly Cash on Hand (Millions of US $)": {"2020-08-31": "$157", "2020-05-31": "$208", "2020-02-29": "$144", "2019-11-30": "$112", "2019-08-31": "$124", "2019-05-31": "$110", "2019-02-28": "$133", "2018-11-30": "$120", "2018-08-31": "$154", "2018-05-31": "$159", "2018-02-28": "$156", "2017-11-30": "$134", "2017-08-31": "$154", "2017-05-31": "$163", "2017-02-28": "$155", "2016-11-30": "$139", "2016-08-31": "$201", "2016-05-31": "", "2016-03-31": "$97", "2016-02-29": "", "2015-12-31": "", "2015-11-30": "$292", "2015-08-31": "$125", "2015-05-31": "$98", "2015-03-31": "", "2015-02-28": "$125", "2014-12-31": "", "2014-11-30": "$125", "2014-08-31": "$99", "2014-05-31": "$99", "2014-02-28": "", "2013-11-30": "", "2013-08-31": "", "2013-05-31": ""}}, "long-term-debt": {"IHS Markit Annual Long Term Debt (Millions of US $)": {"2020": "$4,642", "2019": "$4,874", "2018": "$4,889", "2017": "$3,617", "2016": "$3,279", "2015": "$2,072", "2014": "$", "2013": "$"}, "IHS Markit Quarterly Long Term Debt (Millions of US $)": {"2020-08-31": "$4,708", "2020-05-31": "$5,137", "2020-02-29": "$4,961", "2019-11-30": "$4,874", "2019-08-31": "$5,051", "2019-05-31": "$4,894", "2019-02-28": "$5,111", "2018-11-30": "$4,889", "2018-08-31": "$4,894", "2018-05-31": "$4,354", "2018-02-28": "$4,186", "2017-11-30": "$3,617", "2017-08-31": "$3,425", "2017-05-31": "$3,423", "2017-02-28": "$3,132", "2016-11-30": "$3,279", "2016-08-31": "$3,140", "2016-05-31": "", "2016-03-31": "$657", "2016-02-29": "", "2015-12-31": "", "2015-11-30": "$2,072", "2015-08-31": "$456", "2015-05-31": "$226", "2015-03-31": "", "2015-02-28": "$349", "2014-12-31": "", "2014-11-30": "$349", "2014-08-31": "$489", "2014-05-31": "$489", "2014-02-28": "", "2013-11-30": "", "2013-08-31": "", "2013-05-31": ""}}, "total-liabilities": {"IHS Markit Annual Total Liabilities (Millions of US $)": {"2020": "$7,606", "2019": "$7,671", "2018": "$8,042", "2017": "$6,550", "2016": "$5,852", "2015": "$3,377", "2014": "$295", "2013": "$0"}, "IHS Markit Quarterly Total Liabilities (Millions of US $)": {"2020-08-31": "$7,641", "2020-05-31": "$8,021", "2020-02-29": "$8,011", "2019-11-30": "$7,671", "2019-08-31": "$7,669", "2019-05-31": "$7,647", "2019-02-28": "$8,051", "2018-11-30": "$8,042", "2018-08-31": "$8,315", "2018-05-31": "$6,697", "2018-02-28": "$6,534", "2017-11-30": "$6,550", "2017-08-31": "$6,315", "2017-05-31": "$6,463", "2017-02-28": "$6,256", "2016-11-30": "$5,852", "2016-08-31": "$5,896", "2016-05-31": "", "2016-03-31": "$1,301", "2016-02-29": "$23", "2015-12-31": "", "2015-11-30": "$3,377", "2015-08-31": "$1,086", "2015-05-31": "$835", "2015-03-31": "", "2015-02-28": "$1,029", "2014-12-31": "", "2014-11-30": "$295", "2014-08-31": "$1,168", "2014-05-31": "$1,168", "2014-02-28": "$0", "2013-11-30": "$0", "2013-08-31": "", "2013-05-31": ""}}, "total-share-holder-equity": {"IHS Markit Annual Share Holder Equity (Millions of US $)": {"2020": "$8,529", "2019": "$8,416", "2018": "$8,021", "2017": "$8,004", "2016": "$8,084", "2015": "$2,201", "2014": "$", "2013": "$0"}, "IHS Markit Quarterly Share Holder Equity (Millions of US $)": {"2020-08-31": "$8,593", "2020-05-31": "$8,108", "2020-02-29": "$8,369", "2019-11-30": "$8,416", "2019-08-31": "$8,235", "2019-05-31": "$8,386", "2019-02-28": "$8,332", "2018-11-30": "$8,021", "2018-08-31": "$7,892", "2018-05-31": "$7,769", "2018-02-28": "$8,162", "2017-11-30": "$8,004", "2017-08-31": "$7,702", "2017-05-31": "$7,609", "2017-02-28": "$7,750", "2016-11-30": "$8,084", "2016-08-31": "$8,433", "2016-05-31": "", "2016-03-31": "$2,201", "2016-02-29": "", "2015-12-31": "", "2015-11-30": "$2,201", "2015-08-31": "$2,171", "2015-05-31": "$2,386", "2015-03-31": "", "2015-02-28": "$2,271", "2014-12-31": "", "2014-11-30": "$2,271", "2014-08-31": "$2,265", "2014-05-31": "$2,265", "2014-02-28": "$0", "2013-11-30": "$0", "2013-08-31": "", "2013-05-31": ""}}, "profit-margins": {"current": "20.31%"}, "gross margin": {"2020-11-30": "62.92%", "2020-08-31": "62.82%", "2020-05-31": "62.37%", "2020-02-29": "62.42%", "2019-11-30": "62.51%", "2019-08-31": "62.06%", "2019-05-31": "62.10%", "2019-02-28": "62.38%", "2018-11-30": "62.71%", "2018-08-31": "63.25%", "2018-05-31": "63.19%", "2018-02-28": "62.99%", "2017-11-30": "62.53%", "2017-08-31": "61.66%", "2017-05-31": "61.78%", "2017-02-28": "61.93%", "2016-11-30": "60.08%", "2016-08-31": "60.33%", "2016-03-31": "58.37%", "2016-02-29": "62.97%", "2015-11-30": "59.54%", "2015-08-31": "54.36%", "2015-03-31": "29.57%", "2015-02-28": "29.64%", "2014-11-30": "46.48%", "2014-05-31": "80.97%", "2014-02-28": "100.00%"}, "operating margin": {"2020-11-30": "26.82%", "2020-08-31": "28.44%", "2020-05-31": "30.07%", "2020-02-29": "31.47%", "2019-11-30": "22.75%", "2019-08-31": "21.02%", "2019-05-31": "17.27%", "2019-02-28": "16.40%", "2018-11-30": "15.99%", "2018-08-31": "16.13%", "2018-05-31": "16.36%", "2018-02-28": "15.62%", "2017-11-30": "14.78%", "2017-08-31": "14.11%", "2017-05-31": "9.79%", "2017-02-28": "9.11%", "2016-11-30": "9.13%", "2016-08-31": "9.02%", "2016-03-31": "38.88%", "2016-02-29": "34.60%", "2015-11-30": "39.48%", "2015-08-31": "19.24%", "2015-03-31": "4.29%", "2015-02-28": "6.40%", "2014-11-30": "30.23%", "2014-05-31": "77.43%", "2014-02-28": "100.00%"}, "ebitda margin": {"2020-08-31": "42.04%", "2020-05-31": "43.48%", "2020-02-29": "44.41%", "2019-11-30": "35.73%", "2019-08-31": "34.25%", "2019-05-31": "30.58%", "2019-02-28": "29.81%", "2018-11-30": "29.51%", "2018-08-31": "29.62%", "2018-05-31": "29.82%", "2018-02-28": "29.23%", "2017-11-30": "28.44%", "2017-08-31": "27.83%", "2017-05-31": "25.74%", "2017-02-28": "22.20%", "2016-11-30": "19.76%", "2016-08-31": "18.47%", "2016-03-31": "48.36%", "2016-02-29": "52.89%", "2015-11-30": "35.83%", "2015-08-31": "24.41%", "2015-03-31": "28.10%", "2015-02-28": "44.90%", "2014-11-30": "49.30%", "2014-05-31": "83.73%", "2014-02-28": "118.64%"}, "pre tax profit margin": {"2020-11-30": "20.62%", "2020-08-31": "22.06%", "2020-05-31": "23.62%", "2020-02-29": "25.24%", "2019-11-30": "16.81%", "2019-08-31": "14.97%", "2019-05-31": "11.41%", "2019-02-28": "10.62%", "2018-11-30": "10.58%", "2018-08-31": "11.04%", "2018-05-31": "11.32%", "2018-02-28": "10.93%", "2017-11-30": "10.36%", "2017-08-31": "10.23%", "2017-05-31": "5.85%", "2017-02-28": "5.08%", "2016-11-30": "5.05%", "2016-08-31": "4.28%", "2016-03-31": "36.05%", "2016-02-29": "31.81%", "2015-11-30": "37.88%", "2015-08-31": "16.33%", "2015-03-31": "15.09%", "2015-02-28": "10.70%", "2014-11-30": "29.11%", "2014-05-31": "70.34%", "2014-02-28": "100.00%"}, "net profit margin": {"2020-11-30": "20.31%", "2020-08-31": "21.46%", "2020-05-31": "18.43%", "2020-02-29": "19.73%", "2019-11-30": "11.40%", "2019-08-31": "8.76%", "2019-05-31": "10.52%", "2019-02-28": "9.99%", "2018-11-30": "13.54%", "2018-08-31": "14.59%", "2018-05-31": "16.04%", "2018-02-28": "16.05%", "2017-11-30": "11.58%", "2017-08-31": "12.04%", "2017-05-31": "7.38%", "2017-02-28": "6.53%", "2016-11-30": "6.34%", "2016-08-31": "4.09%", "2016-03-31": "10.36%", "2016-02-29": "10.79%", "2015-11-30": "18.36%", "2015-08-31": "19.42%", "2015-03-31": "15.46%", "2015-02-28": "18.57%", "2014-11-30": "15.49%", "2014-05-31": "13.25%", "2014-02-28": "17.01%"}, "pe ratio": {"current": "39.48", "2021-02-11": "42.94", "2020-11-30": "45.73", "2020-08-31": "34.75", "2020-05-31": "34.85", "2020-02-29": "32.54", "2019-11-30": "57.94", "2019-08-31": "69.03", "2019-05-31": "51.60", "2019-02-28": "52.06", "2018-11-30": "39.68", "2018-08-31": "39.13", "2018-05-31": "32.93", "2018-02-28": "32.31", "2017-11-30": "43.69", "2017-08-31": "48.25", "2017-05-31": "87.20", "2017-02-28": "140.57", "2016-11-30": "296.19", "2016-08-31": "922.70", "2016-05-31": "261.46", "2016-03-31": "92.00", "2016-02-29": "65.51", "2015-12-31": "57.38", "2015-11-30": "56.10", "2015-08-31": "50.47", "2015-05-31": "50.99", "2015-03-31": "71.90", "2015-02-28": "32.94"}, "price sales": {"2021-02-11": "8.72", "2020-11-30": "9.29", "2020-08-31": "7.47", "2020-05-31": "6.46", "2020-02-29": "6.48", "2019-11-30": "6.66", "2019-08-31": "6.08", "2019-05-31": "5.44", "2019-02-28": "5.18", "2018-11-30": "5.36", "2018-08-31": "5.72", "2018-05-31": "5.29", "2018-02-28": "5.23", "2017-11-30": "5.11", "2017-08-31": "5.08", "2017-05-31": "5.00", "2017-02-28": "4.22", "2016-11-30": "4.00", "2016-08-31": "4.40", "2016-05-31": "5.44", "2016-03-31": "6.52", "2016-02-29": "4.51", "2015-12-31": "7.79", "2015-11-30": "5.56", "2015-08-31": "5.53", "2015-05-31": "9.36", "2015-03-31": "6.21", "2015-02-28": "6.13"}, "price book": {"current": "4.26", "2021-02-11": "4.32", "2020-08-31": "3.69", "2020-05-31": "3.38", "2020-02-29": "3.37", "2019-11-30": "3.40", "2019-08-31": "3.16", "2019-05-31": "2.71", "2019-02-28": "2.52", "2018-11-30": "2.61", "2018-08-31": "2.72", "2018-05-31": "2.46", "2018-02-28": "2.28", "2017-11-30": "2.20", "2017-08-31": "2.40", "2017-05-31": "2.38", "2017-02-28": "2.07", "2016-11-30": "1.82", "2016-08-31": "1.85", "2016-05-31": "0.00", "2016-03-31": "2.86", "2016-02-29": "0.00", "2015-12-31": "0.00", "2015-11-30": "3.18", "2015-08-31": "0.00", "2015-05-31": "0.00", "2015-03-31": "0.00", "2015-02-28": "0.00", "2014-12-31": "0.00", "2014-11-30": "0.00", "2014-08-31": "0.00"}, "price fcf": {"2021-02-11": "", "2020-08-31": "$2.24", "2020-05-31": "$3.39", "2020-02-29": "$3.73", "2019-11-30": "$2.78", "2019-08-31": "$2.75", "2019-05-31": "$2.63", "2019-02-28": "$2.57", "2018-11-30": "$2.62", "2018-08-31": "$2.30", "2018-05-31": "$2.08", "2018-02-28": "$1.62", "2017-11-30": "$1.69", "2017-08-31": "$1.72", "2017-05-31": "$1.18", "2017-02-28": "$1.70", "2016-11-30": "$1.03", "2016-08-31": "$1.11", "2016-05-31": "$1.14", "2016-03-31": "$1.25", "2016-02-29": "$3.13", "2015-12-31": "$2.32", "2015-11-30": "$0.80", "2015-08-31": "$1.63", "2015-05-31": "$-0.00", "2015-03-31": "$3.14", "2015-02-28": "$4.55"}, "net worth": {"value": "$36.17B"}, "current ratio": {"2020-11-30": "0.62", "2020-08-31": "0.67", "2020-05-31": "0.73", "2020-02-29": "0.70", "2019-11-30": "0.66", "2019-08-31": "0.72", "2019-05-31": "0.66", "2019-02-28": "0.64", "2018-11-30": "0.47", "2018-08-31": "0.44", "2018-05-31": "1.41", "2018-02-28": "0.79", "2017-11-30": "0.53", "2017-08-31": "0.53", "2017-05-31": "0.55", "2017-02-28": "0.53", "2016-11-30": "0.66", "2016-08-31": "0.66", "2016-05-31": "0.00", "2016-03-31": "0.79", "2016-02-29": "0.00", "2015-12-31": "0.00", "2015-11-30": "0.99", "2015-08-31": "0.85", "2015-05-31": "0.86", "2015-03-31": "0.00", "2015-02-28": "0.82", "2014-12-31": "0.00", "2014-11-30": "3.21", "2014-08-31": "0.79", "2014-05-31": "0.79", "2014-02-28": "0.00", "2013-11-30": "0.00", "2013-08-31": "0.00", "2013-05-31": "0.00"}, "quick ratio": {"2020-11-30": "0.00", "2020-08-31": "0.00", "2020-05-31": "0.00", "2020-02-29": "0.00", "2019-11-30": "0.00", "2019-08-31": "0.00", "2019-05-31": "0.00", "2019-02-28": "0.00", "2018-11-30": "0.00", "2018-08-31": "0.00", "2018-05-31": "0.00", "2018-02-28": "0.00", "2017-11-30": "0.00", "2017-08-31": "0.00", "2017-05-31": "0.00", "2017-02-28": "0.00", "2016-11-30": "0.00", "2016-08-31": "0.00", "2016-05-31": "0.00", "2016-03-31": "0.00", "2016-02-29": "0.00", "2015-12-31": "0.00", "2015-11-30": "0.00", "2015-08-31": "0.00", "2015-05-31": "0.00", "2015-03-31": "0.00", "2015-02-28": "0.00", "2014-12-31": "0.00", "2014-11-30": "0.00", "2014-08-31": "0.00", "2014-05-31": "0.00", "2014-02-28": "0.00", "2013-11-30": "0.00", "2013-08-31": "0.00", "2013-05-31": "0.00"}, "debt equity ratio": {"current": "0.54", "2020-11-30": "0.89", "2020-08-31": "0.89", "2020-05-31": "0.99", "2020-02-29": "0.96", "2019-11-30": "0.91", "2019-08-31": "0.93", "2019-05-31": "0.91", "2019-02-28": "0.97", "2018-11-30": "1.00", "2018-08-31": "1.05", "2018-05-31": "0.86", "2018-02-28": "0.80", "2017-11-30": "0.82", "2017-08-31": "0.82", "2017-05-31": "0.85", "2017-02-28": "0.81", "2016-11-30": "0.72", "2016-08-31": "0.70", "2016-05-31": "0.00", "2016-03-31": "0.59", "2016-02-29": "0.00", "2015-12-31": "0.00", "2015-11-30": "1.53", "2015-08-31": "0.50", "2015-05-31": "0.35", "2015-03-31": "0.00", "2015-02-28": "0.45", "2014-12-31": "0.00", "2014-11-30": "0.13", "2014-08-31": "0.52", "2014-05-31": "0.52", "2014-02-28": "0.00", "2013-11-30": "0.00", "2013-08-31": "0.00", "2013-05-31": "0.00"}, "return on equity": {"2020-11-30": "10.37%", "2020-08-31": "11.03%", "2020-05-31": "9.66%", "2020-02-29": "10.51%", "2019-11-30": "6.03%", "2019-08-31": "4.63%", "2019-05-31": "5.48%", "2019-02-28": "5.15%", "2018-11-30": "6.82%", "2018-08-31": "7.13%", "2018-05-31": "7.69%", "2018-02-28": "7.52%", "2017-11-30": "5.37%", "2017-08-31": "5.46%", "2017-05-31": "3.10%", "2017-02-28": "3.26%", "2016-11-30": "3.36%", "2016-08-31": "3.31%", "2016-03-31": "10.63%", "2016-02-29": "13.82%", "2015-11-30": "12.19%", "2015-08-31": "12.54%", "2015-03-31": "11.10%", "2015-02-28": "8.87%", "2014-11-30": "9.70%", "2014-05-31": "17.84%", "2014-02-28": "inf%"}, "return on assets": {"2020-11-30": "5.37%", "2020-08-31": "5.69%", "2020-05-31": "4.96%", "2020-02-29": "5.45%", "2019-11-30": "3.12%", "2019-08-31": "2.37%", "2019-05-31": "2.76%", "2019-02-28": "2.61%", "2018-11-30": "3.54%", "2018-08-31": "3.78%", "2018-05-31": "4.21%", "2018-02-28": "4.13%", "2017-11-30": "2.94%", "2017-08-31": "3.03%", "2017-05-31": "1.75%", "2017-02-28": "1.87%", "2016-11-30": "1.98%", "2016-08-31": "1.66%", "2016-03-31": "3.75%", "2016-02-29": "4.93%", "2015-11-30": "6.83%", "2015-08-31": "8.75%", "2015-03-31": "7.60%", "2015-02-28": "6.00%", "2014-11-30": "6.47%", "2014-05-31": "11.77%", "2014-02-28": "inf%"}, "return on investments": {"2020-11-30": "8.67%", "2020-08-31": "9.20%", "2020-05-31": "9.82%", "2020-02-29": "10.53%", "2019-11-30": "7.53%", "2019-08-31": "6.93%", "2019-05-31": "5.60%", "2019-02-28": "5.27%", "2018-11-30": "5.11%", "2018-08-31": "5.13%", "2018-05-31": "5.25%", "2018-02-28": "4.99%", "2017-11-30": "4.76%", "2017-08-31": "4.49%", "2017-05-31": "2.93%", "2017-02-28": "3.26%", "2016-11-30": "3.50%", "2016-08-31": "5.38%", "2016-03-31": "24.63%", "2016-02-29": "28.06%", "2015-11-30": "18.63%", "2015-08-31": "10.79%", "2015-03-31": "2.67%", "2015-02-28": "2.60%", "2014-11-30": "15.85%", "2014-05-31": "85.69%", "2014-02-28": "inf%"}, "return on tangible equity": {"2020-08-31": "-16.84%", "2020-05-31": "-14.27%", "2020-02-29": "-15.60%", "2019-11-30": "-8.74%", "2019-08-31": "-6.44%", "2019-05-31": "-7.29%", "2019-02-28": "-7.23%", "2018-11-30": "-10.08%", "2018-08-31": "-11.23%", "2018-05-31": "-13.20%", "2018-02-28": "-12.20%", "2017-11-30": "-8.63%", "2017-08-31": "-9.02%", "2017-05-31": "-5.30%", "2017-02-28": "-5.77%", "2016-11-30": "-6.34%", "2016-08-31": "-6.88%", "2016-03-31": "-17.58%", "2016-02-29": "-24.85%", "2015-11-30": "-26.28%", "2015-08-31": "-53.94%", "2015-03-31": "-125.06%", "2015-02-28": "-62.40%", "2014-11-30": "-67.35%", "2014-05-31": "-71.50%", "2014-02-28": "inf%"}, "dividend yield history": {"last payout": "$0.80", "last yield": "0.88%"}}