{"ticker": "IR", "price": {"title": "Ingersoll Rand Historical Annual Stock Price Data", "value": 43.78, "historical": {"2020": {"Average Stock Price": "33.7543", "Year Open": "36.8800", "Year High": "46.0300", "Year Low": "19.2200", "Year Close": "45.5600", "Annual % Change": "24.21%"}, "2019": {"Average Stock Price": "30.3492", "Year Open": "21.0000", "Year High": "36.9500", "Year Low": "20.5800", "Year Close": "36.6800", "Annual % Change": "79.36%"}, "2018": {"Average Stock Price": "29.3240", "Year Open": "33.7100", "Year High": "36.6900", "Year Low": "18.9200", "Year Close": "20.4500", "Annual % Change": "-39.73%"}, "2017": {"Average Stock Price": "25.7357", "Year Open": "21.1000", "Year High": "34.4300", "Year Low": "20.4700", "Year Close": "33.9300", "Annual % Change": "0.00%"}}}, "market cap": {"value": "$18.28B"}, "income statement": {"Revenue": {"2019-12-31": "2451.90000", "2018-12-31": "2689.80000", "2017-12-31": "2375.40000", "2016-12-31": "1939.40000", "2015-12-31": "2126.90000", "2014-12-31": "2570.00500"}, "Cost Of Goods Sold": {"2019-12-31": "1540.20000", "2018-12-31": "1677.30000", "2017-12-31": "1477.50000", "2016-12-31": "1222.70000", "2015-12-31": "1347.80000", "2014-12-31": "1633.22400"}, "Gross Profit": {"2019-12-31": "911.70000", "2018-12-31": "1012.50000", "2017-12-31": "897.89990", "2016-12-31": "716.70010", "2015-12-31": "779.09990", "2014-12-31": "936.78090"}, "Research And Development Expenses": {"2019-12-31": "", "2018-12-31": "", "2017-12-31": "", "2016-12-31": "", "2015-12-31": "", "2014-12-31": ""}, "SG&A Expenses": {"2019-12-31": "436.40000", "2018-12-31": "434.60000", "2017-12-31": "446.20000", "2016-12-31": "415.10000", "2015-12-31": "427.00000", "2014-12-31": "476.00000"}, "Other Operating Income Or Expenses": {"2019-12-31": "-75.70000", "2018-12-31": "-9.10000", "2017-12-31": "-222.10000", "2016-12-31": "-48.60000", "2015-12-31": "-20.70000", "2014-12-31": "-64.26000"}, "Operating Expenses": {"2019-12-31": "2176.60000", "2018-12-31": "2246.80000", "2017-12-31": "2266.30000", "2016-12-31": "1835.90000", "2015-12-31": "2332.30000", "2014-12-31": "2521.77200"}, "Operating Income": {"2019-12-31": "275.30000", "2018-12-31": "442.99980", "2017-12-31": "109.09990", "2016-12-31": "103.50010", "2015-12-31": "-205.40010", "2014-12-31": "48.23290"}, "Total Non-Operating Income/Expense": {"2019-12-31": "-84.40000", "2018-12-31": "-93.50000", "2017-12-31": "-221.80000", "2016-12-31": "-166.70000", "2015-12-31": "-161.30000", "2014-12-31": "-161.16200"}, "Pre-Tax Income": {"2019-12-31": "190.90000", "2018-12-31": "349.50000", "2017-12-31": "-112.70000", "2016-12-31": "-63.20000", "2015-12-31": "-366.70000", "2014-12-31": "-112.92900"}, "Income Taxes": {"2019-12-31": "31.80000", "2018-12-31": "80.10000", "2017-12-31": "-131.20000", "2016-12-31": "-31.90000", "2015-12-31": "-14.70000", "2014-12-31": "22.99600"}, "Income After Taxes": {"2019-12-31": "159.10000", "2018-12-31": "269.40000", "2017-12-31": "18.50000", "2016-12-31": "-31.30000", "2015-12-31": "-352.00000", "2014-12-31": "-135.92500"}, "Other Income": {"2019-12-31": "", "2018-12-31": "", "2017-12-31": "", "2016-12-31": "", "2015-12-31": "", "2014-12-31": ""}, "Income From Continuous Operations": {"2019-12-31": "159.10000", "2018-12-31": "269.40000", "2017-12-31": "18.50000", "2016-12-31": "-31.30000", "2015-12-31": "-352.00000", "2014-12-31": "-135.92500"}, "Income From Discontinued Operations": {"2019-12-31": "", "2018-12-31": "", "2017-12-31": "", "2016-12-31": "", "2015-12-31": "", "2014-12-31": ""}, "Net Income": {"2019-12-31": "159.10000", "2018-12-31": "269.40000", "2017-12-31": "18.40000", "2016-12-31": "-36.60000", "2015-12-31": "-351.20000", "2014-12-31": "-135.02300"}, "EBITDA": {"2019-12-31": "453.40010", "2018-12-31": "623.39980", "2017-12-31": "284.49980", "2016-12-31": "301.50010", "2015-12-31": "378.99980", "2014-12-31": "443.60590"}, "EBIT": {"2019-12-31": "275.30000", "2018-12-31": "442.99980", "2017-12-31": "109.09990", "2016-12-31": "103.50010", "2015-12-31": "-205.40010", "2014-12-31": "48.23290"}, "Basic Shares Outstanding": {"2019-12-31": "203.50000", "2018-12-31": "201.60000", "2017-12-31": "182.20000", "2016-12-31": "149.20000", "2015-12-31": "149.60000", "2014-12-31": "148.37690"}, "Shares Outstanding": {"2019-12-31": "208.90000", "2018-12-31": "209.10000", "2017-12-31": "188.40000", "2016-12-31": "149.20000", "2015-12-31": "149.60000", "2014-12-31": "148.37690"}, "Basic EPS": {"2019-12-31": "0.78000", "2018-12-31": "1.34000", "2017-12-31": "0.10000", "2016-12-31": "-0.25000", "2015-12-31": "-2.35000", "2014-12-31": "-0.91000"}, "EPS - Earnings Per Share": {"2019-12-31": "0.76000", "2018-12-31": "1.29000", "2017-12-31": "0.10000", "2016-12-31": "-0.25000", "2015-12-31": "-2.35000", "2014-12-31": "-0.91000"}}, "income statement, quarterly": {"Revenue": {"2020-09-30": "1335.20000", "2020-06-30": "1264.40000", "2020-03-31": "799.90000", "2019-12-31": "605.80000", "2019-09-30": "596.70000", "2019-06-30": "629.10000", "2019-03-31": "620.30000", "2018-12-31": "712.70010", "2018-09-30": "689.30000", "2018-06-30": "668.20000", "2018-03-31": "619.60000", "2017-12-31": "664.99990", "2017-09-30": "649.60000", "2017-06-30": "579.10000", "2017-03-31": "481.70000", "2016-12-31": "", "2016-09-30": "462.60000", "2016-06-30": "462.00000", "2015-12-31": "", "2014-12-31": ""}, "Cost Of Goods Sold": {"2020-09-30": "853.20000", "2020-06-30": "904.40000", "2020-03-31": "555.40000", "2019-12-31": "380.50000", "2019-09-30": "375.20000", "2019-06-30": "394.70000", "2019-03-31": "389.80000", "2018-12-31": "443.80000", "2018-09-30": "426.90000", "2018-06-30": "418.90000", "2018-03-31": "387.70000", "2017-12-31": "411.50000", "2017-09-30": "395.70000", "2017-06-30": "363.20000", "2017-03-31": "307.10000", "2016-12-31": "", "2016-09-30": "298.40000", "2016-06-30": "290.50000", "2015-12-31": "", "2014-12-31": ""}, "Gross Profit": {"2020-09-30": "481.99990", "2020-06-30": "360.00000", "2020-03-31": "244.50000", "2019-12-31": "225.30000", "2019-09-30": "221.50000", "2019-06-30": "234.40000", "2019-03-31": "230.50000", "2018-12-31": "268.90010", "2018-09-30": "262.40000", "2018-06-30": "249.30000", "2018-03-31": "231.90000", "2017-12-31": "253.49990", "2017-09-30": "253.90000", "2017-06-30": "215.90000", "2017-03-31": "174.60000", "2016-12-31": "", "2016-09-30": "164.20000", "2016-06-30": "171.50000", "2015-12-31": "", "2014-12-31": ""}, "Research And Development Expenses": {"2020-09-30": "", "2020-06-30": "", "2020-03-31": "", "2019-12-31": "", "2019-09-30": "", "2019-06-30": "", "2019-03-31": "", "2018-12-31": "", "2018-09-30": "", "2018-06-30": "", "2018-03-31": "", "2017-12-31": "", "2017-09-30": "", "2017-06-30": "", "2017-03-31": "", "2016-12-31": "", "2016-09-30": "", "2016-06-30": "", "2015-12-31": "", "2014-12-31": ""}, "SG&A Expenses": {"2020-09-30": "245.60000", "2020-06-30": "247.70000", "2020-03-31": "155.40000", "2019-12-31": "113.40000", "2019-09-30": "95.30000", "2019-06-30": "110.70000", "2019-03-31": "117.00000", "2018-12-31": "104.20000", "2018-09-30": "107.70000", "2018-06-30": "115.80000", "2018-03-31": "106.90000", "2017-12-31": "107.30000", "2017-09-30": "111.00000", "2017-06-30": "125.60000", "2017-03-31": "102.30000", "2016-12-31": "", "2016-09-30": "100.90000", "2016-06-30": "106.40000", "2015-12-31": "", "2014-12-31": ""}, "Other Operating Income Or Expenses": {"2020-09-30": "-28.00000", "2020-06-30": "-49.90000", "2020-03-31": "-100.70000", "2019-12-31": "-32.70000", "2019-09-30": "-22.90000", "2019-06-30": "-18.20000", "2019-03-31": "-1.90000", "2018-12-31": "1.80000", "2018-09-30": "-6.00000", "2018-06-30": "-0.60000", "2018-03-31": "-4.30000", "2017-12-31": "-35.40000", "2017-09-30": "-17.40000", "2017-06-30": "-161.40000", "2017-03-31": "-7.90000", "2016-12-31": "", "2016-09-30": "-12.40000", "2016-06-30": "-7.10000", "2015-12-31": "", "2014-12-31": ""}, "Operating Expenses": {"2020-09-30": "1260.90000", "2020-06-30": "1316.60000", "2020-03-31": "866.70000", "2019-12-31": "558.19980", "2019-09-30": "523.80000", "2019-06-30": "554.50000", "2019-03-31": "540.10000", "2018-12-31": "578.60040", "2018-09-30": "571.60000", "2018-06-30": "566.80000", "2018-03-31": "529.80000", "2017-12-31": "587.10000", "2017-09-30": "553.60000", "2017-06-30": "680.70000", "2017-03-31": "444.90000", "2016-12-31": "", "2016-09-30": "442.40000", "2016-06-30": "436.00000", "2015-12-31": "", "2014-12-31": ""}, "Operating Income": {"2020-09-30": "74.29990", "2020-06-30": "-52.20000", "2020-03-31": "-66.80000", "2019-12-31": "47.60020", "2019-09-30": "72.90000", "2019-06-30": "74.60000", "2019-03-31": "80.20000", "2018-12-31": "134.09970", "2018-09-30": "117.70000", "2018-06-30": "101.40000", "2018-03-31": "89.80000", "2017-12-31": "77.90000", "2017-09-30": "95.99990", "2017-06-30": "-101.60000", "2017-03-31": "36.80000", "2016-12-31": "", "2016-09-30": "20.20000", "2016-06-30": "26.00000", "2015-12-31": "", "2014-12-31": ""}, "Total Non-Operating Income/Expense": {"2020-09-30": "-26.20000", "2020-06-30": "-28.50000", "2020-03-31": "-28.90000", "2019-12-31": "-19.30000", "2019-09-30": "-22.60000", "2019-06-30": "-21.40000", "2019-03-31": "-21.10000", "2018-12-31": "-22.70000", "2018-09-30": "-22.90000", "2018-06-30": "-23.90000", "2018-03-31": "-24.00000", "2017-12-31": "-24.20000", "2017-09-30": "-63.60000", "2017-06-30": "-88.60000", "2017-03-31": "-45.40000", "2016-12-31": "", "2016-09-30": "-42.30000", "2016-06-30": "-41.00000", "2015-12-31": "", "2014-12-31": ""}, "Pre-Tax Income": {"2020-09-30": "48.10000", "2020-06-30": "-80.70000", "2020-03-31": "-95.70000", "2019-12-31": "28.30000", "2019-09-30": "50.30000", "2019-06-30": "53.20000", "2019-03-31": "59.10000", "2018-12-31": "111.40000", "2018-09-30": "94.80000", "2018-06-30": "77.50000", "2018-03-31": "65.80000", "2017-12-31": "53.70000", "2017-09-30": "32.40000", "2017-06-30": "-190.20000", "2017-03-31": "-8.60000", "2016-12-31": "", "2016-09-30": "-22.10000", "2016-06-30": "-15.00000", "2015-12-31": "", "2014-12-31": ""}, "Income Taxes": {"2020-09-30": "18.20000", "2020-06-30": "95.80000", "2020-03-31": "-58.90000", "2019-12-31": "2.50000", "2019-09-30": "9.00000", "2019-06-30": "8.30000", "2019-03-31": "12.00000", "2018-12-31": "16.90000", "2018-09-30": "22.60000", "2018-06-30": "17.20000", "2018-03-31": "23.40000", "2017-12-31": "-90.10000", "2017-09-30": "4.40000", "2017-06-30": "-43.90000", "2017-03-31": "-1.60000", "2016-12-31": "", "2016-09-30": "-9.10000", "2016-06-30": "-10.90000", "2015-12-31": "", "2014-12-31": ""}, "Income After Taxes": {"2020-09-30": "29.90000", "2020-06-30": "-176.50000", "2020-03-31": "-36.80000", "2019-12-31": "25.80000", "2019-09-30": "41.30000", "2019-06-30": "44.90000", "2019-03-31": "47.10000", "2018-12-31": "94.50000", "2018-09-30": "72.20000", "2018-06-30": "60.30000", "2018-03-31": "42.40000", "2017-12-31": "143.80000", "2017-09-30": "28.00000", "2017-06-30": "-146.30000", "2017-03-31": "-7.00000", "2016-12-31": "", "2016-09-30": "-13.00000", "2016-06-30": "-4.10000", "2015-12-31": "", "2014-12-31": ""}, "Other Income": {"2020-09-30": "", "2020-06-30": "", "2020-03-31": "", "2019-12-31": "", "2019-09-30": "", "2019-06-30": "", "2019-03-31": "", "2018-12-31": "", "2018-09-30": "", "2018-06-30": "", "2018-03-31": "", "2017-12-31": "", "2017-09-30": "", "2017-06-30": "", "2017-03-31": "", "2016-12-31": "", "2016-09-30": "", "2016-06-30": "", "2015-12-31": "", "2014-12-31": ""}, "Income From Continuous Operations": {"2020-09-30": "29.90000", "2020-06-30": "-176.50000", "2020-03-31": "-36.80000", "2019-12-31": "25.80000", "2019-09-30": "41.30000", "2019-06-30": "44.90000", "2019-03-31": "47.10000", "2018-12-31": "94.50000", "2018-09-30": "72.20000", "2018-06-30": "60.30000", "2018-03-31": "42.40000", "2017-12-31": "143.80000", "2017-09-30": "28.00000", "2017-06-30": "-146.30000", "2017-03-31": "-7.00000", "2016-12-31": "", "2016-09-30": "-13.00000", "2016-06-30": "-4.10000", "2015-12-31": "", "2014-12-31": ""}, "Income From Discontinued Operations": {"2020-09-30": "", "2020-06-30": "", "2020-03-31": "", "2019-12-31": "", "2019-09-30": "", "2019-06-30": "", "2019-03-31": "", "2018-12-31": "", "2018-09-30": "", "2018-06-30": "", "2018-03-31": "", "2017-12-31": "", "2017-09-30": "", "2017-06-30": "", "2017-03-31": "", "2016-12-31": "", "2016-09-30": "", "2016-06-30": "", "2015-12-31": "", "2014-12-31": ""}, "Net Income": {"2020-09-30": "29.50000", "2020-06-30": "-177.60000", "2020-03-31": "-36.80000", "2019-12-31": "25.80000", "2019-09-30": "41.30000", "2019-06-30": "44.90000", "2019-03-31": "47.10000", "2018-12-31": "94.50000", "2018-09-30": "72.20000", "2018-06-30": "60.30000", "2018-03-31": "42.40000", "2017-12-31": "143.80000", "2017-09-30": "28.00000", "2017-06-30": "-146.30000", "2017-03-31": "-7.10000", "2016-12-31": "", "2016-09-30": "-12.90000", "2016-06-30": "-3.90000", "2015-12-31": "", "2014-12-31": ""}, "EBITDA": {"2020-09-30": "236.99990", "2020-06-30": "92.30010", "2020-03-31": "5.50000", "2019-12-31": "92.80020", "2019-09-30": "115.90000", "2019-06-30": "119.00000", "2019-03-31": "125.70000", "2018-12-31": "179.89970", "2018-09-30": "162.10000", "2018-06-30": "146.60000", "2018-03-31": "134.80000", "2017-12-31": "126.40000", "2017-09-30": "139.39990", "2017-06-30": "-57.80000", "2017-03-31": "76.50000", "2016-12-31": "", "2016-09-30": "63.10000", "2016-06-30": "26.00000", "2015-12-31": "", "2014-12-31": ""}, "EBIT": {"2020-09-30": "74.29990", "2020-06-30": "-52.20000", "2020-03-31": "-66.80000", "2019-12-31": "47.60010", "2019-09-30": "72.90000", "2019-06-30": "74.60000", "2019-03-31": "80.20000", "2018-12-31": "134.09970", "2018-09-30": "117.70000", "2018-06-30": "101.40000", "2018-03-31": "89.80000", "2017-12-31": "77.89990", "2017-09-30": "95.99990", "2017-06-30": "-101.60000", "2017-03-31": "36.80000", "2016-12-31": "", "2016-09-30": "20.20000", "2016-06-30": "26.00000", "2015-12-31": "", "2014-12-31": ""}, "Basic Shares Outstanding": {"2020-09-30": "417.60000", "2020-06-30": "417.00000", "2020-03-31": "277.30000", "2019-12-31": "203.50000", "2019-09-30": "204.20000", "2019-06-30": "203.40000", "2019-03-31": "201.60000", "2018-12-31": "201.60000", "2018-09-30": "201.90000", "2018-06-30": "201.80000", "2018-03-31": "201.60000", "2017-12-31": "182.20000", "2017-09-30": "201.30000", "2017-06-30": "176.90000", "2017-03-31": "148.50000", "2016-12-31": "", "2016-09-30": "148.80000", "2016-06-30": "150.50000", "2015-12-31": "", "2014-12-31": ""}, "Shares Outstanding": {"2020-09-30": "422.00000", "2020-06-30": "417.00000", "2020-03-31": "277.30000", "2019-12-31": "208.90000", "2019-09-30": "209.00000", "2019-06-30": "208.90000", "2019-03-31": "207.70000", "2018-12-31": "209.10000", "2018-09-30": "209.10000", "2018-06-30": "209.60000", "2018-03-31": "209.90000", "2017-12-31": "188.40000", "2017-09-30": "208.10000", "2017-06-30": "176.90000", "2017-03-31": "148.50000", "2016-12-31": "", "2016-09-30": "148.80000", "2016-06-30": "150.50000", "2015-12-31": "", "2014-12-31": ""}, "Basic EPS": {"2020-09-30": "0.07000", "2020-06-30": "-0.43000", "2020-03-31": "-0.13000", "2019-12-31": "0.13000", "2019-09-30": "0.20000", "2019-06-30": "0.22000", "2019-03-31": "0.23000", "2018-12-31": "0.47000", "2018-09-30": "0.36000", "2018-06-30": "0.30000", "2018-03-31": "0.21000", "2017-12-31": "0.84000", "2017-09-30": "0.14000", "2017-06-30": "-0.83000", "2017-03-31": "-0.05000", "2016-12-31": "", "2016-09-30": "-0.09000", "2016-06-30": "-0.03000", "2015-12-31": "", "2014-12-31": ""}, "EPS - Earnings Per Share": {"2020-09-30": "0.07000", "2020-06-30": "-0.43000", "2020-03-31": "-0.13000", "2019-12-31": "0.12000", "2019-09-30": "0.20000", "2019-06-30": "0.21000", "2019-03-31": "0.23000", "2018-12-31": "0.45000", "2018-09-30": "0.35000", "2018-06-30": "0.29000", "2018-03-31": "0.20000", "2017-12-31": "0.85000", "2017-09-30": "0.13000", "2017-06-30": "-0.83000", "2017-03-31": "-0.05000", "2016-12-31": "0.00000", "2016-09-30": "-0.09000", "2016-06-30": "-0.03000", "2015-12-31": "0.00000", "2014-12-31": "0.00000"}}, "balance sheet": {"Cash On Hand": {"2019-12-31": "505.50000", "2018-12-31": "221.20000", "2017-12-31": "393.30000", "2016-12-31": "255.80000", "2015-12-31": "228.32200", "2014-12-31": ""}, "Receivables": {"2019-12-31": "459.10000", "2018-12-31": "525.40000", "2017-12-31": "536.30000", "2016-12-31": "441.60000", "2015-12-31": "403.25000", "2014-12-31": ""}, "Inventory": {"2019-12-31": "502.50000", "2018-12-31": "523.90000", "2017-12-31": "494.50000", "2016-12-31": "443.90000", "2015-12-31": "474.95000", "2014-12-31": ""}, "Pre-Paid Expenses": {"2019-12-31": "", "2018-12-31": "", "2017-12-31": "", "2016-12-31": "", "2015-12-31": "", "2014-12-31": ""}, "Other Current Assets": {"2019-12-31": "76.80000", "2018-12-31": "60.70000", "2017-12-31": "39.50000", "2016-12-31": "47.20000", "2015-12-31": "50.83600", "2014-12-31": ""}, "Total Current Assets": {"2019-12-31": "1543.90000", "2018-12-31": "1331.20000", "2017-12-31": "1463.60000", "2016-12-31": "1188.50000", "2015-12-31": "1157.35800", "2014-12-31": ""}, "Property, Plant, And Equipment": {"2019-12-31": "326.60000", "2018-12-31": "356.60000", "2017-12-31": "363.20000", "2016-12-31": "358.40000", "2015-12-31": "340.76500", "2014-12-31": ""}, "Long-Term Investments": {"2019-12-31": "", "2018-12-31": "", "2017-12-31": "", "2016-12-31": "", "2015-12-31": "", "2014-12-31": ""}, "Goodwill And Intangible Assets": {"2019-12-31": "2542.70000", "2018-12-31": "2657.90000", "2017-12-31": "2658.80000", "2016-12-31": "2624.60000", "2015-12-31": "2835.18400", "2014-12-31": "0.00000"}, "Other Long-Term Assets": {"2019-12-31": "212.20000", "2018-12-31": "140.10000", "2017-12-31": "134.60000", "2016-12-31": "143.10000", "2015-12-31": "119.30100", "2014-12-31": ""}, "Total Long-Term Assets": {"2019-12-31": "3084.50000", "2018-12-31": "3155.90000", "2017-12-31": "3157.60000", "2016-12-31": "3127.50000", "2015-12-31": "3304.68800", "2014-12-31": ""}, "Total Assets": {"2019-12-31": "4628.40000", "2018-12-31": "4487.10000", "2017-12-31": "4621.20000", "2016-12-31": "4316.00000", "2015-12-31": "4462.04600", "2014-12-31": "0.00000"}, "Total Current Liabilities": {"2019-12-31": "574.60000", "2018-12-31": "596.40000", "2017-12-31": "561.80000", "2016-12-31": "497.90000", "2015-12-31": "431.27900", "2014-12-31": ""}, "Long Term Debt": {"2019-12-31": "1603.80000", "2018-12-31": "1664.20000", "2017-12-31": "2019.30000", "2016-12-31": "2753.80000", "2015-12-31": "2769.45900", "2014-12-31": ""}, "Other Non-Current Liabilities": {"2019-12-31": "229.40000", "2018-12-31": "190.20000", "2017-12-31": "226.00000", "2016-12-31": "182.20000", "2015-12-31": "162.75000", "2014-12-31": ""}, "Total Long Term Liabilities": {"2019-12-31": "2183.90000", "2018-12-31": "2214.70000", "2017-12-31": "2582.60000", "2016-12-31": "3546.30000", "2015-12-31": "3625.23200", "2014-12-31": ""}, "Total Liabilities": {"2019-12-31": "2758.50000", "2018-12-31": "2811.10000", "2017-12-31": "3144.40000", "2016-12-31": "4044.20000", "2015-12-31": "4056.51100", "2014-12-31": "0.00000"}, "Common Stock Net": {"2019-12-31": "2.10000", "2018-12-31": "2.00000", "2017-12-31": "2.00000", "2016-12-31": "1.50000", "2015-12-31": "1.50200", "2014-12-31": "0.00000"}, "Retained Earnings (Accumulated Deficit)": {"2019-12-31": "-141.40000", "2018-12-31": "-308.70000", "2017-12-31": "-577.80000", "2016-12-31": "-596.20000", "2015-12-31": "-559.61300", "2014-12-31": ""}, "Comprehensive Income": {"2019-12-31": "-256.00000", "2018-12-31": "-247.00000", "2017-12-31": "-199.80000", "2016-12-31": "-342.40000", "2015-12-31": "-265.51000", "2014-12-31": ""}, "Other Share Holders Equity": {"2019-12-31": "", "2018-12-31": "", "2017-12-31": "", "2016-12-31": "", "2015-12-31": "", "2014-12-31": "0.00000"}, "Share Holder Equity": {"2019-12-31": "1869.90000", "2018-12-31": "1676.00000", "2017-12-31": "1476.80000", "2016-12-31": "271.80000", "2015-12-31": "405.53500", "2014-12-31": "0.00000"}, "Total Liabilities And Share Holders Equity": {"2019-12-31": "4628.40000", "2018-12-31": "4487.10000", "2017-12-31": "4621.20000", "2016-12-31": "4316.00000", "2015-12-31": "4462.04600", "2014-12-31": "0.00000"}}, "balance sheet, quarterly": {"Cash On Hand": {"2020-09-30": "1313.30000", "2020-06-30": "1173.60000", "2020-03-31": "555.70000", "2019-12-31": "505.50000", "2019-09-30": "406.40000", "2019-06-30": "317.50000", "2019-03-31": "263.70000", "2018-12-31": "221.20000", "2018-09-30": "269.00000", "2018-06-30": "337.80000", "2018-03-31": "353.80000", "2017-12-31": "393.30000", "2017-09-30": "303.00000", "2017-06-30": "245.70000", "2017-03-31": "", "2016-12-31": "", "2016-09-30": "", "2016-06-30": "", "2015-12-31": "228.32000", "2014-12-31": ""}, "Receivables": {"2020-09-30": "934.60000", "2020-06-30": "922.20000", "2020-03-31": "1027.50000", "2019-12-31": "459.10000", "2019-09-30": "458.40000", "2019-06-30": "498.60000", "2019-03-31": "509.90000", "2018-12-31": "525.40000", "2018-09-30": "525.00000", "2018-06-30": "495.50000", "2018-03-31": "541.60000", "2017-12-31": "536.30000", "2017-09-30": "531.60000", "2017-06-30": "475.20000", "2017-03-31": "", "2016-12-31": "", "2016-09-30": "", "2016-06-30": "", "2015-12-31": "403.25000", "2014-12-31": ""}, "Inventory": {"2020-09-30": "1007.40000", "2020-06-30": "1026.40000", "2020-03-31": "1088.10000", "2019-12-31": "502.50000", "2019-09-30": "539.30000", "2019-06-30": "557.60000", "2019-03-31": "555.10000", "2018-12-31": "523.90000", "2018-09-30": "550.10000", "2018-06-30": "555.60000", "2018-03-31": "567.20000", "2017-12-31": "494.50000", "2017-09-30": "507.60000", "2017-06-30": "485.80000", "2017-03-31": "", "2016-12-31": "", "2016-09-30": "", "2016-06-30": "", "2015-12-31": "474.95000", "2014-12-31": ""}, "Pre-Paid Expenses": {"2020-09-30": "", "2020-06-30": "", "2020-03-31": "", "2019-12-31": "", "2019-09-30": "", "2019-06-30": "", "2019-03-31": "", "2018-12-31": "", "2018-09-30": "", "2018-06-30": "", "2018-03-31": "", "2017-12-31": "", "2017-09-30": "", "2017-06-30": "", "2017-03-31": "", "2016-12-31": "", "2016-09-30": "", "2016-06-30": "", "2015-12-31": "", "2014-12-31": ""}, "Other Current Assets": {"2020-09-30": "204.50000", "2020-06-30": "204.60000", "2020-03-31": "258.10000", "2019-12-31": "76.80000", "2019-09-30": "90.00000", "2019-06-30": "90.20000", "2019-03-31": "69.60000", "2018-12-31": "60.70000", "2018-09-30": "63.40000", "2018-06-30": "56.70000", "2018-03-31": "50.80000", "2017-12-31": "39.50000", "2017-09-30": "61.20000", "2017-06-30": "59.80000", "2017-03-31": "", "2016-12-31": "", "2016-09-30": "", "2016-06-30": "", "2015-12-31": "", "2014-12-31": ""}, "Total Current Assets": {"2020-09-30": "3459.80000", "2020-06-30": "3326.80000", "2020-03-31": "2929.40000", "2019-12-31": "1543.90000", "2019-09-30": "1494.10000", "2019-06-30": "1463.90000", "2019-03-31": "1398.30000", "2018-12-31": "1331.20000", "2018-09-30": "1407.50000", "2018-06-30": "1445.60000", "2018-03-31": "1513.40000", "2017-12-31": "1463.60000", "2017-09-30": "1403.40000", "2017-06-30": "1266.50000", "2017-03-31": "", "2016-12-31": "", "2016-09-30": "", "2016-06-30": "", "2015-12-31": "1157.35000", "2014-12-31": ""}, "Property, Plant, And Equipment": {"2020-09-30": "807.90000", "2020-06-30": "832.00000", "2020-03-31": "829.00000", "2019-12-31": "326.60000", "2019-09-30": "334.00000", "2019-06-30": "345.10000", "2019-03-31": "349.50000", "2018-12-31": "356.60000", "2018-09-30": "346.90000", "2018-06-30": "353.90000", "2018-03-31": "365.30000", "2017-12-31": "363.20000", "2017-09-30": "352.00000", "2017-06-30": "356.20000", "2017-03-31": "", "2016-12-31": "", "2016-09-30": "", "2016-06-30": "", "2015-12-31": "445.16000", "2014-12-31": ""}, "Long-Term Investments": {"2020-09-30": "", "2020-06-30": "", "2020-03-31": "", "2019-12-31": "", "2019-09-30": "", "2019-06-30": "", "2019-03-31": "", "2018-12-31": "", "2018-09-30": "", "2018-06-30": "", "2018-03-31": "", "2017-12-31": "", "2017-09-30": "", "2017-06-30": "", "2017-03-31": "", "2016-12-31": "", "2016-09-30": "", "2016-06-30": "", "2015-12-31": "", "2014-12-31": ""}, "Goodwill And Intangible Assets": {"2020-09-30": "10989.60000", "2020-06-30": "10903.80000", "2020-03-31": "11183.10000", "2019-12-31": "2542.70000", "2019-09-30": "2532.30000", "2019-06-30": "2588.70000", "2019-03-31": "2618.60000", "2018-12-31": "2657.90000", "2018-09-30": "2625.20000", "2018-06-30": "2668.50000", "2018-03-31": "2757.50000", "2017-12-31": "2658.80000", "2017-09-30": "2666.60000", "2017-06-30": "2659.90000", "2017-03-31": "0.00000", "2016-12-31": "", "2016-09-30": "0.00000", "2016-06-30": "0.00000", "2015-12-31": "0.00000", "2014-12-31": "0.00000"}, "Other Long-Term Assets": {"2020-09-30": "343.60000", "2020-06-30": "357.00000", "2020-03-31": "382.10000", "2019-12-31": "212.20000", "2019-09-30": "192.30000", "2019-06-30": "195.50000", "2019-03-31": "199.20000", "2018-12-31": "140.10000", "2018-09-30": "135.70000", "2018-06-30": "135.50000", "2018-03-31": "138.10000", "2017-12-31": "134.60000", "2017-09-30": "129.70000", "2017-06-30": "139.40000", "2017-03-31": "", "2016-12-31": "", "2016-09-30": "", "2016-06-30": "", "2015-12-31": "", "2014-12-31": ""}, "Total Long-Term Assets": {"2020-09-30": "12150.70000", "2020-06-30": "12106.50000", "2020-03-31": "12428.90000", "2019-12-31": "3084.50000", "2019-09-30": "3059.70000", "2019-06-30": "3130.40000", "2019-03-31": "3168.50000", "2018-12-31": "3155.90000", "2018-09-30": "3108.90000", "2018-06-30": "3159.00000", "2018-03-31": "3262.00000", "2017-12-31": "3157.60000", "2017-09-30": "3149.20000", "2017-06-30": "3156.40000", "2017-03-31": "", "2016-12-31": "", "2016-09-30": "", "2016-06-30": "", "2015-12-31": "445.16000", "2014-12-31": ""}, "Total Assets": {"2020-09-30": "15610.50000", "2020-06-30": "15433.30000", "2020-03-31": "15358.30000", "2019-12-31": "4628.40000", "2019-09-30": "4553.80000", "2019-06-30": "4594.30000", "2019-03-31": "4566.80000", "2018-12-31": "4487.10000", "2018-09-30": "4516.40000", "2018-06-30": "4604.60000", "2018-03-31": "4775.40000", "2017-12-31": "4621.20000", "2017-09-30": "4552.60000", "2017-06-30": "4422.90000", "2017-03-31": "0.00000", "2016-12-31": "0.00000", "2016-09-30": "0.00000", "2016-06-30": "0.00000", "2015-12-31": "4462.04000", "2014-12-31": "0.00000"}, "Total Current Liabilities": {"2020-09-30": "1425.80000", "2020-06-30": "1478.20000", "2020-03-31": "1390.00000", "2019-12-31": "574.60000", "2019-09-30": "595.80000", "2019-06-30": "591.30000", "2019-03-31": "616.20000", "2018-12-31": "596.40000", "2018-09-30": "586.80000", "2018-06-30": "571.40000", "2018-03-31": "611.10000", "2017-12-31": "561.80000", "2017-09-30": "559.60000", "2017-06-30": "500.70000", "2017-03-31": "", "2016-12-31": "", "2016-09-30": "", "2016-06-30": "", "2015-12-31": "431.27000", "2014-12-31": ""}, "Long Term Debt": {"2020-09-30": "3837.20000", "2020-06-30": "3816.70000", "2020-03-31": "3427.10000", "2019-12-31": "1603.80000", "2019-09-30": "1593.80000", "2019-06-30": "1623.50000", "2019-03-31": "1622.30000", "2018-12-31": "1664.20000", "2018-09-30": "1747.40000", "2018-06-30": "1903.50000", "2018-03-31": "2034.00000", "2017-12-31": "2019.30000", "2017-09-30": "2006.90000", "2017-06-30": "1976.60000", "2017-03-31": "", "2016-12-31": "", "2016-09-30": "", "2016-06-30": "", "2015-12-31": "2769.45000", "2014-12-31": ""}, "Other Non-Current Liabilities": {"2020-09-30": "337.00000", "2020-06-30": "312.20000", "2020-03-31": "405.30000", "2019-12-31": "229.40000", "2019-09-30": "214.10000", "2019-06-30": "230.20000", "2019-03-31": "234.90000", "2018-12-31": "190.20000", "2018-09-30": "189.00000", "2018-06-30": "207.40000", "2018-03-31": "214.10000", "2017-12-31": "226.00000", "2017-09-30": "175.30000", "2017-06-30": "186.90000", "2017-03-31": "", "2016-12-31": "", "2016-09-30": "", "2016-06-30": "", "2015-12-31": "", "2014-12-31": ""}, "Total Long Term Liabilities": {"2020-09-30": "5354.80000", "2020-06-30": "5313.30000", "2020-03-31": "5212.80000", "2019-12-31": "2183.90000", "2019-09-30": "2167.50000", "2019-06-30": "2217.70000", "2019-03-31": "2212.90000", "2018-12-31": "2214.70000", "2018-09-30": "2306.20000", "2018-06-30": "2464.10000", "2018-03-31": "2596.60000", "2017-12-31": "2582.60000", "2017-09-30": "2721.20000", "2017-06-30": "2713.20000", "2017-03-31": "", "2016-12-31": "", "2016-09-30": "", "2016-06-30": "", "2015-12-31": "2769.45000", "2014-12-31": ""}, "Total Liabilities": {"2020-09-30": "6780.60000", "2020-06-30": "6791.50000", "2020-03-31": "6602.80000", "2019-12-31": "2758.50000", "2019-09-30": "2763.30000", "2019-06-30": "2809.00000", "2019-03-31": "2829.10000", "2018-12-31": "2811.10000", "2018-09-30": "2893.00000", "2018-06-30": "3035.50000", "2018-03-31": "3207.70000", "2017-12-31": "3144.40000", "2017-09-30": "3280.80000", "2017-06-30": "3213.90000", "2017-03-31": "0.00000", "2016-12-31": "", "2016-09-30": "0.00000", "2016-06-30": "0.00000", "2015-12-31": "4056.51000", "2014-12-31": "0.00000"}, "Common Stock Net": {"2020-09-30": "4.20000", "2020-06-30": "4.20000", "2020-03-31": "4.20000", "2019-12-31": "2.10000", "2019-09-30": "2.10000", "2019-06-30": "2.10000", "2019-03-31": "2.00000", "2018-12-31": "2.00000", "2018-09-30": "2.00000", "2018-06-30": "2.00000", "2018-03-31": "2.00000", "2017-12-31": "2.00000", "2017-09-30": "2.00000", "2017-06-30": "2.00000", "2017-03-31": "0.00000", "2016-12-31": "", "2016-09-30": "0.00000", "2016-06-30": "0.00000", "2015-12-31": "0.00000", "2014-12-31": "0.00000"}, "Retained Earnings (Accumulated Deficit)": {"2020-09-30": "-327.30000", "2020-06-30": "-356.80000", "2020-03-31": "-179.20000", "2019-12-31": "-141.40000", "2019-09-30": "-167.10000", "2019-06-30": "-208.40000", "2019-03-31": "-253.40000", "2018-12-31": "-308.70000", "2018-09-30": "-403.20000", "2018-06-30": "-475.40000", "2018-03-31": "-535.70000", "2017-12-31": "-577.80000", "2017-09-30": "-721.40000", "2017-06-30": "-749.50000", "2017-03-31": "", "2016-12-31": "", "2016-09-30": "", "2016-06-30": "", "2015-12-31": "-559.61000", "2014-12-31": ""}, "Comprehensive Income": {"2020-09-30": "-147.40000", "2020-06-30": "-293.20000", "2020-03-31": "-344.10000", "2019-12-31": "-256.00000", "2019-09-30": "-302.50000", "2019-06-30": "-258.90000", "2019-03-31": "-253.20000", "2018-12-31": "-247.00000", "2018-09-30": "-226.40000", "2018-06-30": "-213.40000", "2018-03-31": "-153.30000", "2017-12-31": "-199.80000", "2017-09-30": "-251.70000", "2017-06-30": "-281.70000", "2017-03-31": "", "2016-12-31": "", "2016-09-30": "", "2016-06-30": "", "2015-12-31": "", "2014-12-31": ""}, "Other Share Holders Equity": {"2020-09-30": "", "2020-06-30": "", "2020-03-31": "", "2019-12-31": "", "2019-09-30": "", "2019-06-30": "", "2019-03-31": "", "2018-12-31": "", "2018-09-30": "", "2018-06-30": "", "2018-03-31": "", "2017-12-31": "", "2017-09-30": "", "2017-06-30": "", "2017-03-31": "0.00000", "2016-12-31": "", "2016-09-30": "0.00000", "2016-06-30": "0.00000", "2015-12-31": "0.00000", "2014-12-31": "0.00000"}, "Share Holder Equity": {"2020-09-30": "8829.90000", "2020-06-30": "8641.80000", "2020-03-31": "8755.50000", "2019-12-31": "1869.90000", "2019-09-30": "1790.50000", "2019-06-30": "1785.30000", "2019-03-31": "1737.70000", "2018-12-31": "1676.00000", "2018-09-30": "1623.40000", "2018-06-30": "1569.10000", "2018-03-31": "1567.70000", "2017-12-31": "1476.80000", "2017-09-30": "1271.80000", "2017-06-30": "1209.00000", "2017-03-31": "0.00000", "2016-12-31": "", "2016-09-30": "0.00000", "2016-06-30": "0.00000", "2015-12-31": "405.53000", "2014-12-31": "0.00000"}, "Total Liabilities And Share Holders Equity": {"2020-09-30": "15610.50000", "2020-06-30": "15433.30000", "2020-03-31": "15358.30000", "2019-12-31": "4628.40000", "2019-09-30": "4553.80000", "2019-06-30": "4594.30000", "2019-03-31": "4566.80000", "2018-12-31": "4487.10000", "2018-09-30": "4516.40000", "2018-06-30": "4604.60000", "2018-03-31": "4775.40000", "2017-12-31": "4621.20000", "2017-09-30": "4552.60000", "2017-06-30": "4422.90000", "2017-03-31": "0.00000", "2016-12-31": "", "2016-09-30": "0.00000", "2016-06-30": "0.00000", "2015-12-31": "0.00000", "2014-12-31": "0.00000"}}, "cash flow statement": {"Net Income/Loss": {"2019-12-31": "159.10000", "2018-12-31": "269.40000", "2017-12-31": "18.50000", "2016-12-31": "-31.30000", "2015-12-31": "-352.00000", "2014-12-31": "-135.92500"}, "Total Depreciation And Amortization - Cash Flow": {"2019-12-31": "178.10000", "2018-12-31": "180.40000", "2017-12-31": "175.40000", "2016-12-31": "198.00000", "2015-12-31": "584.40000", "2014-12-31": "395.37300"}, "Other Non-Cash Items": {"2019-12-31": "10.50000", "2018-12-31": "5.10000", "2017-12-31": "23.20000", "2016-12-31": "-92.40000", "2015-12-31": "-68.90000", "2014-12-31": "-24.79400"}, "Total Non-Cash Items": {"2019-12-31": "188.60000", "2018-12-31": "185.50000", "2017-12-31": "198.60000", "2016-12-31": "105.60000", "2015-12-31": "515.49990", "2014-12-31": "370.57890"}, "Change In Accounts Receivable": {"2019-12-31": "54.70000", "2018-12-31": "13.20000", "2017-12-31": "-65.70000", "2016-12-31": "-48.80000", "2015-12-31": "83.90000", "2014-12-31": "-69.98100"}, "Change In Inventories": {"2019-12-31": "18.70000", "2018-12-31": "-13.00000", "2017-12-31": "-22.70000", "2016-12-31": "23.50000", "2015-12-31": "-27.80000", "2014-12-31": "-51.00800"}, "Change In Accounts Payable": {"2019-12-31": "-9.20000", "2018-12-31": "69.60000", "2017-12-31": "39.90000", "2016-12-31": "58.10000", "2015-12-31": "-46.80000", "2014-12-31": "12.19300"}, "Change In Assets/Liabilities": {"2019-12-31": "-42.50000", "2018-12-31": "-41.30000", "2017-12-31": "56.70000", "2016-12-31": "37.30000", "2015-12-31": "-31.40000", "2014-12-31": "23.54400"}, "Total Change In Assets/Liabilities": {"2019-12-31": "-4.40000", "2018-12-31": "-10.40000", "2017-12-31": "-16.60000", "2016-12-31": "91.30000", "2015-12-31": "8.60000", "2014-12-31": "-92.84900"}, "Cash Flow From Operating Activities": {"2019-12-31": "343.30000", "2018-12-31": "444.50000", "2017-12-31": "200.50000", "2016-12-31": "165.60000", "2015-12-31": "172.10000", "2014-12-31": "141.80500"}, "Net Change In Property, Plant, And Equipment": {"2019-12-31": "-42.30000", "2018-12-31": "-48.70000", "2017-12-31": "-48.20000", "2016-12-31": "-68.20000", "2015-12-31": "-57.80000", "2014-12-31": "-73.08700"}, "Net Change In Intangible Assets": {"2019-12-31": "", "2018-12-31": "", "2017-12-31": "", "2016-12-31": "", "2015-12-31": "", "2014-12-31": ""}, "Net Acquisitions/Divestitures": {"2019-12-31": "-12.00000", "2018-12-31": "-186.30000", "2017-12-31": "-18.80000", "2016-12-31": "-13.90000", "2015-12-31": "-26.20000", "2014-12-31": "-82.31900"}, "Net Change In Short-term Investments": {"2019-12-31": "", "2018-12-31": "", "2017-12-31": "", "2016-12-31": "", "2015-12-31": "", "2014-12-31": ""}, "Net Change In Long-Term Investments": {"2019-12-31": "", "2018-12-31": "", "2017-12-31": "6.20000", "2016-12-31": "", "2015-12-31": "", "2014-12-31": ""}, "Net Change In Investments - Total": {"2019-12-31": "", "2018-12-31": "", "2017-12-31": "6.20000", "2016-12-31": "", "2015-12-31": "", "2014-12-31": ""}, "Investing Activities - Other": {"2019-12-31": "", "2018-12-31": "", "2017-12-31": "", "2016-12-31": "", "2015-12-31": "", "2014-12-31": ""}, "Cash Flow From Investing Activities": {"2019-12-31": "-54.30000", "2018-12-31": "-235.00000", "2017-12-31": "-60.80000", "2016-12-31": "-82.10000", "2015-12-31": "-84.00000", "2014-12-31": "-155.40600"}, "Net Long-Term Debt": {"2019-12-31": "-32.80000", "2018-12-31": "-337.60000", "2017-12-31": "-868.60010", "2016-12-31": "-25.50000", "2015-12-31": "-26.50000", "2014-12-31": "-23.54700"}, "Net Current Debt": {"2019-12-31": "", "2018-12-31": "", "2017-12-31": "", "2016-12-31": "", "2015-12-31": "-6.70000", "2014-12-31": "8.45100"}, "Debt Issuance/Retirement Net - Total": {"2019-12-31": "-32.80000", "2018-12-31": "-337.60000", "2017-12-31": "-868.60010", "2016-12-31": "-25.50000", "2015-12-31": "-33.20000", "2014-12-31": "-15.09600"}, "Net Common Equity Issued/Repurchased": {"2019-12-31": "24.10000", "2018-12-31": "-33.90000", "2017-12-31": "884.80000", "2016-12-31": "-10.80000", "2015-12-31": "2.10000", "2014-12-31": "12.55700"}, "Net Total Equity Issued/Repurchased": {"2019-12-31": "24.10000", "2018-12-31": "-33.90000", "2017-12-31": "884.80000", "2016-12-31": "-10.80000", "2015-12-31": "2.10000", "2014-12-31": "12.55700"}, "Total Common And Preferred Stock Dividends Paid": {"2019-12-31": "", "2018-12-31": "", "2017-12-31": "", "2016-12-31": "", "2015-12-31": "", "2014-12-31": ""}, "Financial Activities - Other": {"2019-12-31": "-2.80000", "2018-12-31": "-1.50000", "2017-12-31": "-33.60000", "2016-12-31": "-6.70000", "2015-12-31": "-3.90000", "2014-12-31": "-1.15900"}, "Cash Flow From Financial Activities": {"2019-12-31": "-11.50000", "2018-12-31": "-373.00000", "2017-12-31": "-17.40000", "2016-12-31": "-43.00000", "2015-12-31": "-35.00000", "2014-12-31": "-3.69800"}, "Net Cash Flow": {"2019-12-31": "284.30000", "2018-12-31": "-172.10000", "2017-12-31": "137.50000", "2016-12-31": "27.50000", "2015-12-31": "44.10000", "2014-12-31": "-34.50700"}, "Stock-Based Compensation": {"2019-12-31": "19.20000", "2018-12-31": "2.80000", "2017-12-31": "175.00000", "2016-12-31": "0.00000", "2015-12-31": "", "2014-12-31": ""}, "Common Stock Dividends Paid": {"2019-12-31": "", "2018-12-31": "", "2017-12-31": "", "2016-12-31": "", "2015-12-31": "", "2014-12-31": ""}}, "cash flow statement, quarterly": {"Net Income/Loss": {"2020-09-30": 29.9, "2020-06-30": -176.6, "2020-03-31": "-36.80000", "2019-12-31": 25.7, "2019-09-30": 41.3, "2019-06-30": 45, "2019-03-31": "47.10000", "2018-12-31": 94.5, "2018-09-30": 72.2, "2018-06-30": 60.3, "2018-03-31": "42.40000", "2017-12-31": 143.6, "2017-09-30": 28.1, "2017-06-30": -146.2, "2017-03-31": "-7.00000", "2016-12-31": -4.29, "2016-09-30": -13, "2016-06-30": -14, "2015-12-31": 0, "2014-12-31": 0}, "Total Depreciation And Amortization - Cash Flow": {"2020-09-30": 162.7, "2020-06-30": 144.5, "2020-03-31": "72.30000", "2019-12-31": 45.2, "2019-09-30": 43, "2019-06-30": 44.4, "2019-03-31": "45.50000", "2018-12-31": 45.8, "2018-09-30": 44.4, "2018-06-30": 45.2, "2018-03-31": "45.00000", "2017-12-31": 48.5, "2017-09-30": 43.4, "2017-06-30": 43.8, "2017-03-31": "39.70000", "2016-12-31": 69.57, "2016-09-30": 42.9, "2016-06-30": 85.5, "2015-12-31": 0, "2014-12-31": 0}, "Other Non-Cash Items": {"2020-09-30": -6.1, "2020-06-30": 102.5, "2020-03-31": "7.00000", "2019-12-31": -6.1, "2019-09-30": -7.1, "2019-06-30": 18.1, "2019-03-31": "5.60000", "2018-12-31": -27.8, "2018-09-30": 19.3, "2018-06-30": 6, "2018-03-31": "7.60000", "2017-12-31": -167.5, "2017-09-30": 37, "2017-06-30": 156.3, "2017-03-31": "-2.60000", "2016-12-31": 46.8, "2016-09-30": -31.7, "2016-06-30": -15.1, "2015-12-31": 0, "2014-12-31": 0}, "Total Non-Cash Items": {"2020-09-30": 156.6, "2020-06-30": 247, "2020-03-31": "79.30000", "2019-12-31": 39.1, "2019-09-30": 35.9, "2019-06-30": 62.5, "2019-03-31": "51.10000", "2018-12-31": 18, "2018-09-30": 63.7, "2018-06-30": 51.2, "2018-03-31": "52.60000", "2017-12-31": -119, "2017-09-30": 80.4, "2017-06-30": 200.1, "2017-03-31": "37.10000", "2016-12-31": 116.37, "2016-09-30": 11.2, "2016-06-30": 70.4, "2015-12-31": 0, "2014-12-31": 0}, "Change In Accounts Receivable": {"2020-09-30": -3, "2020-06-30": 115.6, "2020-03-31": "-4.10000", "2019-12-31": 7, "2019-09-30": 30.5, "2019-06-30": 11.8, "2019-03-31": "5.40000", "2018-12-31": 2.7, "2018-09-30": -32.7, "2018-06-30": 33.2, "2018-03-31": "10.00000", "2017-12-31": 0.2, "2017-09-30": -49.9, "2017-06-30": -27.1, "2017-03-31": "11.10000", "2016-12-31": -18.1, "2016-09-30": 1.5, "2016-06-30": 16.6, "2015-12-31": 0, "2014-12-31": 0}, "Change In Inventories": {"2020-09-30": 102.6, "2020-06-30": 15.8, "2020-03-31": "-23.60000", "2019-12-31": 44.9, "2019-09-30": 8.8, "2019-06-30": -1.5, "2019-03-31": "-33.50000", "2018-12-31": 31.7, "2018-09-30": 2.1, "2018-06-30": -3.9, "2018-03-31": "-42.90000", "2017-12-31": 13.7, "2017-09-30": -15, "2017-06-30": -6, "2017-03-31": "-15.40000", "2016-12-31": 3.8, "2016-09-30": 13.2, "2016-06-30": -17, "2015-12-31": 0, "2014-12-31": 0}, "Change In Accounts Payable": {"2020-09-30": -73.2, "2020-06-30": -79.1, "2020-03-31": "105.60000", "2019-12-31": -18.9, "2019-09-30": 10.5, "2019-06-30": -9.6, "2019-03-31": "8.80000", "2018-12-31": 12.4, "2018-09-30": 11.9, "2018-06-30": 36.9, "2018-03-31": "8.40000", "2017-12-31": 0.1, "2017-09-30": 18, "2017-06-30": 18.6, "2017-03-31": "3.20000", "2016-12-31": -21.3, "2016-09-30": 17, "2016-06-30": 4.3, "2015-12-31": 0, "2014-12-31": 0}, "Change In Assets/Liabilities": {"2020-09-30": 12.7, "2020-06-30": -53.1, "2020-03-31": "27.10000", "2019-12-31": 16.4, "2019-09-30": -2.8, "2019-06-30": -30.5, "2019-03-31": "-25.60000", "2018-12-31": -8.3, "2018-09-30": -22, "2018-06-30": 1.3, "2018-03-31": "-12.30000", "2017-12-31": 83, "2017-09-30": -15.5, "2017-06-30": 0.2, "2017-03-31": "-11.00000", "2016-12-31": -12.7, "2016-09-30": 16.1, "2016-06-30": -3.4, "2015-12-31": 0, "2014-12-31": 0}, "Total Change In Assets/Liabilities": {"2020-09-30": 0.2, "2020-06-30": 177, "2020-03-31": "25.90000", "2019-12-31": 34.2, "2019-09-30": 37, "2019-06-30": -46.2, "2019-03-31": "-29.40000", "2018-12-31": 33.7, "2018-09-30": -32.1, "2018-06-30": 22.8, "2018-03-31": "-34.80000", "2017-12-31": 92, "2017-09-30": -44.6, "2017-06-30": -31.3, "2017-03-31": "-32.70000", "2016-12-31": 39.06, "2016-09-30": 39.6, "2016-06-30": 12.6, "2015-12-31": 0, "2014-12-31": 0}, "Cash Flow From Operating Activities": {"2020-09-30": 186.7, "2020-06-30": 247.4, "2020-03-31": "68.40000", "2019-12-31": 99, "2019-09-30": 114.2, "2019-06-30": 61.3, "2019-03-31": "68.80000", "2018-12-31": 146.2, "2018-09-30": 103.8, "2018-06-30": 134.3, "2018-03-31": "60.20000", "2017-12-31": 116.6, "2017-09-30": 63.9, "2017-06-30": 22.6, "2017-03-31": "-2.60000", "2016-12-31": 58.84, "2016-09-30": 37.8, "2016-06-30": 69, "2015-12-31": 0, "2014-12-31": 0}, "Net Change In Property, Plant, And Equipment": {"2020-09-30": -7.9, "2020-06-30": -15.8, "2020-03-31": "-8.20000", "2019-12-31": -9.2, "2019-09-30": -9.1, "2019-06-30": -9.8, "2019-03-31": "-14.20000", "2018-12-31": -19.7, "2018-09-30": -11.2, "2018-06-30": -10.7, "2018-03-31": "-7.10000", "2017-12-31": -17.7, "2017-09-30": -8.7, "2017-06-30": -5.5, "2017-03-31": "-16.30000", "2016-12-31": -22.29, "2016-09-30": -20.1, "2016-06-30": -25.8, "2015-12-31": 0, "2014-12-31": 0}, "Net Change In Intangible Assets": {"2020-09-30": 0, "2020-06-30": 0, "2020-03-31": "", "2019-12-31": 0, "2019-09-30": 0, "2019-06-30": 0, "2019-03-31": "", "2018-12-31": 0, "2018-09-30": 0, "2018-06-30": 0, "2018-03-31": "", "2017-12-31": 0, "2017-09-30": 0, "2017-06-30": 0, "2017-03-31": "", "2016-12-31": 0, "2016-09-30": 0, "2016-06-30": 0, "2015-12-31": 0, "2014-12-31": 0}, "Net Acquisitions/Divestitures": {"2020-09-30": -31.9, "2020-06-30": 0, "2020-03-31": "41.30000", "2019-12-31": 0, "2019-09-30": -11.5, "2019-06-30": 0, "2019-03-31": "-0.50000", "2018-12-31": -72.7, "2018-09-30": 0, "2018-06-30": -18.7, "2018-03-31": "-94.90000", "2017-12-31": 0, "2017-09-30": 0, "2017-06-30": -18.5, "2017-03-31": "-0.30000", "2016-12-31": 0.02, "2016-09-30": -13.9, "2016-06-30": 0, "2015-12-31": 0, "2014-12-31": 0}, "Net Change In Short-term Investments": {"2020-09-30": 0, "2020-06-30": 0, "2020-03-31": "", "2019-12-31": 0, "2019-09-30": 0, "2019-06-30": 0, "2019-03-31": "", "2018-12-31": 0, "2018-09-30": 0, "2018-06-30": 0, "2018-03-31": "", "2017-12-31": 0, "2017-09-30": 0, "2017-06-30": 0, "2017-03-31": "", "2016-12-31": 0, "2016-09-30": 0, "2016-06-30": 0, "2015-12-31": 0, "2014-12-31": 0}, "Net Change In Long-Term Investments": {"2020-09-30": 0, "2020-06-30": 0, "2020-03-31": "", "2019-12-31": 0, "2019-09-30": 0, "2019-06-30": 0, "2019-03-31": "", "2018-12-31": 0, "2018-09-30": 0, "2018-06-30": 0, "2018-03-31": "", "2017-12-31": 0, "2017-09-30": 6.2, "2017-06-30": 0, "2017-03-31": "", "2016-12-31": 0, "2016-09-30": 0, "2016-06-30": 0, "2015-12-31": 0, "2014-12-31": 0}, "Net Change In Investments - Total": {"2020-09-30": 0, "2020-06-30": 0, "2020-03-31": "", "2019-12-31": 0, "2019-09-30": 0, "2019-06-30": 0, "2019-03-31": "", "2018-12-31": 0, "2018-09-30": 0, "2018-06-30": 0, "2018-03-31": "", "2017-12-31": 0, "2017-09-30": 6.2, "2017-06-30": 0, "2017-03-31": "", "2016-12-31": 0, "2016-09-30": 0, "2016-06-30": 0, "2015-12-31": 0, "2014-12-31": 0}, "Investing Activities - Other": {"2020-09-30": 0, "2020-06-30": 0, "2020-03-31": "", "2019-12-31": 0, "2019-09-30": 0, "2019-06-30": 0, "2019-03-31": "", "2018-12-31": 0, "2018-09-30": 0, "2018-06-30": 0, "2018-03-31": "", "2017-12-31": 0, "2017-09-30": 0, "2017-06-30": 0, "2017-03-31": "", "2016-12-31": 0, "2016-09-30": 0, "2016-06-30": 0, "2015-12-31": 0, "2014-12-31": 0}, "Cash Flow From Investing Activities": {"2020-09-30": -39.8, "2020-06-30": -15.8, "2020-03-31": "33.10000", "2019-12-31": -9.2, "2019-09-30": -20.6, "2019-06-30": -9.8, "2019-03-31": "-14.70000", "2018-12-31": -92.4, "2018-09-30": -11.2, "2018-06-30": -29.4, "2018-03-31": "-102.00000", "2017-12-31": -17.7, "2017-09-30": -2.5, "2017-06-30": -24, "2017-03-31": "-16.60000", "2016-12-31": -22.27, "2016-09-30": -34, "2016-06-30": -25.8, "2015-12-31": 0, "2014-12-31": 0}, "Net Long-Term Debt": {"2020-09-30": -9.6, "2020-06-30": 385.1, "2020-03-31": "-4.60000", "2019-12-31": -2, "2019-09-30": -2, "2019-06-30": -1.9, "2019-03-31": "-26.90000", "2018-12-31": -75.2, "2018-09-30": -151.9, "2018-06-30": -105.2, "2018-03-31": "-5.30000", "2017-12-31": -7.1001, "2017-09-30": -2.1, "2017-06-30": -853.3, "2017-03-31": "-6.10000", "2016-12-31": 19.1, "2016-09-30": -6.2, "2016-06-30": -12.9, "2015-12-31": 0, "2014-12-31": 0}, "Net Current Debt": {"2020-09-30": 0, "2020-06-30": 0, "2020-03-31": "", "2019-12-31": 0, "2019-09-30": 0, "2019-06-30": 0, "2019-03-31": "", "2018-12-31": 0, "2018-09-30": 0, "2018-06-30": 0, "2018-03-31": "", "2017-12-31": 0, "2017-09-30": 0, "2017-06-30": 0, "2017-03-31": "", "2016-12-31": 0, "2016-09-30": 0, "2016-06-30": 0, "2015-12-31": 0, "2014-12-31": 0}, "Debt Issuance/Retirement Net - Total": {"2020-09-30": -9.6, "2020-06-30": 385.1, "2020-03-31": "-4.60000", "2019-12-31": -2, "2019-09-30": -2, "2019-06-30": -1.9, "2019-03-31": "-26.90000", "2018-12-31": -75.2, "2018-09-30": -151.9, "2018-06-30": -105.2, "2018-03-31": "-5.30000", "2017-12-31": -7.1001, "2017-09-30": -2.1, "2017-06-30": -853.3, "2017-03-31": "-6.10000", "2016-12-31": -6.39, "2016-09-30": -6.2, "2016-06-30": -12.9, "2015-12-31": 0, "2014-12-31": 0}, "Net Common Equity Issued/Repurchased": {"2020-09-30": 5.8, "2020-06-30": 3.6, "2020-03-31": "1.90000", "2019-12-31": 4.1, "2019-09-30": 5, "2019-06-30": 5.4, "2019-03-31": "9.60000", "2018-12-31": -23.5, "2018-09-30": -6.4, "2018-06-30": -1.1, "2018-03-31": "-2.90000", "2017-12-31": -0.7, "2017-09-30": -4.5, "2017-06-30": 897.1, "2017-03-31": "-7.10000", "2016-12-31": 9.7, "2016-09-30": -2, "2016-06-30": -7.7, "2015-12-31": 0, "2014-12-31": 0}, "Net Total Equity Issued/Repurchased": {"2020-09-30": 5.8, "2020-06-30": 3.6, "2020-03-31": "1.90000", "2019-12-31": 4.1, "2019-09-30": 5, "2019-06-30": 5.4, "2019-03-31": "9.60000", "2018-12-31": -23.5, "2018-09-30": -6.4, "2018-06-30": -1.1, "2018-03-31": "-2.90000", "2017-12-31": -0.7, "2017-09-30": -4.5, "2017-06-30": 897.1, "2017-03-31": "-7.10000", "2016-12-31": -1.15, "2016-09-30": -2, "2016-06-30": -7.7, "2015-12-31": 0, "2014-12-31": 0}, "Total Common And Preferred Stock Dividends Paid": {"2020-09-30": 0, "2020-06-30": 0, "2020-03-31": "", "2019-12-31": 0, "2019-09-30": 0, "2019-06-30": 0, "2019-03-31": "", "2018-12-31": 0, "2018-09-30": 0, "2018-06-30": 0, "2018-03-31": "", "2017-12-31": 0, "2017-09-30": 0, "2017-06-30": 0, "2017-03-31": "", "2016-12-31": 0, "2016-09-30": 0, "2016-06-30": 0, "2015-12-31": 0, "2014-12-31": 0}, "Financial Activities - Other": {"2020-09-30": -15.2, "2020-06-30": -9.9, "2020-03-31": "-39.20000", "2019-12-31": -0.5, "2019-09-30": 0, "2019-06-30": -2.3, "2019-03-31": "", "2018-12-31": -1.5, "2018-09-30": 0, "2018-06-30": 0, "2018-03-31": "", "2017-12-31": -1.4, "2017-09-30": -2.4, "2017-06-30": -29.7, "2017-03-31": "-0.10000", "2016-12-31": -4.66, "2016-09-30": -0.1, "2016-06-30": -1.9, "2015-12-31": 0, "2014-12-31": 0}, "Cash Flow From Financial Activities": {"2020-09-30": -19, "2020-06-30": 378.8, "2020-03-31": "-41.90000", "2019-12-31": 1.6, "2019-09-30": 3, "2019-06-30": 1.2, "2019-03-31": "-17.30000", "2018-12-31": -100.2, "2018-09-30": -158.3, "2018-06-30": -106.3, "2018-03-31": "-8.20000", "2017-12-31": -9.2, "2017-09-30": -9, "2017-06-30": 14.1, "2017-03-31": "-13.30000", "2016-12-31": -12.2, "2016-09-30": -8.3, "2016-06-30": -22.5, "2015-12-31": 0, "2014-12-31": 0}, "Net Cash Flow": {"2020-09-30": 139.7, "2020-06-30": 617.9, "2020-03-31": "50.20000", "2019-12-31": 99.1, "2019-09-30": 88.9, "2019-06-30": 53.8, "2019-03-31": "42.50000", "2018-12-31": -47.8, "2018-09-30": -68.8, "2018-06-30": -16, "2018-03-31": "-39.50000", "2017-12-31": 90.3, "2017-09-30": 57.3, "2017-06-30": 20.1, "2017-03-31": "-30.20000", "2016-12-31": 13.58, "2016-09-30": -4.2, "2016-06-30": 18.1, "2015-12-31": 0, "2014-12-31": 0}, "Stock-Based Compensation": {"2020-09-30": 12.8, "2020-06-30": 12.7, "2020-03-31": "3.50000", "2019-12-31": 5.8, "2019-09-30": -0.2, "2019-06-30": 6.1, "2019-03-31": "7.50000", "2018-12-31": -3.3, "2018-09-30": 0.9, "2018-06-30": 1.8, "2018-03-31": "3.40000", "2017-12-31": 9, "2017-09-30": 9.8, "2017-06-30": 156.2, "2017-03-31": "", "2016-12-31": 0, "2016-09-30": 0, "2016-06-30": 0, "2015-12-31": 0, "2014-12-31": 0}, "Common Stock Dividends Paid": {"2020-09-30": 0, "2020-06-30": 0, "2020-03-31": "", "2019-12-31": 0, "2019-09-30": 0, "2019-06-30": 0, "2019-03-31": "", "2018-12-31": 0, "2018-09-30": 0, "2018-06-30": 0, "2018-03-31": "", "2017-12-31": 0, "2017-09-30": 0, "2017-06-30": 0, "2017-03-31": "", "2016-12-31": 0, "2016-09-30": 0, "2016-06-30": 0, "2015-12-31": 0, "2014-12-31": 0}}, "financial ratios": {"Current Ratio": {"2019-12-31": "2.68690", "2018-12-31": "2.23210", "2017-12-31": "2.60520", "2016-12-31": "2.38700", "2015-12-31": "2.68350", "2014-12-31": ""}, "Long-term Debt / Capital": {"2019-12-31": "0.46170", "2018-12-31": "0.49820", "2017-12-31": "0.57760", "2016-12-31": "0.91020", "2015-12-31": "0.87230", "2014-12-31": ""}, "Debt/Equity Ratio": {"2019-12-31": "0.86180", "2018-12-31": "0.99770", "2017-12-31": "1.38150", "2016-12-31": "10.22190", "2015-12-31": "6.89180", "2014-12-31": ""}, "Gross Margin": {"2019-12-31": "37.18340", "2018-12-31": "37.64220", "2017-12-31": "37.80000", "2016-12-31": "36.95470", "2015-12-31": "36.63080", "2014-12-31": "36.45060"}, "Operating Margin": {"2019-12-31": "11.22800", "2018-12-31": "16.46960", "2017-12-31": "4.59290", "2016-12-31": "5.33670", "2015-12-31": "-9.65730", "2014-12-31": "1.87680"}, "EBIT Margin": {"2019-12-31": "11.22800", "2018-12-31": "16.46960", "2017-12-31": "4.59290", "2016-12-31": "5.33670", "2015-12-31": "-9.65730", "2014-12-31": "1.87680"}, "EBITDA Margin": {"2019-12-31": "18.49180", "2018-12-31": "23.17640", "2017-12-31": "11.97690", "2016-12-31": "15.54610", "2015-12-31": "17.81940", "2014-12-31": "17.26090"}, "Pre-Tax Profit Margin": {"2019-12-31": "7.78580", "2018-12-31": "12.99350", "2017-12-31": "-4.74450", "2016-12-31": "-3.25870", "2015-12-31": "-17.24110", "2014-12-31": "-4.39410"}, "Net Profit Margin": {"2019-12-31": "6.48880", "2018-12-31": "10.01560", "2017-12-31": "0.77460", "2016-12-31": "-1.88720", "2015-12-31": "-16.51230", "2014-12-31": "-5.25380"}, "Asset Turnover": {"2019-12-31": "0.52980", "2018-12-31": "0.59950", "2017-12-31": "0.51400", "2016-12-31": "0.44940", "2015-12-31": "0.47670", "2014-12-31": ""}, "Inventory Turnover Ratio": {"2019-12-31": "3.06510", "2018-12-31": "3.20160", "2017-12-31": "2.98790", "2016-12-31": "2.75440", "2015-12-31": "2.83780", "2014-12-31": ""}, "Receiveable Turnover": {"2019-12-31": "5.34070", "2018-12-31": "5.11950", "2017-12-31": "4.42920", "2016-12-31": "4.39180", "2015-12-31": "5.27440", "2014-12-31": ""}, "Days Sales In Receivables": {"2019-12-31": "68.34350", "2018-12-31": "71.29560", "2017-12-31": "82.40700", "2016-12-31": "83.11020", "2015-12-31": "69.20220", "2014-12-31": ""}, "ROE - Return On Equity": {"2019-12-31": "8.50850", "2018-12-31": "16.07400", "2017-12-31": "1.25270", "2016-12-31": "-11.51580", "2015-12-31": "-86.79890", "2014-12-31": ""}, "Return On Tangible Equity": {"2019-12-31": "-23.64740", "2018-12-31": "-27.43660", "2017-12-31": "-1.56510", "2016-12-31": "1.33030", "2015-12-31": "14.48770", "2014-12-31": ""}, "ROA - Return On Assets": {"2019-12-31": "3.43750", "2018-12-31": "6.00390", "2017-12-31": "0.40030", "2016-12-31": "-0.72520", "2015-12-31": "-7.88880", "2014-12-31": ""}, "ROI - Return On Investment": {"2019-12-31": "4.58010", "2018-12-31": "8.06540", "2017-12-31": "0.52920", "2016-12-31": "-1.03450", "2015-12-31": "-11.08660", "2014-12-31": ""}, "Book Value Per Share": {"2019-12-31": "9.11850", "2018-12-31": "8.45740", "2017-12-31": "7.52630", "2016-12-31": "1.82840", "2015-12-31": "2.70950", "2014-12-31": ""}, "Operating Cash Flow Per Share": {"2019-12-31": -0.4824, "2018-12-31": 1.0616, "2017-12-31": -0.0457, "2016-12-31": -0.0405, "2015-12-31": 0.1947, "2014-12-31": 0.9557}, "Free Cash Flow Per Share": {"2019-12-31": -0.452, "2018-12-31": 1.0845, "2017-12-31": 0.1556, "2016-12-31": -0.1112, "2015-12-31": 0.3009, "2014-12-31": 0.4631}}, "financial ratios, quarterly": {"Current Ratio": {"2020-09-30": "2.42660", "2020-06-30": "2.25060", "2020-03-31": "2.10750", "2019-12-31": "2.68690", "2019-09-30": "2.50770", "2019-06-30": "2.47570", "2019-03-31": "2.26920", "2018-12-31": "2.23210", "2018-09-30": "2.39860", "2018-06-30": "2.52990", "2018-03-31": "2.47650", "2017-12-31": "2.60520", "2017-09-30": "2.50790", "2017-06-30": "2.52950", "2017-03-31": "", "2016-12-31": "", "2016-09-30": "", "2016-06-30": "", "2015-12-31": "", "2014-12-31": ""}, "Long-term Debt / Capital": {"2020-09-30": "0.30290", "2020-06-30": "0.30640", "2020-03-31": "0.28130", "2019-12-31": "0.46170", "2019-09-30": "0.47090", "2019-06-30": "0.47630", "2019-03-31": "0.48280", "2018-12-31": "0.49820", "2018-09-30": "0.51840", "2018-06-30": "0.54810", "2018-03-31": "0.56470", "2017-12-31": "0.57760", "2017-09-30": "0.61210", "2017-06-30": "0.62050", "2017-03-31": "", "2016-12-31": "", "2016-09-30": "", "2016-06-30": "", "2015-12-31": "", "2014-12-31": ""}, "Debt/Equity Ratio": {"2020-09-30": "0.43910", "2020-06-30": "0.44630", "2020-03-31": "0.39550", "2019-12-31": "0.86180", "2019-09-30": "0.89440", "2019-06-30": "0.91390", "2019-03-31": "0.93810", "2018-12-31": "0.99770", "2018-09-30": "1.08120", "2018-06-30": "1.21820", "2018-03-31": "1.31090", "2017-12-31": "1.38150", "2017-09-30": "1.59460", "2017-06-30": "1.63980", "2017-03-31": "", "2016-12-31": "", "2016-09-30": "", "2016-06-30": "", "2015-12-31": "", "2014-12-31": ""}, "Gross Margin": {"2020-09-30": "36.09950", "2020-06-30": "28.47200", "2020-03-31": "30.56630", "2019-12-31": "37.19050", "2019-09-30": "37.12080", "2019-06-30": "37.25960", "2019-03-31": "37.15940", "2018-12-31": "37.72980", "2018-09-30": "38.06760", "2018-06-30": "37.30920", "2018-03-31": "37.42740", "2017-12-31": "38.12030", "2017-09-30": "39.08560", "2017-06-30": "37.28200", "2017-03-31": "36.24660", "2016-12-31": "", "2016-09-30": "35.49500", "2016-06-30": "37.12120", "2015-12-31": "", "2014-12-31": ""}, "Operating Margin": {"2020-09-30": "5.56470", "2020-06-30": "-4.12840", "2020-03-31": "-8.35100", "2019-12-31": "7.85740", "2019-09-30": "12.21720", "2019-06-30": "11.85820", "2019-03-31": "12.92920", "2018-12-31": "18.81570", "2018-09-30": "17.07530", "2018-06-30": "15.17510", "2018-03-31": "14.49320", "2017-12-31": "11.71430", "2017-09-30": "14.77830", "2017-06-30": "-17.54450", "2017-03-31": "7.63960", "2016-12-31": "", "2016-09-30": "4.36660", "2016-06-30": "5.62770", "2015-12-31": "", "2014-12-31": ""}, "EBIT Margin": {"2020-09-30": "5.56470", "2020-06-30": "-4.12840", "2020-03-31": "-8.35100", "2019-12-31": "7.85740", "2019-09-30": "12.21720", "2019-06-30": "11.85820", "2019-03-31": "12.92920", "2018-12-31": "18.81570", "2018-09-30": "17.07530", "2018-06-30": "15.17510", "2018-03-31": "14.49320", "2017-12-31": "11.71430", "2017-09-30": "14.77830", "2017-06-30": "-17.54450", "2017-03-31": "7.63960", "2016-12-31": "", "2016-09-30": "4.36660", "2016-06-30": "5.62770", "2015-12-31": "", "2014-12-31": ""}, "EBITDA Margin": {"2020-09-30": "", "2020-06-30": "", "2020-03-31": "", "2019-12-31": "", "2019-09-30": "", "2019-06-30": "", "2019-03-31": "", "2018-12-31": "", "2018-09-30": "", "2018-06-30": "", "2018-03-31": "", "2017-12-31": "", "2017-09-30": "", "2017-06-30": "", "2017-03-31": "", "2016-12-31": "", "2016-09-30": "", "2016-06-30": "", "2015-12-31": "", "2014-12-31": ""}, "Pre-Tax Profit Margin": {"2020-09-30": "3.60250", "2020-06-30": "-6.38250", "2020-03-31": "-11.96400", "2019-12-31": "4.67150", "2019-09-30": "8.42970", "2019-06-30": "8.45650", "2019-03-31": "9.52760", "2018-12-31": "15.63070", "2018-09-30": "13.75310", "2018-06-30": "11.59830", "2018-03-31": "10.61980", "2017-12-31": "8.07520", "2017-09-30": "4.98770", "2017-06-30": "-32.84410", "2017-03-31": "-1.78530", "2016-12-31": "", "2016-09-30": "-4.77730", "2016-06-30": "-3.24680", "2015-12-31": "", "2014-12-31": ""}, "Net Profit Margin": {"2020-09-30": "2.20940", "2020-06-30": "-14.04620", "2020-03-31": "-4.60060", "2019-12-31": "4.25880", "2019-09-30": "6.92140", "2019-06-30": "7.13720", "2019-03-31": "7.59310", "2018-12-31": "13.25940", "2018-09-30": "10.47440", "2018-06-30": "9.02420", "2018-03-31": "6.84310", "2017-12-31": "21.62410", "2017-09-30": "4.31030", "2017-06-30": "-25.26330", "2017-03-31": "-1.47390", "2016-12-31": "", "2016-09-30": "-2.78860", "2016-06-30": "-0.84420", "2015-12-31": "", "2014-12-31": ""}, "Asset Turnover": {"2020-09-30": "0.08550", "2020-06-30": "0.08190", "2020-03-31": "0.05210", "2019-12-31": "0.13090", "2019-09-30": "0.13100", "2019-06-30": "0.13690", "2019-03-31": "0.13580", "2018-12-31": "0.15880", "2018-09-30": "0.15260", "2018-06-30": "0.14510", "2018-03-31": "0.12970", "2017-12-31": "0.14390", "2017-09-30": "0.14270", "2017-06-30": "0.13090", "2017-03-31": "", "2016-12-31": "", "2016-09-30": "", "2016-06-30": "", "2015-12-31": "", "2014-12-31": ""}, "Inventory Turnover Ratio": {"2020-09-30": "0.84690", "2020-06-30": "0.88110", "2020-03-31": "0.51040", "2019-12-31": "0.75720", "2019-09-30": "0.69570", "2019-06-30": "0.70790", "2019-03-31": "0.70220", "2018-12-31": "0.84710", "2018-09-30": "0.77600", "2018-06-30": "0.75400", "2018-03-31": "0.68350", "2017-12-31": "0.83220", "2017-09-30": "0.77960", "2017-06-30": "0.74760", "2017-03-31": "", "2016-12-31": "", "2016-09-30": "", "2016-06-30": "", "2015-12-31": "", "2014-12-31": ""}, "Receiveable Turnover": {"2020-09-30": "1.42860", "2020-06-30": "1.37110", "2020-03-31": "0.77850", "2019-12-31": "1.31950", "2019-09-30": "1.30170", "2019-06-30": "1.26170", "2019-03-31": "1.21650", "2018-12-31": "1.35650", "2018-09-30": "1.31300", "2018-06-30": "1.34850", "2018-03-31": "1.14400", "2017-12-31": "1.24000", "2017-09-30": "1.22200", "2017-06-30": "1.21860", "2017-03-31": "", "2016-12-31": "", "2016-09-30": "", "2016-06-30": "", "2015-12-31": "", "2014-12-31": ""}, "Days Sales In Receivables": {"2020-09-30": "62.99730", "2020-06-30": "65.64220", "2020-03-31": "115.60820", "2019-12-31": "68.20570", "2019-09-30": "69.14030", "2019-06-30": "71.33050", "2019-03-31": "73.98190", "2018-12-31": "66.34770", "2018-09-30": "68.54780", "2018-06-30": "66.73900", "2018-03-31": "78.67010", "2017-12-31": "72.58200", "2017-09-30": "73.65150", "2017-06-30": "73.85250", "2017-03-31": "", "2016-12-31": "", "2016-09-30": "", "2016-06-30": "", "2015-12-31": "", "2014-12-31": ""}, "ROE - Return On Equity": {"2020-09-30": "0.33860", "2020-06-30": "-2.04240", "2020-03-31": "-0.42030", "2019-12-31": "1.37980", "2019-09-30": "2.30660", "2019-06-30": "2.51500", "2019-03-31": "2.71050", "2018-12-31": "5.63840", "2018-09-30": "4.44750", "2018-06-30": "3.84300", "2018-03-31": "2.70460", "2017-12-31": "9.73730", "2017-09-30": "2.20160", "2017-06-30": "-12.10090", "2017-03-31": "", "2016-12-31": "", "2016-09-30": "", "2016-06-30": "", "2015-12-31": "", "2014-12-31": ""}, "Return On Tangible Equity": {"2020-09-30": "-1.38450", "2020-06-30": "7.80280", "2020-03-31": "1.51590", "2019-12-31": "-3.83470", "2019-09-30": "-5.56750", "2019-06-30": "-5.58870", "2019-03-31": "-5.34680", "2018-12-31": "-9.62420", "2018-09-30": "-7.20700", "2018-06-30": "-5.48480", "2018-03-31": "-3.56360", "2017-12-31": "-12.16580", "2017-09-30": "-2.00750", "2017-06-30": "10.08340", "2017-03-31": "", "2016-12-31": "", "2016-09-30": "", "2016-06-30": "", "2015-12-31": "", "2014-12-31": ""}, "ROA - Return On Assets": {"2020-09-30": "0.19150", "2020-06-30": "-1.14360", "2020-03-31": "-0.23960", "2019-12-31": "0.55740", "2019-09-30": "0.90690", "2019-06-30": "0.97730", "2019-03-31": "1.03140", "2018-12-31": "2.10600", "2018-09-30": "1.59860", "2018-06-30": "1.30960", "2018-03-31": "0.88790", "2017-12-31": "3.11170", "2017-09-30": "0.61500", "2017-06-30": "-3.30780", "2017-03-31": "", "2016-12-31": "", "2016-09-30": "", "2016-06-30": "", "2015-12-31": "", "2014-12-31": ""}, "ROI - Return On Investment": {"2020-09-30": "0.23600", "2020-06-30": "-1.41670", "2020-03-31": "-0.30210", "2019-12-31": "0.74270", "2019-09-30": "1.22030", "2019-06-30": "1.31720", "2019-03-31": "1.40180", "2018-12-31": "2.82920", "2018-09-30": "2.14190", "2018-06-30": "1.73650", "2018-03-31": "1.17720", "2017-12-31": "4.11320", "2017-09-30": "0.85400", "2017-06-30": "-4.59250", "2017-03-31": "", "2016-12-31": "", "2016-09-30": "", "2016-06-30": "", "2015-12-31": "", "2014-12-31": ""}, "Book Value Per Share": {"2020-09-30": "21.14520", "2020-06-30": "20.72580", "2020-03-31": "21.01870", "2019-12-31": "9.11850", "2019-09-30": "8.75360", "2019-06-30": "8.75470", "2019-03-31": "8.65110", "2018-12-31": "8.45740", "2018-09-30": "8.16030", "2018-06-30": "7.88120", "2018-03-31": "7.94870", "2017-12-31": "7.52630", "2017-09-30": "6.48840", "2017-06-30": "6.16980", "2017-03-31": "", "2016-12-31": "", "2016-09-30": "", "2016-06-30": "", "2015-12-31": "", "2014-12-31": ""}, "Operating Cash Flow Per Share": {"2020-09-30": 0.4335, "2020-06-30": 0.5106, "2020-03-31": "0.24670", "2019-12-31": 0.4745, "2019-09-30": 0.5461, "2019-06-30": 0.2916, "2019-03-31": "0.33120", "2018-12-31": 0.6992, "2018-09-30": 0.4986, "2018-06-30": 0.6412, "2018-03-31": "0.28680", "2017-12-31": 0.661, "2017-09-30": 0.2901, "2017-06-30": 0.1306, "2017-03-31": "-0.01750", "2016-12-31": -0.7177, "2016-09-30": 0.2592, "2016-06-30": 0.4585, "2015-12-31": 0, "2014-12-31": 0}, "Free Cash Flow Per Share": {"2020-09-30": 0.4154, "2020-06-30": 0.4827, "2020-03-31": "0.21710", "2019-12-31": 0.4304, "2019-09-30": 0.5026, "2019-06-30": 0.245, "2019-03-31": "0.26290", "2018-12-31": 0.605, "2018-09-30": 0.4449, "2018-06-30": 0.59, "2018-03-31": "0.25300", "2017-12-31": 0.5518, "2017-09-30": 0.2668, "2017-06-30": 0.1171, "2017-03-31": "-0.12730", "2016-12-31": -0.4093, "2016-09-30": 0.1223, "2016-06-30": 0.287, "2015-12-31": 0, "2014-12-31": 0}}, "revenue": {"Ingersoll Rand Annual Revenue (Millions of US $)": {"2019": "$2,452", "2018": "$2,690", "2017": "$2,375", "2016": "$1,939", "2015": "$2,127", "2014": "$2,570"}, "Ingersoll Rand Quarterly Revenue (Millions of US $)": {"2020-09-30": "$1,335", "2020-06-30": "$1,264", "2020-03-31": "$800", "2019-12-31": "$606", "2019-09-30": "$597", "2019-06-30": "$629", "2019-03-31": "$620", "2018-12-31": "$713", "2018-09-30": "$689", "2018-06-30": "$668", "2018-03-31": "$620", "2017-12-31": "$665", "2017-09-30": "$650", "2017-06-30": "$579", "2017-03-31": "$482", "2016-12-31": "", "2016-09-30": "$463", "2016-06-30": "$462", "2015-12-31": "", "2014-12-31": ""}}, "gross-profit": {"Ingersoll Rand Annual Gross Profit (Millions of US $)": {"2019": "$912", "2018": "$1,013", "2017": "$898", "2016": "$717", "2015": "$779", "2014": "$937"}, "Ingersoll Rand Quarterly Gross Profit (Millions of US $)": {"2020-09-30": "$482", "2020-06-30": "$360", "2020-03-31": "$245", "2019-12-31": "$225", "2019-09-30": "$222", "2019-06-30": "$234", "2019-03-31": "$231", "2018-12-31": "$269", "2018-09-30": "$262", "2018-06-30": "$249", "2018-03-31": "$232", "2017-12-31": "$254", "2017-09-30": "$254", "2017-06-30": "$216", "2017-03-31": "$175", "2016-12-31": "", "2016-09-30": "$164", "2016-06-30": "$172", "2015-12-31": "", "2014-12-31": ""}}, "operating-income": {"Ingersoll Rand Annual Operating Income (Millions of US $)": {"2019": "$275", "2018": "$443", "2017": "$109", "2016": "$104", "2015": "$-205", "2014": "$48"}, "Ingersoll Rand Quarterly Operating Income (Millions of US $)": {"2020-09-30": "$74", "2020-06-30": "$-52", "2020-03-31": "$-67", "2019-12-31": "$48", "2019-09-30": "$73", "2019-06-30": "$75", "2019-03-31": "$80", "2018-12-31": "$134", "2018-09-30": "$118", "2018-06-30": "$101", "2018-03-31": "$90", "2017-12-31": "$78", "2017-09-30": "$96", "2017-06-30": "$-102", "2017-03-31": "$37", "2016-12-31": "", "2016-09-30": "$20", "2016-06-30": "$26", "2015-12-31": "", "2014-12-31": ""}}, "ebitda": {"Ingersoll Rand Annual EBITDA (Millions of US $)": {"2019": "$453", "2018": "$623", "2017": "$285", "2016": "$302", "2015": "$379", "2014": "$444"}, "Ingersoll Rand Quarterly EBITDA (Millions of US $)": {"2020-09-30": "$237", "2020-06-30": "$92", "2020-03-31": "$6", "2019-12-31": "$93", "2019-09-30": "$116", "2019-06-30": "$119", "2019-03-31": "$126", "2018-12-31": "$180", "2018-09-30": "$162", "2018-06-30": "$147", "2018-03-31": "$135", "2017-12-31": "$126", "2017-09-30": "$139", "2017-06-30": "$-58", "2017-03-31": "$77", "2016-12-31": "", "2016-09-30": "$63", "2016-06-30": "$26", "2015-12-31": "", "2014-12-31": ""}}, "net-income": {"Ingersoll Rand Annual Net Income (Millions of US $)": {"2019": "$159", "2018": "$269", "2017": "$18", "2016": "$-37", "2015": "$-351", "2014": "$-135"}, "Ingersoll Rand Quarterly Net Income (Millions of US $)": {"2020-09-30": "$30", "2020-06-30": "$-178", "2020-03-31": "$-37", "2019-12-31": "$26", "2019-09-30": "$41", "2019-06-30": "$45", "2019-03-31": "$47", "2018-12-31": "$95", "2018-09-30": "$72", "2018-06-30": "$60", "2018-03-31": "$42", "2017-12-31": "$144", "2017-09-30": "$28", "2017-06-30": "$-146", "2017-03-31": "$-7", "2016-12-31": "", "2016-09-30": "$-13", "2016-06-30": "$-4", "2015-12-31": "", "2014-12-31": ""}}, "eps-earnings-per-share-diluted": {"Ingersoll Rand Annual EPS": {"2019": "$0.76", "2018": "$1.29", "2017": "$0.10", "2016": "$-0.25", "2015": "$-2.35", "2014": "$-0.91"}, "Ingersoll Rand Quarterly EPS": {"2020-09-30": "$0.07", "2020-06-30": "$-0.43", "2020-03-31": "$-0.13", "2019-12-31": "$0.12", "2019-09-30": "$0.20", "2019-06-30": "$0.21", "2019-03-31": "$0.23", "2018-12-31": "$0.45", "2018-09-30": "$0.35", "2018-06-30": "$0.29", "2018-03-31": "$0.20", "2017-12-31": "$0.85", "2017-09-30": "$0.13", "2017-06-30": "$-0.83", "2017-03-31": "$-0.05", "2016-12-31": "$0.00", "2016-09-30": "$-0.09", "2016-06-30": "$-0.03", "2015-12-31": "$0.00", "2014-12-31": "$0.00"}}, "shares-outstanding": {"Ingersoll Rand Annual Shares Outstanding (Millions of Shares)": {"2019": "209", "2018": "209", "2017": "188", "2016": "149", "2015": "150", "2014": "148"}, "Ingersoll Rand Quarterly Shares Outstanding (Millions of Shares)": {"2020-09-30": "422", "2020-06-30": "417", "2020-03-31": "277", "2019-12-31": "209", "2019-09-30": "209", "2019-06-30": "209", "2019-03-31": "208", "2018-12-31": "209", "2018-09-30": "209", "2018-06-30": "210", "2018-03-31": "210", "2017-12-31": "188", "2017-09-30": "208", "2017-06-30": "177", "2017-03-31": "149", "2016-12-31": "", "2016-09-30": "149", "2016-06-30": "151", "2015-12-31": "", "2014-12-31": ""}}, "total-assets": {"Ingersoll Rand Annual Total Assets (Millions of US $)": {"2019": "$4,628", "2018": "$4,487", "2017": "$4,621", "2016": "$4,316", "2015": "$4,462", "2014": "$0"}, "Ingersoll Rand Quarterly Total Assets (Millions of US $)": {"2020-09-30": "$15,611", "2020-06-30": "$15,433", "2020-03-31": "$15,358", "2019-12-31": "$4,628", "2019-09-30": "$4,554", "2019-06-30": "$4,594", "2019-03-31": "$4,567", "2018-12-31": "$4,487", "2018-09-30": "$4,516", "2018-06-30": "$4,605", "2018-03-31": "$4,775", "2017-12-31": "$4,621", "2017-09-30": "$4,553", "2017-06-30": "$4,423", "2017-03-31": "$0", "2016-12-31": "$0", "2016-09-30": "$0", "2016-06-30": "$0", "2015-12-31": "$4,462", "2014-12-31": "$0"}}, "cash-on-hand": {"Ingersoll Rand Annual Cash on Hand (Millions of US $)": {"2019": "$506", "2018": "$221", "2017": "$393", "2016": "$256", "2015": "$228", "2014": "$"}, "Ingersoll Rand Quarterly Cash on Hand (Millions of US $)": {"2020-09-30": "$1,313", "2020-06-30": "$1,174", "2020-03-31": "$556", "2019-12-31": "$506", "2019-09-30": "$406", "2019-06-30": "$318", "2019-03-31": "$264", "2018-12-31": "$221", "2018-09-30": "$269", "2018-06-30": "$338", "2018-03-31": "$354", "2017-12-31": "$393", "2017-09-30": "$303", "2017-06-30": "$246", "2017-03-31": "", "2016-12-31": "", "2016-09-30": "", "2016-06-30": "", "2015-12-31": "$228", "2014-12-31": ""}}, "long-term-debt": {"Ingersoll Rand Annual Long Term Debt (Millions of US $)": {"2019": "$1,604", "2018": "$1,664", "2017": "$2,019", "2016": "$2,754", "2015": "$2,769", "2014": "$"}, "Ingersoll Rand Quarterly Long Term Debt (Millions of US $)": {"2020-09-30": "$3,837", "2020-06-30": "$3,817", "2020-03-31": "$3,427", "2019-12-31": "$1,604", "2019-09-30": "$1,594", "2019-06-30": "$1,624", "2019-03-31": "$1,622", "2018-12-31": "$1,664", "2018-09-30": "$1,747", "2018-06-30": "$1,904", "2018-03-31": "$2,034", "2017-12-31": "$2,019", "2017-09-30": "$2,007", "2017-06-30": "$1,977", "2017-03-31": "", "2016-12-31": "", "2016-09-30": "", "2016-06-30": "", "2015-12-31": "$2,769", "2014-12-31": ""}}, "total-liabilities": {"Ingersoll Rand Annual Total Liabilities (Millions of US $)": {"2019": "$2,759", "2018": "$2,811", "2017": "$3,144", "2016": "$4,044", "2015": "$4,057", "2014": "$0"}, "Ingersoll Rand Quarterly Total Liabilities (Millions of US $)": {"2020-09-30": "$6,781", "2020-06-30": "$6,792", "2020-03-31": "$6,603", "2019-12-31": "$2,759", "2019-09-30": "$2,763", "2019-06-30": "$2,809", "2019-03-31": "$2,829", "2018-12-31": "$2,811", "2018-09-30": "$2,893", "2018-06-30": "$3,036", "2018-03-31": "$3,208", "2017-12-31": "$3,144", "2017-09-30": "$3,281", "2017-06-30": "$3,214", "2017-03-31": "$0", "2016-12-31": "", "2016-09-30": "$0", "2016-06-30": "$0", "2015-12-31": "$4,057", "2014-12-31": "$0"}}, "total-share-holder-equity": {"Ingersoll Rand Annual Share Holder Equity (Millions of US $)": {"2019": "$1,870", "2018": "$1,676", "2017": "$1,477", "2016": "$272", "2015": "$406", "2014": "$0"}, "Ingersoll Rand Quarterly Share Holder Equity (Millions of US $)": {"2020-09-30": "$8,830", "2020-06-30": "$8,642", "2020-03-31": "$8,756", "2019-12-31": "$1,870", "2019-09-30": "$1,791", "2019-06-30": "$1,785", "2019-03-31": "$1,738", "2018-12-31": "$1,676", "2018-09-30": "$1,623", "2018-06-30": "$1,569", "2018-03-31": "$1,568", "2017-12-31": "$1,477", "2017-09-30": "$1,272", "2017-06-30": "$1,209", "2017-03-31": "$0", "2016-12-31": "", "2016-09-30": "$0", "2016-06-30": "$0", "2015-12-31": "$406", "2014-12-31": "$0"}}, "profit-margins": {"current": "-3.97%"}, "gross margin": {"2020-09-30": "32.76%", "2020-06-30": "32.20%", "2020-03-31": "35.18%", "2019-12-31": "37.19%", "2019-09-30": "37.36%", "2019-06-30": "37.57%", "2019-03-31": "37.58%", "2018-12-31": "37.62%", "2018-09-30": "37.70%", "2018-06-30": "37.96%", "2018-03-31": "37.99%", "2017-12-31": "37.79%", "2017-06-30": "36.42%", "2017-03-31": "36.32%"}, "operating margin": {"2020-09-30": "0.07%", "2020-06-30": "0.06%", "2020-03-31": "4.90%", "2019-12-31": "11.26%", "2019-09-30": "14.15%", "2019-06-30": "15.35%", "2019-03-31": "16.10%", "2018-12-31": "16.47%", "2018-09-30": "14.65%", "2018-06-30": "14.02%", "2018-03-31": "6.44%", "2017-12-31": "4.59%", "2017-06-30": "-2.95%", "2017-03-31": "5.90%"}, "ebitda margin": {"2020-09-30": "10.69%", "2020-06-30": "9.40%", "2020-03-31": "12.69%", "2019-12-31": "18.52%", "2019-09-30": "21.14%", "2019-06-30": "22.14%", "2019-03-31": "22.86%", "2018-12-31": "23.20%", "2018-09-30": "21.57%", "2018-06-30": "21.01%", "2018-03-31": "13.60%", "2017-12-31": "11.95%", "2017-06-30": "5.38%", "2017-03-31": "11.80%"}, "pre tax profit margin": {"2020-09-30": "-2.52%", "2020-06-30": "-3.03%", "2020-03-31": "1.33%", "2019-12-31": "7.75%", "2019-09-30": "10.67%", "2019-06-30": "12.00%", "2019-03-31": "12.75%", "2018-12-31": "13.01%", "2018-09-30": "11.09%", "2018-06-30": "8.84%", "2018-03-31": "-1.51%", "2017-12-31": "-4.76%", "2017-06-30": "-14.50%", "2017-03-31": "-3.27%"}, "net profit margin": {"2020-09-30": "-3.97%", "2020-06-30": "-4.53%", "2020-03-31": "2.85%", "2019-12-31": "6.48%", "2019-09-30": "8.91%", "2019-06-30": "9.77%", "2019-03-31": "10.19%", "2018-12-31": "10.00%", "2018-09-30": "12.04%", "2018-06-30": "10.53%", "2018-03-31": "2.70%", "2017-12-31": "0.80%", "2017-06-30": "-10.89%", "2017-03-31": "-1.71%"}, "pe ratio": {"current": "0.00", "2021-02-05": "0.00", "2020-09-30": "0.00", "2020-06-30": "0.00", "2020-03-31": "62.00", "2019-12-31": "48.26", "2019-09-30": "25.95", "2019-06-30": "27.90", "2019-03-31": "21.07", "2018-12-31": "15.85", "2018-09-30": "18.52", "2018-06-30": "22.44", "2018-03-31": "161.47"}, "price sales": {"2021-02-05": "3.65", "2020-09-30": "2.97", "2020-06-30": "2.41", "2020-03-31": "2.13", "2019-12-31": "3.12", "2019-09-30": "2.31", "2019-06-30": "2.72", "2019-03-31": "2.16", "2018-12-31": "1.59", "2018-09-30": "2.19", "2018-06-30": "2.30", "2018-03-31": "2.38"}, "price book": {"current": "2.07", "2021-02-05": "2.07", "2020-09-30": "1.68", "2020-06-30": "1.36", "2020-03-31": "1.18", "2019-12-31": "4.02", "2019-09-30": "3.23", "2019-06-30": "3.95", "2019-03-31": "3.21", "2018-12-31": "2.42", "2018-09-30": "3.47", "2018-06-30": "3.73", "2018-03-31": "3.86", "2017-12-31": "4.51", "2017-09-30": "4.24", "2017-06-30": "3.50"}, "price fcf": {"2021-02-05": "", "2020-09-30": "$1.55", "2020-06-30": "$1.63", "2020-03-31": "$1.40", "2019-12-31": "$1.44", "2019-09-30": "$1.62", "2019-06-30": "$1.56", "2019-03-31": "$1.90", "2018-12-31": "$1.89", "2018-09-30": "$1.84", "2018-06-30": "$1.66", "2018-03-31": "$1.06"}, "net worth": {"value": "$18.28B"}, "current ratio": {"current": "2.43", "2020-09-30": "2.43", "2020-06-30": "2.25", "2020-03-31": "2.11", "2019-12-31": "2.69", "2019-09-30": "2.51", "2019-06-30": "2.48", "2019-03-31": "2.27", "2018-12-31": "2.23", "2018-09-30": "2.40", "2018-06-30": "2.53", "2018-03-31": "2.48", "2017-12-31": "2.61", "2017-09-30": "2.51", "2017-06-30": "2.53", "2017-03-31": "0.00", "2016-12-31": "0.00", "2016-09-30": "0.00", "2016-06-30": "0.00", "2015-12-31": "2.68", "2014-12-31": "0.00"}, "quick ratio": {"2020-09-30": "1.72", "2020-06-30": "1.56", "2020-03-31": "1.33", "2019-12-31": "1.81", "2019-09-30": "1.60", "2019-06-30": "1.53", "2019-03-31": "1.37", "2018-12-31": "1.35", "2018-09-30": "1.46", "2018-06-30": "1.56", "2018-03-31": "1.55", "2017-12-31": "1.73", "2017-09-30": "1.60", "2017-06-30": "1.56", "2017-03-31": "0.00", "2016-12-31": "0.00", "2016-09-30": "0.00", "2016-06-30": "0.00", "2015-12-31": "1.58", "2014-12-31": "0.00"}, "debt equity ratio": {"current": "0.43", "2020-09-30": "0.77", "2020-06-30": "0.79", "2020-03-31": "0.75", "2019-12-31": "1.48", "2019-09-30": "1.54", "2019-06-30": "1.57", "2019-03-31": "1.63", "2018-12-31": "1.68", "2018-09-30": "1.78", "2018-06-30": "1.94", "2018-03-31": "2.05", "2017-12-31": "2.13", "2017-09-30": "2.58", "2017-06-30": "2.66", "2017-03-31": "0.00", "2016-12-31": "0.00", "2016-09-30": "0.00", "2016-06-30": "0.00", "2015-12-31": "10.00", "2014-12-31": "0.00"}, "return on equity": {"2020-09-30": "-2.26%", "2020-06-30": "-2.81%", "2020-03-31": "2.11%", "2019-12-31": "8.85%", "2019-09-30": "13.05%", "2019-06-30": "15.19%", "2019-03-31": "16.59%", "2018-12-31": "16.72%", "2018-09-30": "20.39%", "2018-06-30": "18.62%", "2018-03-31": "4.92%", "2017-12-31": "1.92%", "2017-06-30": "-54.92%", "2017-03-31": "inf%"}, "return on assets": {"2020-09-30": "-1.25%", "2020-06-30": "-1.48%", "2020-03-31": "1.03%", "2019-12-31": "3.47%", "2019-09-30": "5.01%", "2019-06-30": "5.70%", "2019-03-31": "6.03%", "2018-12-31": "5.85%", "2018-09-30": "6.87%", "2018-06-30": "5.91%", "2018-03-31": "1.48%", "2017-12-31": "0.56%", "2017-06-30": "-15.01%", "2017-03-31": "inf%"}, "return on investments": {"2020-09-30": "0.03%", "2020-06-30": "0.03%", "2020-03-31": "2.30%", "2019-12-31": "8.10%", "2019-09-30": "10.73%", "2019-06-30": "12.08%", "2019-03-31": "12.79%", "2018-12-31": "12.85%", "2018-09-30": "11.10%", "2018-06-30": "10.54%", "2018-03-31": "4.78%", "2017-12-31": "4.38%", "2017-06-30": "-5.65%", "2017-03-31": "inf%"}, "return on tangible equity": {"2020-09-30": "8.45%", "2020-06-30": "9.70%", "2020-03-31": "-6.46%", "2019-12-31": "-20.52%", "2019-09-30": "-26.76%", "2019-06-30": "-28.24%", "2019-03-31": "-27.65%", "2018-12-31": "-25.18%", "2018-09-30": "-28.44%", "2018-06-30": "-22.52%", "2018-03-31": "-5.21%", "2017-12-31": "-1.89%", "2017-06-30": "45.76%", "2017-03-31": "inf%"}, "dividend yield history": {"last payout": "$0.00", "last yield": "0.00%"}}