{"ticker": "INGR", "price": {"title": "Ingredion Historical Annual Stock Price Data", "value": 83.41, "historical": {"2021": {"Average Stock Price": "78.7975", "Year Open": "78.8600", "Year High": "83.8100", "Year Low": "74.3200", "Year Close": "83.4100", "Annual % Change": "6.03%"}, "2020": {"Average Stock Price": "81.4786", "Year Open": "92.9500", "Year High": "98.5100", "Year Low": "60.8000", "Year Close": "78.6700", "Annual % Change": "-15.36%"}, "2019": {"Average Stock Price": "85.8625", "Year Open": "92.5500", "Year High": "99.1500", "Year Low": "73.2500", "Year Close": "92.9500", "Annual % Change": "1.70%"}, "2018": {"Average Stock Price": "113.2462", "Year Open": "139.9700", "Year High": "146.0400", "Year Low": "88.3500", "Year Close": "91.4000", "Annual % Change": "-34.62%"}, "2017": {"Average Stock Price": "123.7445", "Year Open": "125.3800", "Year High": "141.7100", "Year Low": "114.0900", "Year Close": "139.8000", "Annual % Change": "11.88%"}, "2016": {"Average Stock Price": "119.1835", "Year Open": "92.8000", "Year High": "139.6400", "Year Low": "86.6000", "Year Close": "124.9600", "Annual % Change": "30.38%"}, "2015": {"Average Stock Price": "85.7329", "Year Open": "84.7600", "Year High": "99.3400", "Year Low": "76.4900", "Year Close": "95.8400", "Annual % Change": "12.97%"}, "2014": {"Average Stock Price": "74.0017", "Year Open": "68.1800", "Year High": "86.8500", "Year Low": "58.8800", "Year Close": "84.8400", "Annual % Change": "23.93%"}, "2013": {"Average Stock Price": "67.6617", "Year Open": "67.0000", "Year High": "74.0100", "Year Low": "61.7000", "Year Close": "68.4600", "Annual % Change": "6.25%"}, "2012": {"Average Stock Price": "55.6845", "Year Open": "51.4500", "Year High": "66.5900", "Year Low": "45.5900", "Year Close": "64.4300", "Annual % Change": "22.51%"}, "2011": {"Average Stock Price": "49.7803", "Year Open": "46.4500", "Year High": "59.3600", "Year Low": "37.7400", "Year Close": "52.5900", "Annual % Change": "14.33%"}, "2010": {"Average Stock Price": "35.9451", "Year Open": "29.6800", "Year High": "47.2700", "Year Low": "26.6100", "Year Close": "46.0000", "Annual % Change": "57.37%"}, "2009": {"Average Stock Price": "26.3964", "Year Open": "29.5900", "Year High": "32.2600", "Year Low": "17.9500", "Year Close": "29.2300", "Annual % Change": "1.32%"}, "2008": {"Average Stock Price": "37.2825", "Year Open": "36.1800", "Year High": "50.7500", "Year Low": "19.5800", "Year Close": "28.8500", "Annual % Change": "-21.50%"}, "2007": {"Average Stock Price": "39.8905", "Year Open": "34.4600", "Year High": "49.1200", "Year Low": "30.7900", "Year Close": "36.7500", "Annual % Change": "6.40%"}, "2006": {"Average Stock Price": "30.6039", "Year Open": "24.0600", "Year High": "37.2100", "Year Low": "23.6800", "Year Close": "34.5400", "Annual % Change": "44.58%"}, "2005": {"Average Stock Price": "23.9526", "Year Open": "26.4300", "Year High": "30.1400", "Year Low": "18.0500", "Year Close": "23.8900", "Annual % Change": "-10.79%"}, "2004": {"Average Stock Price": "22.0962", "Year Open": "17.3250", "Year High": "27.7500", "Year Low": "17.3250", "Year Close": "26.7800", "Annual % Change": "55.47%"}, "2003": {"Average Stock Price": "15.7829", "Year Open": "15.1400", "Year High": "17.9400", "Year Low": "13.6750", "Year Close": "17.2250", "Annual % Change": "14.34%"}, "2002": {"Average Stock Price": "15.0324", "Year Open": "16.0000", "Year High": "17.0850", "Year Low": "12.3800", "Year Close": "15.0650", "Annual % Change": "-14.52%"}, "2001": {"Average Stock Price": "14.4697", "Year Open": "14.0000", "Year High": "18.4250", "Year Low": "12.2500", "Year Close": "17.6250", "Annual % Change": "21.30%"}, "2000": {"Average Stock Price": "12.3788", "Year Open": "15.8100", "Year High": "15.8100", "Year Low": "9.8750", "Year Close": "14.5300", "Annual % Change": "-11.27%"}, "1999": {"Average Stock Price": "14.7709", "Year Open": "14.9400", "Year High": "17.6250", "Year Low": "10.8100", "Year Close": "16.3750", "Annual % Change": "7.80%"}, "1998": {"Average Stock Price": "15.2909", "Year Open": "15.0000", "Year High": "19.2500", "Year Low": "11.5000", "Year Close": "15.1900", "Annual % Change": "1.91%"}}}, "market cap": {"value": "$5.59B"}, "income statement": {"Revenue": {"2020-12-31": "5987.00000", "2019-12-31": "6209.00000", "2018-12-31": "6289.00000", "2017-12-31": "6244.00000", "2016-12-31": "5704.00000", "2015-12-31": "5621.00000", "2014-12-31": "5668.00000", "2013-12-31": "6328.00000", "2012-12-31": "6532.00000", "2011-12-31": "6219.00000", "2010-12-31": "4367.00000", "2009-12-31": "3672.00000", "2008-12-31": "3944.00000", "2007-12-31": "3391.00000", "2006-12-31": "2621.00000", "2005-12-31": "2360.00000"}, "Cost Of Goods Sold": {"2020-12-31": "4715.00000", "2019-12-31": "4897.00000", "2018-12-31": "4921.00000", "2017-12-31": "4772.00000", "2016-12-31": "4303.00000", "2015-12-31": "4379.00000", "2014-12-31": "4553.00000", "2013-12-31": "5197.00000", "2012-12-31": "5294.00000", "2011-12-31": "5093.00000", "2010-12-31": "3643.00000", "2009-12-31": "3152.00000", "2008-12-31": "3239.00000", "2007-12-31": "2805.00000", "2006-12-31": "2205.00000", "2005-12-31": "2028.00000"}, "Gross Profit": {"2020-12-31": "1272.00000", "2019-12-31": "1312.00000", "2018-12-31": "1368.00000", "2017-12-31": "1472.00000", "2016-12-31": "1401.00000", "2015-12-31": "1242.00000", "2014-12-31": "1115.00000", "2013-12-31": "1131.00000", "2012-12-31": "1238.00000", "2011-12-31": "1126.00000", "2010-12-31": "724.00000", "2009-12-31": "520.00000", "2008-12-31": "705.00000", "2007-12-31": "586.00000", "2006-12-31": "416.00000", "2005-12-31": "332.00000"}, "Research And Development Expenses": {"2020-12-31": "", "2019-12-31": "", "2018-12-31": "", "2017-12-31": "", "2016-12-31": "", "2015-12-31": "", "2014-12-31": "", "2013-12-31": "", "2012-12-31": "", "2011-12-31": "", "2010-12-31": "", "2009-12-31": "", "2008-12-31": "", "2007-12-31": "", "2006-12-31": "", "2005-12-31": ""}, "SG&A Expenses": {"2020-12-31": "", "2019-12-31": "", "2018-12-31": "", "2017-12-31": "", "2016-12-31": "", "2015-12-31": "", "2014-12-31": "525.00000", "2013-12-31": "534.00000", "2012-12-31": "556.00000", "2011-12-31": "543.00000", "2010-12-31": "370.00000", "2009-12-31": "247.00000", "2008-12-31": "275.00000", "2007-12-31": "249.00000", "2006-12-31": "202.00000", "2005-12-31": "158.00000"}, "Other Operating Income Or Expenses": {"2020-12-31": "-597.00000", "2019-12-31": "-591.00000", "2018-12-31": "-601.00000", "2017-12-31": "-598.00000", "2016-12-31": "-576.00000", "2015-12-31": "-554.00000", "2014-12-31": "24.00000", "2013-12-31": "16.00000", "2012-12-31": "22.00000", "2011-12-31": "98.00000", "2010-12-31": "10.00000", "2009-12-31": "5.00000", "2008-12-31": "", "2007-12-31": "", "2006-12-31": "", "2005-12-31": ""}, "Operating Expenses": {"2020-12-31": "5405.00000", "2019-12-31": "5545.00000", "2018-12-31": "5586.00000", "2017-12-31": "5408.00000", "2016-12-31": "4898.00000", "2015-12-31": "4961.00000", "2014-12-31": "5087.00000", "2013-12-31": "5715.00000", "2012-12-31": "5864.00000", "2011-12-31": "5548.00000", "2010-12-31": "4028.00000", "2009-12-31": "3519.00000", "2008-12-31": "3514.00000", "2007-12-31": "3054.00000", "2006-12-31": "2407.00000", "2005-12-31": "2186.00000"}, "Operating Income": {"2020-12-31": "582.00000", "2019-12-31": "664.00000", "2018-12-31": "703.00000", "2017-12-31": "836.00000", "2016-12-31": "806.00000", "2015-12-31": "660.00000", "2014-12-31": "581.00000", "2013-12-31": "613.00000", "2012-12-31": "668.00000", "2011-12-31": "671.00000", "2010-12-31": "339.00000", "2009-12-31": "153.00000", "2008-12-31": "430.00000", "2007-12-31": "337.00000", "2006-12-31": "214.00000", "2005-12-31": "174.00000"}, "Total Non-Operating Income/Expense": {"2020-12-31": "-76.00000", "2019-12-31": "-82.00000", "2018-12-31": "-82.00000", "2017-12-31": "-67.00000", "2016-12-31": "-64.00000", "2015-12-31": "-61.00000", "2014-12-31": "-61.00000", "2013-12-31": "-66.00000", "2012-12-31": "-67.00000", "2011-12-31": "-78.00000", "2010-12-31": "-64.00000", "2009-12-31": "-38.00000", "2008-12-31": "-25.00000", "2007-12-31": "-32.00000", "2006-12-31": "-17.00000", "2005-12-31": "-26.00000"}, "Pre-Tax Income": {"2020-12-31": "506.00000", "2019-12-31": "582.00000", "2018-12-31": "621.00000", "2017-12-31": "769.00000", "2016-12-31": "742.00000", "2015-12-31": "599.00000", "2014-12-31": "520.00000", "2013-12-31": "547.00000", "2012-12-31": "601.00000", "2011-12-31": "593.00000", "2010-12-31": "275.00000", "2009-12-31": "115.00000", "2008-12-31": "405.00000", "2007-12-31": "305.00000", "2006-12-31": "197.00000", "2005-12-31": "148.00000"}, "Income Taxes": {"2020-12-31": "152.00000", "2019-12-31": "158.00000", "2018-12-31": "167.00000", "2017-12-31": "237.00000", "2016-12-31": "246.00000", "2015-12-31": "187.00000", "2014-12-31": "157.00000", "2013-12-31": "144.00000", "2012-12-31": "167.00000", "2011-12-31": "170.00000", "2010-12-31": "99.00000", "2009-12-31": "68.00000", "2008-12-31": "130.00000", "2007-12-31": "102.00000", "2006-12-31": "69.00000", "2005-12-31": "55.00000"}, "Income After Taxes": {"2020-12-31": "354.00000", "2019-12-31": "424.00000", "2018-12-31": "454.00000", "2017-12-31": "532.00000", "2016-12-31": "496.00000", "2015-12-31": "412.00000", "2014-12-31": "363.00000", "2013-12-31": "403.00000", "2012-12-31": "434.00000", "2011-12-31": "423.00000", "2010-12-31": "176.00000", "2009-12-31": "47.00000", "2008-12-31": "275.00000", "2007-12-31": "203.00000", "2006-12-31": "128.00000", "2005-12-31": "93.00000"}, "Other Income": {"2020-12-31": "", "2019-12-31": "", "2018-12-31": "", "2017-12-31": "", "2016-12-31": "", "2015-12-31": "", "2014-12-31": "", "2013-12-31": "", "2012-12-31": "", "2011-12-31": "", "2010-12-31": "", "2009-12-31": "", "2008-12-31": "", "2007-12-31": "", "2006-12-31": "", "2005-12-31": ""}, "Income From Continuous Operations": {"2020-12-31": "354.00000", "2019-12-31": "424.00000", "2018-12-31": "454.00000", "2017-12-31": "532.00000", "2016-12-31": "496.00000", "2015-12-31": "412.00000", "2014-12-31": "363.00000", "2013-12-31": "403.00000", "2012-12-31": "434.00000", "2011-12-31": "423.00000", "2010-12-31": "176.00000", "2009-12-31": "47.00000", "2008-12-31": "275.00000", "2007-12-31": "203.00000", "2006-12-31": "124.00000", "2005-12-31": "90.00000"}, "Income From Discontinued Operations": {"2020-12-31": "", "2019-12-31": "", "2018-12-31": "", "2017-12-31": "", "2016-12-31": "", "2015-12-31": "", "2014-12-31": "", "2013-12-31": "", "2012-12-31": "", "2011-12-31": "", "2010-12-31": "", "2009-12-31": "", "2008-12-31": "", "2007-12-31": "", "2006-12-31": "", "2005-12-31": ""}, "Net Income": {"2020-12-31": "348.00000", "2019-12-31": "413.00000", "2018-12-31": "443.00000", "2017-12-31": "519.00000", "2016-12-31": "485.00000", "2015-12-31": "402.00000", "2014-12-31": "355.00000", "2013-12-31": "396.00000", "2012-12-31": "428.00000", "2011-12-31": "416.00000", "2010-12-31": "169.00000", "2009-12-31": "41.00000", "2008-12-31": "267.00000", "2007-12-31": "198.00000", "2006-12-31": "124.00000", "2005-12-31": "90.00000"}, "EBITDA": {"2020-12-31": "795.00000", "2019-12-31": "884.00000", "2018-12-31": "950.00000", "2017-12-31": "1045.00000", "2016-12-31": "1002.00000", "2015-12-31": "854.00000", "2014-12-31": "776.00000", "2013-12-31": "807.00000", "2012-12-31": "879.00000", "2011-12-31": "882.00000", "2010-12-31": "494.00000", "2009-12-31": "283.00000", "2008-12-31": "558.00000", "2007-12-31": "462.00000", "2006-12-31": "328.00000", "2005-12-31": "280.00000"}, "EBIT": {"2020-12-31": "582.00000", "2019-12-31": "664.00000", "2018-12-31": "703.00000", "2017-12-31": "836.00000", "2016-12-31": "806.00000", "2015-12-31": "660.00000", "2014-12-31": "581.00000", "2013-12-31": "613.00000", "2012-12-31": "668.00000", "2011-12-31": "671.00000", "2010-12-31": "339.00000", "2009-12-31": "153.00000", "2008-12-31": "430.00000", "2007-12-31": "337.00000", "2006-12-31": "214.00000", "2005-12-31": "174.00000"}, "Basic Shares Outstanding": {"2020-12-31": "67.20000", "2019-12-31": "66.90000", "2018-12-31": "70.90000", "2017-12-31": "72.00000", "2016-12-31": "72.30000", "2015-12-31": "71.60000", "2014-12-31": "73.60000", "2013-12-31": "77.00000", "2012-12-31": "76.50000", "2011-12-31": "76.40000", "2010-12-31": "75.60000", "2009-12-31": "74.90000", "2008-12-31": "74.50000", "2007-12-31": "74.70000", "2006-12-31": "74.10000", "2005-12-31": "74.70000"}, "Shares Outstanding": {"2020-12-31": "67.60000", "2019-12-31": "67.40000", "2018-12-31": "71.80000", "2017-12-31": "73.50000", "2016-12-31": "74.10000", "2015-12-31": "73.00000", "2014-12-31": "74.90000", "2013-12-31": "78.30000", "2012-12-31": "78.20000", "2011-12-31": "78.20000", "2010-12-31": "76.80000", "2009-12-31": "75.50000", "2008-12-31": "75.90000", "2007-12-31": "76.50000", "2006-12-31": "75.80000", "2005-12-31": "75.60000"}, "Basic EPS": {"2020-12-31": "5.18000", "2019-12-31": "6.17000", "2018-12-31": "6.25000", "2017-12-31": "7.21000", "2016-12-31": "6.70000", "2015-12-31": "5.62000", "2014-12-31": "4.82000", "2013-12-31": "5.14000", "2012-12-31": "5.59000", "2011-12-31": "5.44000", "2010-12-31": "2.24000", "2009-12-31": "0.55000", "2008-12-31": "3.59000", "2007-12-31": "2.65000", "2006-12-31": "1.67000", "2005-12-31": "1.20000"}, "EPS - Earnings Per Share": {"2020-12-31": "5.15000", "2019-12-31": "6.13000", "2018-12-31": "6.17000", "2017-12-31": "7.06000", "2016-12-31": "6.55000", "2015-12-31": "5.51000", "2014-12-31": "4.74000", "2013-12-31": "5.05000", "2012-12-31": "5.47000", "2011-12-31": "5.32000", "2010-12-31": "2.20000", "2009-12-31": "0.54000", "2008-12-31": "3.52000", "2007-12-31": "2.59000", "2006-12-31": "1.63000", "2005-12-31": "1.19000"}}, "income statement, quarterly": {"Revenue": {"2020-12-31": "1593.00000", "2020-09-30": "1502.00000", "2020-06-30": "1349.00000", "2020-03-31": "1543.00000", "2019-12-31": "1549.00000", "2019-09-30": "1574.00000", "2019-06-30": "1550.00000", "2019-03-31": "1536.00000", "2018-12-31": "1874.00000", "2018-09-30": "1450.00000", "2018-06-30": "1496.00000", "2018-03-31": "1469.00000", "2017-12-31": "1849.00000", "2017-09-30": "1485.00000", "2017-06-30": "1457.00000", "2017-03-31": "1453.00000", "2016-12-31": "1400.00000", "2016-09-30": "1489.00000", "2016-06-30": "1455.00000", "2016-03-31": "1360.00000", "2015-12-31": "1405.00000", "2015-09-30": "1437.00000", "2015-06-30": "1449.00000", "2015-03-31": "1330.00000", "2014-12-31": "1367.80000", "2014-09-30": "1460.30000", "2014-06-30": "1482.70000", "2014-03-31": "1357.20000", "2013-12-31": "1499.10000", "2013-09-30": "1611.70000", "2013-06-30": "1633.40000", "2013-03-31": "1583.80000", "2012-12-31": "1643.80000", "2012-09-30": "1679.00000", "2012-06-30": "1635.00000", "2012-03-31": "1574.20000", "2011-12-31": "1547.20000", "2011-09-30": "1627.70000", "2011-06-30": "1584.60000", "2011-03-31": "1459.50000", "2010-12-31": "1407.30000", "2010-09-30": "1019.50000", "2010-06-30": "1003.00000", "2010-03-31": "937.20000", "2009-12-31": "958.70000", "2009-09-30": "970.60000", "2009-06-30": "911.60000", "2009-03-31": "831.10000", "2008-12-31": "900.40000", "2008-09-30": "1084.20000", "2008-06-30": "1028.50000", "2008-03-31": "930.90000", "2007-12-31": "894.70010", "2007-09-30": "877.40000", "2007-06-30": "857.00000", "2007-03-31": "761.90000", "2006-12-31": "687.10000", "2006-09-30": "674.20000", "2006-06-30": "644.90000", "2006-03-31": "614.80000", "2005-12-31": "585.30000", "2005-09-30": "612.00000", "2005-06-30": "596.20000", "2005-03-31": "566.50000"}, "Cost Of Goods Sold": {"2020-12-31": "1241.00000", "2020-09-30": "1176.00000", "2020-06-30": "1078.00000", "2020-03-31": "1220.00000", "2019-12-31": "1226.00000", "2019-09-30": "1230.00000", "2019-06-30": "1221.00000", "2019-03-31": "1220.00000", "2018-12-31": "1554.00000", "2018-09-30": "1116.00000", "2018-06-30": "1136.00000", "2018-03-31": "1115.00000", "2017-12-31": "1489.00000", "2017-09-30": "1097.00000", "2017-06-30": "1084.00000", "2017-03-31": "1102.00000", "2016-12-31": "1062.00000", "2016-09-30": "1120.00000", "2016-06-30": "1100.00000", "2016-03-31": "1021.00000", "2015-12-31": "1093.00000", "2015-09-30": "1107.00000", "2015-06-30": "1130.00000", "2015-03-31": "1049.00000", "2014-12-31": "1096.10000", "2014-09-30": "1162.70000", "2014-06-30": "1186.80000", "2014-03-31": "1107.40000", "2013-12-31": "1208.50000", "2013-09-30": "1352.90000", "2013-06-30": "1357.40000", "2013-03-31": "1278.20000", "2012-12-31": "1310.10000", "2012-09-30": "1365.80000", "2012-06-30": "1339.80000", "2012-03-31": "1278.30000", "2011-12-31": "1267.10000", "2011-09-30": "1351.80000", "2011-06-30": "1312.80000", "2011-03-31": "1161.30000", "2010-12-31": "1161.50000", "2010-09-30": "847.90000", "2010-06-30": "839.20000", "2010-03-31": "794.40000", "2009-12-31": "796.50000", "2009-09-30": "817.30000", "2009-06-30": "800.10000", "2009-03-31": "738.10000", "2008-12-31": "759.00010", "2008-09-30": "880.40000", "2008-06-30": "841.90000", "2008-03-31": "757.70000", "2007-12-31": "752.10000", "2007-09-30": "735.70000", "2007-06-30": "701.50000", "2007-03-31": "615.70000", "2006-12-31": "580.50000", "2006-09-30": "562.00000", "2006-06-30": "540.40000", "2006-03-31": "522.10000", "2005-12-31": "503.60000", "2005-09-30": "524.40000", "2005-06-30": "506.00000", "2005-03-31": "494.00000"}, "Gross Profit": {"2020-12-31": "352.00000", "2020-09-30": "326.00000", "2020-06-30": "271.00000", "2020-03-31": "323.00000", "2019-12-31": "323.00000", "2019-09-30": "344.00000", "2019-06-30": "329.00000", "2019-03-31": "316.00000", "2018-12-31": "320.00000", "2018-09-30": "334.00000", "2018-06-30": "360.00000", "2018-03-31": "354.00000", "2017-12-31": "360.00000", "2017-09-30": "388.00000", "2017-06-30": "373.00000", "2017-03-31": "351.00000", "2016-12-31": "338.00000", "2016-09-30": "369.00000", "2016-06-30": "355.00000", "2016-03-31": "339.00000", "2015-12-31": "312.00000", "2015-09-30": "330.00000", "2015-06-30": "319.00000", "2015-03-31": "281.00000", "2014-12-31": "271.70030", "2014-09-30": "297.60010", "2014-06-30": "295.89990", "2014-03-31": "249.79990", "2013-12-31": "290.59960", "2013-09-30": "258.79990", "2013-06-30": "276.00000", "2013-03-31": "305.60010", "2012-12-31": "333.70020", "2012-09-30": "313.20000", "2012-06-30": "295.20000", "2012-03-31": "295.89990", "2011-12-31": "280.09990", "2011-09-30": "275.89990", "2011-06-30": "271.79990", "2011-03-31": "298.20000", "2010-12-31": "245.79990", "2010-09-30": "171.60000", "2010-06-30": "163.80000", "2010-03-31": "142.80000", "2009-12-31": "162.20000", "2009-09-30": "153.30000", "2009-06-30": "111.50000", "2009-03-31": "93.00000", "2008-12-31": "141.40000", "2008-09-30": "203.79990", "2008-06-30": "186.60000", "2008-03-31": "173.20000", "2007-12-31": "142.60000", "2007-09-30": "141.70000", "2007-06-30": "155.50000", "2007-03-31": "146.20000", "2006-12-31": "106.60000", "2006-09-30": "112.20000", "2006-06-30": "104.50000", "2006-03-31": "92.70000", "2005-12-31": "81.70010", "2005-09-30": "87.60000", "2005-06-30": "90.20000", "2005-03-31": "72.50000"}, "Research And Development Expenses": {"2020-12-31": "", "2020-09-30": "", "2020-06-30": "", "2020-03-31": "", "2019-12-31": "", "2019-09-30": "", "2019-06-30": "", "2019-03-31": "", "2018-12-31": "", "2018-09-30": "", "2018-06-30": "", "2018-03-31": "", "2017-12-31": "", "2017-09-30": "", "2017-06-30": "", "2017-03-31": "", "2016-12-31": "", "2016-09-30": "", "2016-06-30": "", "2016-03-31": "", "2015-12-31": "", "2015-09-30": "", "2015-06-30": "", "2015-03-31": "", "2014-12-31": "", "2014-09-30": "", "2014-06-30": "", "2014-03-31": "", "2013-12-31": "", "2013-09-30": "", "2013-06-30": "", "2013-03-31": "", "2012-12-31": "", "2012-09-30": "", "2012-06-30": "", "2012-03-31": "", "2011-12-31": "", "2011-09-30": "", "2011-06-30": "", "2011-03-31": "", "2010-12-31": "", "2010-09-30": "", "2010-06-30": "", "2010-03-31": "", "2009-12-31": "", "2009-09-30": "", "2009-06-30": "", "2009-03-31": "", "2008-12-31": "", "2008-09-30": "", "2008-06-30": "", "2008-03-31": "", "2007-12-31": "", "2007-09-30": "", "2007-06-30": "", "2007-03-31": "", "2006-12-31": "", "2006-09-30": "", "2006-06-30": "", "2006-03-31": "", "2005-12-31": "", "2005-09-30": "", "2005-06-30": "", "2005-03-31": ""}, "SG&A Expenses": {"2020-12-31": "", "2020-09-30": "", "2020-06-30": "", "2020-03-31": "", "2019-12-31": "", "2019-09-30": "", "2019-06-30": "", "2019-03-31": "", "2018-12-31": "", "2018-09-30": "", "2018-06-30": "", "2018-03-31": "", "2017-12-31": "", "2017-09-30": "", "2017-06-30": "", "2017-03-31": "", "2016-12-31": "", "2016-09-30": "", "2016-06-30": "", "2016-03-31": "", "2015-12-31": "", "2015-09-30": "", "2015-06-30": "", "2015-03-31": "", "2014-12-31": "", "2014-09-30": "", "2014-06-30": "", "2014-03-31": "", "2013-12-31": "", "2013-09-30": "", "2013-06-30": "", "2013-03-31": "", "2012-12-31": "", "2012-09-30": "", "2012-06-30": "", "2012-03-31": "", "2011-12-31": "", "2011-09-30": "", "2011-06-30": "", "2011-03-31": "", "2010-12-31": "", "2010-09-30": "", "2010-06-30": "", "2010-03-31": "", "2009-12-31": "", "2009-09-30": "", "2009-06-30": "", "2009-03-31": "", "2008-12-31": "", "2008-09-30": "", "2008-06-30": "", "2008-03-31": "", "2007-12-31": "", "2007-09-30": "", "2007-06-30": "", "2007-03-31": "", "2006-12-31": "", "2006-09-30": "", "2006-06-30": "", "2006-03-31": "", "2005-12-31": "", "2005-09-30": "", "2005-06-30": "", "2005-03-31": ""}, "Other Operating Income Or Expenses": {"2020-12-31": "-137.00000", "2020-09-30": "-157.00000", "2020-06-30": "-147.00000", "2020-03-31": "-156.00000", "2019-12-31": "-137.00000", "2019-09-30": "-151.00000", "2019-06-30": "-152.00000", "2019-03-31": "-151.00000", "2018-12-31": "-143.00000", "2018-09-30": "-145.00000", "2018-06-30": "-159.00000", "2018-03-31": "-154.00000", "2017-12-31": "-143.00000", "2017-09-30": "-150.00000", "2017-06-30": "-157.00000", "2017-03-31": "-148.00000", "2016-12-31": "-147.00000", "2016-09-30": "-146.00000", "2016-06-30": "-144.00000", "2016-03-31": "-139.00000", "2015-12-31": "-136.00000", "2015-09-30": "-141.00000", "2015-06-30": "-146.00000", "2015-03-31": "-131.00000", "2014-12-31": "404.30000", "2014-09-30": "-119.50000", "2014-06-30": "-133.30000", "2014-03-31": "-127.50000", "2013-12-31": "404.30000", "2013-09-30": "-121.90000", "2013-06-30": "-135.90000", "2013-03-31": "-130.50000", "2012-12-31": "416.60000", "2012-09-30": "-134.80000", "2012-06-30": "-128.70000", "2012-03-31": "-131.10000", "2011-12-31": "433.00000", "2011-09-30": "-129.80000", "2011-06-30": "-134.40000", "2011-03-31": "-70.80000", "2010-12-31": "230.00000", "2010-09-30": "-79.80000", "2010-06-30": "-69.20000", "2010-03-31": "-71.00000", "2009-12-31": "186.60000", "2009-09-30": "-65.90000", "2009-06-30": "-61.00000", "2009-03-31": "-54.70000", "2008-12-31": "", "2008-09-30": "-66.80000", "2008-06-30": "-73.40000", "2008-03-31": "-67.50000", "2007-12-31": "", "2007-09-30": "-61.70000", "2007-06-30": "-64.90000", "2007-03-31": "-57.60000", "2006-12-31": "", "2006-09-30": "-49.90000", "2006-06-30": "-49.40000", "2006-03-31": "-47.70000", "2005-12-31": "", "2005-09-30": "-38.30000", "2005-06-30": "-39.60000", "2005-03-31": "-39.30000"}, "Operating Expenses": {"2020-12-31": "1430.00000", "2020-09-30": "1349.00000", "2020-06-30": "1236.00000", "2020-03-31": "1390.00000", "2019-12-31": "1379.00000", "2019-09-30": "1409.00000", "2019-06-30": "1382.00000", "2019-03-31": "1375.00000", "2018-12-31": "1716.00000", "2018-09-30": "1295.00000", "2018-06-30": "1303.00000", "2018-03-31": "1272.00000", "2017-12-31": "1647.00000", "2017-09-30": "1254.00000", "2017-06-30": "1247.00000", "2017-03-31": "1260.00000", "2016-12-31": "1213.00000", "2016-09-30": "1268.00000", "2016-06-30": "1257.00000", "2016-03-31": "1160.00000", "2015-12-31": "1233.00000", "2015-09-30": "1262.00000", "2015-06-30": "1276.00000", "2015-03-31": "1190.00000", "2014-12-31": "1249.80000", "2014-09-30": "1282.20000", "2014-06-30": "1320.10000", "2014-03-31": "1234.90000", "2013-12-31": "1338.20000", "2013-09-30": "1474.80000", "2013-06-30": "1493.30000", "2013-03-31": "1408.70000", "2012-12-31": "1458.50000", "2012-09-30": "1510.20000", "2012-06-30": "1482.10000", "2012-03-31": "1413.20000", "2011-12-31": "1380.90000", "2011-09-30": "1485.30000", "2011-06-30": "1449.70000", "2011-03-31": "1232.10000", "2010-12-31": "1305.20000", "2010-09-30": "930.90000", "2010-06-30": "926.50000", "2010-03-31": "865.40000", "2009-12-31": "856.90010", "2009-09-30": "883.20000", "2009-06-30": "986.10000", "2009-03-31": "792.80000", "2008-12-31": "826.30000", "2008-09-30": "947.20000", "2008-06-30": "915.30000", "2008-03-31": "825.20000", "2007-12-31": "816.90010", "2007-09-30": "797.40000", "2007-06-30": "766.40000", "2007-03-31": "673.30000", "2006-12-31": "635.49990", "2006-09-30": "611.90000", "2006-06-30": "589.80000", "2006-03-31": "569.80000", "2005-12-31": "544.40010", "2005-09-30": "562.70000", "2005-06-30": "545.60000", "2005-03-31": "533.30000"}, "Operating Income": {"2020-12-31": "163.00000", "2020-09-30": "153.00000", "2020-06-30": "113.00000", "2020-03-31": "153.00000", "2019-12-31": "170.00000", "2019-09-30": "165.00000", "2019-06-30": "168.00000", "2019-03-31": "161.00000", "2018-12-31": "158.00000", "2018-09-30": "155.00000", "2018-06-30": "193.00000", "2018-03-31": "197.00000", "2017-12-31": "202.00000", "2017-09-30": "231.00000", "2017-06-30": "210.00000", "2017-03-31": "193.00000", "2016-12-31": "187.00000", "2016-09-30": "221.00000", "2016-06-30": "198.00000", "2016-03-31": "200.00000", "2015-12-31": "172.00000", "2015-09-30": "175.00000", "2015-06-30": "173.00000", "2015-03-31": "140.00000", "2014-12-31": "118.00040", "2014-09-30": "178.10010", "2014-06-30": "162.59990", "2014-03-31": "122.29990", "2013-12-31": "160.89970", "2013-09-30": "136.89990", "2013-06-30": "140.10000", "2013-03-31": "175.10010", "2012-12-31": "185.30040", "2012-09-30": "168.79990", "2012-06-30": "152.90000", "2012-03-31": "160.99990", "2011-12-31": "166.29980", "2011-09-30": "142.39990", "2011-06-30": "134.89990", "2011-03-31": "227.39990", "2010-12-31": "102.10000", "2010-09-30": "88.60000", "2010-06-30": "76.50000", "2010-03-31": "71.80000", "2009-12-31": "101.79990", "2009-09-30": "87.40000", "2009-06-30": "-74.50000", "2009-03-31": "38.30000", "2008-12-31": "74.10000", "2008-09-30": "136.99990", "2008-06-30": "113.20000", "2008-03-31": "105.70000", "2007-12-31": "77.80000", "2007-09-30": "80.00000", "2007-06-30": "90.60000", "2007-03-31": "88.60000", "2006-12-31": "51.60010", "2006-09-30": "62.30000", "2006-06-30": "55.10000", "2006-03-31": "45.00000", "2005-12-31": "40.90000", "2005-09-30": "49.30000", "2005-06-30": "50.60000", "2005-03-31": "33.20000"}, "Total Non-Operating Income/Expense": {"2020-12-31": "-20.00000", "2020-09-30": "-20.00000", "2020-06-30": "-19.00000", "2020-03-31": "-17.00000", "2019-12-31": "-19.00000", "2019-09-30": "-25.00000", "2019-06-30": "-16.00000", "2019-03-31": "-22.00000", "2018-12-31": "-20.00000", "2018-09-30": "-23.00000", "2018-06-30": "-24.00000", "2018-03-31": "-15.00000", "2017-12-31": "-15.00000", "2017-09-30": "-14.00000", "2017-06-30": "-19.00000", "2017-03-31": "-19.00000", "2016-12-31": "-16.00000", "2016-09-30": "-15.00000", "2016-06-30": "-19.00000", "2016-03-31": "-14.00000", "2015-12-31": "-16.00000", "2015-09-30": "-14.00000", "2015-06-30": "-17.00000", "2015-03-31": "-14.00000", "2014-12-31": "-12.10000", "2014-09-30": "-15.10000", "2014-06-30": "-17.20000", "2014-03-31": "-16.60000", "2013-12-31": "-15.00000", "2013-09-30": "-17.90000", "2013-06-30": "-16.30000", "2013-03-31": "-16.80000", "2012-12-31": "-14.30000", "2012-09-30": "-16.00000", "2012-06-30": "-17.20000", "2012-03-31": "-19.50000", "2011-12-31": "-19.70000", "2011-09-30": "-12.70000", "2011-06-30": "-19.00000", "2011-03-31": "-26.60000", "2010-12-31": "-22.30000", "2010-09-30": "-30.20000", "2010-06-30": "-6.80000", "2010-03-31": "-4.70000", "2009-12-31": "-9.10000", "2009-09-30": "-8.90000", "2009-06-30": "-9.50000", "2009-03-31": "-10.50000", "2008-12-31": "-15.60000", "2008-09-30": "1.20000", "2008-06-30": "-4.30000", "2008-03-31": "-6.30000", "2007-12-31": "-6.40000", "2007-09-30": "-2.00000", "2007-06-30": "-12.90000", "2007-03-31": "-10.70000", "2006-12-31": "-1.60000", "2006-09-30": "-4.40000", "2006-06-30": "-5.60000", "2006-03-31": "-5.40000", "2005-12-31": "-4.30000", "2005-09-30": "-6.10000", "2005-06-30": "-8.30000", "2005-03-31": "-7.30000"}, "Pre-Tax Income": {"2020-12-31": "143.00000", "2020-09-30": "133.00000", "2020-06-30": "94.00000", "2020-03-31": "136.00000", "2019-12-31": "151.00000", "2019-09-30": "140.00000", "2019-06-30": "152.00000", "2019-03-31": "139.00000", "2018-12-31": "138.00000", "2018-09-30": "132.00000", "2018-06-30": "169.00000", "2018-03-31": "182.00000", "2017-12-31": "187.00000", "2017-09-30": "217.00000", "2017-06-30": "191.00000", "2017-03-31": "174.00000", "2016-12-31": "171.00000", "2016-09-30": "206.00000", "2016-06-30": "179.00000", "2016-03-31": "186.00000", "2015-12-31": "156.00000", "2015-09-30": "161.00000", "2015-06-30": "156.00000", "2015-03-31": "126.00000", "2014-12-31": "105.90000", "2014-09-30": "163.00000", "2014-06-30": "145.40000", "2014-03-31": "105.70000", "2013-12-31": "145.90000", "2013-09-30": "119.00000", "2013-06-30": "123.80000", "2013-03-31": "158.30000", "2012-12-31": "171.00000", "2012-09-30": "152.80000", "2012-06-30": "135.70000", "2012-03-31": "141.50000", "2011-12-31": "146.60000", "2011-09-30": "129.70000", "2011-06-30": "115.90000", "2011-03-31": "200.80000", "2010-12-31": "79.80000", "2010-09-30": "58.40000", "2010-06-30": "69.70000", "2010-03-31": "67.10000", "2009-12-31": "92.70000", "2009-09-30": "78.50000", "2009-06-30": "-84.00000", "2009-03-31": "27.80000", "2008-12-31": "58.50000", "2008-09-30": "138.20000", "2008-06-30": "108.90000", "2008-03-31": "99.40000", "2007-12-31": "71.40000", "2007-09-30": "78.00000", "2007-06-30": "77.70000", "2007-03-31": "77.90000", "2006-12-31": "50.00000", "2006-09-30": "57.90000", "2006-06-30": "49.50000", "2006-03-31": "39.60000", "2005-12-31": "36.60000", "2005-09-30": "43.20000", "2005-06-30": "42.30000", "2005-03-31": "25.90000"}, "Income Taxes": {"2020-12-31": "27.00000", "2020-09-30": "40.00000", "2020-06-30": "27.00000", "2020-03-31": "58.00000", "2019-12-31": "38.00000", "2019-09-30": "38.00000", "2019-06-30": "45.00000", "2019-03-31": "37.00000", "2018-12-31": "41.00000", "2018-09-30": "34.00000", "2018-06-30": "53.00000", "2018-03-31": "39.00000", "2017-12-31": "84.00000", "2017-09-30": "48.00000", "2017-06-30": "58.00000", "2017-03-31": "47.00000", "2016-12-31": "74.00000", "2016-09-30": "60.00000", "2016-06-30": "59.00000", "2016-03-31": "53.00000", "2015-12-31": "49.00000", "2015-09-30": "51.00000", "2015-06-30": "47.00000", "2015-03-31": "40.00000", "2014-12-31": "43.10000", "2014-09-30": "42.60000", "2014-06-30": "40.80000", "2014-03-31": "30.50000", "2013-12-31": "39.90000", "2013-09-30": "30.70000", "2013-06-30": "27.10000", "2013-03-31": "46.30000", "2012-12-31": "57.30000", "2012-09-30": "38.90000", "2012-06-30": "25.00000", "2012-03-31": "45.80000", "2011-12-31": "49.60000", "2011-09-30": "40.20000", "2011-06-30": "34.90000", "2011-03-31": "45.30000", "2010-12-31": "26.30000", "2010-09-30": "19.60000", "2010-06-30": "30.90000", "2010-03-31": "22.20000", "2009-12-31": "35.00000", "2009-09-30": "24.50000", "2009-06-30": "-0.90000", "2009-03-31": "9.40000", "2008-12-31": "10.50000", "2008-09-30": "48.20000", "2008-06-30": "38.00000", "2008-03-31": "33.30000", "2007-12-31": "24.20000", "2007-09-30": "25.80000", "2007-06-30": "25.50000", "2007-03-31": "26.50000", "2006-12-31": "15.30000", "2006-09-30": "20.00000", "2006-06-30": "18.30000", "2006-03-31": "15.40000", "2005-12-31": "12.10000", "2005-09-30": "19.40000", "2005-06-30": "14.80000", "2005-03-31": "8.70000"}, "Income After Taxes": {"2020-12-31": "116.00000", "2020-09-30": "93.00000", "2020-06-30": "67.00000", "2020-03-31": "78.00000", "2019-12-31": "113.00000", "2019-09-30": "102.00000", "2019-06-30": "107.00000", "2019-03-31": "102.00000", "2018-12-31": "97.00000", "2018-09-30": "98.00000", "2018-06-30": "116.00000", "2018-03-31": "143.00000", "2017-12-31": "103.00000", "2017-09-30": "169.00000", "2017-06-30": "133.00000", "2017-03-31": "127.00000", "2016-12-31": "97.00000", "2016-09-30": "146.00000", "2016-06-30": "120.00000", "2016-03-31": "133.00000", "2015-12-31": "107.00000", "2015-09-30": "110.00000", "2015-06-30": "109.00000", "2015-03-31": "86.00000", "2014-12-31": "62.80000", "2014-09-30": "120.40000", "2014-06-30": "104.60000", "2014-03-31": "75.20000", "2013-12-31": "106.00000", "2013-09-30": "88.30000", "2013-06-30": "96.70000", "2013-03-31": "112.00000", "2012-12-31": "113.70000", "2012-09-30": "113.90000", "2012-06-30": "110.70000", "2012-03-31": "95.70000", "2011-12-31": "97.00000", "2011-09-30": "89.50000", "2011-06-30": "81.00000", "2011-03-31": "155.50000", "2010-12-31": "53.50000", "2010-09-30": "38.80000", "2010-06-30": "38.80000", "2010-03-31": "44.90000", "2009-12-31": "57.70000", "2009-09-30": "54.00000", "2009-06-30": "-83.10000", "2009-03-31": "18.40000", "2008-12-31": "48.00000", "2008-09-30": "90.00000", "2008-06-30": "70.90000", "2008-03-31": "66.10000", "2007-12-31": "47.20000", "2007-09-30": "52.20000", "2007-06-30": "52.20000", "2007-03-31": "51.40000", "2006-12-31": "34.70000", "2006-09-30": "37.90000", "2006-06-30": "31.20000", "2006-03-31": "24.20000", "2005-12-31": "24.50000", "2005-09-30": "23.80000", "2005-06-30": "27.50000", "2005-03-31": "17.20000"}, "Other Income": {"2020-12-31": "", "2020-09-30": "", "2020-06-30": "", "2020-03-31": "", "2019-12-31": "", "2019-09-30": "", "2019-06-30": "", "2019-03-31": "", "2018-12-31": "", "2018-09-30": "", "2018-06-30": "", "2018-03-31": "", "2017-12-31": "", "2017-09-30": "", "2017-06-30": "", "2017-03-31": "", "2016-12-31": "", "2016-09-30": "", "2016-06-30": "", "2016-03-31": "", "2015-12-31": "", "2015-09-30": "", "2015-06-30": "", "2015-03-31": "", "2014-12-31": "", "2014-09-30": "", "2014-06-30": "", "2014-03-31": "", "2013-12-31": "", "2013-09-30": "", "2013-06-30": "", "2013-03-31": "", "2012-12-31": "", "2012-09-30": "", "2012-06-30": "", "2012-03-31": "", "2011-12-31": "", "2011-09-30": "", "2011-06-30": "", "2011-03-31": "", "2010-12-31": "", "2010-09-30": "", "2010-06-30": "", "2010-03-31": "", "2009-12-31": "", "2009-09-30": "", "2009-06-30": "", "2009-03-31": "", "2008-12-31": "", "2008-09-30": "", "2008-06-30": "", "2008-03-31": "", "2007-12-31": "", "2007-09-30": "", "2007-06-30": "", "2007-03-31": "", "2006-12-31": "", "2006-09-30": "", "2006-06-30": "", "2006-03-31": "", "2005-12-31": "", "2005-09-30": "", "2005-06-30": "", "2005-03-31": ""}, "Income From Continuous Operations": {"2020-12-31": "116.00000", "2020-09-30": "93.00000", "2020-06-30": "67.00000", "2020-03-31": "78.00000", "2019-12-31": "113.00000", "2019-09-30": "102.00000", "2019-06-30": "107.00000", "2019-03-31": "102.00000", "2018-12-31": "97.00000", "2018-09-30": "98.00000", "2018-06-30": "116.00000", "2018-03-31": "143.00000", "2017-12-31": "103.00000", "2017-09-30": "169.00000", "2017-06-30": "133.00000", "2017-03-31": "127.00000", "2016-12-31": "97.00000", "2016-09-30": "146.00000", "2016-06-30": "120.00000", "2016-03-31": "133.00000", "2015-12-31": "107.00000", "2015-09-30": "110.00000", "2015-06-30": "109.00000", "2015-03-31": "86.00000", "2014-12-31": "62.80000", "2014-09-30": "120.40000", "2014-06-30": "104.60000", "2014-03-31": "75.20000", "2013-12-31": "106.00000", "2013-09-30": "88.30000", "2013-06-30": "96.70000", "2013-03-31": "112.00000", "2012-12-31": "113.70000", "2012-09-30": "113.90000", "2012-06-30": "110.70000", "2012-03-31": "95.70000", "2011-12-31": "97.00000", "2011-09-30": "89.50000", "2011-06-30": "81.00000", "2011-03-31": "155.50000", "2010-12-31": "53.50000", "2010-09-30": "38.80000", "2010-06-30": "38.80000", "2010-03-31": "44.90000", "2009-12-31": "57.70000", "2009-09-30": "54.00000", "2009-06-30": "-83.10000", "2009-03-31": "18.40000", "2008-12-31": "48.00000", "2008-09-30": "90.00000", "2008-06-30": "70.90000", "2008-03-31": "66.10000", "2007-12-31": "51.30000", "2007-09-30": "51.10000", "2007-06-30": "50.60000", "2007-03-31": "50.00000", "2006-12-31": "33.50000", "2006-09-30": "37.00000", "2006-06-30": "30.10000", "2006-03-31": "23.40000", "2005-12-31": "23.90000", "2005-09-30": "23.10000", "2005-06-30": "26.50000", "2005-03-31": "16.50000"}, "Income From Discontinued Operations": {"2020-12-31": "", "2020-09-30": "", "2020-06-30": "", "2020-03-31": "", "2019-12-31": "", "2019-09-30": "", "2019-06-30": "", "2019-03-31": "", "2018-12-31": "", "2018-09-30": "", "2018-06-30": "", "2018-03-31": "", "2017-12-31": "", "2017-09-30": "", "2017-06-30": "", "2017-03-31": "", "2016-12-31": "", "2016-09-30": "", "2016-06-30": "", "2016-03-31": "", "2015-12-31": "", "2015-09-30": "", "2015-06-30": "", "2015-03-31": "", "2014-12-31": "", "2014-09-30": "", "2014-06-30": "", "2014-03-31": "", "2013-12-31": "", "2013-09-30": "", "2013-06-30": "", "2013-03-31": "", "2012-12-31": "", "2012-09-30": "", "2012-06-30": "", "2012-03-31": "", "2011-12-31": "", "2011-09-30": "", "2011-06-30": "", "2011-03-31": "", "2010-12-31": "", "2010-09-30": "", "2010-06-30": "", "2010-03-31": "", "2009-12-31": "", "2009-09-30": "", "2009-06-30": "", "2009-03-31": "", "2008-12-31": "", "2008-09-30": "", "2008-06-30": "", "2008-03-31": "", "2007-12-31": "", "2007-09-30": "", "2007-06-30": "", "2007-03-31": "", "2006-12-31": "", "2006-09-30": "", "2006-06-30": "", "2006-03-31": "", "2005-12-31": "", "2005-09-30": "", "2005-06-30": "", "2005-03-31": ""}, "Net Income": {"2020-12-31": "115.00000", "2020-09-30": "92.00000", "2020-06-30": "66.00000", "2020-03-31": "75.00000", "2019-12-31": "109.00000", "2019-09-30": "99.00000", "2019-06-30": "105.00000", "2019-03-31": "100.00000", "2018-12-31": "94.00000", "2018-09-30": "95.00000", "2018-06-30": "114.00000", "2018-03-31": "140.00000", "2017-12-31": "99.00000", "2017-09-30": "166.00000", "2017-06-30": "130.00000", "2017-03-31": "124.00000", "2016-12-31": "95.00000", "2016-09-30": "143.00000", "2016-06-30": "117.00000", "2016-03-31": "130.00000", "2015-12-31": "103.00000", "2015-09-30": "108.00000", "2015-06-30": "107.00000", "2015-03-31": "84.00000", "2014-12-31": "61.20000", "2014-09-30": "118.60000", "2014-06-30": "102.60000", "2014-03-31": "72.60000", "2013-12-31": "103.80000", "2013-09-30": "86.30000", "2013-06-30": "95.10000", "2013-03-31": "110.80000", "2012-12-31": "112.00000", "2012-09-30": "112.70000", "2012-06-30": "109.10000", "2012-03-31": "94.20000", "2011-12-31": "95.40000", "2011-09-30": "87.70000", "2011-06-30": "79.30000", "2011-03-31": "153.60000", "2010-12-31": "51.90000", "2010-09-30": "36.90000", "2010-06-30": "36.80000", "2010-03-31": "43.40000", "2009-12-31": "56.20000", "2009-09-30": "52.80000", "2009-06-30": "-84.80000", "2009-03-31": "16.80000", "2008-12-31": "46.20000", "2008-09-30": "88.10000", "2008-06-30": "68.40000", "2008-03-31": "64.30000", "2007-12-31": "46.30000", "2007-09-30": "51.10000", "2007-06-30": "50.60000", "2007-03-31": "50.00000", "2006-12-31": "33.50000", "2006-09-30": "37.00000", "2006-06-30": "30.10000", "2006-03-31": "23.40000", "2005-12-31": "23.90000", "2005-09-30": "23.10000", "2005-06-30": "26.50000", "2005-03-31": "16.50000"}, "EBITDA": {"2020-12-31": "", "2020-09-30": "205.00000", "2020-06-30": "165.00000", "2020-03-31": "207.00000", "2019-12-31": "232.00000", "2019-09-30": "220.00000", "2019-06-30": "220.00000", "2019-03-31": "212.00000", "2018-12-31": "217.00000", "2018-09-30": "236.00000", "2018-06-30": "246.00000", "2018-03-31": "251.00000", "2017-12-31": "255.00000", "2017-09-30": "284.00000", "2017-06-30": "262.00000", "2017-03-31": "244.00000", "2016-12-31": "237.00000", "2016-09-30": "271.00000", "2016-06-30": "247.00000", "2016-03-31": "247.00000", "2015-12-31": "221.00000", "2015-09-30": "224.00000", "2015-06-30": "222.00000", "2015-03-31": "187.00000", "2014-12-31": "166.00040", "2014-09-30": "227.10010", "2014-06-30": "212.59990", "2014-03-31": "170.29990", "2013-12-31": "209.89970", "2013-09-30": "183.89990", "2013-06-30": "189.10000", "2013-03-31": "224.10010", "2012-12-31": "235.30040", "2012-09-30": "222.79990", "2012-06-30": "205.90000", "2012-03-31": "214.99990", "2011-12-31": "221.29980", "2011-09-30": "195.39990", "2011-06-30": "188.89990", "2011-03-31": "276.39990", "2010-12-31": "152.10000", "2010-09-30": "123.60000", "2010-06-30": "111.50000", "2010-03-31": "106.80000", "2009-12-31": "136.79990", "2009-09-30": "120.40000", "2009-06-30": "-42.50000", "2009-03-31": "68.30000", "2008-12-31": "104.10000", "2008-09-30": "169.99990", "2008-06-30": "146.20000", "2008-03-31": "137.70000", "2007-12-31": "109.80000", "2007-09-30": "111.00000", "2007-06-30": "121.60000", "2007-03-31": "119.60000", "2006-12-31": "81.60010", "2006-09-30": "91.30000", "2006-06-30": "82.10000", "2006-03-31": "73.00000", "2005-12-31": "67.90000", "2005-09-30": "76.30000", "2005-06-30": "76.60000", "2005-03-31": "59.20000"}, "EBIT": {"2020-12-31": "163.00000", "2020-09-30": "153.00000", "2020-06-30": "113.00000", "2020-03-31": "153.00000", "2019-12-31": "170.00000", "2019-09-30": "165.00000", "2019-06-30": "168.00000", "2019-03-31": "161.00000", "2018-12-31": "158.00000", "2018-09-30": "155.00000", "2018-06-30": "193.00000", "2018-03-31": "197.00000", "2017-12-31": "202.00000", "2017-09-30": "231.00000", "2017-06-30": "210.00000", "2017-03-31": "193.00000", "2016-12-31": "187.00000", "2016-09-30": "221.00000", "2016-06-30": "198.00000", "2016-03-31": "200.00000", "2015-12-31": "172.00000", "2015-09-30": "175.00000", "2015-06-30": "173.00000", "2015-03-31": "140.00000", "2014-12-31": "118.00010", "2014-09-30": "178.10010", "2014-06-30": "162.59990", "2014-03-31": "122.29990", "2013-12-31": "160.90000", "2013-09-30": "136.89990", "2013-06-30": "140.10000", "2013-03-31": "175.10010", "2012-12-31": "185.30020", "2012-09-30": "168.79990", "2012-06-30": "152.90000", "2012-03-31": "160.99990", "2011-12-31": "166.30030", "2011-09-30": "142.39990", "2011-06-30": "134.89990", "2011-03-31": "227.39990", "2010-12-31": "102.10000", "2010-09-30": "88.60000", "2010-06-30": "76.50000", "2010-03-31": "71.80000", "2009-12-31": "101.80000", "2009-09-30": "87.40000", "2009-06-30": "-74.50000", "2009-03-31": "38.30000", "2008-12-31": "74.10010", "2008-09-30": "136.99990", "2008-06-30": "113.20000", "2008-03-31": "105.70000", "2007-12-31": "77.80000", "2007-09-30": "80.00000", "2007-06-30": "90.60000", "2007-03-31": "88.60000", "2006-12-31": "51.60000", "2006-09-30": "62.30000", "2006-06-30": "55.10000", "2006-03-31": "45.00000", "2005-12-31": "40.90000", "2005-09-30": "49.30000", "2005-06-30": "50.60000", "2005-03-31": "33.20000"}, "Basic Shares Outstanding": {"2020-12-31": "67.20000", "2020-09-30": "67.20000", "2020-06-30": "67.20000", "2020-03-31": "67.10000", "2019-12-31": "66.90000", "2019-09-30": "66.90000", "2019-06-30": "66.90000", "2019-03-31": "66.80000", "2018-12-31": "70.90000", "2018-09-30": "71.20000", "2018-06-30": "71.90000", "2018-03-31": "72.30000", "2017-12-31": "72.00000", "2017-09-30": "71.90000", "2017-06-30": "71.80000", "2017-03-31": "72.20000", "2016-12-31": "72.30000", "2016-09-30": "72.50000", "2016-06-30": "72.20000", "2016-03-31": "72.00000", "2015-12-31": "71.60000", "2015-09-30": "71.60000", "2015-06-30": "71.60000", "2015-03-31": "71.60000", "2014-12-31": "73.60000", "2014-09-30": "73.00000", "2014-06-30": "74.90000", "2014-03-31": "74.60000", "2013-12-31": "77.00000", "2013-09-30": "77.30000", "2013-06-30": "77.60000", "2013-03-31": "77.40000", "2012-12-31": "76.50000", "2012-09-30": "76.50000", "2012-06-30": "76.60000", "2012-03-31": "76.40000", "2011-12-31": "76.40000", "2011-09-30": "76.50000", "2011-06-30": "76.80000", "2011-03-31": "76.40000", "2010-12-31": "75.60000", "2010-09-30": "75.60000", "2010-06-30": "75.50000", "2010-03-31": "75.30000", "2009-12-31": "74.90000", "2009-09-30": "74.90000", "2009-06-30": "74.80000", "2009-03-31": "74.80000", "2008-12-31": "74.50000", "2008-09-30": "74.70000", "2008-06-30": "74.40000", "2008-03-31": "74.10000", "2007-12-31": "74.70000", "2007-09-30": "75.00000", "2007-06-30": "74.80000", "2007-03-31": "74.50000", "2006-12-31": "74.10000", "2006-09-30": "74.00000", "2006-06-30": "73.90000", "2006-03-31": "74.10000", "2005-12-31": "74.70000", "2005-09-30": "74.20000", "2005-06-30": "75.20000", "2005-03-31": "75.10000"}, "Shares Outstanding": {"2020-12-31": "67.60000", "2020-09-30": "67.60000", "2020-06-30": "67.60000", "2020-03-31": "67.80000", "2019-12-31": "67.40000", "2019-09-30": "67.40000", "2019-06-30": "67.40000", "2019-03-31": "67.40000", "2018-12-31": "71.80000", "2018-09-30": "71.90000", "2018-06-30": "72.80000", "2018-03-31": "73.60000", "2017-12-31": "73.50000", "2017-09-30": "73.30000", "2017-06-30": "73.20000", "2017-03-31": "73.70000", "2016-12-31": "74.10000", "2016-09-30": "74.30000", "2016-06-30": "74.00000", "2016-03-31": "73.60000", "2015-12-31": "73.00000", "2015-09-30": "72.90000", "2015-06-30": "72.70000", "2015-03-31": "72.70000", "2014-12-31": "74.90000", "2014-09-30": "74.30000", "2014-06-30": "76.00000", "2014-03-31": "75.80000", "2013-12-31": "78.30000", "2013-09-30": "78.60000", "2013-06-30": "78.90000", "2013-03-31": "78.80000", "2012-12-31": "78.20000", "2012-09-30": "77.80000", "2012-06-30": "77.90000", "2012-03-31": "78.00000", "2011-12-31": "78.20000", "2011-09-30": "78.10000", "2011-06-30": "78.60000", "2011-03-31": "78.10000", "2010-12-31": "76.80000", "2010-09-30": "76.70000", "2010-06-30": "76.60000", "2010-03-31": "76.40000", "2009-12-31": "75.50000", "2009-09-30": "75.70000", "2009-06-30": "74.80000", "2009-03-31": "75.40000", "2008-12-31": "75.90000", "2008-09-30": "76.30000", "2008-06-30": "76.20000", "2008-03-31": "75.60000", "2007-12-31": "76.50000", "2007-09-30": "77.00000", "2007-06-30": "76.60000", "2007-03-31": "76.20000", "2006-12-31": "75.80000", "2006-09-30": "75.50000", "2006-06-30": "75.30000", "2006-03-31": "75.40000", "2005-12-31": "75.60000", "2005-09-30": "75.00000", "2005-06-30": "76.00000", "2005-03-31": "76.50000"}, "Basic EPS": {"2020-12-31": "1.71000", "2020-09-30": "1.37000", "2020-06-30": "0.98000", "2020-03-31": "1.12000", "2019-12-31": "1.62000", "2019-09-30": "1.48000", "2019-06-30": "1.57000", "2019-03-31": "1.50000", "2018-12-31": "1.39000", "2018-09-30": "1.33000", "2018-06-30": "1.59000", "2018-03-31": "1.94000", "2017-12-31": "1.37000", "2017-09-30": "2.31000", "2017-06-30": "1.81000", "2017-03-31": "1.72000", "2016-12-31": "1.29000", "2016-09-30": "1.98000", "2016-06-30": "1.62000", "2016-03-31": "1.81000", "2015-12-31": "1.45000", "2015-09-30": "1.51000", "2015-06-30": "1.49000", "2015-03-31": "1.17000", "2014-12-31": "0.86000", "2014-09-30": "1.62000", "2014-06-30": "1.37000", "2014-03-31": "0.97000", "2013-12-31": "1.37000", "2013-09-30": "1.12000", "2013-06-30": "1.22000", "2013-03-31": "1.43000", "2012-12-31": "1.47000", "2012-09-30": "1.47000", "2012-06-30": "1.42000", "2012-03-31": "1.23000", "2011-12-31": "1.25000", "2011-09-30": "1.15000", "2011-06-30": "1.03000", "2011-03-31": "2.01000", "2010-12-31": "0.68000", "2010-09-30": "0.49000", "2010-06-30": "0.49000", "2010-03-31": "0.58000", "2009-12-31": "0.76000", "2009-09-30": "0.70000", "2009-06-30": "-1.13000", "2009-03-31": "0.22000", "2008-12-31": "0.62000", "2008-09-30": "1.18000", "2008-06-30": "0.92000", "2008-03-31": "0.87000", "2007-12-31": "0.62000", "2007-09-30": "0.68000", "2007-06-30": "0.68000", "2007-03-31": "0.67000", "2006-12-31": "0.44000", "2006-09-30": "0.50000", "2006-06-30": "0.41000", "2006-03-31": "0.32000", "2005-12-31": "0.32000", "2005-09-30": "0.31000", "2005-06-30": "0.35000", "2005-03-31": "0.22000"}, "EPS - Earnings Per Share": {"2020-12-31": "1.70000", "2020-09-30": "1.36000", "2020-06-30": "0.98000", "2020-03-31": "1.11000", "2019-12-31": "1.62000", "2019-09-30": "1.47000", "2019-06-30": "1.56000", "2019-03-31": "1.48000", "2018-12-31": "1.38000", "2018-09-30": "1.32000", "2018-06-30": "1.57000", "2018-03-31": "1.90000", "2017-12-31": "1.34000", "2017-09-30": "2.26000", "2017-06-30": "1.78000", "2017-03-31": "1.68000", "2016-12-31": "1.27000", "2016-09-30": "1.93000", "2016-06-30": "1.58000", "2016-03-31": "1.77000", "2015-12-31": "1.41000", "2015-09-30": "1.48000", "2015-06-30": "1.47000", "2015-03-31": "1.15000", "2014-12-31": "0.83000", "2014-09-30": "1.60000", "2014-06-30": "1.35000", "2014-03-31": "0.96000", "2013-12-31": "1.34000", "2013-09-30": "1.10000", "2013-06-30": "1.20000", "2013-03-31": "1.41000", "2012-12-31": "1.41000", "2012-09-30": "1.45000", "2012-06-30": "1.40000", "2012-03-31": "1.21000", "2011-12-31": "1.22000", "2011-09-30": "1.12000", "2011-06-30": "1.01000", "2011-03-31": "1.97000", "2010-12-31": "0.67000", "2010-09-30": "0.48000", "2010-06-30": "0.48000", "2010-03-31": "0.57000", "2009-12-31": "0.75000", "2009-09-30": "0.70000", "2009-06-30": "-1.13000", "2009-03-31": "0.22000", "2008-12-31": "0.62000", "2008-09-30": "1.15000", "2008-06-30": "0.90000", "2008-03-31": "0.85000", "2007-12-31": "0.61000", "2007-09-30": "0.66000", "2007-06-30": "0.66000", "2007-03-31": "0.66000", "2006-12-31": "0.43000", "2006-09-30": "0.49000", "2006-06-30": "0.40000", "2006-03-31": "0.31000", "2005-12-31": "0.31000", "2005-09-30": "0.31000", "2005-06-30": "0.35000", "2005-03-31": "0.22000"}}, "balance sheet": {"Cash On Hand": {"2020-12-31": "665.00000", "2019-12-31": "268.00000", "2018-12-31": "334.00000", "2017-12-31": "604.00000", "2016-12-31": "516.00000", "2015-12-31": "440.00000", "2014-12-31": "614.00000", "2013-12-31": "574.00000", "2012-12-31": "628.00000", "2011-12-31": "401.00000", "2010-12-31": "302.00000", "2009-12-31": "175.00000", "2008-12-31": "107.00000", "2007-12-31": "175.00000", "2006-12-31": "131.00000", "2005-12-31": "116.00000"}, "Receivables": {"2020-12-31": "1011.00000", "2019-12-31": "977.00000", "2018-12-31": "951.00000", "2017-12-31": "961.00000", "2016-12-31": "923.00000", "2015-12-31": "775.00000", "2014-12-31": "762.00000", "2013-12-31": "832.00000", "2012-12-31": "814.00000", "2011-12-31": "837.00000", "2010-12-31": "763.00000", "2009-12-31": "440.00000", "2008-12-31": "627.00000", "2007-12-31": "460.00000", "2006-12-31": "357.00000", "2005-12-31": "287.00000"}, "Inventory": {"2020-12-31": "917.00000", "2019-12-31": "861.00000", "2018-12-31": "824.00000", "2017-12-31": "823.00000", "2016-12-31": "789.00000", "2015-12-31": "715.00000", "2014-12-31": "699.00000", "2013-12-31": "723.00000", "2012-12-31": "834.00000", "2011-12-31": "769.00000", "2010-12-31": "645.00000", "2009-12-31": "394.00000", "2008-12-31": "454.00000", "2007-12-31": "427.00000", "2006-12-31": "321.00000", "2005-12-31": "258.00000"}, "Pre-Paid Expenses": {"2020-12-31": "54.00000", "2019-12-31": "54.00000", "2018-12-31": "29.00000", "2017-12-31": "27.00000", "2016-12-31": "24.00000", "2015-12-31": "20.00000", "2014-12-31": "21.00000", "2013-12-31": "17.00000", "2012-12-31": "19.00000", "2011-12-31": "24.00000", "2010-12-31": "20.00000", "2009-12-31": "13.00000", "2008-12-31": "10.00000", "2007-12-31": "14.00000", "2006-12-31": "12.00000", "2005-12-31": "11.00000"}, "Other Current Assets": {"2020-12-31": "", "2019-12-31": "", "2018-12-31": "", "2017-12-31": "", "2016-12-31": "", "2015-12-31": "", "2014-12-31": "", "2013-12-31": "", "2012-12-31": "", "2011-12-31": "", "2010-12-31": "", "2009-12-31": "", "2008-12-31": "", "2007-12-31": "", "2006-12-31": "", "2005-12-31": ""}, "Total Current Assets": {"2020-12-31": "2647.00000", "2019-12-31": "2160.00000", "2018-12-31": "2138.00000", "2017-12-31": "2415.00000", "2016-12-31": "2252.00000", "2015-12-31": "1950.00000", "2014-12-31": "2144.00000", "2013-12-31": "2214.00000", "2012-12-31": "2360.00000", "2011-12-31": "2102.00000", "2010-12-31": "1754.00000", "2009-12-31": "1045.00000", "2008-12-31": "1297.00000", "2007-12-31": "1089.00000", "2006-12-31": "837.00000", "2005-12-31": "685.00000"}, "Property, Plant, And Equipment": {"2020-12-31": "2455.00000", "2019-12-31": "2306.00000", "2018-12-31": "2198.00000", "2017-12-31": "2217.00000", "2016-12-31": "2116.00000", "2015-12-31": "1989.00000", "2014-12-31": "2073.00000", "2013-12-31": "2156.00000", "2012-12-31": "2193.00000", "2011-12-31": "2156.00000", "2010-12-31": "2156.00000", "2009-12-31": "1564.00000", "2008-12-31": "1447.00000", "2007-12-31": "1500.00000", "2006-12-31": "1356.00000", "2005-12-31": "1274.00000"}, "Long-Term Investments": {"2020-12-31": "", "2019-12-31": "", "2018-12-31": "", "2017-12-31": "", "2016-12-31": "", "2015-12-31": "", "2014-12-31": "", "2013-12-31": "11.00000", "2012-12-31": "10.00000", "2011-12-31": "10.00000", "2010-12-31": "12.00000", "2009-12-31": "10.00000", "2008-12-31": "7.00000", "2007-12-31": "13.00000", "2006-12-31": "33.00000", "2005-12-31": "11.00000"}, "Goodwill And Intangible Assets": {"2020-12-31": "1346.00000", "2019-12-31": "1238.00000", "2018-12-31": "1251.00000", "2017-12-31": "1296.00000", "2016-12-31": "1286.00000", "2015-12-31": "1011.00000", "2014-12-31": "768.00000", "2013-12-31": "846.00000", "2012-12-31": "886.00000", "2011-12-31": "909.00000", "2010-12-31": "936.00000", "2009-12-31": "245.00000", "2008-12-31": "359.00000", "2007-12-31": "426.00000", "2006-12-31": "381.00000", "2005-12-31": "359.00000"}, "Other Long-Term Assets": {"2020-12-31": "214.00000", "2019-12-31": "172.00000", "2018-12-31": "131.00000", "2017-12-31": "143.00000", "2016-12-31": "121.00000", "2015-12-31": "117.00000", "2014-12-31": "96.00000", "2013-12-31": "118.00000", "2012-12-31": "122.00000", "2011-12-31": "121.00000", "2010-12-31": "113.00000", "2009-12-31": "85.00000", "2008-12-31": "93.00000", "2007-12-31": "74.00000", "2006-12-31": "37.00000", "2005-12-31": "57.00000"}, "Total Long-Term Assets": {"2020-12-31": "4211.00000", "2019-12-31": "3880.00000", "2018-12-31": "3590.00000", "2017-12-31": "3665.00000", "2016-12-31": "3530.00000", "2015-12-31": "3124.00000", "2014-12-31": "2941.00000", "2013-12-31": "3146.00000", "2012-12-31": "3232.00000", "2011-12-31": "3215.00000", "2010-12-31": "3286.00000", "2009-12-31": "1907.00000", "2008-12-31": "1910.00000", "2007-12-31": "2014.00000", "2006-12-31": "1808.00000", "2005-12-31": "1704.00000"}, "Total Assets": {"2020-12-31": "6858.00000", "2019-12-31": "6040.00000", "2018-12-31": "5728.00000", "2017-12-31": "6080.00000", "2016-12-31": "5782.00000", "2015-12-31": "5074.00000", "2014-12-31": "5085.00000", "2013-12-31": "5360.00000", "2012-12-31": "5592.00000", "2011-12-31": "5317.00000", "2010-12-31": "5040.00000", "2009-12-31": "2952.00000", "2008-12-31": "3207.00000", "2007-12-31": "3103.00000", "2006-12-31": "2645.00000", "2005-12-31": "2389.00000"}, "Total Current Liabilities": {"2020-12-31": "1078.00000", "2019-12-31": "967.00000", "2018-12-31": "946.00000", "2017-12-31": "957.00000", "2016-12-31": "978.00000", "2015-12-31": "742.00000", "2014-12-31": "721.00000", "2013-12-31": "820.00000", "2012-12-31": "933.00000", "2011-12-31": "926.00000", "2010-12-31": "873.00000", "2009-12-31": "565.00000", "2008-12-31": "859.00000", "2007-12-31": "674.00000", "2006-12-31": "517.00000", "2005-12-31": "424.00000"}, "Long Term Debt": {"2020-12-31": "2128.00000", "2019-12-31": "1766.00000", "2018-12-31": "1931.00000", "2017-12-31": "1744.00000", "2016-12-31": "1850.00000", "2015-12-31": "1819.00000", "2014-12-31": "1798.00000", "2013-12-31": "1717.00000", "2012-12-31": "1724.00000", "2011-12-31": "1801.00000", "2010-12-31": "1681.00000", "2009-12-31": "408.00000", "2008-12-31": "660.00000", "2007-12-31": "519.00000", "2006-12-31": "480.00000", "2005-12-31": "471.00000"}, "Other Non-Current Liabilities": {"2020-12-31": "257.00000", "2019-12-31": "251.00000", "2018-12-31": "254.00000", "2017-12-31": "263.00000", "2016-12-31": "188.00000", "2015-12-31": "194.00000", "2014-12-31": "179.00000", "2013-12-31": "187.00000", "2012-12-31": "316.00000", "2011-12-31": "258.00000", "2010-12-31": "249.00000", "2009-12-31": "164.00000", "2008-12-31": "177.00000", "2007-12-31": "151.00000", "2006-12-31": "178.00000", "2005-12-31": "139.00000"}, "Total Long Term Liabilities": {"2020-12-31": "2808.00000", "2019-12-31": "2332.00000", "2018-12-31": "2374.00000", "2017-12-31": "2206.00000", "2016-12-31": "2209.00000", "2015-12-31": "2152.00000", "2014-12-31": "2157.00000", "2013-12-31": "2111.00000", "2012-12-31": "2200.00000", "2011-12-31": "2258.00000", "2010-12-31": "2166.00000", "2009-12-31": "683.00000", "2008-12-31": "942.00000", "2007-12-31": "824.00000", "2006-12-31": "798.00000", "2005-12-31": "755.00000"}, "Total Liabilities": {"2020-12-31": "3886.00000", "2019-12-31": "3299.00000", "2018-12-31": "3320.00000", "2017-12-31": "3163.00000", "2016-12-31": "3187.00000", "2015-12-31": "2894.00000", "2014-12-31": "2878.00000", "2013-12-31": "2931.00000", "2012-12-31": "3133.00000", "2011-12-31": "3184.00000", "2010-12-31": "3039.00000", "2009-12-31": "1248.00000", "2008-12-31": "1801.00000", "2007-12-31": "1498.00000", "2006-12-31": "1315.00000", "2005-12-31": "1179.00000"}, "Common Stock Net": {"2020-12-31": "1.00000", "2019-12-31": "1.00000", "2018-12-31": "1.00000", "2017-12-31": "1.00000", "2016-12-31": "1.00000", "2015-12-31": "1.00000", "2014-12-31": "1.00000", "2013-12-31": "1.00000", "2012-12-31": "1.00000", "2011-12-31": "1.00000", "2010-12-31": "1.00000", "2009-12-31": "1.00000", "2008-12-31": "1.00000", "2007-12-31": "1.00000", "2006-12-31": "1.00000", "2005-12-31": "1.00000"}, "Retained Earnings (Accumulated Deficit)": {"2020-12-31": "3957.00000", "2019-12-31": "3780.00000", "2018-12-31": "3536.00000", "2017-12-31": "3259.00000", "2016-12-31": "2899.00000", "2015-12-31": "2552.00000", "2014-12-31": "2275.00000", "2013-12-31": "2045.00000", "2012-12-31": "1769.00000", "2011-12-31": "1412.00000", "2010-12-31": "1046.00000", "2009-12-31": "919.00000", "2008-12-31": "920.00000", "2007-12-31": "694.00000", "2006-12-31": "528.00000", "2005-12-31": "429.00000"}, "Comprehensive Income": {"2020-12-31": "-1133.00000", "2019-12-31": "-1158.00000", "2018-12-31": "-1154.00000", "2017-12-31": "-1013.00000", "2016-12-31": "-1071.00000", "2015-12-31": "-1102.00000", "2014-12-31": "-782.00000", "2013-12-31": "-583.00000", "2012-12-31": "-475.00000", "2011-12-31": "-413.00000", "2010-12-31": "-190.00000", "2009-12-31": "-308.00000", "2008-12-31": "-594.00000", "2007-12-31": "-115.00000", "2006-12-31": "-223.00000", "2005-12-31": "-251.00000"}, "Other Share Holders Equity": {"2020-12-31": "", "2019-12-31": "", "2018-12-31": "", "2017-12-31": "", "2016-12-31": "", "2015-12-31": "", "2014-12-31": "", "2013-12-31": "", "2012-12-31": "", "2011-12-31": "", "2010-12-31": "", "2009-12-31": "", "2008-12-31": "", "2007-12-31": "", "2006-12-31": "", "2005-12-31": ""}, "Share Holder Equity": {"2020-12-31": "2972.00000", "2019-12-31": "2741.00000", "2018-12-31": "2408.00000", "2017-12-31": "2917.00000", "2016-12-31": "2595.00000", "2015-12-31": "2180.00000", "2014-12-31": "2207.00000", "2013-12-31": "2429.00000", "2012-12-31": "2459.00000", "2011-12-31": "2133.00000", "2010-12-31": "2001.00000", "2009-12-31": "1704.00000", "2008-12-31": "1406.00000", "2007-12-31": "1605.00000", "2006-12-31": "1330.00000", "2005-12-31": "1210.00000"}, "Total Liabilities And Share Holders Equity": {"2020-12-31": "6858.00000", "2019-12-31": "6040.00000", "2018-12-31": "5728.00000", "2017-12-31": "6080.00000", "2016-12-31": "5782.00000", "2015-12-31": "5074.00000", "2014-12-31": "5085.00000", "2013-12-31": "5360.00000", "2012-12-31": "5592.00000", "2011-12-31": "5317.00000", "2010-12-31": "5040.00000", "2009-12-31": "2952.00000", "2008-12-31": "3207.00000", "2007-12-31": "3103.00000", "2006-12-31": "2645.00000", "2005-12-31": "2389.00000"}}, "balance sheet, quarterly": {"Cash On Hand": {"2020-12-31": "665.00000", "2020-09-30": "553.00000", "2020-06-30": "1048.00000", "2020-03-31": "280.00000", "2019-12-31": "268.00000", "2019-09-30": "446.00000", "2019-06-30": "301.00000", "2019-03-31": "259.00000", "2018-12-31": "334.00000", "2018-09-30": "437.00000", "2018-06-30": "365.00000", "2018-03-31": "407.00000", "2017-12-31": "604.00000", "2017-09-30": "505.00000", "2017-06-30": "454.00000", "2017-03-31": "448.00000", "2016-12-31": "516.00000", "2016-09-30": "764.00000", "2016-06-30": "507.00000", "2016-03-31": "497.00000", "2015-12-31": "440.00000", "2015-09-30": "731.00000", "2015-06-30": "677.00000", "2015-03-31": "609.00000", "2014-12-31": "614.00000", "2014-09-30": "565.00000", "2014-06-30": "592.00000", "2014-03-31": "560.00000", "2013-12-31": "574.00000", "2013-09-30": "618.00000", "2013-06-30": "569.00000", "2013-03-31": "526.00000", "2012-12-31": "628.00000", "2012-09-30": "532.00000", "2012-06-30": "440.00000", "2012-03-31": "335.00000", "2011-12-31": "401.00000", "2011-09-30": "279.00000", "2011-06-30": "273.00000", "2011-03-31": "267.00000", "2010-12-31": "302.00000", "2010-09-30": "1587.00000", "2010-06-30": "326.00000", "2010-03-31": "321.00000", "2009-12-31": "175.00000", "2009-09-30": "161.00000", "2009-06-30": "175.00000", "2009-03-31": "91.00000", "2008-12-31": "107.00000", "2008-09-30": "116.00000", "2008-06-30": "292.00000", "2008-03-31": "190.00000", "2007-12-31": "175.00000", "2007-09-30": "157.00000", "2007-06-30": "396.00000", "2007-03-31": "87.00000", "2006-12-31": "131.00000", "2006-09-30": "72.00000", "2006-06-30": "57.00000", "2006-03-31": "90.00000", "2005-12-31": "116.00000", "2005-09-30": "95.00000", "2005-06-30": "119.00000", "2005-03-31": "98.00000"}, "Receivables": {"2020-12-31": "1011.00000", "2020-09-30": "913.00000", "2020-06-30": "861.00000", "2020-03-31": "996.00000", "2019-12-31": "977.00000", "2019-09-30": "981.00000", "2019-06-30": "1015.00000", "2019-03-31": "1013.00000", "2018-12-31": "951.00000", "2018-09-30": "865.00000", "2018-06-30": "909.00000", "2018-03-31": "1012.00000", "2017-12-31": "961.00000", "2017-09-30": "901.00000", "2017-06-30": "900.00000", "2017-03-31": "913.00000", "2016-12-31": "923.00000", "2016-09-30": "856.00000", "2016-06-30": "842.00000", "2016-03-31": "786.00000", "2015-12-31": "775.00000", "2015-09-30": "779.00000", "2015-06-30": "795.00000", "2015-03-31": "795.00000", "2014-12-31": "762.00000", "2014-09-30": "831.00000", "2014-06-30": "861.00000", "2014-03-31": "813.00000", "2013-12-31": "832.00000", "2013-09-30": "829.00000", "2013-06-30": "828.00000", "2013-03-31": "859.00000", "2012-12-31": "814.00000", "2012-09-30": "846.00000", "2012-06-30": "843.00000", "2012-03-31": "885.00000", "2011-12-31": "837.00000", "2011-09-30": "780.00000", "2011-06-30": "801.00000", "2011-03-31": "844.00000", "2010-12-31": "763.00000", "2010-09-30": "478.00000", "2010-06-30": "472.00000", "2010-03-31": "480.00000", "2009-12-31": "440.00000", "2009-09-30": "557.00000", "2009-06-30": "529.00000", "2009-03-31": "534.00000", "2008-12-31": "627.00000", "2008-09-30": "575.00000", "2008-06-30": "654.00000", "2008-03-31": "576.00000", "2007-12-31": "460.00000", "2007-09-30": "389.00000", "2007-06-30": "414.00000", "2007-03-31": "371.00000", "2006-12-31": "357.00000", "2006-09-30": "306.00000", "2006-06-30": "292.00000", "2006-03-31": "299.00000", "2005-12-31": "287.00000", "2005-09-30": "320.00000", "2005-06-30": "271.00000", "2005-03-31": "286.00000"}, "Inventory": {"2020-12-31": "917.00000", "2020-09-30": "908.00000", "2020-06-30": "859.00000", "2020-03-31": "857.00000", "2019-12-31": "861.00000", "2019-09-30": "879.00000", "2019-06-30": "865.00000", "2019-03-31": "862.00000", "2018-12-31": "824.00000", "2018-09-30": "852.00000", "2018-06-30": "866.00000", "2018-03-31": "844.00000", "2017-12-31": "823.00000", "2017-09-30": "825.00000", "2017-06-30": "822.00000", "2017-03-31": "835.00000", "2016-12-31": "789.00000", "2016-09-30": "736.00000", "2016-06-30": "763.00000", "2016-03-31": "756.00000", "2015-12-31": "715.00000", "2015-09-30": "718.00000", "2015-06-30": "736.00000", "2015-03-31": "740.00000", "2014-12-31": "699.00000", "2014-09-30": "722.00000", "2014-06-30": "784.00000", "2014-03-31": "757.00000", "2013-12-31": "723.00000", "2013-09-30": "748.00000", "2013-06-30": "856.00000", "2013-03-31": "908.00000", "2012-12-31": "834.00000", "2012-09-30": "792.00000", "2012-06-30": "779.00000", "2012-03-31": "819.00000", "2011-12-31": "769.00000", "2011-09-30": "780.00000", "2011-06-30": "861.00000", "2011-03-31": "789.00000", "2010-12-31": "645.00000", "2010-09-30": "419.00000", "2010-06-30": "399.00000", "2010-03-31": "399.00000", "2009-12-31": "394.00000", "2009-09-30": "401.00000", "2009-06-30": "440.00000", "2009-03-31": "426.00000", "2008-12-31": "454.00000", "2008-09-30": "493.00000", "2008-06-30": "526.00000", "2008-03-31": "428.00000", "2007-12-31": "427.00000", "2007-09-30": "380.00000", "2007-06-30": "365.00000", "2007-03-31": "340.00000", "2006-12-31": "321.00000", "2006-09-30": "303.00000", "2006-06-30": "294.00000", "2006-03-31": "263.00000", "2005-12-31": "258.00000", "2005-09-30": "253.00000", "2005-06-30": "251.00000", "2005-03-31": "220.00000"}, "Pre-Paid Expenses": {"2020-12-31": "54.00000", "2020-09-30": "56.00000", "2020-06-30": "52.00000", "2020-03-31": "55.00000", "2019-12-31": "54.00000", "2019-09-30": "36.00000", "2019-06-30": "34.00000", "2019-03-31": "36.00000", "2018-12-31": "29.00000", "2018-09-30": "36.00000", "2018-06-30": "30.00000", "2018-03-31": "29.00000", "2017-12-31": "27.00000", "2017-09-30": "35.00000", "2017-06-30": "32.00000", "2017-03-31": "31.00000", "2016-12-31": "24.00000", "2016-09-30": "25.00000", "2016-06-30": "26.00000", "2016-03-31": "29.00000", "2015-12-31": "20.00000", "2015-09-30": "25.00000", "2015-06-30": "28.00000", "2015-03-31": "29.00000", "2014-12-31": "21.00000", "2014-09-30": "27.00000", "2014-06-30": "21.00000", "2014-03-31": "21.00000", "2013-12-31": "17.00000", "2013-09-30": "24.00000", "2013-06-30": "24.00000", "2013-03-31": "21.00000", "2012-12-31": "19.00000", "2012-09-30": "25.00000", "2012-06-30": "20.00000", "2012-03-31": "25.00000", "2011-12-31": "24.00000", "2011-09-30": "26.00000", "2011-06-30": "24.00000", "2011-03-31": "25.00000", "2010-12-31": "20.00000", "2010-09-30": "19.00000", "2010-06-30": "32.00000", "2010-03-31": "19.00000", "2009-12-31": "13.00000", "2009-09-30": "17.00000", "2009-06-30": "17.00000", "2009-03-31": "16.00000", "2008-12-31": "10.00000", "2008-09-30": "18.00000", "2008-06-30": "17.00000", "2008-03-31": "19.00000", "2007-12-31": "14.00000", "2007-09-30": "17.00000", "2007-06-30": "16.00000", "2007-03-31": "16.00000", "2006-12-31": "12.00000", "2006-09-30": "14.00000", "2006-06-30": "15.00000", "2006-03-31": "15.00000", "2005-12-31": "11.00000", "2005-09-30": "14.00000", "2005-06-30": "14.00000", "2005-03-31": "14.00000"}, "Other Current Assets": {"2020-12-31": "", "2020-09-30": "", "2020-06-30": "", "2020-03-31": "", "2019-12-31": "", "2019-09-30": "", "2019-06-30": "", "2019-03-31": "", "2018-12-31": "", "2018-09-30": "", "2018-06-30": "", "2018-03-31": "", "2017-12-31": "", "2017-09-30": "", "2017-06-30": "", "2017-03-31": "", "2016-12-31": "", "2016-09-30": "", "2016-06-30": "", "2016-03-31": "", "2015-12-31": "", "2015-09-30": "", "2015-06-30": "", "2015-03-31": "", "2014-12-31": "", "2014-09-30": "", "2014-06-30": "", "2014-03-31": "", "2013-12-31": "", "2013-09-30": "", "2013-06-30": "", "2013-03-31": "", "2012-12-31": "", "2012-09-30": "", "2012-06-30": "", "2012-03-31": "", "2011-12-31": "", "2011-09-30": "", "2011-06-30": "", "2011-03-31": "", "2010-12-31": "", "2010-09-30": "", "2010-06-30": "", "2010-03-31": "", "2009-12-31": "", "2009-09-30": "", "2009-06-30": "", "2009-03-31": "", "2008-12-31": "", "2008-09-30": "", "2008-06-30": "", "2008-03-31": "", "2007-12-31": "", "2007-09-30": "", "2007-06-30": "", "2007-03-31": "", "2006-12-31": "", "2006-09-30": "", "2006-06-30": "", "2006-03-31": "", "2005-12-31": "", "2005-09-30": "", "2005-06-30": "", "2005-03-31": ""}, "Total Current Assets": {"2020-12-31": "2647.00000", "2020-09-30": "2430.00000", "2020-06-30": "2820.00000", "2020-03-31": "2188.00000", "2019-12-31": "2160.00000", "2019-09-30": "2342.00000", "2019-06-30": "2215.00000", "2019-03-31": "2170.00000", "2018-12-31": "2138.00000", "2018-09-30": "2190.00000", "2018-06-30": "2170.00000", "2018-03-31": "2292.00000", "2017-12-31": "2415.00000", "2017-09-30": "2266.00000", "2017-06-30": "2208.00000", "2017-03-31": "2227.00000", "2016-12-31": "2252.00000", "2016-09-30": "2381.00000", "2016-06-30": "2138.00000", "2016-03-31": "2068.00000", "2015-12-31": "1950.00000", "2015-09-30": "2292.00000", "2015-06-30": "2276.00000", "2015-03-31": "2226.00000", "2014-12-31": "2144.00000", "2014-09-30": "2216.00000", "2014-06-30": "2306.00000", "2014-03-31": "2187.00000", "2013-12-31": "2214.00000", "2013-09-30": "2307.00000", "2013-06-30": "2354.00000", "2013-03-31": "2388.00000", "2012-12-31": "2360.00000", "2012-09-30": "2221.00000", "2012-06-30": "2147.00000", "2012-03-31": "2140.00000", "2011-12-31": "2102.00000", "2011-09-30": "1914.00000", "2011-06-30": "1976.00000", "2011-03-31": "1943.00000", "2010-12-31": "1754.00000", "2010-09-30": "2516.00000", "2010-06-30": "1254.00000", "2010-03-31": "1256.00000", "2009-12-31": "1045.00000", "2009-09-30": "1193.00000", "2009-06-30": "1240.00000", "2009-03-31": "1160.00000", "2008-12-31": "1297.00000", "2008-09-30": "1252.00000", "2008-06-30": "1503.00000", "2008-03-31": "1225.00000", "2007-12-31": "1089.00000", "2007-09-30": "960.00000", "2007-06-30": "1207.00000", "2007-03-31": "826.00000", "2006-12-31": "837.00000", "2006-09-30": "707.00000", "2006-06-30": "669.00000", "2006-03-31": "680.00000", "2005-12-31": "685.00000", "2005-09-30": "694.00000", "2005-06-30": "676.00000", "2005-03-31": "628.00000"}, "Property, Plant, And Equipment": {"2020-12-31": "2455.00000", "2020-09-30": "2354.00000", "2020-06-30": "2231.00000", "2020-03-31": "2208.00000", "2019-12-31": "2306.00000", "2019-09-30": "2226.00000", "2019-06-30": "2232.00000", "2019-03-31": "2208.00000", "2018-12-31": "2198.00000", "2018-09-30": "2146.00000", "2018-06-30": "2161.00000", "2018-03-31": "2236.00000", "2017-12-31": "2217.00000", "2017-09-30": "2186.00000", "2017-06-30": "2145.00000", "2017-03-31": "2146.00000", "2016-12-31": "2116.00000", "2016-09-30": "2055.00000", "2016-06-30": "2037.00000", "2016-03-31": "2014.00000", "2015-12-31": "1989.00000", "2015-09-30": "2002.00000", "2015-06-30": "2082.00000", "2015-03-31": "2090.00000", "2014-12-31": "2073.00000", "2014-09-30": "2095.00000", "2014-06-30": "2154.00000", "2014-03-31": "2136.00000", "2013-12-31": "2156.00000", "2013-09-30": "2144.00000", "2013-06-30": "2131.00000", "2013-03-31": "2177.00000", "2012-12-31": "2193.00000", "2012-09-30": "2147.00000", "2012-06-30": "2129.00000", "2012-03-31": "2181.00000", "2011-12-31": "2156.00000", "2011-09-30": "2102.00000", "2011-06-30": "2158.00000", "2011-03-31": "2127.00000", "2010-12-31": "2156.00000", "2010-09-30": "1551.00000", "2010-06-30": "1515.00000", "2010-03-31": "1553.00000", "2009-12-31": "1564.00000", "2009-09-30": "1543.00000", "2009-06-30": "1494.00000", "2009-03-31": "1424.00000", "2008-12-31": "1447.00000", "2008-09-30": "1501.00000", "2008-06-30": "1566.00000", "2008-03-31": "1531.00000", "2007-12-31": "1500.00000", "2007-09-30": "1450.00000", "2007-06-30": "1428.00000", "2007-03-31": "1382.00000", "2006-12-31": "1356.00000", "2006-09-30": "1325.00000", "2006-06-30": "1311.00000", "2006-03-31": "1297.00000", "2005-12-31": "1274.00000", "2005-09-30": "1245.00000", "2005-06-30": "1222.00000", "2005-03-31": "1203.00000"}, "Long-Term Investments": {"2020-12-31": "", "2020-09-30": "", "2020-06-30": "", "2020-03-31": "", "2019-12-31": "", "2019-09-30": "", "2019-06-30": "", "2019-03-31": "", "2018-12-31": "", "2018-09-30": "", "2018-06-30": "", "2018-03-31": "", "2017-12-31": "", "2017-09-30": "", "2017-06-30": "", "2017-03-31": "", "2016-12-31": "", "2016-09-30": "", "2016-06-30": "", "2016-03-31": "", "2015-12-31": "", "2015-09-30": "", "2015-06-30": "", "2015-03-31": "", "2014-12-31": "", "2014-09-30": "5.00000", "2014-06-30": "4.00000", "2014-03-31": "10.00000", "2013-12-31": "11.00000", "2013-09-30": "11.00000", "2013-06-30": "11.00000", "2013-03-31": "10.00000", "2012-12-31": "10.00000", "2012-09-30": "10.00000", "2012-06-30": "10.00000", "2012-03-31": "10.00000", "2011-12-31": "10.00000", "2011-09-30": "9.00000", "2011-06-30": "10.00000", "2011-03-31": "10.00000", "2010-12-31": "12.00000", "2010-09-30": "11.00000", "2010-06-30": "11.00000", "2010-03-31": "10.00000", "2009-12-31": "10.00000", "2009-09-30": "9.00000", "2009-06-30": "9.00000", "2009-03-31": "7.00000", "2008-12-31": "7.00000", "2008-09-30": "10.00000", "2008-06-30": "10.00000", "2008-03-31": "11.00000", "2007-12-31": "13.00000", "2007-09-30": "12.00000", "2007-06-30": "6.00000", "2007-03-31": "6.00000", "2006-12-31": "33.00000", "2006-09-30": "33.00000", "2006-06-30": "11.00000", "2006-03-31": "11.00000", "2005-12-31": "11.00000", "2005-09-30": "11.00000", "2005-06-30": "10.00000", "2005-03-31": "10.00000"}, "Goodwill And Intangible Assets": {"2020-12-31": "1346.00000", "2020-09-30": "1320.00000", "2020-06-30": "1212.00000", "2020-03-31": "1214.00000", "2019-12-31": "1238.00000", "2019-09-30": "1237.00000", "2019-06-30": "1252.00000", "2019-03-31": "1268.00000", "2018-12-31": "1251.00000", "2018-09-30": "1260.00000", "2018-06-30": "1270.00000", "2018-03-31": "1295.00000", "2017-12-31": "1296.00000", "2017-09-30": "1302.00000", "2017-06-30": "1303.00000", "2017-03-31": "1299.00000", "2016-12-31": "1286.00000", "2016-09-30": "995.00000", "2016-06-30": "1000.00000", "2016-03-31": "1010.00000", "2015-12-31": "1011.00000", "2015-09-30": "1018.00000", "2015-06-30": "987.00000", "2015-03-31": "971.00000", "2014-12-31": "768.00000", "2014-09-30": "817.00000", "2014-06-30": "837.00000", "2014-03-31": "838.00000", "2013-12-31": "846.00000", "2013-09-30": "857.00000", "2013-06-30": "858.00000", "2013-03-31": "874.00000", "2012-12-31": "886.00000", "2012-09-30": "895.00000", "2012-06-30": "895.00000", "2012-03-31": "910.00000", "2011-12-31": "909.00000", "2011-09-30": "932.00000", "2011-06-30": "984.00000", "2011-03-31": "1002.00000", "2010-12-31": "936.00000", "2010-09-30": "246.00000", "2010-06-30": "243.00000", "2010-03-31": "244.00000", "2009-12-31": "245.00000", "2009-09-30": "245.00000", "2009-06-30": "242.00000", "2009-03-31": "344.00000", "2008-12-31": "359.00000", "2008-09-30": "374.00000", "2008-06-30": "405.00000", "2008-03-31": "412.00000", "2007-12-31": "426.00000", "2007-09-30": "432.00000", "2007-06-30": "428.00000", "2007-03-31": "428.00000", "2006-12-31": "381.00000", "2006-09-30": "371.00000", "2006-06-30": "371.00000", "2006-03-31": "367.00000", "2005-12-31": "359.00000", "2005-09-30": "355.00000", "2005-06-30": "357.00000", "2005-03-31": "360.00000"}, "Other Long-Term Assets": {"2020-12-31": "214.00000", "2020-09-30": "176.00000", "2020-06-30": "182.00000", "2020-03-31": "179.00000", "2019-12-31": "172.00000", "2019-09-30": "147.00000", "2019-06-30": "146.00000", "2019-03-31": "129.00000", "2018-12-31": "131.00000", "2018-09-30": "144.00000", "2018-06-30": "137.00000", "2018-03-31": "143.00000", "2017-12-31": "143.00000", "2017-09-30": "132.00000", "2017-06-30": "126.00000", "2017-03-31": "120.00000", "2016-12-31": "121.00000", "2016-09-30": "132.00000", "2016-06-30": "133.00000", "2016-03-31": "131.00000", "2015-12-31": "117.00000", "2015-09-30": "128.00000", "2015-06-30": "121.00000", "2015-03-31": "128.00000", "2014-12-31": "96.00000", "2014-09-30": "113.00000", "2014-06-30": "118.00000", "2014-03-31": "116.00000", "2013-12-31": "118.00000", "2013-09-30": "108.00000", "2013-06-30": "105.00000", "2013-03-31": "119.00000", "2012-12-31": "122.00000", "2012-09-30": "123.00000", "2012-06-30": "117.00000", "2012-03-31": "121.00000", "2011-12-31": "121.00000", "2011-09-30": "129.00000", "2011-06-30": "122.00000", "2011-03-31": "115.00000", "2010-12-31": "113.00000", "2010-09-30": "99.00000", "2010-06-30": "81.00000", "2010-03-31": "84.00000", "2009-12-31": "85.00000", "2009-09-30": "95.00000", "2009-06-30": "95.00000", "2009-03-31": "85.00000", "2008-12-31": "93.00000", "2008-09-30": "71.00000", "2008-06-30": "107.00000", "2008-03-31": "74.00000", "2007-12-31": "74.00000", "2007-09-30": "96.00000", "2007-06-30": "83.00000", "2007-03-31": "60.00000", "2006-12-31": "37.00000", "2006-09-30": "58.00000", "2006-06-30": "57.00000", "2006-03-31": "54.00000", "2005-12-31": "57.00000", "2005-09-30": "60.00000", "2005-06-30": "75.00000", "2005-03-31": "64.00000"}, "Total Long-Term Assets": {"2020-12-31": "4211.00000", "2020-09-30": "4034.00000", "2020-06-30": "3791.00000", "2020-03-31": "3764.00000", "2019-12-31": "3880.00000", "2019-09-30": "3753.00000", "2019-06-30": "3783.00000", "2019-03-31": "3762.00000", "2018-12-31": "3590.00000", "2018-09-30": "3561.00000", "2018-06-30": "3578.00000", "2018-03-31": "3683.00000", "2017-12-31": "3665.00000", "2017-09-30": "3627.00000", "2017-06-30": "3581.00000", "2017-03-31": "3572.00000", "2016-12-31": "3530.00000", "2016-09-30": "3192.00000", "2016-06-30": "3175.00000", "2016-03-31": "3160.00000", "2015-12-31": "3124.00000", "2015-09-30": "3152.00000", "2015-06-30": "3194.00000", "2015-03-31": "3193.00000", "2014-12-31": "2941.00000", "2014-09-30": "3040.00000", "2014-06-30": "3125.00000", "2014-03-31": "3114.00000", "2013-12-31": "3146.00000", "2013-09-30": "3137.00000", "2013-06-30": "3122.00000", "2013-03-31": "3199.00000", "2012-12-31": "3232.00000", "2012-09-30": "3194.00000", "2012-06-30": "3182.00000", "2012-03-31": "3242.00000", "2011-12-31": "3215.00000", "2011-09-30": "3230.00000", "2011-06-30": "3338.00000", "2011-03-31": "3318.00000", "2010-12-31": "3286.00000", "2010-09-30": "1909.00000", "2010-06-30": "1852.00000", "2010-03-31": "1893.00000", "2009-12-31": "1907.00000", "2009-09-30": "1896.00000", "2009-06-30": "1843.00000", "2009-03-31": "1863.00000", "2008-12-31": "1910.00000", "2008-09-30": "1956.00000", "2008-06-30": "2089.00000", "2008-03-31": "2029.00000", "2007-12-31": "2014.00000", "2007-09-30": "1992.00000", "2007-06-30": "1945.00000", "2007-03-31": "1878.00000", "2006-12-31": "1808.00000", "2006-09-30": "1790.00000", "2006-06-30": "1752.00000", "2006-03-31": "1731.00000", "2005-12-31": "1704.00000", "2005-09-30": "1687.00000", "2005-06-30": "1704.00000", "2005-03-31": "1686.00000"}, "Total Assets": {"2020-12-31": "6858.00000", "2020-09-30": "6464.00000", "2020-06-30": "6611.00000", "2020-03-31": "5952.00000", "2019-12-31": "6040.00000", "2019-09-30": "6095.00000", "2019-06-30": "5998.00000", "2019-03-31": "5932.00000", "2018-12-31": "5728.00000", "2018-09-30": "5751.00000", "2018-06-30": "5748.00000", "2018-03-31": "5975.00000", "2017-12-31": "6080.00000", "2017-09-30": "5893.00000", "2017-06-30": "5789.00000", "2017-03-31": "5799.00000", "2016-12-31": "5782.00000", "2016-09-30": "5573.00000", "2016-06-30": "5313.00000", "2016-03-31": "5228.00000", "2015-12-31": "5074.00000", "2015-09-30": "5444.00000", "2015-06-30": "5470.00000", "2015-03-31": "5419.00000", "2014-12-31": "5085.00000", "2014-09-30": "5256.00000", "2014-06-30": "5431.00000", "2014-03-31": "5301.00000", "2013-12-31": "5360.00000", "2013-09-30": "5444.00000", "2013-06-30": "5476.00000", "2013-03-31": "5587.00000", "2012-12-31": "5592.00000", "2012-09-30": "5415.00000", "2012-06-30": "5329.00000", "2012-03-31": "5382.00000", "2011-12-31": "5317.00000", "2011-09-30": "5144.00000", "2011-06-30": "5314.00000", "2011-03-31": "5261.00000", "2010-12-31": "5040.00000", "2010-09-30": "4425.00000", "2010-06-30": "3106.00000", "2010-03-31": "3149.00000", "2009-12-31": "2952.00000", "2009-09-30": "3089.00000", "2009-06-30": "3083.00000", "2009-03-31": "3023.00000", "2008-12-31": "3207.00000", "2008-09-30": "3208.00000", "2008-06-30": "3592.00000", "2008-03-31": "3254.00000", "2007-12-31": "3103.00000", "2007-09-30": "2952.00000", "2007-06-30": "3152.00000", "2007-03-31": "2704.00000", "2006-12-31": "2645.00000", "2006-09-30": "2497.00000", "2006-06-30": "2421.00000", "2006-03-31": "2411.00000", "2005-12-31": "2389.00000", "2005-09-30": "2381.00000", "2005-06-30": "2380.00000", "2005-03-31": "2314.00000"}, "Total Current Liabilities": {"2020-12-31": "1078.00000", "2020-09-30": "955.00000", "2020-06-30": "1282.00000", "2020-03-31": "937.00000", "2019-12-31": "967.00000", "2019-09-30": "957.00000", "2019-06-30": "894.00000", "2019-03-31": "901.00000", "2018-12-31": "946.00000", "2018-09-30": "875.00000", "2018-06-30": "882.00000", "2018-03-31": "909.00000", "2017-12-31": "957.00000", "2017-09-30": "940.00000", "2017-06-30": "874.00000", "2017-03-31": "933.00000", "2016-12-31": "978.00000", "2016-09-30": "796.00000", "2016-06-30": "685.00000", "2016-03-31": "693.00000", "2015-12-31": "742.00000", "2015-09-30": "670.00000", "2015-06-30": "664.00000", "2015-03-31": "684.00000", "2014-12-31": "721.00000", "2014-09-30": "763.00000", "2014-06-30": "739.00000", "2014-03-31": "719.00000", "2013-12-31": "820.00000", "2013-09-30": "776.00000", "2013-06-30": "810.00000", "2013-03-31": "879.00000", "2012-12-31": "933.00000", "2012-09-30": "781.00000", "2012-06-30": "808.00000", "2012-03-31": "894.00000", "2011-12-31": "926.00000", "2011-09-30": "834.00000", "2011-06-30": "848.00000", "2011-03-31": "915.00000", "2010-12-31": "873.00000", "2010-09-30": "570.00000", "2010-06-30": "576.00000", "2010-03-31": "605.00000", "2009-12-31": "565.00000", "2009-09-30": "713.00000", "2009-06-30": "743.00000", "2009-03-31": "701.00000", "2008-12-31": "859.00000", "2008-09-30": "828.00000", "2008-06-30": "865.00000", "2008-03-31": "650.00000", "2007-12-31": "674.00000", "2007-09-30": "556.00000", "2007-06-30": "824.00000", "2007-03-31": "497.00000", "2006-12-31": "517.00000", "2006-09-30": "455.00000", "2006-06-30": "432.00000", "2006-03-31": "402.00000", "2005-12-31": "424.00000", "2005-09-30": "406.00000", "2005-06-30": "402.00000", "2005-03-31": "362.00000"}, "Long Term Debt": {"2020-12-31": "2128.00000", "2020-09-30": "2115.00000", "2020-06-30": "2140.00000", "2020-03-31": "1871.00000", "2019-12-31": "1766.00000", "2019-09-30": "2001.00000", "2019-06-30": "1946.00000", "2019-03-31": "1957.00000", "2018-12-31": "1931.00000", "2018-09-30": "1559.00000", "2018-06-30": "1530.00000", "2018-03-31": "1512.00000", "2017-12-31": "1744.00000", "2017-09-30": "1731.00000", "2017-06-30": "1838.00000", "2017-03-31": "1895.00000", "2016-12-31": "1850.00000", "2016-09-30": "1859.00000", "2016-06-30": "1801.00000", "2016-03-31": "1872.00000", "2015-12-31": "1819.00000", "2015-09-30": "2243.00000", "2015-06-30": "2163.00000", "2015-03-31": "2208.00000", "2014-12-31": "1798.00000", "2014-09-30": "1888.00000", "2014-06-30": "1715.00000", "2014-03-31": "1718.00000", "2013-12-31": "1717.00000", "2013-09-30": "1721.00000", "2013-06-30": "1719.00000", "2013-03-31": "1724.00000", "2012-12-31": "1724.00000", "2012-09-30": "1728.00000", "2012-06-30": "1776.00000", "2012-03-31": "1779.00000", "2011-12-31": "1801.00000", "2011-09-30": "1751.00000", "2011-06-30": "1653.00000", "2011-03-31": "1640.00000", "2010-12-31": "1681.00000", "2010-09-30": "1705.00000", "2010-06-30": "499.00000", "2010-03-31": "538.00000", "2009-12-31": "408.00000", "2009-09-30": "533.00000", "2009-06-30": "652.00000", "2009-03-31": "665.00000", "2008-12-31": "660.00000", "2008-09-30": "505.00000", "2008-06-30": "514.00000", "2008-03-31": "513.00000", "2007-12-31": "519.00000", "2007-09-30": "535.00000", "2007-06-30": "540.00000", "2007-03-31": "494.00000", "2006-12-31": "480.00000", "2006-09-30": "454.00000", "2006-06-30": "454.00000", "2006-03-31": "471.00000", "2005-12-31": "471.00000", "2005-09-30": "471.00000", "2005-06-30": "471.00000", "2005-03-31": "480.00000"}, "Other Non-Current Liabilities": {"2020-12-31": "257.00000", "2020-09-30": "243.00000", "2020-06-30": "236.00000", "2020-03-31": "228.00000", "2019-12-31": "251.00000", "2019-09-30": "238.00000", "2019-06-30": "236.00000", "2019-03-31": "224.00000", "2018-12-31": "254.00000", "2018-09-30": "265.00000", "2018-06-30": "278.00000", "2018-03-31": "280.00000", "2017-12-31": "263.00000", "2017-09-30": "210.00000", "2017-06-30": "199.00000", "2017-03-31": "188.00000", "2016-12-31": "188.00000", "2016-09-30": "191.00000", "2016-06-30": "202.00000", "2016-03-31": "195.00000", "2015-12-31": "194.00000", "2015-09-30": "203.00000", "2015-06-30": "212.00000", "2015-03-31": "211.00000", "2014-12-31": "179.00000", "2014-09-30": "172.00000", "2014-06-30": "173.00000", "2014-03-31": "168.00000", "2013-12-31": "187.00000", "2013-09-30": "296.00000", "2013-06-30": "304.00000", "2013-03-31": "312.00000", "2012-12-31": "316.00000", "2012-09-30": "232.00000", "2012-06-30": "257.00000", "2012-03-31": "265.00000", "2011-12-31": "258.00000", "2011-09-30": "225.00000", "2011-06-30": "258.00000", "2011-03-31": "254.00000", "2010-12-31": "249.00000", "2010-09-30": "146.00000", "2010-06-30": "154.00000", "2010-03-31": "157.00000", "2009-12-31": "164.00000", "2009-09-30": "159.00000", "2009-06-30": "163.00000", "2009-03-31": "169.00000", "2008-12-31": "177.00000", "2008-09-30": "152.00000", "2008-06-30": "157.00000", "2008-03-31": "159.00000", "2007-12-31": "151.00000", "2007-09-30": "191.00000", "2007-06-30": "189.00000", "2007-03-31": "174.00000", "2006-12-31": "178.00000", "2006-09-30": "148.00000", "2006-06-30": "140.00000", "2006-03-31": "146.00000", "2005-12-31": "139.00000", "2005-09-30": "123.00000", "2005-06-30": "137.00000", "2005-03-31": "139.00000"}, "Total Long Term Liabilities": {"2020-12-31": "2808.00000", "2020-09-30": "2744.00000", "2020-06-30": "2663.00000", "2020-03-31": "2388.00000", "2019-12-31": "2332.00000", "2019-09-30": "2526.00000", "2019-06-30": "2492.00000", "2019-03-31": "2487.00000", "2018-12-31": "2374.00000", "2018-09-30": "2019.00000", "2018-06-30": "2010.00000", "2018-03-31": "2002.00000", "2017-12-31": "2206.00000", "2017-09-30": "2095.00000", "2017-06-30": "2212.00000", "2017-03-31": "2257.00000", "2016-12-31": "2209.00000", "2016-09-30": "2198.00000", "2016-06-30": "2167.00000", "2016-03-31": "2208.00000", "2015-12-31": "2152.00000", "2015-09-30": "2627.00000", "2015-06-30": "2577.00000", "2015-03-31": "2622.00000", "2014-12-31": "2157.00000", "2014-09-30": "2262.00000", "2014-06-30": "2101.00000", "2014-03-31": "2093.00000", "2013-12-31": "2111.00000", "2013-09-30": "2185.00000", "2013-06-30": "2186.00000", "2013-03-31": "2201.00000", "2012-12-31": "2200.00000", "2012-09-30": "2165.00000", "2012-06-30": "2234.00000", "2012-03-31": "2252.00000", "2011-12-31": "2258.00000", "2011-09-30": "2212.00000", "2011-06-30": "2160.00000", "2011-03-31": "2143.00000", "2010-12-31": "2166.00000", "2010-09-30": "1971.00000", "2010-06-30": "764.00000", "2010-03-31": "806.00000", "2009-12-31": "683.00000", "2009-09-30": "801.00000", "2009-06-30": "914.00000", "2009-03-31": "935.00000", "2008-12-31": "942.00000", "2008-09-30": "803.00000", "2008-06-30": "829.00000", "2008-03-31": "865.00000", "2007-12-31": "824.00000", "2007-09-30": "863.00000", "2007-06-30": "861.00000", "2007-03-31": "806.00000", "2006-12-31": "798.00000", "2006-09-30": "755.00000", "2006-06-30": "741.00000", "2006-03-31": "764.00000", "2005-12-31": "755.00000", "2005-09-30": "765.00000", "2005-06-30": "800.00000", "2005-03-31": "814.00000"}, "Total Liabilities": {"2020-12-31": "3886.00000", "2020-09-30": "3699.00000", "2020-06-30": "3945.00000", "2020-03-31": "3325.00000", "2019-12-31": "3299.00000", "2019-09-30": "3483.00000", "2019-06-30": "3386.00000", "2019-03-31": "3388.00000", "2018-12-31": "3320.00000", "2018-09-30": "2894.00000", "2018-06-30": "2892.00000", "2018-03-31": "2911.00000", "2017-12-31": "3163.00000", "2017-09-30": "3035.00000", "2017-06-30": "3086.00000", "2017-03-31": "3190.00000", "2016-12-31": "3187.00000", "2016-09-30": "2994.00000", "2016-06-30": "2852.00000", "2016-03-31": "2901.00000", "2015-12-31": "2894.00000", "2015-09-30": "3297.00000", "2015-06-30": "3241.00000", "2015-03-31": "3306.00000", "2014-12-31": "2878.00000", "2014-09-30": "3025.00000", "2014-06-30": "2840.00000", "2014-03-31": "2812.00000", "2013-12-31": "2931.00000", "2013-09-30": "2961.00000", "2013-06-30": "2996.00000", "2013-03-31": "3080.00000", "2012-12-31": "3133.00000", "2012-09-30": "2946.00000", "2012-06-30": "3042.00000", "2012-03-31": "3146.00000", "2011-12-31": "3184.00000", "2011-09-30": "3046.00000", "2011-06-30": "3008.00000", "2011-03-31": "3058.00000", "2010-12-31": "3039.00000", "2010-09-30": "2541.00000", "2010-06-30": "1340.00000", "2010-03-31": "1411.00000", "2009-12-31": "1248.00000", "2009-09-30": "1514.00000", "2009-06-30": "1657.00000", "2009-03-31": "1636.00000", "2008-12-31": "1801.00000", "2008-09-30": "1631.00000", "2008-06-30": "1694.00000", "2008-03-31": "1515.00000", "2007-12-31": "1498.00000", "2007-09-30": "1419.00000", "2007-06-30": "1685.00000", "2007-03-31": "1303.00000", "2006-12-31": "1315.00000", "2006-09-30": "1210.00000", "2006-06-30": "1173.00000", "2006-03-31": "1166.00000", "2005-12-31": "1179.00000", "2005-09-30": "1171.00000", "2005-06-30": "1202.00000", "2005-03-31": "1176.00000"}, "Common Stock Net": {"2020-12-31": "1.00000", "2020-09-30": "1.00000", "2020-06-30": "1.00000", "2020-03-31": "1.00000", "2019-12-31": "1.00000", "2019-09-30": "1.00000", "2019-06-30": "1.00000", "2019-03-31": "1.00000", "2018-12-31": "1.00000", "2018-09-30": "1.00000", "2018-06-30": "1.00000", "2018-03-31": "1.00000", "2017-12-31": "1.00000", "2017-09-30": "1.00000", "2017-06-30": "1.00000", "2017-03-31": "1.00000", "2016-12-31": "1.00000", "2016-09-30": "1.00000", "2016-06-30": "1.00000", "2016-03-31": "1.00000", "2015-12-31": "1.00000", "2015-09-30": "1.00000", "2015-06-30": "1.00000", "2015-03-31": "1.00000", "2014-12-31": "1.00000", "2014-09-30": "1.00000", "2014-06-30": "1.00000", "2014-03-31": "1.00000", "2013-12-31": "1.00000", "2013-09-30": "1.00000", "2013-06-30": "1.00000", "2013-03-31": "1.00000", "2012-12-31": "1.00000", "2012-09-30": "1.00000", "2012-06-30": "1.00000", "2012-03-31": "1.00000", "2011-12-31": "1.00000", "2011-09-30": "1.00000", "2011-06-30": "1.00000", "2011-03-31": "1.00000", "2010-12-31": "1.00000", "2010-09-30": "1.00000", "2010-06-30": "1.00000", "2010-03-31": "1.00000", "2009-12-31": "1.00000", "2009-09-30": "1.00000", "2009-06-30": "1.00000", "2009-03-31": "1.00000", "2008-12-31": "1.00000", "2008-09-30": "1.00000", "2008-06-30": "1.00000", "2008-03-31": "1.00000", "2007-12-31": "1.00000", "2007-09-30": "1.00000", "2007-06-30": "1.00000", "2007-03-31": "1.00000", "2006-12-31": "1.00000", "2006-09-30": "1.00000", "2006-06-30": "1.00000", "2006-03-31": "1.00000", "2005-12-31": "1.00000", "2005-09-30": "1.00000", "2005-06-30": "1.00000", "2005-03-31": "1.00000"}, "Retained Earnings (Accumulated Deficit)": {"2020-12-31": "3957.00000", "2020-09-30": "3884.00000", "2020-06-30": "3836.00000", "2020-03-31": "3813.00000", "2019-12-31": "3780.00000", "2019-09-30": "3713.00000", "2019-06-30": "3656.00000", "2019-03-31": "3594.00000", "2018-12-31": "3536.00000", "2018-09-30": "3484.00000", "2018-06-30": "3426.00000", "2018-03-31": "3355.00000", "2017-12-31": "3259.00000", "2017-09-30": "3203.00000", "2017-06-30": "3080.00000", "2017-03-31": "2987.00000", "2016-12-31": "2899.00000", "2016-09-30": "2842.00000", "2016-06-30": "2735.00000", "2016-03-31": "2647.00000", "2015-12-31": "2552.00000", "2015-09-30": "2481.00000", "2015-06-30": "2405.00000", "2015-03-31": "2329.00000", "2014-12-31": "2275.00000", "2014-09-30": "2245.00000", "2014-06-30": "2157.00000", "2014-03-31": "2086.00000", "2013-12-31": "2045.00000", "2013-09-30": "1972.00000", "2013-06-30": "1916.00000", "2013-03-31": "1850.00000", "2012-12-31": "1769.00000", "2012-09-30": "1677.00000", "2012-06-30": "1585.00000", "2012-03-31": "1491.00000", "2011-12-31": "1412.00000", "2011-09-30": "1332.00000", "2011-06-30": "1256.00000", "2011-03-31": "1189.00000", "2010-12-31": "1046.00000", "2010-09-30": "1005.00000", "2010-06-30": "979.00000", "2010-03-31": "952.00000", "2009-12-31": "919.00000", "2009-09-30": "874.00000", "2009-06-30": "831.00000", "2009-03-31": "927.00000", "2008-12-31": "920.00000", "2008-09-30": "885.00000", "2008-06-30": "808.00000", "2008-03-31": "750.00000", "2007-12-31": "694.00000", "2007-09-30": "657.00000", "2007-06-30": "614.00000", "2007-03-31": "570.00000", "2006-12-31": "528.00000", "2006-09-30": "502.00000", "2006-06-30": "471.00000", "2006-03-31": "446.00000", "2005-12-31": "429.00000", "2005-09-30": "410.00000", "2005-06-30": "392.00000", "2005-03-31": "372.00000"}, "Comprehensive Income": {"2020-12-31": "-1133.00000", "2020-09-30": "-1259.00000", "2020-06-30": "-1307.00000", "2020-03-31": "-1322.00000", "2019-12-31": "-1158.00000", "2019-09-30": "-1214.00000", "2019-06-30": "-1152.00000", "2019-03-31": "-1160.00000", "2018-12-31": "-1154.00000", "2018-09-30": "-1131.00000", "2018-06-30": "-1106.00000", "2018-03-31": "-972.00000", "2017-12-31": "-1013.00000", "2017-09-30": "-1009.00000", "2017-06-30": "-1029.00000", "2017-03-31": "-1023.00000", "2016-12-31": "-1071.00000", "2016-09-30": "-1024.00000", "2016-06-30": "-1019.00000", "2016-03-31": "-1067.00000", "2015-12-31": "-1102.00000", "2015-09-30": "-1053.00000", "2015-06-30": "-887.00000", "2015-03-31": "-925.00000", "2014-12-31": "-782.00000", "2014-09-30": "-719.00000", "2014-06-30": "-562.00000", "2014-03-31": "-575.00000", "2013-12-31": "-583.00000", "2013-09-30": "-618.00000", "2013-06-30": "-615.00000", "2013-03-31": "-517.00000", "2012-12-31": "-475.00000", "2012-09-30": "-353.00000", "2012-06-30": "-435.00000", "2012-03-31": "-401.00000", "2011-12-31": "-413.00000", "2011-09-30": "-361.00000", "2011-06-30": "-117.00000", "2011-03-31": "-145.00000", "2010-12-31": "-190.00000", "2010-09-30": "-249.00000", "2010-06-30": "-332.00000", "2010-03-31": "-333.00000", "2009-12-31": "-308.00000", "2009-09-30": "-385.00000", "2009-06-30": "-490.00000", "2009-03-31": "-625.00000", "2008-12-31": "-594.00000", "2008-09-30": "-359.00000", "2008-06-30": "50.00000", "2008-03-31": "-42.00000", "2007-12-31": "-115.00000", "2007-09-30": "-184.00000", "2007-06-30": "-207.00000", "2007-03-31": "-217.00000", "2006-12-31": "-223.00000", "2006-09-30": "-242.00000", "2006-06-30": "-238.00000", "2006-03-31": "-233.00000", "2005-12-31": "-251.00000", "2005-09-30": "-230.00000", "2005-06-30": "-268.00000", "2005-03-31": "-290.00000"}, "Other Share Holders Equity": {"2020-12-31": "", "2020-09-30": "", "2020-06-30": "", "2020-03-31": "", "2019-12-31": "", "2019-09-30": "", "2019-06-30": "", "2019-03-31": "", "2018-12-31": "", "2018-09-30": "", "2018-06-30": "", "2018-03-31": "", "2017-12-31": "", "2017-09-30": "", "2017-06-30": "", "2017-03-31": "", "2016-12-31": "", "2016-09-30": "", "2016-06-30": "", "2016-03-31": "", "2015-12-31": "", "2015-09-30": "", "2015-06-30": "", "2015-03-31": "", "2014-12-31": "", "2014-09-30": "", "2014-06-30": "", "2014-03-31": "", "2013-12-31": "", "2013-09-30": "", "2013-06-30": "", "2013-03-31": "", "2012-12-31": "", "2012-09-30": "", "2012-06-30": "", "2012-03-31": "", "2011-12-31": "", "2011-09-30": "", "2011-06-30": "", "2011-03-31": "", "2010-12-31": "", "2010-09-30": "", "2010-06-30": "", "2010-03-31": "", "2009-12-31": "", "2009-09-30": "", "2009-06-30": "", "2009-03-31": "", "2008-12-31": "", "2008-09-30": "", "2008-06-30": "", "2008-03-31": "", "2007-12-31": "", "2007-09-30": "", "2007-06-30": "", "2007-03-31": "", "2006-12-31": "", "2006-09-30": "", "2006-06-30": "", "2006-03-31": "", "2005-12-31": "", "2005-09-30": "", "2005-06-30": "", "2005-03-31": ""}, "Share Holder Equity": {"2020-12-31": "2972.00000", "2020-09-30": "2765.00000", "2020-06-30": "2666.00000", "2020-03-31": "2627.00000", "2019-12-31": "2741.00000", "2019-09-30": "2612.00000", "2019-06-30": "2612.00000", "2019-03-31": "2544.00000", "2018-12-31": "2408.00000", "2018-09-30": "2857.00000", "2018-06-30": "2856.00000", "2018-03-31": "3064.00000", "2017-12-31": "2917.00000", "2017-09-30": "2858.00000", "2017-06-30": "2703.00000", "2017-03-31": "2609.00000", "2016-12-31": "2595.00000", "2016-09-30": "2579.00000", "2016-06-30": "2461.00000", "2016-03-31": "2327.00000", "2015-12-31": "2180.00000", "2015-09-30": "2147.00000", "2015-06-30": "2229.00000", "2015-03-31": "2113.00000", "2014-12-31": "2207.00000", "2014-09-30": "2231.00000", "2014-06-30": "2591.00000", "2014-03-31": "2489.00000", "2013-12-31": "2429.00000", "2013-09-30": "2483.00000", "2013-06-30": "2480.00000", "2013-03-31": "2507.00000", "2012-12-31": "2459.00000", "2012-09-30": "2469.00000", "2012-06-30": "2287.00000", "2012-03-31": "2236.00000", "2011-12-31": "2133.00000", "2011-09-30": "2098.00000", "2011-06-30": "2306.00000", "2011-03-31": "2203.00000", "2010-12-31": "2001.00000", "2010-09-30": "1884.00000", "2010-06-30": "1766.00000", "2010-03-31": "1738.00000", "2009-12-31": "1704.00000", "2009-09-30": "1575.00000", "2009-06-30": "1426.00000", "2009-03-31": "1387.00000", "2008-12-31": "1406.00000", "2008-09-30": "1577.00000", "2008-06-30": "1898.00000", "2008-03-31": "1739.00000", "2007-12-31": "1605.00000", "2007-09-30": "1533.00000", "2007-06-30": "1467.00000", "2007-03-31": "1401.00000", "2006-12-31": "1330.00000", "2006-09-30": "1287.00000", "2006-06-30": "1248.00000", "2006-03-31": "1245.00000", "2005-12-31": "1210.00000", "2005-09-30": "1210.00000", "2005-06-30": "1178.00000", "2005-03-31": "1138.00000"}, "Total Liabilities And Share Holders Equity": {"2020-12-31": "6858.00000", "2020-09-30": "6464.00000", "2020-06-30": "6611.00000", "2020-03-31": "5952.00000", "2019-12-31": "6040.00000", "2019-09-30": "6095.00000", "2019-06-30": "5998.00000", "2019-03-31": "5932.00000", "2018-12-31": "5728.00000", "2018-09-30": "5751.00000", "2018-06-30": "5748.00000", "2018-03-31": "5975.00000", "2017-12-31": "6080.00000", "2017-09-30": "5893.00000", "2017-06-30": "5789.00000", "2017-03-31": "5799.00000", "2016-12-31": "5782.00000", "2016-09-30": "5573.00000", "2016-06-30": "5313.00000", "2016-03-31": "5228.00000", "2015-12-31": "5074.00000", "2015-09-30": "5444.00000", "2015-06-30": "5470.00000", "2015-03-31": "5419.00000", "2014-12-31": "5085.00000", "2014-09-30": "5256.00000", "2014-06-30": "5431.00000", "2014-03-31": "5301.00000", "2013-12-31": "5360.00000", "2013-09-30": "5444.00000", "2013-06-30": "5476.00000", "2013-03-31": "5587.00000", "2012-12-31": "5592.00000", "2012-09-30": "5415.00000", "2012-06-30": "5329.00000", "2012-03-31": "5382.00000", "2011-12-31": "5317.00000", "2011-09-30": "5144.00000", "2011-06-30": "5314.00000", "2011-03-31": "5261.00000", "2010-12-31": "5040.00000", "2010-09-30": "4425.00000", "2010-06-30": "3106.00000", "2010-03-31": "3149.00000", "2009-12-31": "2952.00000", "2009-09-30": "3089.00000", "2009-06-30": "3083.00000", "2009-03-31": "3023.00000", "2008-12-31": "3207.00000", "2008-09-30": "3208.00000", "2008-06-30": "3592.00000", "2008-03-31": "3254.00000", "2007-12-31": "3103.00000", "2007-09-30": "2952.00000", "2007-06-30": "3152.00000", "2007-03-31": "2704.00000", "2006-12-31": "2645.00000", "2006-09-30": "2497.00000", "2006-06-30": "2421.00000", "2006-03-31": "2411.00000", "2005-12-31": "2389.00000", "2005-09-30": "2381.00000", "2005-06-30": "2380.00000", "2005-03-31": "2314.00000"}}, "cash flow statement": {"Net Income/Loss": {"2020-12-31": "354.00000", "2019-12-31": "424.00000", "2018-12-31": "454.00000", "2017-12-31": "532.00000", "2016-12-31": "496.00000", "2015-12-31": "412.00000", "2014-12-31": "363.00000", "2013-12-31": "403.00000", "2012-12-31": "434.00000", "2011-12-31": "423.00000", "2010-12-31": "176.00000", "2009-12-31": "47.00000", "2008-12-31": "275.00000", "2007-12-31": "203.00000", "2006-12-31": "124.00000", "2005-12-31": "90.00000"}, "Total Depreciation And Amortization - Cash Flow": {"2020-12-31": "213.00000", "2019-12-31": "220.00000", "2018-12-31": "247.00000", "2017-12-31": "209.00000", "2016-12-31": "196.00000", "2015-12-31": "194.00000", "2014-12-31": "195.00000", "2013-12-31": "194.00000", "2012-12-31": "211.00000", "2011-12-31": "211.00000", "2010-12-31": "155.00000", "2009-12-31": "130.00000", "2008-12-31": "128.00000", "2007-12-31": "125.00000", "2006-12-31": "114.00000", "2005-12-31": "106.00000"}, "Other Non-Cash Items": {"2020-12-31": "53.00000", "2019-12-31": "93.00000", "2018-12-31": "73.00000", "2017-12-31": "172.00000", "2016-12-31": "96.00000", "2015-12-31": "100.00000", "2014-12-31": "90.00000", "2013-12-31": "104.00000", "2012-12-31": "21.00000", "2011-12-31": "-12.00000", "2010-12-31": "36.00000", "2009-12-31": "124.00000", "2008-12-31": "-5.00000", "2007-12-31": "-5.00000", "2006-12-31": "1.00000", "2005-12-31": "-11.00000"}, "Total Non-Cash Items": {"2020-12-31": "266.00000", "2019-12-31": "313.00000", "2018-12-31": "320.00000", "2017-12-31": "381.00000", "2016-12-31": "292.00000", "2015-12-31": "294.00000", "2014-12-31": "285.00000", "2013-12-31": "298.00000", "2012-12-31": "232.00000", "2011-12-31": "199.00000", "2010-12-31": "191.00000", "2009-12-31": "254.00000", "2008-12-31": "123.00000", "2007-12-31": "120.00000", "2006-12-31": "115.00000", "2005-12-31": "95.00000"}, "Change In Accounts Receivable": {"2020-12-31": "", "2019-12-31": "-61.00000", "2018-12-31": "-70.00000", "2017-12-31": "-44.00000", "2016-12-31": "-131.00000", "2015-12-31": "-29.00000", "2014-12-31": "-15.00000", "2013-12-31": "-69.00000", "2012-12-31": "22.00000", "2011-12-31": "-134.00000", "2010-12-31": "-45.00000", "2009-12-31": "-3.00000", "2008-12-31": "-43.00000", "2007-12-31": "-40.00000", "2006-12-31": "-28.00000", "2005-12-31": "24.00000"}, "Change In Inventories": {"2020-12-31": "", "2019-12-31": "-43.00000", "2018-12-31": "-50.00000", "2017-12-31": "-34.00000", "2016-12-31": "-19.00000", "2015-12-31": "9.00000", "2014-12-31": "-6.00000", "2013-12-31": "76.00000", "2012-12-31": "-69.00000", "2011-12-31": "-149.00000", "2010-12-31": "-51.00000", "2009-12-31": "82.00000", "2008-12-31": "-91.00000", "2007-12-31": "-86.00000", "2006-12-31": "-57.00000", "2005-12-31": "5.00000"}, "Change In Accounts Payable": {"2020-12-31": "", "2019-12-31": "", "2018-12-31": "", "2017-12-31": "", "2016-12-31": "", "2015-12-31": "", "2014-12-31": "", "2013-12-31": "", "2012-12-31": "", "2011-12-31": "", "2010-12-31": "", "2009-12-31": "", "2008-12-31": "", "2007-12-31": "", "2006-12-31": "", "2005-12-31": ""}, "Change In Assets/Liabilities": {"2020-12-31": "150.00000", "2019-12-31": "-1.00000", "2018-12-31": "5.00000", "2017-12-31": "6.00000", "2016-12-31": "15.00000", "2015-12-31": "-30.00000", "2014-12-31": "39.00000", "2013-12-31": "14.00000", "2012-12-31": "-22.00000", "2011-12-31": "-78.00000", "2010-12-31": "18.00000", "2009-12-31": "242.00000", "2008-12-31": "-295.00000", "2007-12-31": "55.00000", "2006-12-31": "4.00000", "2005-12-31": ""}, "Total Change In Assets/Liabilities": {"2020-12-31": "150.00000", "2019-12-31": "-54.00000", "2018-12-31": "-118.00000", "2017-12-31": "-121.00000", "2016-12-31": "-8.00000", "2015-12-31": "-20.00000", "2014-12-31": "84.00000", "2013-12-31": "-57.00000", "2012-12-31": "11.00000", "2011-12-31": "-334.00000", "2010-12-31": "45.00000", "2009-12-31": "257.00000", "2008-12-31": "-458.00000", "2007-12-31": "-59.00000", "2006-12-31": "-29.00000", "2005-12-31": "60.00000"}, "Cash Flow From Operating Activities": {"2020-12-31": "829.00000", "2019-12-31": "680.00000", "2018-12-31": "703.00000", "2017-12-31": "769.00000", "2016-12-31": "771.00000", "2015-12-31": "686.00000", "2014-12-31": "731.00000", "2013-12-31": "619.00000", "2012-12-31": "732.00000", "2011-12-31": "300.00000", "2010-12-31": "394.00000", "2009-12-31": "586.00000", "2008-12-31": "-79.00000", "2007-12-31": "258.00000", "2006-12-31": "230.00000", "2005-12-31": "245.00000"}, "Net Change In Property, Plant, And Equipment": {"2020-12-31": "-333.00000", "2019-12-31": "-326.00000", "2018-12-31": "-349.00000", "2017-12-31": "-306.00000", "2016-12-31": "-281.00000", "2015-12-31": "-242.00000", "2014-12-31": "-271.00000", "2013-12-31": "-295.00000", "2012-12-31": "-304.00000", "2011-12-31": "-260.00000", "2010-12-31": "-156.00000", "2009-12-31": "-141.00000", "2008-12-31": "-219.00000", "2007-12-31": "-174.00000", "2006-12-31": "-168.00000", "2005-12-31": "-136.00000"}, "Net Change In Intangible Assets": {"2020-12-31": "", "2019-12-31": "", "2018-12-31": "", "2017-12-31": "", "2016-12-31": "", "2015-12-31": "", "2014-12-31": "", "2013-12-31": "", "2012-12-31": "", "2011-12-31": "", "2010-12-31": "", "2009-12-31": "", "2008-12-31": "", "2007-12-31": "", "2006-12-31": "", "2005-12-31": ""}, "Net Acquisitions/Divestitures": {"2020-12-31": "-236.00000", "2019-12-31": "-42.00000", "2018-12-31": "", "2017-12-31": "-17.00000", "2016-12-31": "-407.00000", "2015-12-31": "-434.00000", "2014-12-31": "", "2013-12-31": "", "2012-12-31": "", "2011-12-31": "-15.00000", "2010-12-31": "-1272.00000", "2009-12-31": "-4.00000", "2008-12-31": "", "2007-12-31": "-59.00000", "2006-12-31": "-42.00000", "2005-12-31": "-5.00000"}, "Net Change In Short-term Investments": {"2020-12-31": "4.00000", "2019-12-31": "3.00000", "2018-12-31": "1.00000", "2017-12-31": "-3.00000", "2016-12-31": "1.00000", "2015-12-31": "27.00000", "2014-12-31": "-34.00000", "2013-12-31": "19.00000", "2012-12-31": "-18.00000", "2011-12-31": "", "2010-12-31": "0.00000", "2009-12-31": "", "2008-12-31": "", "2007-12-31": "", "2006-12-31": "", "2005-12-31": ""}, "Net Change In Long-Term Investments": {"2020-12-31": "-6.00000", "2019-12-31": "-10.00000", "2018-12-31": "-15.00000", "2017-12-31": "", "2016-12-31": "-2.00000", "2015-12-31": "", "2014-12-31": "11.00000", "2013-12-31": "", "2012-12-31": "", "2011-12-31": "", "2010-12-31": "", "2009-12-31": "", "2008-12-31": "", "2007-12-31": "", "2006-12-31": "", "2005-12-31": ""}, "Net Change In Investments - Total": {"2020-12-31": "-2.00000", "2019-12-31": "-7.00000", "2018-12-31": "-14.00000", "2017-12-31": "-3.00000", "2016-12-31": "-1.00000", "2015-12-31": "27.00000", "2014-12-31": "-23.00000", "2013-12-31": "19.00000", "2012-12-31": "-18.00000", "2011-12-31": "", "2010-12-31": "", "2009-12-31": "", "2008-12-31": "", "2007-12-31": "", "2006-12-31": "", "2005-12-31": ""}, "Investing Activities - Other": {"2020-12-31": "", "2019-12-31": "1.00000", "2018-12-31": "2.00000", "2017-12-31": "", "2016-12-31": "", "2015-12-31": "", "2014-12-31": "", "2013-12-31": "2.00000", "2012-12-31": "", "2011-12-31": "2.00000", "2010-12-31": "", "2009-12-31": "", "2008-12-31": "", "2007-12-31": "1.00000", "2006-12-31": "", "2005-12-31": ""}, "Cash Flow From Investing Activities": {"2020-12-31": "-571.00000", "2019-12-31": "-374.00000", "2018-12-31": "-361.00000", "2017-12-31": "-326.00000", "2016-12-31": "-689.00000", "2015-12-31": "-649.00000", "2014-12-31": "-294.00000", "2013-12-31": "-274.00000", "2012-12-31": "-322.00000", "2011-12-31": "-273.00000", "2010-12-31": "-1428.00000", "2009-12-31": "-145.00000", "2008-12-31": "-219.00000", "2007-12-31": "-232.00000", "2006-12-31": "-210.00000", "2005-12-31": "-141.00000"}, "Net Long-Term Debt": {"2020-12-31": "326.00000", "2019-12-31": "-256.00000", "2018-12-31": "249.00000", "2017-12-31": "-96.00000", "2016-12-31": "126.00000", "2015-12-31": "22.00000", "2014-12-31": "18.00000", "2013-12-31": "-32.00000", "2012-12-31": "-150.00000", "2011-12-31": "160.00000", "2010-12-31": "1212.00000", "2009-12-31": "-332.00000", "2008-12-31": "257.00000", "2007-12-31": "83.00000", "2006-12-31": "16.00000", "2005-12-31": "-44.00000"}, "Net Current Debt": {"2020-12-31": "", "2019-12-31": "", "2018-12-31": "", "2017-12-31": "", "2016-12-31": "", "2015-12-31": "", "2014-12-31": "", "2013-12-31": "", "2012-12-31": "", "2011-12-31": "", "2010-12-31": "", "2009-12-31": "", "2008-12-31": "", "2007-12-31": "", "2006-12-31": "", "2005-12-31": ""}, "Debt Issuance/Retirement Net - Total": {"2020-12-31": "326.00000", "2019-12-31": "-256.00000", "2018-12-31": "249.00000", "2017-12-31": "-96.00000", "2016-12-31": "126.00000", "2015-12-31": "22.00000", "2014-12-31": "18.00000", "2013-12-31": "-32.00000", "2012-12-31": "-150.00000", "2011-12-31": "160.00000", "2010-12-31": "1212.00000", "2009-12-31": "-332.00000", "2008-12-31": "257.00000", "2007-12-31": "83.00000", "2006-12-31": "16.00000", "2005-12-31": "-44.00000"}, "Net Common Equity Issued/Repurchased": {"2020-12-31": "4.00000", "2019-12-31": "66.00000", "2018-12-31": "-656.00000", "2017-12-31": "-114.00000", "2016-12-31": "21.00000", "2015-12-31": "-20.00000", "2014-12-31": "-284.00000", "2013-12-31": "-214.00000", "2012-12-31": "16.00000", "2011-12-31": "-30.00000", "2010-12-31": "17.00000", "2009-12-31": "1.00000", "2008-12-31": "10.00000", "2007-12-31": "-39.00000", "2006-12-31": "-2.00000", "2005-12-31": "-25.00000"}, "Net Total Equity Issued/Repurchased": {"2020-12-31": "4.00000", "2019-12-31": "66.00000", "2018-12-31": "-656.00000", "2017-12-31": "-114.00000", "2016-12-31": "21.00000", "2015-12-31": "-20.00000", "2014-12-31": "-284.00000", "2013-12-31": "-214.00000", "2012-12-31": "16.00000", "2011-12-31": "-30.00000", "2010-12-31": "17.00000", "2009-12-31": "1.00000", "2008-12-31": "10.00000", "2007-12-31": "-39.00000", "2006-12-31": "-2.00000", "2005-12-31": "-25.00000"}, "Total Common And Preferred Stock Dividends Paid": {"2020-12-31": "-178.00000", "2019-12-31": "-174.00000", "2018-12-31": "-182.00000", "2017-12-31": "-165.00000", "2016-12-31": "-141.00000", "2015-12-31": "-126.00000", "2014-12-31": "-128.00000", "2013-12-31": "-112.00000", "2012-12-31": "-69.00000", "2011-12-31": "-50.00000", "2010-12-31": "-45.00000", "2009-12-31": "-45.00000", "2008-12-31": "-42.00000", "2007-12-31": "-33.00000", "2006-12-31": "-26.00000", "2005-12-31": "-22.00000"}, "Financial Activities - Other": {"2020-12-31": "-9.00000", "2019-12-31": "", "2018-12-31": "", "2017-12-31": "", "2016-12-31": "-6.00000", "2015-12-31": "8.00000", "2014-12-31": "6.00000", "2013-12-31": "5.00000", "2012-12-31": "6.00000", "2011-12-31": "6.00000", "2010-12-31": "-29.00000", "2009-12-31": "1.00000", "2008-12-31": "5.00000", "2007-12-31": "4.00000", "2006-12-31": "6.00000", "2005-12-31": ""}, "Cash Flow From Financial Activities": {"2020-12-31": "143.00000", "2019-12-31": "-364.00000", "2018-12-31": "-589.00000", "2017-12-31": "-375.00000", "2016-12-31": "", "2015-12-31": "-116.00000", "2014-12-31": "-388.00000", "2013-12-31": "-353.00000", "2012-12-31": "-197.00000", "2011-12-31": "86.00000", "2010-12-31": "1155.00000", "2009-12-31": "-375.00000", "2008-12-31": "230.00000", "2007-12-31": "15.00000", "2006-12-31": "-6.00000", "2005-12-31": "-91.00000"}, "Net Cash Flow": {"2020-12-31": "401.00000", "2019-12-31": "-63.00000", "2018-12-31": "-268.00000", "2017-12-31": "83.00000", "2016-12-31": "78.00000", "2015-12-31": "-146.00000", "2014-12-31": "6.00000", "2013-12-31": "-35.00000", "2012-12-31": "208.00000", "2011-12-31": "99.00000", "2010-12-31": "127.00000", "2009-12-31": "68.00000", "2008-12-31": "-68.00000", "2007-12-31": "44.00000", "2006-12-31": "15.00000", "2005-12-31": "15.00000"}, "Stock-Based Compensation": {"2020-12-31": "", "2019-12-31": "", "2018-12-31": "", "2017-12-31": "", "2016-12-31": "", "2015-12-31": "", "2014-12-31": "", "2013-12-31": "", "2012-12-31": "", "2011-12-31": "", "2010-12-31": "", "2009-12-31": "", "2008-12-31": "", "2007-12-31": "", "2006-12-31": "", "2005-12-31": ""}, "Common Stock Dividends Paid": {"2020-12-31": "-178.00000", "2019-12-31": "-174.00000", "2018-12-31": "-182.00000", "2017-12-31": "-165.00000", "2016-12-31": "-141.00000", "2015-12-31": "-126.00000", "2014-12-31": "-128.00000", "2013-12-31": "-112.00000", "2012-12-31": "-69.00000", "2011-12-31": "-50.00000", "2010-12-31": "-45.00000", "2009-12-31": "-45.00000", "2008-12-31": "-42.00000", "2007-12-31": "-33.00000", "2006-12-31": "-26.00000", "2005-12-31": "-22.00000"}}, "cash flow statement, quarterly": {"Net Income/Loss": {"2020-12-31": 116, "2020-09-30": 93, "2020-06-30": 67, "2020-03-31": "78.00000", "2019-12-31": 113, "2019-09-30": 102, "2019-06-30": 107, "2019-03-31": "102.00000", "2018-12-31": 97, "2018-09-30": 98, "2018-06-30": 116, "2018-03-31": "143.00000", "2017-12-31": 103, "2017-09-30": 169, "2017-06-30": 133, "2017-03-31": "127.00000", "2016-12-31": 97, "2016-09-30": 145, "2016-06-30": 121, "2016-03-31": "133.00000", "2015-12-31": 107, "2015-09-30": 110, "2015-06-30": 109, "2015-03-31": "86.00000", "2014-12-31": 63, "2014-09-30": 120, "2014-06-30": 105, "2014-03-31": "75.00000", "2013-12-31": 106, "2013-09-30": 88, "2013-06-30": 97, "2013-03-31": "112.00000", "2012-12-31": 114, "2012-09-30": 114, "2012-06-30": 110, "2012-03-31": "96.00000", "2011-12-31": 97, "2011-09-30": 89, "2011-06-30": 81, "2011-03-31": "156.00000", "2010-12-31": 53, "2010-09-30": 39, "2010-06-30": 39, "2010-03-31": "45.00000", "2009-12-31": 58, "2009-09-30": 54, "2009-06-30": -83, "2009-03-31": "18.00000", "2008-12-31": 48, "2008-09-30": 90, "2008-06-30": 73, "2008-03-31": "64.00000", "2007-12-31": 51, "2007-09-30": 51, "2007-06-30": 51, "2007-03-31": "50.00000", "2006-12-31": 33, "2006-09-30": 37, "2006-06-30": 31, "2006-03-31": "23.00000", "2005-12-31": 24, "2005-09-30": 23, "2005-06-30": 26, "2005-03-31": "17.00000"}, "Total Depreciation And Amortization - Cash Flow": {"2020-12-31": 55, "2020-09-30": 52, "2020-06-30": 52, "2020-03-31": "54.00000", "2019-12-31": 62, "2019-09-30": 55, "2019-06-30": 52, "2019-03-31": "51.00000", "2018-12-31": 59, "2018-09-30": 81, "2018-06-30": 53, "2018-03-31": "54.00000", "2017-12-31": 53, "2017-09-30": 53, "2017-06-30": 52, "2017-03-31": "51.00000", "2016-12-31": 50, "2016-09-30": 50, "2016-06-30": 49, "2016-03-31": "47.00000", "2015-12-31": 49, "2015-09-30": 49, "2015-06-30": 49, "2015-03-31": "47.00000", "2014-12-31": 48, "2014-09-30": 49, "2014-06-30": 50, "2014-03-31": "48.00000", "2013-12-31": 49, "2013-09-30": 47, "2013-06-30": 49, "2013-03-31": "49.00000", "2012-12-31": 50, "2012-09-30": 54, "2012-06-30": 53, "2012-03-31": "54.00000", "2011-12-31": 55, "2011-09-30": 53, "2011-06-30": 54, "2011-03-31": "49.00000", "2010-12-31": 50, "2010-09-30": 35, "2010-06-30": 35, "2010-03-31": "35.00000", "2009-12-31": 35, "2009-09-30": 33, "2009-06-30": 32, "2009-03-31": "30.00000", "2008-12-31": 30, "2008-09-30": 33, "2008-06-30": 33, "2008-03-31": "32.00000", "2007-12-31": 32, "2007-09-30": 31, "2007-06-30": 31, "2007-03-31": "31.00000", "2006-12-31": 30, "2006-09-30": 29, "2006-06-30": 27, "2006-03-31": "28.00000", "2005-12-31": 27, "2005-09-30": 27, "2005-06-30": 26, "2005-03-31": "26.00000"}, "Other Non-Cash Items": {"2020-12-31": -34, "2020-09-30": 38, "2020-06-30": 23, "2020-03-31": "26.00000", "2019-12-31": 28, "2019-09-30": -6, "2019-06-30": 35, "2019-03-31": "36.00000", "2018-12-31": 17, "2018-09-30": -2, "2018-06-30": 27, "2018-03-31": "31.00000", "2017-12-31": 109, "2017-09-30": 5, "2017-06-30": 30, "2017-03-31": "28.00000", "2016-12-31": 113, "2016-09-30": -82, "2016-06-30": 41, "2016-03-31": "24.00000", "2015-12-31": 75, "2015-09-30": -31, "2015-06-30": 35, "2015-03-31": "21.00000", "2014-12-31": 90, "2014-09-30": 0, "2014-06-30": 0, "2014-03-31": "", "2013-12-31": 104, "2013-09-30": 0, "2013-06-30": 0, "2013-03-31": "", "2012-12-31": 10, "2012-09-30": 5, "2012-06-30": 6, "2012-03-31": "", "2011-12-31": -12, "2011-09-30": 0, "2011-06-30": 0, "2011-03-31": "", "2010-12-31": -3, "2010-09-30": 20, "2010-06-30": 19, "2010-03-31": "", "2009-12-31": 0, "2009-09-30": 0, "2009-06-30": 124, "2009-03-31": "", "2008-12-31": -5, "2008-09-30": 0, "2008-06-30": -2, "2008-03-31": "2.00000", "2007-12-31": -9, "2007-09-30": 1, "2007-06-30": 2, "2007-03-31": "1.00000", "2006-12-31": -2, "2006-09-30": 1, "2006-06-30": 1, "2006-03-31": "1.00000", "2005-12-31": -13, "2005-09-30": 0, "2005-06-30": 1, "2005-03-31": "1.00000"}, "Total Non-Cash Items": {"2020-12-31": 21, "2020-09-30": 90, "2020-06-30": 75, "2020-03-31": "80.00000", "2019-12-31": 90, "2019-09-30": 49, "2019-06-30": 87, "2019-03-31": "87.00000", "2018-12-31": 76, "2018-09-30": 79, "2018-06-30": 80, "2018-03-31": "85.00000", "2017-12-31": 162, "2017-09-30": 58, "2017-06-30": 82, "2017-03-31": "79.00000", "2016-12-31": 163, "2016-09-30": -32, "2016-06-30": 90, "2016-03-31": "71.00000", "2015-12-31": 124, "2015-09-30": 18, "2015-06-30": 84, "2015-03-31": "68.00000", "2014-12-31": 138, "2014-09-30": 49, "2014-06-30": 50, "2014-03-31": "48.00000", "2013-12-31": 153, "2013-09-30": 47, "2013-06-30": 49, "2013-03-31": "49.00000", "2012-12-31": 60, "2012-09-30": 59, "2012-06-30": 59, "2012-03-31": "54.00000", "2011-12-31": 43, "2011-09-30": 53, "2011-06-30": 54, "2011-03-31": "49.00000", "2010-12-31": 47, "2010-09-30": 55, "2010-06-30": 54, "2010-03-31": "35.00000", "2009-12-31": 35, "2009-09-30": 33, "2009-06-30": 156, "2009-03-31": "30.00000", "2008-12-31": 25, "2008-09-30": 33, "2008-06-30": 31, "2008-03-31": "34.00000", "2007-12-31": 23, "2007-09-30": 32, "2007-06-30": 33, "2007-03-31": "32.00000", "2006-12-31": 28, "2006-09-30": 30, "2006-06-30": 28, "2006-03-31": "29.00000", "2005-12-31": 14, "2005-09-30": 27, "2005-06-30": 27, "2005-03-31": "27.00000"}, "Change In Accounts Receivable": {"2020-12-31": -36, "2020-09-30": -28, "2020-06-30": 133, "2020-03-31": "-69.00000", "2019-12-31": -5, "2019-09-30": 9, "2019-06-30": 5, "2019-03-31": "-70.00000", "2018-12-31": -84, "2018-09-30": 17, "2018-06-30": 53, "2018-03-31": "-56.00000", "2017-12-31": -59, "2017-09-30": 8, "2017-06-30": -5, "2017-03-31": "12.00000", "2016-12-31": -75, "2016-09-30": 1, "2016-06-30": -36, "2016-03-31": "-21.00000", "2015-12-31": 11, "2015-09-30": -29, "2015-06-30": 17, "2015-03-31": "-28.00000", "2014-12-31": 4, "2014-09-30": 17, "2014-06-30": -28, "2014-03-31": "-8.00000", "2013-12-31": 17, "2013-09-30": 3, "2013-06-30": -14, "2013-03-31": "-75.00000", "2012-12-31": -2, "2012-09-30": 72, "2012-06-30": -26, "2012-03-31": "-22.00000", "2011-12-31": -51, "2011-09-30": -35, "2011-06-30": 30, "2011-03-31": "-78.00000", "2010-12-31": -20, "2010-09-30": 3, "2010-06-30": 5, "2010-03-31": "-33.00000", "2009-12-31": 30, "2009-09-30": -1, "2009-06-30": -29, "2009-03-31": "-3.00000", "2008-12-31": 13, "2008-09-30": -80, "2008-06-30": 38, "2008-03-31": "-14.00000", "2007-12-31": 11, "2007-09-30": 32, "2007-06-30": -52, "2007-03-31": "-31.00000", "2006-12-31": 18, "2006-09-30": -29, "2006-06-30": -6, "2006-03-31": "-11.00000", "2005-12-31": 11, "2005-09-30": -3, "2005-06-30": 17, "2005-03-31": "-1.00000"}, "Change In Inventories": {"2020-12-31": 10, "2020-09-30": 21, "2020-06-30": 2, "2020-03-31": "-33.00000", "2019-12-31": 28, "2019-09-30": -32, "2019-06-30": -5, "2019-03-31": "-34.00000", "2018-12-31": 23, "2018-09-30": 0, "2018-06-30": -52, "2018-03-31": "-21.00000", "2017-12-31": -1, "2017-09-30": 3, "2017-06-30": 4, "2017-03-31": "-40.00000", "2016-12-31": -11, "2016-09-30": 28, "2016-06-30": -4, "2016-03-31": "-32.00000", "2015-12-31": -12, "2015-09-30": 31, "2015-06-30": 4, "2015-03-31": "-14.00000", "2014-12-31": 9, "2014-09-30": 40, "2014-06-30": -20, "2014-03-31": "-35.00000", "2013-12-31": 15, "2013-09-30": 109, "2013-06-30": 32, "2013-03-31": "-80.00000", "2012-12-31": -42, "2012-09-30": -10, "2012-06-30": 25, "2012-03-31": "-42.00000", "2011-12-31": 10, "2011-09-30": 10, "2011-06-30": -65, "2011-03-31": "-104.00000", "2010-12-31": -34, "2010-09-30": -7, "2010-06-30": -6, "2010-03-31": "-4.00000", "2009-12-31": 6, "2009-09-30": 52, "2009-06-30": 6, "2009-03-31": "18.00000", "2008-12-31": 12, "2008-09-30": 1, "2008-06-30": -101, "2008-03-31": "-3.00000", "2007-12-31": -47, "2007-09-30": -13, "2007-06-30": -19, "2007-03-31": "-7.00000", "2006-12-31": -14, "2006-09-30": -9, "2006-06-30": -31, "2006-03-31": "-3.00000", "2005-12-31": -6, "2005-09-30": 1, "2005-06-30": -28, "2005-03-31": "38.00000"}, "Change In Accounts Payable": {"2020-12-31": 0, "2020-09-30": 0, "2020-06-30": 0, "2020-03-31": "", "2019-12-31": 0, "2019-09-30": 0, "2019-06-30": 0, "2019-03-31": "", "2018-12-31": 0, "2018-09-30": 0, "2018-06-30": 0, "2018-03-31": "", "2017-12-31": 0, "2017-09-30": 0, "2017-06-30": 0, "2017-03-31": "", "2016-12-31": 0, "2016-09-30": 0, "2016-06-30": 0, "2016-03-31": "", "2015-12-31": 0, "2015-09-30": 0, "2015-06-30": 0, "2015-03-31": "", "2014-12-31": 0, "2014-09-30": 0, "2014-06-30": 0, "2014-03-31": "", "2013-12-31": 0, "2013-09-30": 0, "2013-06-30": 0, "2013-03-31": "", "2012-12-31": 0, "2012-09-30": 0, "2012-06-30": 0, "2012-03-31": "", "2011-12-31": 0, "2011-09-30": 0, "2011-06-30": 0, "2011-03-31": "", "2010-12-31": 0, "2010-09-30": 0, "2010-06-30": 0, "2010-03-31": "", "2009-12-31": 0, "2009-09-30": 0, "2009-06-30": 0, "2009-03-31": "", "2008-12-31": 0, "2008-09-30": 0, "2008-06-30": 0, "2008-03-31": "", "2007-12-31": 0, "2007-09-30": 0, "2007-06-30": 0, "2007-03-31": "", "2006-12-31": 0, "2006-09-30": 0, "2006-06-30": 0, "2006-03-31": "", "2005-12-31": 0, "2005-09-30": 0, "2005-06-30": 0, "2005-03-31": ""}, "Change In Assets/Liabilities": {"2020-12-31": 144, "2020-09-30": 24, "2020-06-30": 2, "2020-03-31": "-20.00000", "2019-12-31": 3, "2019-09-30": -19, "2019-06-30": 14, "2019-03-31": "1.00000", "2018-12-31": -1, "2018-09-30": 10, "2018-06-30": -20, "2018-03-31": "16.00000", "2017-12-31": -4, "2017-09-30": -3, "2017-06-30": 7, "2017-03-31": "6.00000", "2016-12-31": 14, "2016-09-30": -12, "2016-06-30": 1, "2016-03-31": "12.00000", "2015-12-31": -23, "2015-09-30": 0, "2015-06-30": 1, "2015-03-31": "-8.00000", "2014-12-31": 47, "2014-09-30": -22, "2014-06-30": -17, "2014-03-31": "31.00000", "2013-12-31": 3, "2013-09-30": -3, "2013-06-30": 14, "2013-03-31": "0.00000", "2012-12-31": -66, "2012-09-30": -12, "2012-06-30": 88, "2012-03-31": "-32.00000", "2011-12-31": -19, "2011-09-30": -65, "2011-06-30": -3, "2011-03-31": "9.00000", "2010-12-31": 8, "2010-09-30": 53, "2010-06-30": 2, "2010-03-31": "-45.00000", "2009-12-31": 121, "2009-09-30": -6, "2009-06-30": 45, "2009-03-31": "82.00000", "2008-12-31": -109, "2008-09-30": -287, "2008-06-30": 60, "2008-03-31": "41.00000", "2007-12-31": 50, "2007-09-30": 5, "2007-06-30": 0, "2007-03-31": "", "2006-12-31": 4, "2006-09-30": 0, "2006-06-30": 0, "2006-03-31": "", "2005-12-31": 0, "2005-09-30": 0, "2005-06-30": 0, "2005-03-31": ""}, "Total Change In Assets/Liabilities": {"2020-12-31": 64, "2020-09-30": 92, "2020-06-30": 99, "2020-03-31": "-105.00000", "2019-12-31": 1, "2019-09-30": 66, "2019-06-30": 49, "2019-03-31": "-170.00000", "2018-12-31": -64, "2018-09-30": 49, "2018-06-30": 15, "2018-03-31": "-118.00000", "2017-12-31": -21, "2017-09-30": 8, "2017-06-30": -38, "2017-03-31": "-70.00000", "2016-12-31": 37, "2016-09-30": 98, "2016-06-30": -47, "2016-03-31": "-96.00000", "2015-12-31": 46, "2015-09-30": 38, "2015-06-30": -14, "2015-03-31": "-90.00000", "2014-12-31": 118, "2014-09-30": 55, "2014-06-30": -65, "2014-03-31": "-24.00000", "2013-12-31": 94, "2013-09-30": 111, "2013-06-30": -40, "2013-03-31": "-222.00000", "2012-12-31": -17, "2012-09-30": 75, "2012-06-30": 107, "2012-03-31": "-154.00000", "2011-12-31": 4, "2011-09-30": -78, "2011-06-30": -67, "2011-03-31": "-193.00000", "2010-12-31": -21, "2010-09-30": 55, "2010-06-30": 38, "2010-03-31": "-27.00000", "2009-12-31": 103, "2009-09-30": 58, "2009-06-30": 79, "2009-03-31": "17.00000", "2008-12-31": -165, "2008-09-30": -330, "2008-06-30": 29, "2008-03-31": "8.00000", "2007-12-31": 23, "2007-09-30": 19, "2007-06-30": -69, "2007-03-31": "-32.00000", "2006-12-31": 47, "2006-09-30": -10, "2006-06-30": -10, "2006-03-31": "-56.00000", "2005-12-31": 48, "2005-09-30": -5, "2005-06-30": 37, "2005-03-31": "-20.00000"}, "Cash Flow From Operating Activities": {"2020-12-31": 267, "2020-09-30": 268, "2020-06-30": 229, "2020-03-31": "65.00000", "2019-12-31": 190, "2019-09-30": 237, "2019-06-30": 235, "2019-03-31": "18.00000", "2018-12-31": 124, "2018-09-30": 227, "2018-06-30": 202, "2018-03-31": "150.00000", "2017-12-31": 245, "2017-09-30": 222, "2017-06-30": 171, "2017-03-31": "131.00000", "2016-12-31": 229, "2016-09-30": 276, "2016-06-30": 167, "2016-03-31": "99.00000", "2015-12-31": 205, "2015-09-30": 233, "2015-06-30": 179, "2015-03-31": "69.00000", "2014-12-31": 269, "2014-09-30": 233, "2014-06-30": 108, "2014-03-31": "121.00000", "2013-12-31": 257, "2013-09-30": 250, "2013-06-30": 142, "2013-03-31": "-30.00000", "2012-12-31": 169, "2012-09-30": 245, "2012-06-30": 289, "2012-03-31": "29.00000", "2011-12-31": 153, "2011-09-30": 45, "2011-06-30": 80, "2011-03-31": "22.00000", "2010-12-31": 69, "2010-09-30": 140, "2010-06-30": 128, "2010-03-31": "57.00000", "2009-12-31": 218, "2009-09-30": 157, "2009-06-30": 133, "2009-03-31": "78.00000", "2008-12-31": -95, "2008-09-30": -217, "2008-06-30": 117, "2008-03-31": "116.00000", "2007-12-31": 109, "2007-09-30": 82, "2007-06-30": 9, "2007-03-31": "58.00000", "2006-12-31": 109, "2006-09-30": 69, "2006-06-30": 47, "2006-03-31": "5.00000", "2005-12-31": 93, "2005-09-30": 39, "2005-06-30": 84, "2005-03-31": "29.00000"}, "Net Change In Property, Plant, And Equipment": {"2020-12-31": -83, "2020-09-30": -75, "2020-06-30": -77, "2020-03-31": "-98.00000", "2019-12-31": -95, "2019-09-30": -75, "2019-06-30": -76, "2019-03-31": "-80.00000", "2018-12-31": -115, "2018-09-30": -74, "2018-06-30": -65, "2018-03-31": "-95.00000", "2017-12-31": -84, "2017-09-30": -78, "2017-06-30": -72, "2017-03-31": "-72.00000", "2016-12-31": -84, "2016-09-30": -72, "2016-06-30": -66, "2016-03-31": "-59.00000", "2015-12-31": -49, "2015-09-30": -65, "2015-06-30": -70, "2015-03-31": "-58.00000", "2014-12-31": -84, "2014-09-30": -71, "2014-06-30": -57, "2014-03-31": "-59.00000", "2013-12-31": -93, "2013-09-30": -70, "2013-06-30": -66, "2013-03-31": "-66.00000", "2012-12-31": -102, "2012-09-30": -74, "2012-06-30": -69, "2012-03-31": "-59.00000", "2011-12-31": -102, "2011-09-30": -69, "2011-06-30": -56, "2011-03-31": "-33.00000", "2010-12-31": -66, "2010-09-30": -34, "2010-06-30": -35, "2010-03-31": "-21.00000", "2009-12-31": -43, "2009-09-30": -32, "2009-06-30": -30, "2009-03-31": "-36.00000", "2008-12-31": -59, "2008-09-30": -55, "2008-06-30": -57, "2008-03-31": "-48.00000", "2007-12-31": -69, "2007-09-30": -36, "2007-06-30": -37, "2007-03-31": "-32.00000", "2006-12-31": -52, "2006-09-30": -40, "2006-06-30": -39, "2006-03-31": "-37.00000", "2005-12-31": -53, "2005-09-30": -29, "2005-06-30": -34, "2005-03-31": "-20.00000"}, "Net Change In Intangible Assets": {"2020-12-31": 0, "2020-09-30": 0, "2020-06-30": 0, "2020-03-31": "", "2019-12-31": 0, "2019-09-30": 0, "2019-06-30": 0, "2019-03-31": "", "2018-12-31": 0, "2018-09-30": 0, "2018-06-30": 0, "2018-03-31": "", "2017-12-31": 0, "2017-09-30": 0, "2017-06-30": 0, "2017-03-31": "", "2016-12-31": 0, "2016-09-30": 0, "2016-06-30": 0, "2016-03-31": "", "2015-12-31": 0, "2015-09-30": 0, "2015-06-30": 0, "2015-03-31": "", "2014-12-31": 0, "2014-09-30": 0, "2014-06-30": 0, "2014-03-31": "", "2013-12-31": 0, "2013-09-30": 0, "2013-06-30": 0, "2013-03-31": "", "2012-12-31": 0, "2012-09-30": 0, "2012-06-30": 0, "2012-03-31": "", "2011-12-31": 0, "2011-09-30": 0, "2011-06-30": 0, "2011-03-31": "", "2010-12-31": 0, "2010-09-30": 0, "2010-06-30": 0, "2010-03-31": "", "2009-12-31": 0, "2009-09-30": 0, "2009-06-30": 0, "2009-03-31": "", "2008-12-31": 0, "2008-09-30": 0, "2008-06-30": 0, "2008-03-31": "", "2007-12-31": 0, "2007-09-30": 0, "2007-06-30": 0, "2007-03-31": "", "2006-12-31": 0, "2006-09-30": 0, "2006-06-30": 0, "2006-03-31": "", "2005-12-31": 0, "2005-09-30": 0, "2005-06-30": 0, "2005-03-31": ""}, "Net Acquisitions/Divestitures": {"2020-12-31": -28, "2020-09-30": -208, "2020-06-30": 0, "2020-03-31": "", "2019-12-31": 0, "2019-09-30": 0, "2019-06-30": -1, "2019-03-31": "-41.00000", "2018-12-31": 0, "2018-09-30": 0, "2018-06-30": 0, "2018-03-31": "", "2017-12-31": -4, "2017-09-30": 0, "2017-06-30": 0, "2017-03-31": "-13.00000", "2016-12-31": -407, "2016-09-30": 0, "2016-06-30": 0, "2016-03-31": "", "2015-12-31": 0, "2015-09-30": -102, "2015-06-30": 0, "2015-03-31": "-332.00000", "2014-12-31": 0, "2014-09-30": 0, "2014-06-30": 0, "2014-03-31": "", "2013-12-31": 0, "2013-09-30": 0, "2013-06-30": 0, "2013-03-31": "", "2012-12-31": 0, "2012-09-30": 0, "2012-06-30": 0, "2012-03-31": "", "2011-12-31": 0, "2011-09-30": 0, "2011-06-30": -15, "2011-03-31": "", "2010-12-31": -1272, "2010-09-30": 0, "2010-06-30": 0, "2010-03-31": "", "2009-12-31": -4, "2009-09-30": 0, "2009-06-30": 0, "2009-03-31": "", "2008-12-31": 0, "2008-09-30": 0, "2008-06-30": 0, "2008-03-31": "", "2007-12-31": 0, "2007-09-30": 0, "2007-06-30": 0, "2007-03-31": "-59.00000", "2006-12-31": -20, "2006-09-30": -22, "2006-06-30": 0, "2006-03-31": "", "2005-12-31": 0, "2005-09-30": 0, "2005-06-30": -2, "2005-03-31": "-3.00000"}, "Net Change In Short-term Investments": {"2020-12-31": 0, "2020-09-30": 1, "2020-06-30": 1, "2020-03-31": "2.00000", "2019-12-31": -1, "2019-09-30": 1, "2019-06-30": 0, "2019-03-31": "3.00000", "2018-12-31": -1, "2018-09-30": -1, "2018-06-30": 0, "2018-03-31": "3.00000", "2017-12-31": 6, "2017-09-30": -1, "2017-06-30": 0, "2017-03-31": "-8.00000", "2016-12-31": 8, "2016-09-30": 7, "2016-06-30": -1, "2016-03-31": "-13.00000", "2015-12-31": 3, "2015-09-30": 10, "2015-06-30": 17, "2015-03-31": "-3.00000", "2014-12-31": -33, "2014-09-30": -1, "2014-06-30": 0, "2014-03-31": "", "2013-12-31": 0, "2013-09-30": 0, "2013-06-30": 0, "2013-03-31": "19.00000", "2012-12-31": 0, "2012-09-30": -18, "2012-06-30": 0, "2012-03-31": "0.00000", "2011-12-31": 0, "2011-09-30": 0, "2011-06-30": 0, "2011-03-31": "", "2010-12-31": 0, "2010-09-30": 0, "2010-06-30": 0, "2010-03-31": "", "2009-12-31": 0, "2009-09-30": 0, "2009-06-30": 0, "2009-03-31": "", "2008-12-31": 0, "2008-09-30": 0, "2008-06-30": 0, "2008-03-31": "", "2007-12-31": 0, "2007-09-30": 0, "2007-06-30": 0, "2007-03-31": "", "2006-12-31": 0, "2006-09-30": 0, "2006-06-30": 0, "2006-03-31": "", "2005-12-31": 0, "2005-09-30": 0, "2005-06-30": 0, "2005-03-31": ""}, "Net Change In Long-Term Investments": {"2020-12-31": 0, "2020-09-30": 0, "2020-06-30": -6, "2020-03-31": "", "2019-12-31": 0, "2019-09-30": 0, "2019-06-30": -10, "2019-03-31": "", "2018-12-31": -15, "2018-09-30": 0, "2018-06-30": 0, "2018-03-31": "", "2017-12-31": 0, "2017-09-30": 0, "2017-06-30": 0, "2017-03-31": "", "2016-12-31": -2, "2016-09-30": 0, "2016-06-30": 0, "2016-03-31": "", "2015-12-31": 0, "2015-09-30": 0, "2015-06-30": 0, "2015-03-31": "", "2014-12-31": 0, "2014-09-30": 11, "2014-06-30": 0, "2014-03-31": "", "2013-12-31": 0, "2013-09-30": 0, "2013-06-30": 0, "2013-03-31": "", "2012-12-31": 0, "2012-09-30": 0, "2012-06-30": 0, "2012-03-31": "", "2011-12-31": 0, "2011-09-30": 0, "2011-06-30": 0, "2011-03-31": "", "2010-12-31": 0, "2010-09-30": 0, "2010-06-30": 0, "2010-03-31": "", "2009-12-31": 0, "2009-09-30": 0, "2009-06-30": 0, "2009-03-31": "", "2008-12-31": 0, "2008-09-30": 0, "2008-06-30": 0, "2008-03-31": "", "2007-12-31": 0, "2007-09-30": 0, "2007-06-30": 0, "2007-03-31": "", "2006-12-31": 0, "2006-09-30": 0, "2006-06-30": 0, "2006-03-31": "", "2005-12-31": 0, "2005-09-30": 0, "2005-06-30": 0, "2005-03-31": ""}, "Net Change In Investments - Total": {"2020-12-31": 0, "2020-09-30": 1, "2020-06-30": -5, "2020-03-31": "2.00000", "2019-12-31": -1, "2019-09-30": 1, "2019-06-30": -10, "2019-03-31": "3.00000", "2018-12-31": -16, "2018-09-30": -1, "2018-06-30": 0, "2018-03-31": "3.00000", "2017-12-31": 6, "2017-09-30": -1, "2017-06-30": 0, "2017-03-31": "-8.00000", "2016-12-31": 6, "2016-09-30": 7, "2016-06-30": -1, "2016-03-31": "-13.00000", "2015-12-31": 3, "2015-09-30": 10, "2015-06-30": 17, "2015-03-31": "-3.00000", "2014-12-31": -33, "2014-09-30": 10, "2014-06-30": 0, "2014-03-31": "", "2013-12-31": 0, "2013-09-30": 0, "2013-06-30": 0, "2013-03-31": "19.00000", "2012-12-31": 0, "2012-09-30": -18, "2012-06-30": 0, "2012-03-31": "", "2011-12-31": 0, "2011-09-30": 0, "2011-06-30": 0, "2011-03-31": "", "2010-12-31": 0, "2010-09-30": 0, "2010-06-30": 0, "2010-03-31": "", "2009-12-31": 0, "2009-09-30": 0, "2009-06-30": 0, "2009-03-31": "", "2008-12-31": 0, "2008-09-30": 0, "2008-06-30": 0, "2008-03-31": "", "2007-12-31": 0, "2007-09-30": 0, "2007-06-30": 0, "2007-03-31": "", "2006-12-31": 0, "2006-09-30": 0, "2006-06-30": 0, "2006-03-31": "", "2005-12-31": 0, "2005-09-30": 0, "2005-06-30": 0, "2005-03-31": ""}, "Investing Activities - Other": {"2020-12-31": 0, "2020-09-30": 0, "2020-06-30": 0, "2020-03-31": "", "2019-12-31": 0, "2019-09-30": 1, "2019-06-30": 0, "2019-03-31": "", "2018-12-31": 0, "2018-09-30": 0, "2018-06-30": -4, "2018-03-31": "6.00000", "2017-12-31": 0, "2017-09-30": 0, "2017-06-30": 0, "2017-03-31": "", "2016-12-31": 0, "2016-09-30": 1, "2016-06-30": 0, "2016-03-31": "-1.00000", "2015-12-31": 0, "2015-09-30": 0, "2015-06-30": 0, "2015-03-31": "", "2014-12-31": 0, "2014-09-30": 0, "2014-06-30": 0, "2014-03-31": "", "2013-12-31": 0, "2013-09-30": 0, "2013-06-30": 0, "2013-03-31": "2.00000", "2012-12-31": 0, "2012-09-30": 0, "2012-06-30": 0, "2012-03-31": "", "2011-12-31": 3, "2011-09-30": -1, "2011-06-30": 0, "2011-03-31": "", "2010-12-31": 1, "2010-09-30": -1, "2010-06-30": 0, "2010-03-31": "", "2009-12-31": 4, "2009-09-30": -3, "2009-06-30": -1, "2009-03-31": "", "2008-12-31": -3, "2008-09-30": -2, "2008-06-30": 5, "2008-03-31": "", "2007-12-31": 0, "2007-09-30": 0, "2007-06-30": 1, "2007-03-31": "", "2006-12-31": 0, "2006-09-30": 0, "2006-06-30": -1, "2006-03-31": "1.00000", "2005-12-31": 0, "2005-09-30": 0, "2005-06-30": 0, "2005-03-31": ""}, "Cash Flow From Investing Activities": {"2020-12-31": -111, "2020-09-30": -282, "2020-06-30": -82, "2020-03-31": "-96.00000", "2019-12-31": -96, "2019-09-30": -73, "2019-06-30": -87, "2019-03-31": "-118.00000", "2018-12-31": -131, "2018-09-30": -75, "2018-06-30": -69, "2018-03-31": "-86.00000", "2017-12-31": -82, "2017-09-30": -79, "2017-06-30": -72, "2017-03-31": "-93.00000", "2016-12-31": -485, "2016-09-30": -64, "2016-06-30": -67, "2016-03-31": "-73.00000", "2015-12-31": -46, "2015-09-30": -157, "2015-06-30": -53, "2015-03-31": "-393.00000", "2014-12-31": -117, "2014-09-30": -61, "2014-06-30": -57, "2014-03-31": "-59.00000", "2013-12-31": -93, "2013-09-30": -70, "2013-06-30": -66, "2013-03-31": "-45.00000", "2012-12-31": -102, "2012-09-30": -92, "2012-06-30": -69, "2012-03-31": "-59.00000", "2011-12-31": -99, "2011-09-30": -70, "2011-06-30": -71, "2011-03-31": "-33.00000", "2010-12-31": -1337, "2010-09-30": -35, "2010-06-30": -35, "2010-03-31": "-21.00000", "2009-12-31": -43, "2009-09-30": -35, "2009-06-30": -31, "2009-03-31": "-36.00000", "2008-12-31": -62, "2008-09-30": -57, "2008-06-30": -52, "2008-03-31": "-48.00000", "2007-12-31": -69, "2007-09-30": -36, "2007-06-30": -36, "2007-03-31": "-91.00000", "2006-12-31": -72, "2006-09-30": -62, "2006-06-30": -40, "2006-03-31": "-36.00000", "2005-12-31": -53, "2005-09-30": -29, "2005-06-30": -36, "2005-03-31": "-23.00000"}, "Net Long-Term Debt": {"2020-12-31": -15, "2020-09-30": -436, "2020-06-30": 675, "2020-03-31": "102.00000", "2019-12-31": -237, "2019-09-30": 32, "2019-06-30": -59, "2019-03-31": "8.00000", "2018-12-31": 430, "2018-09-30": 7, "2018-06-30": 24, "2018-03-31": "-212.00000", "2017-12-31": -17, "2017-09-30": -72, "2017-06-30": -60, "2017-03-31": "53.00000", "2016-12-31": 75, "2016-09-30": 74, "2016-06-30": -63, "2016-03-31": "40.00000", "2015-12-31": -417, "2015-09-30": 54, "2015-06-30": -12, "2015-03-31": "397.00000", "2014-12-31": -91, "2014-09-30": 150, "2014-06-30": -7, "2014-03-31": "-34.00000", "2013-12-31": -2, "2013-09-30": -49, "2013-06-30": 8, "2013-03-31": "11.00000", "2012-12-31": 32, "2012-09-30": -71, "2012-06-30": -79, "2012-03-31": "-32.00000", "2011-12-31": 75, "2011-09-30": 101, "2011-06-30": 4, "2011-03-31": "-20.00000", "2010-12-31": -19, "2010-09-30": 1172, "2010-06-30": -55, "2010-03-31": "114.00000", "2009-12-31": -152, "2009-09-30": -130, "2009-06-30": -9, "2009-03-31": "-41.00000", "2008-12-31": 156, "2008-09-30": 111, "2008-06-30": 35, "2008-03-31": "-45.00000", "2007-12-31": 27, "2007-09-30": -275, "2007-06-30": 329, "2007-03-31": "2.00000", "2006-12-31": 26, "2006-09-30": -3, "2006-06-30": -16, "2006-03-31": "9.00000", "2005-12-31": -14, "2005-09-30": -3, "2005-06-30": -14, "2005-03-31": "-13.00000"}, "Net Current Debt": {"2020-12-31": 0, "2020-09-30": 0, "2020-06-30": 0, "2020-03-31": "", "2019-12-31": 0, "2019-09-30": 0, "2019-06-30": 0, "2019-03-31": "", "2018-12-31": 0, "2018-09-30": 0, "2018-06-30": 0, "2018-03-31": "", "2017-12-31": 0, "2017-09-30": 0, "2017-06-30": 0, "2017-03-31": "", "2016-12-31": 0, "2016-09-30": 0, "2016-06-30": 0, "2016-03-31": "", "2015-12-31": 0, "2015-09-30": 0, "2015-06-30": 0, "2015-03-31": "", "2014-12-31": 0, "2014-09-30": 0, "2014-06-30": 0, "2014-03-31": "", "2013-12-31": 0, "2013-09-30": 0, "2013-06-30": 0, "2013-03-31": "", "2012-12-31": 0, "2012-09-30": 0, "2012-06-30": 0, "2012-03-31": "", "2011-12-31": 0, "2011-09-30": 0, "2011-06-30": 0, "2011-03-31": "", "2010-12-31": 0, "2010-09-30": 0, "2010-06-30": 0, "2010-03-31": "", "2009-12-31": 0, "2009-09-30": 0, "2009-06-30": 0, "2009-03-31": "", "2008-12-31": 0, "2008-09-30": 0, "2008-06-30": 0, "2008-03-31": "", "2007-12-31": 0, "2007-09-30": 0, "2007-06-30": 0, "2007-03-31": "", "2006-12-31": 0, "2006-09-30": 0, "2006-06-30": 0, "2006-03-31": "", "2005-12-31": 0, "2005-09-30": 0, "2005-06-30": 0, "2005-03-31": ""}, "Debt Issuance/Retirement Net - Total": {"2020-12-31": -15, "2020-09-30": -436, "2020-06-30": 675, "2020-03-31": "102.00000", "2019-12-31": -237, "2019-09-30": 32, "2019-06-30": -59, "2019-03-31": "8.00000", "2018-12-31": 430, "2018-09-30": 7, "2018-06-30": 24, "2018-03-31": "-212.00000", "2017-12-31": -17, "2017-09-30": -72, "2017-06-30": -60, "2017-03-31": "53.00000", "2016-12-31": 75, "2016-09-30": 74, "2016-06-30": -63, "2016-03-31": "40.00000", "2015-12-31": -417, "2015-09-30": 54, "2015-06-30": -12, "2015-03-31": "397.00000", "2014-12-31": -91, "2014-09-30": 150, "2014-06-30": -7, "2014-03-31": "-34.00000", "2013-12-31": -2, "2013-09-30": -49, "2013-06-30": 8, "2013-03-31": "11.00000", "2012-12-31": 32, "2012-09-30": -71, "2012-06-30": -79, "2012-03-31": "-32.00000", "2011-12-31": 75, "2011-09-30": 101, "2011-06-30": 4, "2011-03-31": "-20.00000", "2010-12-31": -19, "2010-09-30": 1172, "2010-06-30": -55, "2010-03-31": "114.00000", "2009-12-31": -152, "2009-09-30": -130, "2009-06-30": -9, "2009-03-31": "-41.00000", "2008-12-31": 156, "2008-09-30": 111, "2008-06-30": 35, "2008-03-31": "-45.00000", "2007-12-31": 27, "2007-09-30": -275, "2007-06-30": 329, "2007-03-31": "2.00000", "2006-12-31": 26, "2006-09-30": -3, "2006-06-30": -16, "2006-03-31": "9.00000", "2005-12-31": -14, "2005-09-30": -3, "2005-06-30": -14, "2005-03-31": "-13.00000"}, "Net Common Equity Issued/Repurchased": {"2020-12-31": 2, "2020-09-30": 0, "2020-06-30": 0, "2020-03-31": "2.00000", "2019-12-31": 2, "2019-09-30": 1, "2019-06-30": 1, "2019-03-31": "62.00000", "2018-12-31": -477, "2018-09-30": -35, "2018-06-30": -141, "2018-03-31": "-3.00000", "2017-12-31": 6, "2017-09-30": 8, "2017-06-30": 2, "2017-03-31": "-130.00000", "2016-12-31": 0, "2016-09-30": 13, "2016-06-30": 7, "2016-03-31": "1.00000", "2015-12-31": 2, "2015-09-30": 3, "2015-06-30": -4, "2015-03-31": "-21.00000", "2014-12-31": 3, "2014-09-30": -296, "2014-06-30": 10, "2014-03-31": "-1.00000", "2013-12-31": -170, "2013-09-30": -54, "2013-06-30": 2, "2013-03-31": "8.00000", "2012-12-31": 14, "2012-09-30": 5, "2012-06-30": -11, "2012-03-31": "8.00000", "2011-12-31": 3, "2011-09-30": -43, "2011-06-30": 3, "2011-03-31": "7.00000", "2010-12-31": 11, "2010-09-30": 4, "2010-06-30": -4, "2010-03-31": "6.00000", "2009-12-31": 2, "2009-09-30": 1, "2009-06-30": 1, "2009-03-31": "-3.00000", "2008-12-31": 0, "2008-09-30": 0, "2008-06-30": 9, "2008-03-31": "1.00000", "2007-12-31": -42, "2007-09-30": -2, "2007-06-30": 10, "2007-03-31": "-5.00000", "2006-12-31": 2, "2006-09-30": 14, "2006-06-30": -21, "2006-03-31": "3.00000", "2005-12-31": -1, "2005-09-30": -26, "2005-06-30": -8, "2005-03-31": "10.00000"}, "Net Total Equity Issued/Repurchased": {"2020-12-31": 2, "2020-09-30": 0, "2020-06-30": 0, "2020-03-31": "2.00000", "2019-12-31": 2, "2019-09-30": 1, "2019-06-30": 1, "2019-03-31": "62.00000", "2018-12-31": -477, "2018-09-30": -35, "2018-06-30": -141, "2018-03-31": "-3.00000", "2017-12-31": 6, "2017-09-30": 8, "2017-06-30": 2, "2017-03-31": "-130.00000", "2016-12-31": 0, "2016-09-30": 13, "2016-06-30": 7, "2016-03-31": "1.00000", "2015-12-31": 2, "2015-09-30": 3, "2015-06-30": -4, "2015-03-31": "-21.00000", "2014-12-31": 3, "2014-09-30": -296, "2014-06-30": 10, "2014-03-31": "-1.00000", "2013-12-31": -170, "2013-09-30": -54, "2013-06-30": 2, "2013-03-31": "8.00000", "2012-12-31": 14, "2012-09-30": 5, "2012-06-30": -11, "2012-03-31": "8.00000", "2011-12-31": 3, "2011-09-30": -43, "2011-06-30": 3, "2011-03-31": "7.00000", "2010-12-31": 11, "2010-09-30": 4, "2010-06-30": -4, "2010-03-31": "6.00000", "2009-12-31": 2, "2009-09-30": 1, "2009-06-30": 1, "2009-03-31": "-3.00000", "2008-12-31": 0, "2008-09-30": 0, "2008-06-30": 9, "2008-03-31": "1.00000", "2007-12-31": -42, "2007-09-30": -2, "2007-06-30": 10, "2007-03-31": "-5.00000", "2006-12-31": 2, "2006-09-30": 14, "2006-06-30": -21, "2006-03-31": "3.00000", "2005-12-31": -1, "2005-09-30": -26, "2005-06-30": -8, "2005-03-31": "10.00000"}, "Total Common And Preferred Stock Dividends Paid": {"2020-12-31": -46, "2020-09-30": -45, "2020-06-30": -45, "2020-03-31": "-42.00000", "2019-12-31": -43, "2019-09-30": -44, "2019-06-30": -45, "2019-03-31": "-42.00000", "2018-12-31": -45, "2018-09-30": -45, "2018-06-30": -46, "2018-03-31": "-46.00000", "2017-12-31": -45, "2017-09-30": -37, "2017-06-30": -39, "2017-03-31": "-44.00000", "2016-12-31": -38, "2016-09-30": -34, "2016-06-30": -34, "2016-03-31": "-35.00000", "2015-12-31": -32, "2015-09-30": -31, "2015-06-30": -31, "2015-03-31": "-32.00000", "2014-12-31": -31, "2014-09-30": -32, "2014-06-30": -32, "2014-03-31": "-33.00000", "2013-12-31": -30, "2013-09-30": -30, "2013-06-30": -30, "2013-03-31": "-22.00000", "2012-12-31": -20, "2012-09-30": -16, "2012-06-30": -16, "2012-03-31": "-17.00000", "2011-12-31": -13, "2011-09-30": -13, "2011-06-30": -12, "2011-03-31": "-12.00000", "2010-12-31": -10, "2010-09-30": -12, "2010-06-30": -11, "2010-03-31": "-12.00000", "2009-12-31": -11, "2009-09-30": -11, "2009-06-30": -11, "2009-03-31": "-12.00000", "2008-12-31": -11, "2008-09-30": -11, "2008-06-30": -10, "2008-03-31": "-10.00000", "2007-12-31": -9, "2007-09-30": -8, "2007-06-30": -8, "2007-03-31": "-8.00000", "2006-12-31": -6, "2006-09-30": -7, "2006-06-30": -6, "2006-03-31": "-7.00000", "2005-12-31": -4, "2005-09-30": -6, "2005-06-30": -6, "2005-03-31": "-6.00000"}, "Financial Activities - Other": {"2020-12-31": 0, "2020-09-30": 0, "2020-06-30": -9, "2020-03-31": "", "2019-12-31": 0, "2019-09-30": 0, "2019-06-30": 0, "2019-03-31": "", "2018-12-31": 0, "2018-09-30": 0, "2018-06-30": 0, "2018-03-31": "", "2017-12-31": 0, "2017-09-30": 0, "2017-06-30": 0, "2017-03-31": "", "2016-12-31": -2, "2016-09-30": -4, "2016-06-30": 0, "2016-03-31": "", "2015-12-31": 2, "2015-09-30": 2, "2015-06-30": 2, "2015-03-31": "2.00000", "2014-12-31": 1, "2014-09-30": 2, "2014-06-30": 3, "2014-03-31": "", "2013-12-31": 4, "2013-09-30": 1, "2013-06-30": 0, "2013-03-31": "", "2012-12-31": 7, "2012-09-30": -2, "2012-06-30": 0, "2012-03-31": "1.00000", "2011-12-31": 4, "2011-09-30": 0, "2011-06-30": 1, "2011-03-31": "1.00000", "2010-12-31": -1, "2010-09-30": -14, "2010-06-30": -15, "2010-03-31": "1.00000", "2009-12-31": 0, "2009-09-30": 1, "2009-06-30": 0, "2009-03-31": "", "2008-12-31": 2, "2008-09-30": 0, "2008-06-30": 3, "2008-03-31": "", "2007-12-31": 1, "2007-09-30": -1, "2007-06-30": 4, "2007-03-31": "", "2006-12-31": 1, "2006-09-30": 4, "2006-06-30": 1, "2006-03-31": "", "2005-12-31": 0, "2005-09-30": 0, "2005-06-30": 0, "2005-03-31": ""}, "Cash Flow From Financial Activities": {"2020-12-31": -59, "2020-09-30": -481, "2020-06-30": 621, "2020-03-31": "62.00000", "2019-12-31": -278, "2019-09-30": -11, "2019-06-30": -103, "2019-03-31": "28.00000", "2018-12-31": -92, "2018-09-30": -73, "2018-06-30": -163, "2018-03-31": "-261.00000", "2017-12-31": -56, "2017-09-30": -101, "2017-06-30": -97, "2017-03-31": "-121.00000", "2016-12-31": 35, "2016-09-30": 49, "2016-06-30": -90, "2016-03-31": "6.00000", "2015-12-31": -445, "2015-09-30": 28, "2015-06-30": -45, "2015-03-31": "346.00000", "2014-12-31": -118, "2014-09-30": -176, "2014-06-30": -26, "2014-03-31": "-68.00000", "2013-12-31": -198, "2013-09-30": -132, "2013-06-30": -20, "2013-03-31": "-3.00000", "2012-12-31": 33, "2012-09-30": -84, "2012-06-30": -106, "2012-03-31": "-40.00000", "2011-12-31": 69, "2011-09-30": 45, "2011-06-30": -4, "2011-03-31": "-24.00000", "2010-12-31": -19, "2010-09-30": 1150, "2010-06-30": -85, "2010-03-31": "109.00000", "2009-12-31": -161, "2009-09-30": -139, "2009-06-30": -19, "2009-03-31": "-56.00000", "2008-12-31": 147, "2008-09-30": 100, "2008-06-30": 37, "2008-03-31": "-54.00000", "2007-12-31": -23, "2007-09-30": -286, "2007-06-30": 335, "2007-03-31": "-11.00000", "2006-12-31": 23, "2006-09-30": 8, "2006-06-30": -42, "2006-03-31": "5.00000", "2005-12-31": -19, "2005-09-30": -35, "2005-06-30": -28, "2005-03-31": "-9.00000"}, "Net Cash Flow": {"2020-12-31": 112, "2020-09-30": -494, "2020-06-30": 769, "2020-03-31": "14.00000", "2019-12-31": -179, "2019-09-30": 146, "2019-06-30": 42, "2019-03-31": "-72.00000", "2018-12-31": -104, "2018-09-30": 72, "2018-06-30": -42, "2018-03-31": "-194.00000", "2017-12-31": 104, "2017-09-30": 50, "2017-06-30": 6, "2017-03-31": "-77.00000", "2016-12-31": -239, "2016-09-30": 264, "2016-06-30": 10, "2016-03-31": "43.00000", "2015-12-31": -288, "2015-09-30": 65, "2015-06-30": 84, "2015-03-31": "-7.00000", "2014-12-31": 15, "2014-09-30": -27, "2014-06-30": 32, "2014-03-31": "-14.00000", "2013-12-31": -44, "2013-09-30": 49, "2013-06-30": 43, "2013-03-31": "-83.00000", "2012-12-31": 96, "2012-09-30": 73, "2012-06-30": 105, "2012-03-31": "-66.00000", "2011-12-31": 122, "2011-09-30": 6, "2011-06-30": 6, "2011-03-31": "-35.00000", "2010-12-31": -1285, "2010-09-30": 1261, "2010-06-30": 5, "2010-03-31": "146.00000", "2009-12-31": 14, "2009-09-30": -14, "2009-06-30": 84, "2009-03-31": "-16.00000", "2008-12-31": -9, "2008-09-30": -176, "2008-06-30": 102, "2008-03-31": "15.00000", "2007-12-31": 18, "2007-09-30": -239, "2007-06-30": 309, "2007-03-31": "-44.00000", "2006-12-31": 59, "2006-09-30": 15, "2006-06-30": -33, "2006-03-31": "-26.00000", "2005-12-31": 21, "2005-09-30": -24, "2005-06-30": 21, "2005-03-31": "-3.00000"}, "Stock-Based Compensation": {"2020-12-31": 0, "2020-09-30": 0, "2020-06-30": 0, "2020-03-31": "", "2019-12-31": 0, "2019-09-30": 0, "2019-06-30": 0, "2019-03-31": "", "2018-12-31": 0, "2018-09-30": 0, "2018-06-30": 0, "2018-03-31": "", "2017-12-31": 0, "2017-09-30": 0, "2017-06-30": 0, "2017-03-31": "", "2016-12-31": 0, "2016-09-30": 0, "2016-06-30": 0, "2016-03-31": "", "2015-12-31": 0, "2015-09-30": 0, "2015-06-30": 0, "2015-03-31": "", "2014-12-31": 0, "2014-09-30": 0, "2014-06-30": 0, "2014-03-31": "", "2013-12-31": 0, "2013-09-30": 0, "2013-06-30": 0, "2013-03-31": "", "2012-12-31": 0, "2012-09-30": 0, "2012-06-30": 0, "2012-03-31": "", "2011-12-31": 0, "2011-09-30": 0, "2011-06-30": 0, "2011-03-31": "", "2010-12-31": 0, "2010-09-30": 0, "2010-06-30": 0, "2010-03-31": "", "2009-12-31": 0, "2009-09-30": 0, "2009-06-30": 0, "2009-03-31": "", "2008-12-31": 0, "2008-09-30": 0, "2008-06-30": 0, "2008-03-31": "", "2007-12-31": 0, "2007-09-30": 0, "2007-06-30": 0, "2007-03-31": "", "2006-12-31": 0, "2006-09-30": 0, "2006-06-30": 0, "2006-03-31": "", "2005-12-31": 0, "2005-09-30": 0, "2005-06-30": 0, "2005-03-31": ""}, "Common Stock Dividends Paid": {"2020-12-31": -46, "2020-09-30": -45, "2020-06-30": -45, "2020-03-31": "-42.00000", "2019-12-31": -43, "2019-09-30": -44, "2019-06-30": -45, "2019-03-31": "-42.00000", "2018-12-31": -45, "2018-09-30": -45, "2018-06-30": -46, "2018-03-31": "-46.00000", "2017-12-31": -45, "2017-09-30": -37, "2017-06-30": -39, "2017-03-31": "-44.00000", "2016-12-31": -38, "2016-09-30": -34, "2016-06-30": -34, "2016-03-31": "-35.00000", "2015-12-31": -32, "2015-09-30": -31, "2015-06-30": -31, "2015-03-31": "-32.00000", "2014-12-31": -31, "2014-09-30": -32, "2014-06-30": -32, "2014-03-31": "-33.00000", "2013-12-31": -30, "2013-09-30": -30, "2013-06-30": -30, "2013-03-31": "-22.00000", "2012-12-31": -20, "2012-09-30": -16, "2012-06-30": -16, "2012-03-31": "-17.00000", "2011-12-31": -13, "2011-09-30": -13, "2011-06-30": -12, "2011-03-31": "-12.00000", "2010-12-31": -10, "2010-09-30": -12, "2010-06-30": -11, "2010-03-31": "-12.00000", "2009-12-31": -11, "2009-09-30": -11, "2009-06-30": -11, "2009-03-31": "-12.00000", "2008-12-31": -11, "2008-09-30": -11, "2008-06-30": -10, "2008-03-31": "-10.00000", "2007-12-31": -9, "2007-09-30": -8, "2007-06-30": -8, "2007-03-31": "-8.00000", "2006-12-31": -6, "2006-09-30": -7, "2006-06-30": -6, "2006-03-31": "-7.00000", "2005-12-31": -4, "2005-09-30": -6, "2005-06-30": -6, "2005-03-31": "-6.00000"}}, "financial ratios": {"Current Ratio": {"2019-12-31": "2.23370", "2018-12-31": "2.26000", "2017-12-31": "2.52350", "2016-12-31": "2.30270", "2015-12-31": "2.62800", "2014-12-31": "2.97360", "2013-12-31": "2.70000", "2012-12-31": "2.52950", "2011-12-31": "2.27000", "2010-12-31": "2.00920", "2009-12-31": "1.84960", "2008-12-31": "1.50990", "2007-12-31": "1.61570", "2006-12-31": "1.61900", "2005-12-31": "1.61560"}, "Long-term Debt / Capital": {"2019-12-31": "0.39180", "2018-12-31": "0.44500", "2017-12-31": "0.37420", "2016-12-31": "0.41620", "2015-12-31": "0.45490", "2014-12-31": "0.44890", "2013-12-31": "0.41410", "2012-12-31": "0.41210", "2011-12-31": "0.45780", "2010-12-31": "0.45650", "2009-12-31": "0.19320", "2008-12-31": "0.31950", "2007-12-31": "0.24440", "2006-12-31": "0.26520", "2005-12-31": "0.28020"}, "Debt/Equity Ratio": {"2019-12-31": "0.67420", "2018-12-31": "0.87210", "2017-12-31": "0.63900", "2016-12-31": "0.75380", "2015-12-31": "0.84310", "2014-12-31": "0.82510", "2013-12-31": "0.74520", "2012-12-31": "0.73200", "2011-12-31": "0.91370", "2010-12-31": "0.88410", "2009-12-31": "0.31920", "2008-12-31": "0.61590", "2007-12-31": "0.40440", "2006-12-31": "0.41650", "2005-12-31": "0.43640"}, "Gross Margin": {"2019-12-31": "21.13060", "2018-12-31": "21.75230", "2017-12-31": "23.57460", "2016-12-31": "24.56170", "2015-12-31": "22.09570", "2014-12-31": "19.67180", "2013-12-31": "17.87300", "2012-12-31": "18.95290", "2011-12-31": "18.10580", "2010-12-31": "16.57890", "2009-12-31": "14.16120", "2008-12-31": "17.87530", "2007-12-31": "17.28100", "2006-12-31": "15.87180", "2005-12-31": "14.06780"}, "Operating Margin": {"2019-12-31": "10.69420", "2018-12-31": "11.17830", "2017-12-31": "13.38890", "2016-12-31": "14.13040", "2015-12-31": "11.74170", "2014-12-31": "10.25050", "2013-12-31": "9.68710", "2012-12-31": "10.22660", "2011-12-31": "10.78950", "2010-12-31": "7.76280", "2009-12-31": "4.16670", "2008-12-31": "10.90260", "2007-12-31": "9.93810", "2006-12-31": "8.16480", "2005-12-31": "7.37290"}, "EBIT Margin": {"2019-12-31": "10.69420", "2018-12-31": "11.17830", "2017-12-31": "13.38890", "2016-12-31": "14.13040", "2015-12-31": "11.74170", "2014-12-31": "10.25050", "2013-12-31": "9.68710", "2012-12-31": "10.22660", "2011-12-31": "10.78950", "2010-12-31": "7.76280", "2009-12-31": "4.16670", "2008-12-31": "10.90260", "2007-12-31": "9.93810", "2006-12-31": "8.16480", "2005-12-31": "7.37290"}, "EBITDA Margin": {"2019-12-31": "14.23740", "2018-12-31": "15.10570", "2017-12-31": "16.73610", "2016-12-31": "17.56660", "2015-12-31": "15.19300", "2014-12-31": "13.69090", "2013-12-31": "12.75280", "2012-12-31": "13.45680", "2011-12-31": "14.18230", "2010-12-31": "11.31210", "2009-12-31": "7.70700", "2008-12-31": "14.14810", "2007-12-31": "13.62430", "2006-12-31": "12.51430", "2005-12-31": "11.86440"}, "Pre-Tax Profit Margin": {"2019-12-31": "9.37350", "2018-12-31": "9.87440", "2017-12-31": "12.31580", "2016-12-31": "13.00840", "2015-12-31": "10.65650", "2014-12-31": "9.17430", "2013-12-31": "8.64410", "2012-12-31": "9.20090", "2011-12-31": "9.53530", "2010-12-31": "6.29720", "2009-12-31": "3.13180", "2008-12-31": "10.26880", "2007-12-31": "8.99440", "2006-12-31": "7.51620", "2005-12-31": "6.27120"}, "Net Profit Margin": {"2019-12-31": "6.65160", "2018-12-31": "7.04400", "2017-12-31": "8.31200", "2016-12-31": "8.50280", "2015-12-31": "7.15180", "2014-12-31": "6.26320", "2013-12-31": "6.25790", "2012-12-31": "6.55240", "2011-12-31": "6.68920", "2010-12-31": "3.86990", "2009-12-31": "1.11660", "2008-12-31": "6.76980", "2007-12-31": "5.83900", "2006-12-31": "4.73100", "2005-12-31": "3.81360"}, "Asset Turnover": {"2019-12-31": "1.02800", "2018-12-31": "1.09790", "2017-12-31": "1.02700", "2016-12-31": "0.98650", "2015-12-31": "1.10780", "2014-12-31": "1.11470", "2013-12-31": "1.18060", "2012-12-31": "1.16810", "2011-12-31": "1.16960", "2010-12-31": "0.86650", "2009-12-31": "1.24390", "2008-12-31": "1.22980", "2007-12-31": "1.09280", "2006-12-31": "0.99090", "2005-12-31": "0.98790"}, "Inventory Turnover Ratio": {"2019-12-31": "5.68760", "2018-12-31": "5.97210", "2017-12-31": "5.79830", "2016-12-31": "5.45370", "2015-12-31": "6.12450", "2014-12-31": "6.51360", "2013-12-31": "7.18810", "2012-12-31": "6.34770", "2011-12-31": "6.62290", "2010-12-31": "5.64810", "2009-12-31": "8.00000", "2008-12-31": "7.13440", "2007-12-31": "6.56910", "2006-12-31": "6.86920", "2005-12-31": "7.86050"}, "Receiveable Turnover": {"2019-12-31": "6.35520", "2018-12-31": "6.61300", "2017-12-31": "6.49740", "2016-12-31": "6.17980", "2015-12-31": "7.25290", "2014-12-31": "7.43830", "2013-12-31": "7.60580", "2012-12-31": "8.02460", "2011-12-31": "7.43010", "2010-12-31": "5.72350", "2009-12-31": "8.34550", "2008-12-31": "6.29030", "2007-12-31": "7.37170", "2006-12-31": "7.34170", "2005-12-31": "8.22300"}, "Days Sales In Receivables": {"2019-12-31": "57.43360", "2018-12-31": "55.19400", "2017-12-31": "56.17630", "2016-12-31": "59.06290", "2015-12-31": "50.32470", "2014-12-31": "49.07020", "2013-12-31": "47.98990", "2012-12-31": "45.48530", "2011-12-31": "49.12450", "2010-12-31": "63.77260", "2009-12-31": "43.73640", "2008-12-31": "58.02610", "2007-12-31": "49.51340", "2006-12-31": "49.71580", "2005-12-31": "44.38770"}, "ROE - Return On Equity": {"2019-12-31": "15.46880", "2018-12-31": "18.85380", "2017-12-31": "18.23790", "2016-12-31": "19.11370", "2015-12-31": "18.89910", "2014-12-31": "16.44770", "2013-12-31": "16.59120", "2012-12-31": "17.64950", "2011-12-31": "19.83120", "2010-12-31": "8.79560", "2009-12-31": "2.75820", "2008-12-31": "19.55900", "2007-12-31": "12.64800", "2006-12-31": "9.32330", "2005-12-31": "7.43800"}, "Return On Tangible Equity": {"2019-12-31": "28.21030", "2018-12-31": "39.23940", "2017-12-31": "32.81930", "2016-12-31": "37.89150", "2015-12-31": "35.24380", "2014-12-31": "25.22590", "2013-12-31": "25.45800", "2012-12-31": "27.59060", "2011-12-31": "34.55880", "2010-12-31": "16.52580", "2009-12-31": "3.22140", "2008-12-31": "26.26550", "2007-12-31": "17.21800", "2006-12-31": "13.06640", "2005-12-31": "10.57580"}, "ROA - Return On Assets": {"2019-12-31": "7.01990", "2018-12-31": "7.92600", "2017-12-31": "8.75000", "2016-12-31": "8.57830", "2015-12-31": "8.11980", "2014-12-31": "7.13860", "2013-12-31": "7.51870", "2012-12-31": "7.76110", "2011-12-31": "7.95560", "2010-12-31": "3.49210", "2009-12-31": "1.59210", "2008-12-31": "8.57500", "2007-12-31": "6.54210", "2006-12-31": "4.68810", "2005-12-31": "3.76730"}, "ROI - Return On Investment": {"2019-12-31": "9.40760", "2018-12-31": "10.46320", "2017-12-31": "11.41390", "2016-12-31": "11.15860", "2015-12-31": "10.30260", "2014-12-31": "9.06370", "2013-12-31": "9.72020", "2012-12-31": "10.37530", "2011-12-31": "10.75240", "2010-12-31": "4.78000", "2009-12-31": "2.22540", "2008-12-31": "13.31080", "2007-12-31": "9.55740", "2006-12-31": "6.85080", "2005-12-31": "5.35400"}, "Book Value Per Share": {"2019-12-31": "41.02220", "2018-12-31": "36.19630", "2017-12-31": "40.51670", "2016-12-31": "35.83540", "2015-12-31": "30.44010", "2014-12-31": "30.94420", "2013-12-31": "32.68700", "2012-12-31": "31.92180", "2011-12-31": "28.10910", "2010-12-31": "26.32100", "2009-12-31": "22.90750", "2008-12-31": "18.98900", "2007-12-31": "21.91100", "2006-12-31": "18.20020", "2005-12-31": "16.67490"}, "Operating Cash Flow Per Share": {"2019-12-31": 0.2979, "2018-12-31": -0.6715, "2017-12-31": 0.0577, "2016-12-31": 1.0076, "2015-12-31": -0.3624, "2014-12-31": 1.8542, "2013-12-31": -1.4551, "2012-12-31": 5.5243, "2011-12-31": -1.2939, "2010-12-31": -2.6314, "2009-12-31": 8.8024, "2008-12-31": -4.4133, "2007-12-31": 0.3382, "2006-12-31": -0.2064, "2005-12-31": 3.2407}, "Free Cash Flow Per Share": {"2019-12-31": 0.3218, "2018-12-31": -1.3689, "2017-12-31": -0.3134, "2016-12-31": 0.5305, "2015-12-31": -0.0593, "2014-12-31": 2.0036, "2013-12-31": -1.3352, "2012-12-31": 4.9616, "2011-12-31": -2.5875, "2010-12-31": -2.795, "2009-12-31": 9.8202, "2008-12-31": -5.0242, "2007-12-31": 0.2801, "2006-12-31": -0.6239, "2005-12-31": 1.4418}}, "financial ratios, quarterly": {"Current Ratio": {"2020-09-30": "2.54450", "2020-06-30": "2.19970", "2020-03-31": "2.33510", "2019-12-31": "2.23370", "2019-09-30": "2.44720", "2019-06-30": "2.47760", "2019-03-31": "2.40840", "2018-12-31": "2.26000", "2018-09-30": "2.50290", "2018-06-30": "2.46030", "2018-03-31": "2.52150", "2017-12-31": "2.52350", "2017-09-30": "2.41060", "2017-06-30": "2.52630", "2017-03-31": "2.38690", "2016-12-31": "2.30270", "2016-09-30": "2.99120", "2016-06-30": "3.12120", "2016-03-31": "2.98410", "2015-12-31": "2.62800", "2015-09-30": "3.42090", "2015-06-30": "3.42770", "2015-03-31": "3.25440", "2014-12-31": "2.97360", "2014-09-30": "2.90430", "2014-06-30": "3.12040", "2014-03-31": "3.04170", "2013-12-31": "2.70000", "2013-09-30": "2.97290", "2013-06-30": "2.90620", "2013-03-31": "2.71670", "2012-12-31": "2.52950", "2012-09-30": "2.84380", "2012-06-30": "2.65720", "2012-03-31": "2.39370", "2011-12-31": "2.27000", "2011-09-30": "2.29500", "2011-06-30": "2.33020", "2011-03-31": "2.12350", "2010-12-31": "2.00920", "2010-09-30": "4.41400", "2010-06-30": "2.17710", "2010-03-31": "2.07600", "2009-12-31": "1.84960", "2009-09-30": "1.67320", "2009-06-30": "1.66890", "2009-03-31": "1.65480", "2008-12-31": "1.50990", "2008-09-30": "1.51210", "2008-06-30": "1.73760", "2008-03-31": "1.88460", "2007-12-31": "1.61570", "2007-09-30": "1.72660", "2007-06-30": "1.46480", "2007-03-31": "1.66200", "2006-12-31": "1.61900", "2006-09-30": "1.55380", "2006-06-30": "1.54860", "2006-03-31": "1.69150", "2005-12-31": "1.61560", "2005-09-30": "1.70940", "2005-06-30": "1.68160", "2005-03-31": "1.73480"}, "Long-term Debt / Capital": {"2020-09-30": "0.43340", "2020-06-30": "0.44530", "2020-03-31": "0.41600", "2019-12-31": "0.39180", "2019-09-30": "0.43380", "2019-06-30": "0.42690", "2019-03-31": "0.43480", "2018-12-31": "0.44500", "2018-09-30": "0.35300", "2018-06-30": "0.34880", "2018-03-31": "0.33040", "2017-12-31": "0.37420", "2017-09-30": "0.37720", "2017-06-30": "0.40480", "2017-03-31": "0.42070", "2016-12-31": "0.41620", "2016-09-30": "0.41890", "2016-06-30": "0.42260", "2016-03-31": "0.44580", "2015-12-31": "0.45490", "2015-09-30": "0.51090", "2015-06-30": "0.49250", "2015-03-31": "0.51100", "2014-12-31": "0.44890", "2014-09-30": "0.45840", "2014-06-30": "0.39830", "2014-03-31": "0.40840", "2013-12-31": "0.41410", "2013-09-30": "0.40940", "2013-06-30": "0.40940", "2013-03-31": "0.40750", "2012-12-31": "0.41210", "2012-09-30": "0.41170", "2012-06-30": "0.43710", "2012-03-31": "0.44310", "2011-12-31": "0.45780", "2011-09-30": "0.45490", "2011-06-30": "0.41750", "2011-03-31": "0.42670", "2010-12-31": "0.45650", "2010-09-30": "0.47510", "2010-06-30": "0.22030", "2010-03-31": "0.23640", "2009-12-31": "0.19320", "2009-09-30": "0.25280", "2009-06-30": "0.31380", "2009-03-31": "0.32410", "2008-12-31": "0.31950", "2008-09-30": "0.24260", "2008-06-30": "0.21310", "2008-03-31": "0.22780", "2007-12-31": "0.24440", "2007-09-30": "0.25870", "2007-06-30": "0.26910", "2007-03-31": "0.26070", "2006-12-31": "0.26520", "2006-09-30": "0.26080", "2006-06-30": "0.26670", "2006-03-31": "0.27450", "2005-12-31": "0.28020", "2005-09-30": "0.28020", "2005-06-30": "0.28560", "2005-03-31": "0.29670"}, "Debt/Equity Ratio": {"2020-09-30": "0.78730", "2020-06-30": "0.97900", "2020-03-31": "0.74150", "2019-12-31": "0.67420", "2019-09-30": "0.79710", "2019-06-30": "0.78600", "2019-03-31": "0.82940", "2018-12-31": "0.87210", "2018-09-30": "0.58450", "2018-06-30": "0.58230", "2018-03-31": "0.53920", "2017-12-31": "0.63900", "2017-09-30": "0.65920", "2017-06-30": "0.72290", "2017-03-31": "0.77160", "2016-12-31": "0.75380", "2016-09-30": "0.73360", "2016-06-30": "0.74360", "2016-03-31": "0.81090", "2015-12-31": "0.84310", "2015-09-30": "1.05590", "2015-06-30": "0.99240", "2015-03-31": "1.05540", "2014-12-31": "0.82510", "2014-09-30": "0.85930", "2014-06-30": "0.68310", "2014-03-31": "0.71470", "2013-12-31": "0.74520", "2013-09-30": "0.71080", "2013-06-30": "0.72980", "2013-03-31": "0.72240", "2012-12-31": "0.73200", "2012-09-30": "0.71810", "2012-06-30": "0.80410", "2012-03-31": "0.85870", "2011-12-31": "0.91370", "2011-09-30": "0.89280", "2011-06-30": "0.76670", "2011-03-31": "0.79660", "2010-12-31": "0.88410", "2010-09-30": "0.94210", "2010-06-30": "0.33920", "2010-03-31": "0.37860", "2009-12-31": "0.31920", "2009-09-30": "0.44130", "2009-06-30": "0.57500", "2009-03-31": "0.59190", "2008-12-31": "0.61590", "2008-09-30": "0.46160", "2008-06-30": "0.33510", "2008-03-31": "0.34730", "2007-12-31": "0.40440", "2007-09-30": "0.40440", "2007-06-30": "0.60870", "2007-03-31": "0.39830", "2006-12-31": "0.41650", "2006-09-30": "0.40560", "2006-06-30": "0.42070", "2006-03-31": "0.43210", "2005-12-31": "0.43640", "2005-09-30": "0.44790", "2005-06-30": "0.46100", "2005-03-31": "0.48950"}, "Gross Margin": {"2020-09-30": "21.70440", "2020-06-30": "20.08900", "2020-03-31": "20.93330", "2019-12-31": "20.85220", "2019-09-30": "21.85520", "2019-06-30": "21.22580", "2019-03-31": "20.57290", "2018-12-31": "17.07580", "2018-09-30": "23.03450", "2018-06-30": "24.06420", "2018-03-31": "24.09800", "2017-12-31": "19.47000", "2017-09-30": "26.12800", "2017-06-30": "25.60060", "2017-03-31": "24.15690", "2016-12-31": "24.14290", "2016-09-30": "24.78170", "2016-06-30": "24.39860", "2016-03-31": "24.92650", "2015-12-31": "22.20640", "2015-09-30": "22.96450", "2015-06-30": "22.01520", "2015-03-31": "21.12780", "2014-12-31": "19.86400", "2014-09-30": "20.37940", "2014-06-30": "19.95680", "2014-03-31": "18.40550", "2013-12-31": "19.38500", "2013-09-30": "16.05760", "2013-06-30": "16.89730", "2013-03-31": "19.29540", "2012-12-31": "20.30050", "2012-09-30": "18.65400", "2012-06-30": "18.05510", "2012-03-31": "18.79690", "2011-12-31": "18.10370", "2011-09-30": "16.95030", "2011-06-30": "17.15260", "2011-03-31": "20.43170", "2010-12-31": "17.46610", "2010-09-30": "16.83180", "2010-06-30": "16.33100", "2010-03-31": "15.23690", "2009-12-31": "16.91880", "2009-09-30": "15.79440", "2009-06-30": "12.23120", "2009-03-31": "11.19000", "2008-12-31": "15.70410", "2008-09-30": "18.79730", "2008-06-30": "18.14290", "2008-03-31": "18.60570", "2007-12-31": "15.93830", "2007-09-30": "16.15000", "2007-06-30": "18.14470", "2007-03-31": "19.18890", "2006-12-31": "15.51450", "2006-09-30": "16.64200", "2006-06-30": "16.20410", "2006-03-31": "15.07810", "2005-12-31": "13.95870", "2005-09-30": "14.31370", "2005-06-30": "15.12920", "2005-03-31": "12.79790"}, "Operating Margin": {"2020-09-30": "10.18640", "2020-06-30": "8.37660", "2020-03-31": "9.91570", "2019-12-31": "10.97480", "2019-09-30": "10.48290", "2019-06-30": "10.83870", "2019-03-31": "10.48180", "2018-12-31": "8.43120", "2018-09-30": "10.68970", "2018-06-30": "12.90110", "2018-03-31": "13.41050", "2017-12-31": "10.92480", "2017-09-30": "15.55560", "2017-06-30": "14.41320", "2017-03-31": "13.28290", "2016-12-31": "13.35710", "2016-09-30": "14.84220", "2016-06-30": "13.60830", "2016-03-31": "14.70590", "2015-12-31": "12.24200", "2015-09-30": "12.17820", "2015-06-30": "11.93930", "2015-03-31": "10.52630", "2014-12-31": "8.62700", "2014-09-30": "12.19610", "2014-06-30": "10.96650", "2014-03-31": "9.01120", "2013-12-31": "10.73310", "2013-09-30": "8.49410", "2013-06-30": "8.57720", "2013-03-31": "11.05570", "2012-12-31": "11.27270", "2012-09-30": "10.05360", "2012-06-30": "9.35170", "2012-03-31": "10.22740", "2011-12-31": "10.74840", "2011-09-30": "8.74850", "2011-06-30": "8.51320", "2011-03-31": "15.58070", "2010-12-31": "7.25500", "2010-09-30": "8.69050", "2010-06-30": "7.62710", "2010-03-31": "7.66110", "2009-12-31": "10.61850", "2009-09-30": "9.00470", "2009-06-30": "-8.17240", "2009-03-31": "4.60830", "2008-12-31": "8.22970", "2008-09-30": "12.63600", "2008-06-30": "11.00630", "2008-03-31": "11.35460", "2007-12-31": "8.69570", "2007-09-30": "9.11780", "2007-06-30": "10.57180", "2007-03-31": "11.62880", "2006-12-31": "7.50980", "2006-09-30": "9.24060", "2006-06-30": "8.54400", "2006-03-31": "7.31950", "2005-12-31": "6.98790", "2005-09-30": "8.05560", "2005-06-30": "8.48710", "2005-03-31": "5.86050"}, "EBIT Margin": {"2020-09-30": "10.18640", "2020-06-30": "8.37660", "2020-03-31": "9.91570", "2019-12-31": "10.97480", "2019-09-30": "10.48290", "2019-06-30": "10.83870", "2019-03-31": "10.48180", "2018-12-31": "8.43120", "2018-09-30": "10.68970", "2018-06-30": "12.90110", "2018-03-31": "13.41050", "2017-12-31": "10.92480", "2017-09-30": "15.55560", "2017-06-30": "14.41320", "2017-03-31": "13.28290", "2016-12-31": "13.35710", "2016-09-30": "14.84220", "2016-06-30": "13.60830", "2016-03-31": "14.70590", "2015-12-31": "12.24200", "2015-09-30": "12.17820", "2015-06-30": "11.93930", "2015-03-31": "10.52630", "2014-12-31": "8.62700", "2014-09-30": "12.19610", "2014-06-30": "10.96650", "2014-03-31": "9.01120", "2013-12-31": "10.73310", "2013-09-30": "8.49410", "2013-06-30": "8.57720", "2013-03-31": "11.05570", "2012-12-31": "11.27270", "2012-09-30": "10.05360", "2012-06-30": "9.35170", "2012-03-31": "10.22740", "2011-12-31": "10.74850", "2011-09-30": "8.74850", "2011-06-30": "8.51320", "2011-03-31": "15.58070", "2010-12-31": "7.25500", "2010-09-30": "8.69050", "2010-06-30": "7.62710", "2010-03-31": "7.66110", "2009-12-31": "10.61860", "2009-09-30": "9.00470", "2009-06-30": "-8.17240", "2009-03-31": "4.60830", "2008-12-31": "8.22970", "2008-09-30": "12.63600", "2008-06-30": "11.00630", "2008-03-31": "11.35460", "2007-12-31": "8.69570", "2007-09-30": "9.11780", "2007-06-30": "10.57180", "2007-03-31": "11.62880", "2006-12-31": "7.50980", "2006-09-30": "9.24060", "2006-06-30": "8.54400", "2006-03-31": "7.31950", "2005-12-31": "6.98790", "2005-09-30": "8.05560", "2005-06-30": "8.48710", "2005-03-31": "5.86050"}, "EBITDA Margin": {"2020-09-30": "", "2020-06-30": "", "2020-03-31": "", "2019-12-31": "", "2019-09-30": "", "2019-06-30": "", "2019-03-31": "", "2018-12-31": "", "2018-09-30": "", "2018-06-30": "", "2018-03-31": "", "2017-12-31": "", "2017-09-30": "", "2017-06-30": "", "2017-03-31": "", "2016-12-31": "", "2016-09-30": "", "2016-06-30": "", "2016-03-31": "", "2015-12-31": "", "2015-09-30": "", "2015-06-30": "", "2015-03-31": "", "2014-12-31": "", "2014-09-30": "", "2014-06-30": "", "2014-03-31": "", "2013-12-31": "", "2013-09-30": "", "2013-06-30": "", "2013-03-31": "", "2012-12-31": "", "2012-09-30": "", "2012-06-30": "", "2012-03-31": "", "2011-12-31": "", "2011-09-30": "", "2011-06-30": "", "2011-03-31": "", "2010-12-31": "", "2010-09-30": "", "2010-06-30": "", "2010-03-31": "", "2009-12-31": "", "2009-09-30": "", "2009-06-30": "", "2009-03-31": "", "2008-12-31": "", "2008-09-30": "", "2008-06-30": "", "2008-03-31": "", "2007-12-31": "", "2007-09-30": "", "2007-06-30": "", "2007-03-31": "", "2006-12-31": "", "2006-09-30": "", "2006-06-30": "", "2006-03-31": "", "2005-12-31": "", "2005-09-30": "", "2005-06-30": "", "2005-03-31": ""}, "Pre-Tax Profit Margin": {"2020-09-30": "8.85490", "2020-06-30": "6.96810", "2020-03-31": "8.81400", "2019-12-31": "9.74820", "2019-09-30": "8.89450", "2019-06-30": "9.80650", "2019-03-31": "9.04950", "2018-12-31": "7.36390", "2018-09-30": "9.10340", "2018-06-30": "11.29680", "2018-03-31": "12.38940", "2017-12-31": "10.11360", "2017-09-30": "14.61280", "2017-06-30": "13.10910", "2017-03-31": "11.97520", "2016-12-31": "12.21430", "2016-09-30": "13.83480", "2016-06-30": "12.30240", "2016-03-31": "13.67650", "2015-12-31": "11.10320", "2015-09-30": "11.20390", "2015-06-30": "10.76610", "2015-03-31": "9.47370", "2014-12-31": "7.74240", "2014-09-30": "11.16210", "2014-06-30": "9.80640", "2014-03-31": "7.78810", "2013-12-31": "9.73250", "2013-09-30": "7.38350", "2013-06-30": "7.57930", "2013-03-31": "9.99490", "2012-12-31": "10.40270", "2012-09-30": "9.10070", "2012-06-30": "8.29970", "2012-03-31": "8.98870", "2011-12-31": "9.47520", "2011-09-30": "7.96830", "2011-06-30": "7.31410", "2011-03-31": "13.75810", "2010-12-31": "5.67040", "2010-09-30": "5.72830", "2010-06-30": "6.94920", "2010-03-31": "7.15960", "2009-12-31": "9.66930", "2009-09-30": "8.08780", "2009-06-30": "-9.21460", "2009-03-31": "3.34500", "2008-12-31": "6.49710", "2008-09-30": "12.74670", "2008-06-30": "10.58820", "2008-03-31": "10.67780", "2007-12-31": "7.98030", "2007-09-30": "8.88990", "2007-06-30": "9.06650", "2007-03-31": "10.22440", "2006-12-31": "7.27700", "2006-09-30": "8.58800", "2006-06-30": "7.67560", "2006-03-31": "6.44110", "2005-12-31": "6.25320", "2005-09-30": "7.05880", "2005-06-30": "7.09490", "2005-03-31": "4.57190"}, "Net Profit Margin": {"2020-09-30": "6.12520", "2020-06-30": "4.89250", "2020-03-31": "4.86070", "2019-12-31": "7.03680", "2019-09-30": "6.28970", "2019-06-30": "6.77420", "2019-03-31": "6.51040", "2018-12-31": "5.01600", "2018-09-30": "6.55170", "2018-06-30": "7.62030", "2018-03-31": "9.53030", "2017-12-31": "5.35420", "2017-09-30": "11.17850", "2017-06-30": "8.92240", "2017-03-31": "8.53410", "2016-12-31": "6.78570", "2016-09-30": "9.60380", "2016-06-30": "8.04120", "2016-03-31": "9.55880", "2015-12-31": "7.33100", "2015-09-30": "7.51570", "2015-06-30": "7.38440", "2015-03-31": "6.31580", "2014-12-31": "4.47430", "2014-09-30": "8.12160", "2014-06-30": "6.91980", "2014-03-31": "5.34920", "2013-12-31": "6.92420", "2013-09-30": "5.35460", "2013-06-30": "5.82220", "2013-03-31": "6.99580", "2012-12-31": "6.81350", "2012-09-30": "6.71230", "2012-06-30": "6.67280", "2012-03-31": "5.98400", "2011-12-31": "6.16600", "2011-09-30": "5.38800", "2011-06-30": "5.00440", "2011-03-31": "10.52420", "2010-12-31": "3.68790", "2010-09-30": "3.61940", "2010-06-30": "3.66900", "2010-03-31": "4.63080", "2009-12-31": "5.86210", "2009-09-30": "5.43990", "2009-06-30": "-9.30230", "2009-03-31": "2.02140", "2008-12-31": "5.13110", "2008-09-30": "8.12580", "2008-06-30": "6.65050", "2008-03-31": "6.90730", "2007-12-31": "5.17490", "2007-09-30": "5.82400", "2007-06-30": "5.90430", "2007-03-31": "6.56250", "2006-12-31": "4.87560", "2006-09-30": "5.48800", "2006-06-30": "4.66740", "2006-03-31": "3.80610", "2005-12-31": "4.08340", "2005-09-30": "3.77450", "2005-06-30": "4.44480", "2005-03-31": "2.91260"}, "Asset Turnover": {"2020-09-30": "0.23240", "2020-06-30": "0.20410", "2020-03-31": "0.25920", "2019-12-31": "0.25650", "2019-09-30": "0.25820", "2019-06-30": "0.25840", "2019-03-31": "0.25890", "2018-12-31": "0.32720", "2018-09-30": "0.25210", "2018-06-30": "0.26030", "2018-03-31": "0.24590", "2017-12-31": "0.30410", "2017-09-30": "0.25200", "2017-06-30": "0.25170", "2017-03-31": "0.25060", "2016-12-31": "0.24210", "2016-09-30": "0.26720", "2016-06-30": "0.27390", "2016-03-31": "0.26010", "2015-12-31": "0.27690", "2015-09-30": "0.26400", "2015-06-30": "0.26490", "2015-03-31": "0.24540", "2014-12-31": "0.26900", "2014-09-30": "0.27780", "2014-06-30": "0.27300", "2014-03-31": "0.25600", "2013-12-31": "0.27970", "2013-09-30": "0.29610", "2013-06-30": "0.29830", "2013-03-31": "0.28350", "2012-12-31": "0.29400", "2012-09-30": "0.31010", "2012-06-30": "0.30680", "2012-03-31": "0.29250", "2011-12-31": "0.29100", "2011-09-30": "0.31640", "2011-06-30": "0.29820", "2011-03-31": "0.27740", "2010-12-31": "0.27920", "2010-09-30": "0.23040", "2010-06-30": "0.32290", "2010-03-31": "0.29760", "2009-12-31": "0.32480", "2009-09-30": "0.31420", "2009-06-30": "0.29570", "2009-03-31": "0.27490", "2008-12-31": "0.28080", "2008-09-30": "0.33800", "2008-06-30": "0.28630", "2008-03-31": "0.28610", "2007-12-31": "0.28830", "2007-09-30": "0.29720", "2007-06-30": "0.27190", "2007-03-31": "0.28180", "2006-12-31": "0.25980", "2006-09-30": "0.27000", "2006-06-30": "0.26640", "2006-03-31": "0.25500", "2005-12-31": "0.24500", "2005-09-30": "0.25700", "2005-06-30": "0.25050", "2005-03-31": "0.24480"}, "Inventory Turnover Ratio": {"2020-09-30": "1.29520", "2020-06-30": "1.25490", "2020-03-31": "1.42360", "2019-12-31": "1.42390", "2019-09-30": "1.39930", "2019-06-30": "1.41160", "2019-03-31": "1.41530", "2018-12-31": "1.88590", "2018-09-30": "1.30990", "2018-06-30": "1.31180", "2018-03-31": "1.32110", "2017-12-31": "1.80920", "2017-09-30": "1.32970", "2017-06-30": "1.31870", "2017-03-31": "1.31980", "2016-12-31": "1.34600", "2016-09-30": "1.52170", "2016-06-30": "1.44170", "2016-03-31": "1.35050", "2015-12-31": "1.52870", "2015-09-30": "1.54180", "2015-06-30": "1.53530", "2015-03-31": "1.41760", "2014-12-31": "1.56810", "2014-09-30": "1.61040", "2014-06-30": "1.51380", "2014-03-31": "1.46290", "2013-12-31": "1.67150", "2013-09-30": "1.80870", "2013-06-30": "1.58570", "2013-03-31": "1.40770", "2012-12-31": "1.57090", "2012-09-30": "1.72450", "2012-06-30": "1.71990", "2012-03-31": "1.56080", "2011-12-31": "1.64770", "2011-09-30": "1.73310", "2011-06-30": "1.52470", "2011-03-31": "1.47190", "2010-12-31": "1.80080", "2010-09-30": "2.02360", "2010-06-30": "2.10330", "2010-03-31": "1.99100", "2009-12-31": "2.02160", "2009-09-30": "2.03820", "2009-06-30": "1.81840", "2009-03-31": "1.73260", "2008-12-31": "1.67180", "2008-09-30": "1.78580", "2008-06-30": "1.60060", "2008-03-31": "1.77030", "2007-12-31": "1.76140", "2007-09-30": "1.93610", "2007-06-30": "1.92190", "2007-03-31": "1.81090", "2006-12-31": "1.80840", "2006-09-30": "1.85480", "2006-06-30": "1.83810", "2006-03-31": "1.98520", "2005-12-31": "1.95190", "2005-09-30": "2.07270", "2005-06-30": "2.01590", "2005-03-31": "2.24550"}, "Receiveable Turnover": {"2020-09-30": "1.64510", "2020-06-30": "1.56680", "2020-03-31": "1.54920", "2019-12-31": "1.58550", "2019-09-30": "1.60450", "2019-06-30": "1.52710", "2019-03-31": "1.51630", "2018-12-31": "1.97060", "2018-09-30": "1.67630", "2018-06-30": "1.64580", "2018-03-31": "1.45160", "2017-12-31": "1.92400", "2017-09-30": "1.64820", "2017-06-30": "1.61890", "2017-03-31": "1.59150", "2016-12-31": "1.51680", "2016-09-30": "1.73950", "2016-06-30": "1.72800", "2016-03-31": "1.73030", "2015-12-31": "1.81290", "2015-09-30": "1.84470", "2015-06-30": "1.82260", "2015-03-31": "1.67300", "2014-12-31": "1.79500", "2014-09-30": "1.75730", "2014-06-30": "1.72210", "2014-03-31": "1.66940", "2013-12-31": "1.80180", "2013-09-30": "1.94410", "2013-06-30": "1.97270", "2013-03-31": "1.84380", "2012-12-31": "2.01940", "2012-09-30": "1.98460", "2012-06-30": "1.93950", "2012-03-31": "1.77880", "2011-12-31": "1.84850", "2011-09-30": "2.08680", "2011-06-30": "1.97830", "2011-03-31": "1.72930", "2010-12-31": "1.84440", "2010-09-30": "2.13280", "2010-06-30": "2.12500", "2010-03-31": "1.95250", "2009-12-31": "2.17890", "2009-09-30": "1.74250", "2009-06-30": "1.72330", "2009-03-31": "1.55640", "2008-12-31": "1.43600", "2008-09-30": "1.88560", "2008-06-30": "1.57260", "2008-03-31": "1.61610", "2007-12-31": "1.94500", "2007-09-30": "2.25550", "2007-06-30": "2.07000", "2007-03-31": "2.05360", "2006-12-31": "1.92470", "2006-09-30": "2.20330", "2006-06-30": "2.20860", "2006-03-31": "2.05620", "2005-12-31": "2.03940", "2005-09-30": "1.91250", "2005-06-30": "2.20000", "2005-03-31": "1.98080"}, "Days Sales In Receivables": {"2020-09-30": "54.70710", "2020-06-30": "57.44260", "2020-03-31": "58.09460", "2019-12-31": "56.76570", "2019-09-30": "56.09280", "2019-06-30": "58.93550", "2019-03-31": "59.35550", "2018-12-31": "45.67240", "2018-09-30": "53.68970", "2018-06-30": "54.68580", "2018-03-31": "62.00140", "2017-12-31": "46.77660", "2017-09-30": "54.60610", "2017-06-30": "55.59370", "2017-03-31": "56.55200", "2016-12-31": "59.33570", "2016-09-30": "51.73940", "2016-06-30": "52.08250", "2016-03-31": "52.01470", "2015-12-31": "49.64410", "2015-09-30": "48.78910", "2015-06-30": "49.37890", "2015-03-31": "53.79700", "2014-12-31": "50.13890", "2014-09-30": "51.21550", "2014-06-30": "52.26280", "2014-03-31": "53.91250", "2013-12-31": "49.95000", "2013-09-30": "46.29270", "2013-06-30": "45.62260", "2013-03-31": "48.81300", "2012-12-31": "44.56750", "2012-09-30": "45.34840", "2012-06-30": "46.40370", "2012-03-31": "50.59710", "2011-12-31": "48.68800", "2011-09-30": "43.12830", "2011-06-30": "45.49410", "2011-03-31": "52.04520", "2010-12-31": "48.79560", "2010-09-30": "42.19720", "2010-06-30": "42.35290", "2010-03-31": "46.09480", "2009-12-31": "41.30590", "2009-09-30": "51.64850", "2009-06-30": "52.22690", "2009-03-31": "57.82700", "2008-12-31": "62.67220", "2008-09-30": "47.73110", "2008-06-30": "57.22900", "2008-03-31": "55.68800", "2007-12-31": "46.27250", "2007-09-30": "39.90200", "2007-06-30": "43.47730", "2007-03-31": "43.82470", "2006-12-31": "46.76180", "2006-09-30": "40.84840", "2006-06-30": "40.75050", "2006-03-31": "43.77030", "2005-12-31": "44.13120", "2005-09-30": "47.05880", "2005-06-30": "40.90910", "2005-03-31": "45.43690"}, "ROE - Return On Equity": {"2020-09-30": "3.36350", "2020-06-30": "2.51310", "2020-03-31": "2.96920", "2019-12-31": "4.12260", "2019-09-30": "3.90510", "2019-06-30": "4.09650", "2019-03-31": "4.00940", "2018-12-31": "4.02820", "2018-09-30": "3.43020", "2018-06-30": "4.06160", "2018-03-31": "4.66710", "2017-12-31": "3.53100", "2017-09-30": "5.91320", "2017-06-30": "4.92050", "2017-03-31": "4.86780", "2016-12-31": "3.73800", "2016-09-30": "5.66110", "2016-06-30": "4.87610", "2016-03-31": "5.71550", "2015-12-31": "4.90830", "2015-09-30": "5.12340", "2015-06-30": "4.89010", "2015-03-31": "4.07000", "2014-12-31": "2.84550", "2014-09-30": "5.39670", "2014-06-30": "4.03710", "2014-03-31": "3.02130", "2013-12-31": "4.36390", "2013-09-30": "3.55620", "2013-06-30": "3.89920", "2013-03-31": "4.46750", "2012-12-31": "4.62380", "2012-09-30": "4.61320", "2012-06-30": "4.84040", "2012-03-31": "4.28000", "2011-12-31": "4.54760", "2011-09-30": "4.26600", "2011-06-30": "3.51260", "2011-03-31": "7.05860", "2010-12-31": "2.67370", "2010-09-30": "2.05940", "2010-06-30": "2.19710", "2010-03-31": "2.58340", "2009-12-31": "3.38620", "2009-09-30": "3.42860", "2009-06-30": "-5.82750", "2009-03-31": "1.32660", "2008-12-31": "3.41390", "2008-09-30": "5.70700", "2008-06-30": "3.73550", "2008-03-31": "3.80100", "2007-12-31": "3.19630", "2007-09-30": "3.33330", "2007-06-30": "3.44920", "2007-03-31": "3.56890", "2006-12-31": "2.51880", "2006-09-30": "2.87490", "2006-06-30": "2.41190", "2006-03-31": "1.87950", "2005-12-31": "1.97520", "2005-09-30": "1.90910", "2005-06-30": "2.24960", "2005-03-31": "1.44990"}, "Return On Tangible Equity": {"2020-09-30": "6.43600", "2020-06-30": "4.60800", "2020-03-31": "5.52020", "2019-12-31": "7.51830", "2019-09-30": "7.41820", "2019-06-30": "7.86760", "2019-03-31": "7.99370", "2018-12-31": "8.38380", "2018-09-30": "6.13650", "2018-06-30": "7.31400", "2018-03-31": "8.08370", "2017-12-31": "6.35410", "2017-09-30": "10.86120", "2017-06-30": "9.50000", "2017-03-31": "9.69470", "2016-12-31": "7.41020", "2016-09-30": "9.21720", "2016-06-30": "8.21360", "2016-03-31": "10.09870", "2015-12-31": "9.15310", "2015-09-30": "9.74310", "2015-06-30": "8.77620", "2015-03-31": "7.53060", "2014-12-31": "4.36410", "2014-09-30": "8.51490", "2014-06-30": "5.96350", "2014-03-31": "4.55480", "2013-12-31": "6.69610", "2013-09-30": "5.43050", "2013-06-30": "5.96180", "2013-03-31": "6.85850", "2012-12-31": "7.22820", "2012-09-30": "7.23630", "2012-06-30": "7.95260", "2012-03-31": "7.21720", "2011-12-31": "7.92480", "2011-09-30": "7.67580", "2011-06-30": "6.12710", "2011-03-31": "12.94750", "2010-12-31": "5.02350", "2010-09-30": "2.36870", "2010-06-30": "2.54760", "2010-03-31": "3.00540", "2009-12-31": "3.95480", "2009-09-30": "4.06020", "2009-06-30": "-7.01860", "2009-03-31": "1.76410", "2008-12-31": "4.58450", "2008-09-30": "7.48130", "2008-06-30": "4.74880", "2008-03-31": "4.98120", "2007-12-31": "4.35110", "2007-09-30": "4.64120", "2007-06-30": "4.87010", "2007-03-31": "5.13870", "2006-12-31": "3.53000", "2006-09-30": "4.03930", "2006-06-30": "3.43220", "2006-03-31": "2.66510", "2005-12-31": "2.80850", "2005-09-30": "2.70180", "2005-06-30": "3.22780", "2005-03-31": "2.12080"}, "ROA - Return On Assets": {"2020-09-30": "1.43870", "2020-06-30": "1.01350", "2020-03-31": "1.31050", "2019-12-31": "1.87090", "2019-09-30": "1.67350", "2019-06-30": "1.78390", "2019-03-31": "1.71950", "2018-12-31": "1.69340", "2018-09-30": "1.70410", "2018-06-30": "2.01810", "2018-03-31": "2.39330", "2017-12-31": "1.69410", "2017-09-30": "2.86780", "2017-06-30": "2.29750", "2017-03-31": "2.19000", "2016-12-31": "1.67760", "2016-09-30": "2.61980", "2016-06-30": "2.25860", "2016-03-31": "2.54400", "2015-12-31": "2.10880", "2015-09-30": "2.02060", "2015-06-30": "1.99270", "2015-03-31": "1.58700", "2014-12-31": "1.23500", "2014-09-30": "2.29070", "2014-06-30": "1.92600", "2014-03-31": "1.41860", "2013-12-31": "1.97760", "2013-09-30": "1.62200", "2013-06-30": "1.76590", "2013-03-31": "2.00470", "2012-12-31": "2.03330", "2012-09-30": "2.10340", "2012-06-30": "2.07730", "2012-03-31": "1.77810", "2011-12-31": "1.82430", "2011-09-30": "1.73990", "2011-06-30": "1.52430", "2011-03-31": "2.95570", "2010-12-31": "1.06150", "2010-09-30": "0.87680", "2010-06-30": "1.24920", "2010-03-31": "1.42580", "2009-12-31": "1.95460", "2009-09-30": "1.74810", "2009-06-30": "-2.69540", "2009-03-31": "0.60870", "2008-12-31": "1.49670", "2008-09-30": "2.80550", "2008-06-30": "1.97380", "2008-03-31": "2.03130", "2007-12-31": "1.65320", "2007-09-30": "1.73100", "2007-06-30": "1.60530", "2007-03-31": "1.84910", "2006-12-31": "1.26650", "2006-09-30": "1.48180", "2006-06-30": "1.24330", "2006-03-31": "0.97060", "2005-12-31": "1.00040", "2005-09-30": "0.97020", "2005-06-30": "1.11340", "2005-03-31": "0.71310"}, "ROI - Return On Investment": {"2020-09-30": "1.90570", "2020-06-30": "1.39410", "2020-03-31": "1.73410", "2019-12-31": "2.50720", "2019-09-30": "2.21110", "2019-06-30": "2.34750", "2019-03-31": "2.26620", "2018-12-31": "2.23550", "2018-09-30": "2.21920", "2018-06-30": "2.64480", "2018-03-31": "3.12500", "2017-12-31": "2.20980", "2017-09-30": "3.68270", "2017-06-30": "2.92890", "2017-03-31": "2.81970", "2016-12-31": "2.18220", "2016-09-30": "3.28980", "2016-06-30": "2.81560", "2016-03-31": "3.16740", "2015-12-31": "2.67570", "2015-09-30": "2.50570", "2015-06-30": "2.48180", "2015-03-31": "1.99030", "2014-12-31": "1.56800", "2014-09-30": "2.92300", "2014-06-30": "2.42920", "2014-03-31": "1.78750", "2013-12-31": "2.55670", "2013-09-30": "2.10040", "2013-06-30": "2.30290", "2013-03-31": "2.64710", "2012-12-31": "2.71810", "2012-09-30": "2.71380", "2012-06-30": "2.72460", "2012-03-31": "2.38360", "2011-12-31": "2.46570", "2011-09-30": "2.32530", "2011-06-30": "2.04600", "2011-03-31": "4.04630", "2010-12-31": "1.45300", "2010-09-30": "1.08110", "2010-06-30": "1.71300", "2010-03-31": "1.97280", "2009-12-31": "2.73200", "2009-09-30": "2.56170", "2009-06-30": "-3.99900", "2009-03-31": "0.89670", "2008-12-31": "2.32330", "2008-09-30": "4.32280", "2008-06-30": "2.93950", "2008-03-31": "2.93520", "2007-12-31": "2.41530", "2007-09-30": "2.47100", "2007-06-30": "2.52120", "2007-03-31": "2.63850", "2006-12-31": "1.85080", "2006-09-30": "2.12520", "2006-06-30": "1.76850", "2006-03-31": "1.36360", "2005-12-31": "1.42180", "2005-09-30": "1.37420", "2005-06-30": "1.60700", "2005-03-31": "1.01980"}, "Book Value Per Share": {"2020-09-30": "41.27610", "2020-06-30": "39.79940", "2020-03-31": "39.18620", "2019-12-31": "41.02250", "2019-09-30": "39.12640", "2019-06-30": "39.14810", "2019-03-31": "38.15290", "2018-12-31": "36.19630", "2018-09-30": "40.41420", "2018-06-30": "40.21460", "2018-03-31": "42.41420", "2017-12-31": "40.51670", "2017-09-30": "39.77900", "2017-06-30": "37.70660", "2017-03-31": "36.43400", "2016-12-31": "35.83540", "2016-09-30": "35.62450", "2016-06-30": "34.11610", "2016-03-31": "32.33430", "2015-12-31": "30.44010", "2015-09-30": "30.02460", "2015-06-30": "31.23510", "2015-03-31": "29.62870", "2014-12-31": "30.94420", "2014-09-30": "31.05560", "2014-06-30": "34.61680", "2014-03-31": "33.39060", "2013-12-31": "32.68700", "2013-09-30": "32.36660", "2013-06-30": "31.99010", "2013-03-31": "32.37640", "2012-12-31": "31.92180", "2012-09-30": "32.32010", "2012-06-30": "30.02420", "2012-03-31": "29.28160", "2011-12-31": "28.10910", "2011-09-30": "27.69930", "2011-06-30": "30.08400", "2011-03-31": "28.86150", "2010-12-31": "26.32100", "2010-09-30": "24.95700", "2010-06-30": "23.46810", "2010-03-31": "23.08900", "2009-12-31": "22.90750", "2009-09-30": "21.20610", "2009-06-30": "19.23340", "2009-03-31": "18.72250", "2008-12-31": "18.98900", "2008-09-30": "21.31540", "2008-06-30": "25.69410", "2008-03-31": "23.68890", "2007-12-31": "21.91100", "2007-09-30": "20.61870", "2007-06-30": "19.73760", "2007-03-31": "19.00560", "2006-12-31": "18.20020", "2006-09-30": "17.63760", "2006-06-30": "17.29950", "2006-03-31": "17.09340", "2005-12-31": "16.67490", "2005-09-30": "16.69040", "2005-06-30": "16.00980", "2005-03-31": "15.38650"}, "Operating Cash Flow Per Share": {"2020-09-30": 3.9645, "2020-06-30": 3.3904, "2020-03-31": "0.95870", "2019-12-31": 2.819, "2019-09-30": 3.5163, "2019-06-30": 3.4866, "2019-03-31": "0.26710", "2018-12-31": 1.7382, "2018-09-30": 3.2177, "2018-06-30": 2.7972, "2018-03-31": "2.03800", "2017-12-31": 3.3139, "2017-09-30": 3.023, "2017-06-30": 2.3482, "2017-03-31": "1.77750", "2016-12-31": 3.1101, "2016-09-30": 3.7002, "2016-06-30": 2.2495, "2016-03-31": "1.34510", "2015-12-31": 2.7992, "2015-09-30": 3.1868, "2015-06-30": 2.4622, "2015-03-31": "0.94910", "2014-12-31": 3.5417, "2014-09-30": 3.2048, "2014-06-30": 1.4169, "2014-03-31": "1.59630", "2013-12-31": 3.2999, "2013-09-30": 3.1861, "2013-06-30": 1.8002, "2013-03-31": "-0.38070", "2012-12-31": 2.1241, "2012-09-30": 3.1543, "2012-06-30": 3.7104, "2012-03-31": "0.37180", "2011-12-31": 1.9541, "2011-09-30": 0.5845, "2011-06-30": 1.016, "2011-03-31": "0.28170", "2010-12-31": 0.8929, "2010-09-30": 1.8222, "2010-06-30": 1.669, "2010-03-31": "0.74610", "2009-12-31": 2.9003, "2009-09-30": 2.0404, "2009-06-30": 1.7864, "2009-03-31": "1.03450", "2008-12-31": -1.2505, "2008-09-30": -2.848, "2008-06-30": 1.5233, "2008-03-31": "1.53440", "2007-12-31": 1.4374, "2007-09-30": 1.0604, "2007-06-30": 0.1135, "2007-03-31": "0.76120", "2006-12-31": 1.4317, "2006-09-30": 0.912, "2006-06-30": 0.6243, "2006-03-31": "0.06630", "2005-12-31": 1.214, "2005-09-30": 0.5399, "2005-06-30": 1.1077, "2005-03-31": "0.37910"}, "Free Cash Flow Per Share": {"2020-09-30": 2.855, "2020-06-30": 2.2471, "2020-03-31": "-0.48670", "2019-12-31": 1.4095, "2019-09-30": 2.4035, "2019-06-30": 2.3591, "2019-03-31": "-0.91990", "2018-12-31": 0.1321, "2018-09-30": 2.1609, "2018-06-30": 1.8901, "2018-03-31": "0.74730", "2017-12-31": 2.1792, "2017-09-30": 1.9616, "2017-06-30": 1.358, "2017-03-31": "0.80050", "2016-12-31": 1.9694, "2016-09-30": 2.7379, "2016-06-30": 1.3619, "2016-03-31": "0.54350", "2015-12-31": 2.1316, "2015-09-30": 2.3, "2015-06-30": 1.4993, "2015-03-31": "0.15130", "2014-12-31": 2.4403, "2014-09-30": 2.2144, "2014-06-30": 0.6689, "2014-03-31": "0.81790", "2013-12-31": 2.1023, "2013-09-30": 2.2891, "2013-06-30": 0.9648, "2013-03-31": "-1.21830", "2012-12-31": 0.833, "2012-09-30": 2.2011, "2012-06-30": 2.8236, "2012-03-31": "-0.38460", "2011-12-31": 0.6523, "2011-09-30": -0.3062, "2011-06-30": 0.3062, "2011-03-31": "-0.14080", "2010-12-31": 0.0351, "2010-09-30": 1.3798, "2010-06-30": 1.2129, "2010-03-31": "0.47120", "2009-12-31": 2.3273, "2009-09-30": 1.6282, "2009-06-30": 1.3815, "2009-03-31": "0.55700", "2008-12-31": -2.0389, "2008-09-30": -3.5671, "2008-06-30": 0.7803, "2008-03-31": "0.89950", "2007-12-31": 0.5266, "2007-09-30": 0.5975, "2007-06-30": -0.3673, "2007-03-31": "0.34120", "2006-12-31": 0.7517, "2006-09-30": 0.3849, "2006-06-30": 0.1057, "2006-03-31": "-0.42440", "2005-12-31": 0.5218, "2005-09-30": 0.1437, "2005-06-30": 0.6587, "2005-03-31": "0.11760"}}, "revenue": {"Ingredion Annual Revenue (Millions of US $)": {"2020": "$5,987", "2019": "$6,209", "2018": "$6,289", "2017": "$6,244", "2016": "$5,704", "2015": "$5,621", "2014": "$5,668", "2013": "$6,328", "2012": "$6,532", "2011": "$6,219", "2010": "$4,367", "2009": "$3,672", "2008": "$3,944", "2007": "$3,391", "2006": "$2,621", "2005": "$2,360"}, "Ingredion Quarterly Revenue (Millions of US $)": {"2020-12-31": "$1,593", "2020-09-30": "$1,502", "2020-06-30": "$1,349", "2020-03-31": "$1,543", "2019-12-31": "$1,549", "2019-09-30": "$1,574", "2019-06-30": "$1,550", "2019-03-31": "$1,536", "2018-12-31": "$1,874", "2018-09-30": "$1,450", "2018-06-30": "$1,496", "2018-03-31": "$1,469", "2017-12-31": "$1,849", "2017-09-30": "$1,485", "2017-06-30": "$1,457", "2017-03-31": "$1,453", "2016-12-31": "$1,400", "2016-09-30": "$1,489", "2016-06-30": "$1,455", "2016-03-31": "$1,360", "2015-12-31": "$1,405", "2015-09-30": "$1,437", "2015-06-30": "$1,449", "2015-03-31": "$1,330", "2014-12-31": "$1,368", "2014-09-30": "$1,460", "2014-06-30": "$1,483", "2014-03-31": "$1,357", "2013-12-31": "$1,499", "2013-09-30": "$1,612", "2013-06-30": "$1,633", "2013-03-31": "$1,584", "2012-12-31": "$1,644", "2012-09-30": "$1,679", "2012-06-30": "$1,635", "2012-03-31": "$1,574", "2011-12-31": "$1,547", "2011-09-30": "$1,628", "2011-06-30": "$1,585", "2011-03-31": "$1,460", "2010-12-31": "$1,407", "2010-09-30": "$1,020", "2010-06-30": "$1,003", "2010-03-31": "$937", "2009-12-31": "$959", "2009-09-30": "$971", "2009-06-30": "$912", "2009-03-31": "$831", "2008-12-31": "$900", "2008-09-30": "$1,084", "2008-06-30": "$1,029", "2008-03-31": "$931", "2007-12-31": "$895", "2007-09-30": "$877", "2007-06-30": "$857", "2007-03-31": "$762", "2006-12-31": "$687", "2006-09-30": "$674", "2006-06-30": "$645", "2006-03-31": "$615", "2005-12-31": "$585", "2005-09-30": "$612", "2005-06-30": "$596", "2005-03-31": "$567"}}, "gross-profit": {"Ingredion Annual Gross Profit (Millions of US $)": {"2020": "$1,272", "2019": "$1,312", "2018": "$1,368", "2017": "$1,472", "2016": "$1,401", "2015": "$1,242", "2014": "$1,115", "2013": "$1,131", "2012": "$1,238", "2011": "$1,126", "2010": "$724", "2009": "$520", "2008": "$705", "2007": "$586", "2006": "$416", "2005": "$332"}, "Ingredion Quarterly Gross Profit (Millions of US $)": {"2020-12-31": "$352", "2020-09-30": "$326", "2020-06-30": "$271", "2020-03-31": "$323", "2019-12-31": "$323", "2019-09-30": "$344", "2019-06-30": "$329", "2019-03-31": "$316", "2018-12-31": "$320", "2018-09-30": "$334", "2018-06-30": "$360", "2018-03-31": "$354", "2017-12-31": "$360", "2017-09-30": "$388", "2017-06-30": "$373", "2017-03-31": "$351", "2016-12-31": "$338", "2016-09-30": "$369", "2016-06-30": "$355", "2016-03-31": "$339", "2015-12-31": "$312", "2015-09-30": "$330", "2015-06-30": "$319", "2015-03-31": "$281", "2014-12-31": "$272", "2014-09-30": "$298", "2014-06-30": "$296", "2014-03-31": "$250", "2013-12-31": "$291", "2013-09-30": "$259", "2013-06-30": "$276", "2013-03-31": "$306", "2012-12-31": "$334", "2012-09-30": "$313", "2012-06-30": "$295", "2012-03-31": "$296", "2011-12-31": "$280", "2011-09-30": "$276", "2011-06-30": "$272", "2011-03-31": "$298", "2010-12-31": "$246", "2010-09-30": "$172", "2010-06-30": "$164", "2010-03-31": "$143", "2009-12-31": "$162", "2009-09-30": "$153", "2009-06-30": "$112", "2009-03-31": "$93", "2008-12-31": "$141", "2008-09-30": "$204", "2008-06-30": "$187", "2008-03-31": "$173", "2007-12-31": "$143", "2007-09-30": "$142", "2007-06-30": "$156", "2007-03-31": "$146", "2006-12-31": "$107", "2006-09-30": "$112", "2006-06-30": "$105", "2006-03-31": "$93", "2005-12-31": "$82", "2005-09-30": "$88", "2005-06-30": "$90", "2005-03-31": "$73"}}, "operating-income": {"Ingredion Annual Operating Income (Millions of US $)": {"2020": "$582", "2019": "$664", "2018": "$703", "2017": "$836", "2016": "$806", "2015": "$660", "2014": "$581", "2013": "$613", "2012": "$668", "2011": "$671", "2010": "$339", "2009": "$153", "2008": "$430", "2007": "$337", "2006": "$214", "2005": "$174"}, "Ingredion Quarterly Operating Income (Millions of US $)": {"2020-12-31": "$163", "2020-09-30": "$153", "2020-06-30": "$113", "2020-03-31": "$153", "2019-12-31": "$170", "2019-09-30": "$165", "2019-06-30": "$168", "2019-03-31": "$161", "2018-12-31": "$158", "2018-09-30": "$155", "2018-06-30": "$193", "2018-03-31": "$197", "2017-12-31": "$202", "2017-09-30": "$231", "2017-06-30": "$210", "2017-03-31": "$193", "2016-12-31": "$187", "2016-09-30": "$221", "2016-06-30": "$198", "2016-03-31": "$200", "2015-12-31": "$172", "2015-09-30": "$175", "2015-06-30": "$173", "2015-03-31": "$140", "2014-12-31": "$118", "2014-09-30": "$178", "2014-06-30": "$163", "2014-03-31": "$122", "2013-12-31": "$161", "2013-09-30": "$137", "2013-06-30": "$140", "2013-03-31": "$175", "2012-12-31": "$185", "2012-09-30": "$169", "2012-06-30": "$153", "2012-03-31": "$161", "2011-12-31": "$166", "2011-09-30": "$142", "2011-06-30": "$135", "2011-03-31": "$227", "2010-12-31": "$102", "2010-09-30": "$89", "2010-06-30": "$77", "2010-03-31": "$72", "2009-12-31": "$102", "2009-09-30": "$87", "2009-06-30": "$-75", "2009-03-31": "$38", "2008-12-31": "$74", "2008-09-30": "$137", "2008-06-30": "$113", "2008-03-31": "$106", "2007-12-31": "$78", "2007-09-30": "$80", "2007-06-30": "$91", "2007-03-31": "$89", "2006-12-31": "$52", "2006-09-30": "$62", "2006-06-30": "$55", "2006-03-31": "$45", "2005-12-31": "$41", "2005-09-30": "$49", "2005-06-30": "$51", "2005-03-31": "$33"}}, "ebitda": {"Ingredion Annual EBITDA (Millions of US $)": {"2019": "$884", "2018": "$950", "2017": "$1,045", "2016": "$1,002", "2015": "$854", "2014": "$776", "2013": "$807", "2012": "$879", "2011": "$882", "2010": "$494", "2009": "$283", "2008": "$558", "2007": "$462", "2006": "$328", "2005": "$280"}, "Ingredion Quarterly EBITDA (Millions of US $)": {"2020-09-30": "$205", "2020-06-30": "$165", "2020-03-31": "$207", "2019-12-31": "$232", "2019-09-30": "$220", "2019-06-30": "$220", "2019-03-31": "$212", "2018-12-31": "$217", "2018-09-30": "$236", "2018-06-30": "$246", "2018-03-31": "$251", "2017-12-31": "$255", "2017-09-30": "$284", "2017-06-30": "$262", "2017-03-31": "$244", "2016-12-31": "$237", "2016-09-30": "$271", "2016-06-30": "$247", "2016-03-31": "$247", "2015-12-31": "$221", "2015-09-30": "$224", "2015-06-30": "$222", "2015-03-31": "$187", "2014-12-31": "$166", "2014-09-30": "$227", "2014-06-30": "$213", "2014-03-31": "$170", "2013-12-31": "$210", "2013-09-30": "$184", "2013-06-30": "$189", "2013-03-31": "$224", "2012-12-31": "$235", "2012-09-30": "$223", "2012-06-30": "$206", "2012-03-31": "$215", "2011-12-31": "$221", "2011-09-30": "$195", "2011-06-30": "$189", "2011-03-31": "$276", "2010-12-31": "$152", "2010-09-30": "$124", "2010-06-30": "$112", "2010-03-31": "$107", "2009-12-31": "$137", "2009-09-30": "$120", "2009-06-30": "$-43", "2009-03-31": "$68", "2008-12-31": "$104", "2008-09-30": "$170", "2008-06-30": "$146", "2008-03-31": "$138", "2007-12-31": "$110", "2007-09-30": "$111", "2007-06-30": "$122", "2007-03-31": "$120", "2006-12-31": "$82", "2006-09-30": "$91", "2006-06-30": "$82", "2006-03-31": "$73", "2005-12-31": "$68", "2005-09-30": "$76", "2005-06-30": "$77", "2005-03-31": "$59"}}, "net-income": {"Ingredion Annual Net Income (Millions of US $)": {"2020": "$348", "2019": "$413", "2018": "$443", "2017": "$519", "2016": "$485", "2015": "$402", "2014": "$355", "2013": "$396", "2012": "$428", "2011": "$416", "2010": "$169", "2009": "$41", "2008": "$267", "2007": "$198", "2006": "$124", "2005": "$90"}, "Ingredion Quarterly Net Income (Millions of US $)": {"2020-12-31": "$115", "2020-09-30": "$92", "2020-06-30": "$66", "2020-03-31": "$75", "2019-12-31": "$109", "2019-09-30": "$99", "2019-06-30": "$105", "2019-03-31": "$100", "2018-12-31": "$94", "2018-09-30": "$95", "2018-06-30": "$114", "2018-03-31": "$140", "2017-12-31": "$99", "2017-09-30": "$166", "2017-06-30": "$130", "2017-03-31": "$124", "2016-12-31": "$95", "2016-09-30": "$143", "2016-06-30": "$117", "2016-03-31": "$130", "2015-12-31": "$103", "2015-09-30": "$108", "2015-06-30": "$107", "2015-03-31": "$84", "2014-12-31": "$61", "2014-09-30": "$119", "2014-06-30": "$103", "2014-03-31": "$73", "2013-12-31": "$104", "2013-09-30": "$86", "2013-06-30": "$95", "2013-03-31": "$111", "2012-12-31": "$112", "2012-09-30": "$113", "2012-06-30": "$109", "2012-03-31": "$94", "2011-12-31": "$95", "2011-09-30": "$88", "2011-06-30": "$79", "2011-03-31": "$154", "2010-12-31": "$52", "2010-09-30": "$37", "2010-06-30": "$37", "2010-03-31": "$43", "2009-12-31": "$56", "2009-09-30": "$53", "2009-06-30": "$-85", "2009-03-31": "$17", "2008-12-31": "$46", "2008-09-30": "$88", "2008-06-30": "$68", "2008-03-31": "$64", "2007-12-31": "$46", "2007-09-30": "$51", "2007-06-30": "$51", "2007-03-31": "$50", "2006-12-31": "$34", "2006-09-30": "$37", "2006-06-30": "$30", "2006-03-31": "$23", "2005-12-31": "$24", "2005-09-30": "$23", "2005-06-30": "$27", "2005-03-31": "$17"}}, "eps-earnings-per-share-diluted": {"Ingredion Annual EPS": {"2020": "$5.15", "2019": "$6.13", "2018": "$6.17", "2017": "$7.06", "2016": "$6.55", "2015": "$5.51", "2014": "$4.74", "2013": "$5.05", "2012": "$5.47", "2011": "$5.32", "2010": "$2.20", "2009": "$0.54", "2008": "$3.52", "2007": "$2.59", "2006": "$1.63", "2005": "$1.19"}, "Ingredion Quarterly EPS": {"2020-12-31": "$1.70", "2020-09-30": "$1.36", "2020-06-30": "$0.98", "2020-03-31": "$1.11", "2019-12-31": "$1.62", "2019-09-30": "$1.47", "2019-06-30": "$1.56", "2019-03-31": "$1.48", "2018-12-31": "$1.38", "2018-09-30": "$1.32", "2018-06-30": "$1.57", "2018-03-31": "$1.90", "2017-12-31": "$1.34", "2017-09-30": "$2.26", "2017-06-30": "$1.78", "2017-03-31": "$1.68", "2016-12-31": "$1.27", "2016-09-30": "$1.93", "2016-06-30": "$1.58", "2016-03-31": "$1.77", "2015-12-31": "$1.41", "2015-09-30": "$1.48", "2015-06-30": "$1.47", "2015-03-31": "$1.15", "2014-12-31": "$0.83", "2014-09-30": "$1.60", "2014-06-30": "$1.35", "2014-03-31": "$0.96", "2013-12-31": "$1.34", "2013-09-30": "$1.10", "2013-06-30": "$1.20", "2013-03-31": "$1.41", "2012-12-31": "$1.41", "2012-09-30": "$1.45", "2012-06-30": "$1.40", "2012-03-31": "$1.21", "2011-12-31": "$1.22", "2011-09-30": "$1.12", "2011-06-30": "$1.01", "2011-03-31": "$1.97", "2010-12-31": "$0.67", "2010-09-30": "$0.48", "2010-06-30": "$0.48", "2010-03-31": "$0.57", "2009-12-31": "$0.75", "2009-09-30": "$0.70", "2009-06-30": "$-1.13", "2009-03-31": "$0.22", "2008-12-31": "$0.62", "2008-09-30": "$1.15", "2008-06-30": "$0.90", "2008-03-31": "$0.85", "2007-12-31": "$0.61", "2007-09-30": "$0.66", "2007-06-30": "$0.66", "2007-03-31": "$0.66", "2006-12-31": "$0.43", "2006-09-30": "$0.49", "2006-06-30": "$0.40", "2006-03-31": "$0.31", "2005-12-31": "$0.31", "2005-09-30": "$0.31", "2005-06-30": "$0.35", "2005-03-31": "$0.22"}}, "shares-outstanding": {"Ingredion Annual Shares Outstanding (Millions of Shares)": {"2020": "68", "2019": "67", "2018": "72", "2017": "74", "2016": "74", "2015": "73", "2014": "75", "2013": "78", "2012": "78", "2011": "78", "2010": "77", "2009": "76", "2008": "76", "2007": "77", "2006": "76", "2005": "76"}, "Ingredion Quarterly Shares Outstanding (Millions of Shares)": {"2020-12-31": "68", "2020-09-30": "68", "2020-06-30": "68", "2020-03-31": "68", "2019-12-31": "67", "2019-09-30": "67", "2019-06-30": "67", "2019-03-31": "67", "2018-12-31": "72", "2018-09-30": "72", "2018-06-30": "73", "2018-03-31": "74", "2017-12-31": "74", "2017-09-30": "73", "2017-06-30": "73", "2017-03-31": "74", "2016-12-31": "74", "2016-09-30": "74", "2016-06-30": "74", "2016-03-31": "74", "2015-12-31": "73", "2015-09-30": "73", "2015-06-30": "73", "2015-03-31": "73", "2014-12-31": "75", "2014-09-30": "74", "2014-06-30": "76", "2014-03-31": "76", "2013-12-31": "78", "2013-09-30": "79", "2013-06-30": "79", "2013-03-31": "79", "2012-12-31": "78", "2012-09-30": "78", "2012-06-30": "78", "2012-03-31": "78", "2011-12-31": "78", "2011-09-30": "78", "2011-06-30": "79", "2011-03-31": "78", "2010-12-31": "77", "2010-09-30": "77", "2010-06-30": "77", "2010-03-31": "76", "2009-12-31": "76", "2009-09-30": "76", "2009-06-30": "75", "2009-03-31": "75", "2008-12-31": "76", "2008-09-30": "76", "2008-06-30": "76", "2008-03-31": "76", "2007-12-31": "77", "2007-09-30": "77", "2007-06-30": "77", "2007-03-31": "76", "2006-12-31": "76", "2006-09-30": "76", "2006-06-30": "75", "2006-03-31": "75", "2005-12-31": "76", "2005-09-30": "75", "2005-06-30": "76", "2005-03-31": "77"}}, "total-assets": {"Ingredion Annual Total Assets (Millions of US $)": {"2019": "$6,040", "2018": "$5,728", "2017": "$6,080", "2016": "$5,782", "2015": "$5,074", "2014": "$5,085", "2013": "$5,360", "2012": "$5,592", "2011": "$5,317", "2010": "$5,040", "2009": "$2,952", "2008": "$3,207", "2007": "$3,103", "2006": "$2,645", "2005": "$2,389"}, "Ingredion Quarterly Total Assets (Millions of US $)": {"2020-09-30": "$6,464", "2020-06-30": "$6,611", "2020-03-31": "$5,952", "2019-12-31": "$6,040", "2019-09-30": "$6,095", "2019-06-30": "$5,998", "2019-03-31": "$5,932", "2018-12-31": "$5,728", "2018-09-30": "$5,751", "2018-06-30": "$5,748", "2018-03-31": "$5,975", "2017-12-31": "$6,080", "2017-09-30": "$5,893", "2017-06-30": "$5,789", "2017-03-31": "$5,799", "2016-12-31": "$5,782", "2016-09-30": "$5,573", "2016-06-30": "$5,313", "2016-03-31": "$5,228", "2015-12-31": "$5,074", "2015-09-30": "$5,444", "2015-06-30": "$5,470", "2015-03-31": "$5,419", "2014-12-31": "$5,085", "2014-09-30": "$5,256", "2014-06-30": "$5,431", "2014-03-31": "$5,301", "2013-12-31": "$5,360", "2013-09-30": "$5,444", "2013-06-30": "$5,476", "2013-03-31": "$5,587", "2012-12-31": "$5,592", "2012-09-30": "$5,415", "2012-06-30": "$5,329", "2012-03-31": "$5,382", "2011-12-31": "$5,317", "2011-09-30": "$5,144", "2011-06-30": "$5,314", "2011-03-31": "$5,261", "2010-12-31": "$5,040", "2010-09-30": "$4,425", "2010-06-30": "$3,106", "2010-03-31": "$3,149", "2009-12-31": "$2,952", "2009-09-30": "$3,089", "2009-06-30": "$3,083", "2009-03-31": "$3,023", "2008-12-31": "$3,207", "2008-09-30": "$3,208", "2008-06-30": "$3,592", "2008-03-31": "$3,254", "2007-12-31": "$3,103", "2007-09-30": "$2,952", "2007-06-30": "$3,152", "2007-03-31": "$2,704", "2006-12-31": "$2,645", "2006-09-30": "$2,497", "2006-06-30": "$2,421", "2006-03-31": "$2,411", "2005-12-31": "$2,389", "2005-09-30": "$2,381", "2005-06-30": "$2,380", "2005-03-31": "$2,314"}}, "cash-on-hand": {"Ingredion Annual Cash on Hand (Millions of US $)": {"2019": "$268", "2018": "$334", "2017": "$604", "2016": "$516", "2015": "$440", "2014": "$614", "2013": "$574", "2012": "$628", "2011": "$401", "2010": "$302", "2009": "$175", "2008": "$107", "2007": "$175", "2006": "$131", "2005": "$116"}, "Ingredion Quarterly Cash on Hand (Millions of US $)": {"2020-09-30": "$553", "2020-06-30": "$1,048", "2020-03-31": "$280", "2019-12-31": "$268", "2019-09-30": "$446", "2019-06-30": "$301", "2019-03-31": "$259", "2018-12-31": "$334", "2018-09-30": "$437", "2018-06-30": "$365", "2018-03-31": "$407", "2017-12-31": "$604", "2017-09-30": "$505", "2017-06-30": "$454", "2017-03-31": "$448", "2016-12-31": "$516", "2016-09-30": "$764", "2016-06-30": "$507", "2016-03-31": "$497", "2015-12-31": "$440", "2015-09-30": "$731", "2015-06-30": "$677", "2015-03-31": "$609", "2014-12-31": "$614", "2014-09-30": "$565", "2014-06-30": "$592", "2014-03-31": "$560", "2013-12-31": "$574", "2013-09-30": "$618", "2013-06-30": "$569", "2013-03-31": "$526", "2012-12-31": "$628", "2012-09-30": "$532", "2012-06-30": "$440", "2012-03-31": "$335", "2011-12-31": "$401", "2011-09-30": "$279", "2011-06-30": "$273", "2011-03-31": "$267", "2010-12-31": "$302", "2010-09-30": "$1,587", "2010-06-30": "$326", "2010-03-31": "$321", "2009-12-31": "$175", "2009-09-30": "$161", "2009-06-30": "$175", "2009-03-31": "$91", "2008-12-31": "$107", "2008-09-30": "$116", "2008-06-30": "$292", "2008-03-31": "$190", "2007-12-31": "$175", "2007-09-30": "$157", "2007-06-30": "$396", "2007-03-31": "$87", "2006-12-31": "$131", "2006-09-30": "$72", "2006-06-30": "$57", "2006-03-31": "$90", "2005-12-31": "$116", "2005-09-30": "$95", "2005-06-30": "$119", "2005-03-31": "$98"}}, "long-term-debt": {"Ingredion Annual Long Term Debt (Millions of US $)": {"2019": "$1,766", "2018": "$1,931", "2017": "$1,744", "2016": "$1,850", "2015": "$1,819", "2014": "$1,798", "2013": "$1,717", "2012": "$1,724", "2011": "$1,801", "2010": "$1,681", "2009": "$408", "2008": "$660", "2007": "$519", "2006": "$480", "2005": "$471"}, "Ingredion Quarterly Long Term Debt (Millions of US $)": {"2020-09-30": "$2,115", "2020-06-30": "$2,140", "2020-03-31": "$1,871", "2019-12-31": "$1,766", "2019-09-30": "$2,001", "2019-06-30": "$1,946", "2019-03-31": "$1,957", "2018-12-31": "$1,931", "2018-09-30": "$1,559", "2018-06-30": "$1,530", "2018-03-31": "$1,512", "2017-12-31": "$1,744", "2017-09-30": "$1,731", "2017-06-30": "$1,838", "2017-03-31": "$1,895", "2016-12-31": "$1,850", "2016-09-30": "$1,859", "2016-06-30": "$1,801", "2016-03-31": "$1,872", "2015-12-31": "$1,819", "2015-09-30": "$2,243", "2015-06-30": "$2,163", "2015-03-31": "$2,208", "2014-12-31": "$1,798", "2014-09-30": "$1,888", "2014-06-30": "$1,715", "2014-03-31": "$1,718", "2013-12-31": "$1,717", "2013-09-30": "$1,721", "2013-06-30": "$1,719", "2013-03-31": "$1,724", "2012-12-31": "$1,724", "2012-09-30": "$1,728", "2012-06-30": "$1,776", "2012-03-31": "$1,779", "2011-12-31": "$1,801", "2011-09-30": "$1,751", "2011-06-30": "$1,653", "2011-03-31": "$1,640", "2010-12-31": "$1,681", "2010-09-30": "$1,705", "2010-06-30": "$499", "2010-03-31": "$538", "2009-12-31": "$408", "2009-09-30": "$533", "2009-06-30": "$652", "2009-03-31": "$665", "2008-12-31": "$660", "2008-09-30": "$505", "2008-06-30": "$514", "2008-03-31": "$513", "2007-12-31": "$519", "2007-09-30": "$535", "2007-06-30": "$540", "2007-03-31": "$494", "2006-12-31": "$480", "2006-09-30": "$454", "2006-06-30": "$454", "2006-03-31": "$471", "2005-12-31": "$471", "2005-09-30": "$471", "2005-06-30": "$471", "2005-03-31": "$480"}}, "total-liabilities": {"Ingredion Annual Total Liabilities (Millions of US $)": {"2019": "$3,299", "2018": "$3,320", "2017": "$3,163", "2016": "$3,187", "2015": "$2,894", "2014": "$2,878", "2013": "$2,931", "2012": "$3,133", "2011": "$3,184", "2010": "$3,039", "2009": "$1,248", "2008": "$1,801", "2007": "$1,498", "2006": "$1,315", "2005": "$1,179"}, "Ingredion Quarterly Total Liabilities (Millions of US $)": {"2020-09-30": "$3,699", "2020-06-30": "$3,945", "2020-03-31": "$3,325", "2019-12-31": "$3,299", "2019-09-30": "$3,483", "2019-06-30": "$3,386", "2019-03-31": "$3,388", "2018-12-31": "$3,320", "2018-09-30": "$2,894", "2018-06-30": "$2,892", "2018-03-31": "$2,911", "2017-12-31": "$3,163", "2017-09-30": "$3,035", "2017-06-30": "$3,086", "2017-03-31": "$3,190", "2016-12-31": "$3,187", "2016-09-30": "$2,994", "2016-06-30": "$2,852", "2016-03-31": "$2,901", "2015-12-31": "$2,894", "2015-09-30": "$3,297", "2015-06-30": "$3,241", "2015-03-31": "$3,306", "2014-12-31": "$2,878", "2014-09-30": "$3,025", "2014-06-30": "$2,840", "2014-03-31": "$2,812", "2013-12-31": "$2,931", "2013-09-30": "$2,961", "2013-06-30": "$2,996", "2013-03-31": "$3,080", "2012-12-31": "$3,133", "2012-09-30": "$2,946", "2012-06-30": "$3,042", "2012-03-31": "$3,146", "2011-12-31": "$3,184", "2011-09-30": "$3,046", "2011-06-30": "$3,008", "2011-03-31": "$3,058", "2010-12-31": "$3,039", "2010-09-30": "$2,541", "2010-06-30": "$1,340", "2010-03-31": "$1,411", "2009-12-31": "$1,248", "2009-09-30": "$1,514", "2009-06-30": "$1,657", "2009-03-31": "$1,636", "2008-12-31": "$1,801", "2008-09-30": "$1,631", "2008-06-30": "$1,694", "2008-03-31": "$1,515", "2007-12-31": "$1,498", "2007-09-30": "$1,419", "2007-06-30": "$1,685", "2007-03-31": "$1,303", "2006-12-31": "$1,315", "2006-09-30": "$1,210", "2006-06-30": "$1,173", "2006-03-31": "$1,166", "2005-12-31": "$1,179", "2005-09-30": "$1,171", "2005-06-30": "$1,202", "2005-03-31": "$1,176"}}, "total-share-holder-equity": {"Ingredion Annual Share Holder Equity (Millions of US $)": {"2019": "$2,741", "2018": "$2,408", "2017": "$2,917", "2016": "$2,595", "2015": "$2,180", "2014": "$2,207", "2013": "$2,429", "2012": "$2,459", "2011": "$2,133", "2010": "$2,001", "2009": "$1,704", "2008": "$1,406", "2007": "$1,605", "2006": "$1,330", "2005": "$1,210"}, "Ingredion Quarterly Share Holder Equity (Millions of US $)": {"2020-09-30": "$2,765", "2020-06-30": "$2,666", "2020-03-31": "$2,627", "2019-12-31": "$2,741", "2019-09-30": "$2,612", "2019-06-30": "$2,612", "2019-03-31": "$2,544", "2018-12-31": "$2,408", "2018-09-30": "$2,857", "2018-06-30": "$2,856", "2018-03-31": "$3,064", "2017-12-31": "$2,917", "2017-09-30": "$2,858", "2017-06-30": "$2,703", "2017-03-31": "$2,609", "2016-12-31": "$2,595", "2016-09-30": "$2,579", "2016-06-30": "$2,461", "2016-03-31": "$2,327", "2015-12-31": "$2,180", "2015-09-30": "$2,147", "2015-06-30": "$2,229", "2015-03-31": "$2,113", "2014-12-31": "$2,207", "2014-09-30": "$2,231", "2014-06-30": "$2,591", "2014-03-31": "$2,489", "2013-12-31": "$2,429", "2013-09-30": "$2,483", "2013-06-30": "$2,480", "2013-03-31": "$2,507", "2012-12-31": "$2,459", "2012-09-30": "$2,469", "2012-06-30": "$2,287", "2012-03-31": "$2,236", "2011-12-31": "$2,133", "2011-09-30": "$2,098", "2011-06-30": "$2,306", "2011-03-31": "$2,203", "2010-12-31": "$2,001", "2010-09-30": "$1,884", "2010-06-30": "$1,766", "2010-03-31": "$1,738", "2009-12-31": "$1,704", "2009-09-30": "$1,575", "2009-06-30": "$1,426", "2009-03-31": "$1,387", "2008-12-31": "$1,406", "2008-09-30": "$1,577", "2008-06-30": "$1,898", "2008-03-31": "$1,739", "2007-12-31": "$1,605", "2007-09-30": "$1,533", "2007-06-30": "$1,467", "2007-03-31": "$1,401", "2006-12-31": "$1,330", "2006-09-30": "$1,287", "2006-06-30": "$1,248", "2006-03-31": "$1,245", "2005-12-31": "$1,210", "2005-09-30": "$1,210", "2005-06-30": "$1,178", "2005-03-31": "$1,138"}}, "profit-margins": {"current": "5.81%"}, "gross margin": {"2020-12-31": "21.25%", "2020-09-30": "20.92%", "2020-06-30": "20.96%", "2020-03-31": "21.22%", "2019-12-31": "21.13%", "2019-09-30": "20.03%", "2019-06-30": "20.27%", "2019-03-31": "20.93%", "2018-12-31": "21.75%", "2018-09-30": "22.48%", "2018-06-30": "23.21%", "2018-03-31": "23.56%", "2017-12-31": "23.57%", "2017-09-30": "25.02%", "2017-06-30": "24.68%", "2017-03-31": "24.37%", "2016-12-31": "24.56%", "2016-09-30": "24.08%", "2016-06-30": "23.62%", "2016-03-31": "23.00%", "2015-12-31": "22.10%", "2015-09-30": "21.53%", "2015-06-30": "20.87%", "2015-03-31": "20.33%", "2014-12-31": "19.69%", "2014-09-30": "19.57%", "2014-06-30": "18.42%", "2014-03-31": "17.64%", "2013-12-31": "17.89%", "2013-09-30": "18.15%", "2013-06-30": "18.79%", "2013-03-31": "19.08%", "2012-12-31": "18.95%", "2012-09-30": "18.40%", "2012-06-30": "17.97%", "2012-03-31": "17.75%", "2011-12-31": "18.10%", "2011-09-30": "17.96%", "2011-06-30": "18.06%", "2011-03-31": "18.00%", "2010-12-31": "16.60%", "2010-09-30": "16.36%", "2010-06-30": "16.07%", "2010-03-31": "15.08%", "2009-12-31": "14.16%", "2009-09-30": "13.81%", "2009-06-30": "14.76%", "2009-03-31": "16.26%", "2008-12-31": "17.88%", "2008-09-30": "17.95%", "2008-06-30": "17.28%", "2008-03-31": "17.25%", "2007-12-31": "17.31%", "2007-09-30": "17.31%", "2007-06-30": "17.48%", "2007-03-31": "16.98%", "2006-12-31": "15.91%", "2006-09-30": "15.56%", "2006-06-30": "14.98%", "2006-03-31": "14.66%", "2005-12-31": "14.11%"}, "operating margin": {"2020-12-31": "9.72%", "2020-09-30": "9.91%", "2020-06-30": "9.99%", "2020-03-31": "10.55%", "2019-12-31": "10.69%", "2019-09-30": "9.98%", "2019-06-30": "10.02%", "2019-03-31": "10.49%", "2018-12-31": "11.18%", "2018-09-30": "11.93%", "2018-06-30": "13.07%", "2018-03-31": "13.42%", "2017-12-31": "13.39%", "2017-09-30": "14.17%", "2017-06-30": "13.99%", "2017-03-31": "13.78%", "2016-12-31": "14.13%", "2016-09-30": "13.86%", "2016-06-30": "13.17%", "2016-03-31": "12.74%", "2015-12-31": "11.74%", "2015-09-30": "10.85%", "2015-06-30": "10.86%", "2015-03-31": "10.62%", "2014-12-31": "10.25%", "2014-09-30": "10.76%", "2014-06-30": "9.80%", "2014-03-31": "9.18%", "2013-12-31": "9.69%", "2013-09-30": "9.84%", "2013-06-30": "10.23%", "2013-03-31": "10.42%", "2012-12-31": "10.23%", "2012-09-30": "10.09%", "2012-06-30": "9.74%", "2012-03-31": "9.54%", "2011-12-31": "10.77%", "2011-09-30": "9.97%", "2011-06-30": "10.11%", "2011-03-31": "10.12%", "2010-12-31": "7.79%", "2010-09-30": "8.68%", "2010-06-30": "8.73%", "2010-03-31": "4.92%", "2009-12-31": "4.14%", "2009-09-30": "3.43%", "2009-06-30": "4.67%", "2009-03-31": "9.42%", "2008-12-31": "10.90%", "2008-09-30": "11.02%", "2008-06-30": "10.10%", "2008-03-31": "9.97%", "2007-12-31": "9.97%", "2007-09-30": "9.80%", "2007-06-30": "9.87%", "2007-03-31": "9.32%", "2006-12-31": "8.16%", "2006-09-30": "8.06%", "2006-06-30": "7.73%", "2006-03-31": "7.72%", "2005-12-31": "7.37%"}, "ebitda margin": {"2020-09-30": "13.61%", "2020-06-30": "13.70%", "2020-03-31": "14.14%", "2019-12-31": "14.24%", "2019-09-30": "13.30%", "2019-06-30": "13.81%", "2019-03-31": "14.33%", "2018-12-31": "15.11%", "2018-09-30": "15.77%", "2018-06-30": "16.45%", "2018-03-31": "16.81%", "2017-12-31": "16.74%", "2017-09-30": "17.72%", "2017-06-30": "17.49%", "2017-03-31": "17.23%", "2016-12-31": "17.57%", "2016-09-30": "17.27%", "2016-06-30": "16.60%", "2016-03-31": "16.17%", "2015-12-31": "15.19%", "2015-09-30": "14.31%", "2015-06-30": "14.30%", "2015-03-31": "14.06%", "2014-12-31": "13.69%", "2014-09-30": "14.14%", "2014-06-30": "13.06%", "2014-03-31": "12.34%", "2013-12-31": "12.75%", "2013-09-30": "12.85%", "2013-06-30": "13.32%", "2013-03-31": "13.57%", "2012-12-31": "13.46%", "2012-09-30": "13.44%", "2012-06-30": "13.11%", "2012-03-31": "12.95%", "2011-12-31": "14.16%", "2011-09-30": "13.36%", "2011-06-30": "13.54%", "2011-03-31": "13.58%", "2010-12-31": "11.34%", "2010-09-30": "12.25%", "2010-06-30": "12.30%", "2010-03-31": "8.49%", "2009-12-31": "7.68%", "2009-09-30": "6.89%", "2009-06-30": "8.02%", "2009-03-31": "12.70%", "2008-12-31": "14.15%", "2008-09-30": "14.32%", "2008-06-30": "13.53%", "2008-03-31": "13.51%", "2007-12-31": "13.65%", "2007-09-30": "13.67%", "2007-06-30": "13.93%", "2007-03-31": "13.55%", "2006-12-31": "12.51%", "2006-09-30": "12.47%", "2006-06-30": "12.17%", "2006-03-31": "12.21%", "2005-12-31": "11.86%"}, "pre tax profit margin": {"2020-12-31": "8.45%", "2020-09-30": "8.65%", "2020-06-30": "8.66%", "2020-03-31": "9.31%", "2019-12-31": "9.37%", "2019-09-30": "8.71%", "2019-06-30": "8.75%", "2019-03-31": "9.09%", "2018-12-31": "9.87%", "2018-09-30": "10.70%", "2018-06-30": "11.99%", "2018-03-31": "12.41%", "2017-12-31": "12.32%", "2017-09-30": "12.99%", "2017-06-30": "12.80%", "2017-03-31": "12.59%", "2016-12-31": "13.01%", "2016-09-30": "12.73%", "2016-06-30": "12.06%", "2016-03-31": "11.66%", "2015-12-31": "10.66%", "2015-09-30": "9.83%", "2015-06-30": "9.83%", "2015-03-31": "9.57%", "2014-12-31": "9.17%", "2014-09-30": "9.66%", "2014-06-30": "8.67%", "2014-03-31": "8.11%", "2013-12-31": "8.64%", "2013-09-30": "8.84%", "2013-06-30": "9.27%", "2013-03-31": "9.45%", "2012-12-31": "9.22%", "2012-09-30": "8.98%", "2012-06-30": "8.69%", "2012-03-31": "8.45%", "2011-12-31": "9.55%", "2011-09-30": "8.67%", "2011-06-30": "8.32%", "2011-03-31": "8.36%", "2010-12-31": "6.30%", "2010-09-30": "7.35%", "2010-06-30": "7.98%", "2010-03-31": "4.10%", "2009-12-31": "3.16%", "2009-09-30": "2.27%", "2009-06-30": "3.78%", "2009-03-31": "8.69%", "2008-12-31": "10.27%", "2008-09-30": "10.59%", "2008-06-30": "9.57%", "2008-03-31": "9.16%", "2007-12-31": "8.99%", "2007-09-30": "8.92%", "2007-06-30": "8.86%", "2007-03-31": "8.53%", "2006-12-31": "7.55%", "2006-09-30": "7.34%", "2006-06-30": "6.92%", "2006-03-31": "6.73%", "2005-12-31": "6.27%"}, "net profit margin": {"2020-12-31": "5.81%", "2020-09-30": "5.75%", "2020-06-30": "5.80%", "2020-03-31": "6.24%", "2019-12-31": "6.65%", "2019-09-30": "6.09%", "2019-06-30": "6.15%", "2019-03-31": "6.34%", "2018-12-31": "7.04%", "2018-09-30": "7.15%", "2018-06-30": "8.24%", "2018-03-31": "8.55%", "2017-12-31": "8.31%", "2017-09-30": "8.89%", "2017-06-30": "8.48%", "2017-03-31": "8.26%", "2016-12-31": "8.50%", "2016-09-30": "8.64%", "2016-06-30": "8.10%", "2016-03-31": "7.93%", "2015-12-31": "7.15%", "2015-09-30": "6.45%", "2015-06-30": "6.62%", "2015-03-31": "6.51%", "2014-12-31": "6.28%", "2014-09-30": "6.88%", "2014-06-30": "6.15%", "2014-03-31": "5.87%", "2013-12-31": "6.26%", "2013-09-30": "6.24%", "2013-06-30": "6.59%", "2013-03-31": "6.80%", "2012-12-31": "6.55%", "2012-09-30": "6.39%", "2012-06-30": "6.05%", "2012-03-31": "5.62%", "2011-12-31": "6.69%", "2011-09-30": "6.13%", "2011-06-30": "5.88%", "2011-03-31": "5.73%", "2010-12-31": "3.87%", "2010-09-30": "4.41%", "2010-06-30": "4.88%", "2010-03-31": "1.77%", "2009-12-31": "1.12%", "2009-09-30": "0.86%", "2009-06-30": "1.77%", "2009-03-31": "5.70%", "2008-12-31": "6.74%", "2008-09-30": "6.75%", "2008-06-30": "6.14%", "2008-03-31": "5.96%", "2007-12-31": "5.84%", "2007-09-30": "5.84%", "2007-06-30": "5.77%", "2007-03-31": "5.46%", "2006-12-31": "4.73%", "2006-09-30": "4.53%", "2006-06-30": "4.07%", "2006-03-31": "4.03%", "2005-12-31": "3.86%"}, "pe ratio": {"current": "13.39", "2021-02-05": "24.18", "2020-12-31": "22.80", "2020-09-30": "14.84", "2020-06-30": "15.79", "2020-03-31": "12.82", "2019-12-31": "14.70", "2019-09-30": "13.39", "2019-06-30": "13.76", "2019-03-31": "15.65", "2018-12-31": "13.98", "2018-09-30": "16.08", "2018-06-30": "14.62", "2018-03-31": "16.45", "2017-12-31": "18.31", "2017-09-30": "15.94", "2017-06-30": "16.45", "2017-03-31": "17.06", "2016-12-31": "17.49", "2016-09-30": "18.10", "2016-06-30": "18.81", "2016-03-31": "15.75", "2015-12-31": "15.55", "2015-09-30": "15.79", "2015-06-30": "14.02", "2015-03-31": "13.93", "2014-12-31": "15.71", "2014-09-30": "12.58", "2014-06-30": "13.69", "2014-03-31": "12.76", "2013-12-31": "11.61", "2013-09-30": "11.00", "2013-06-30": "10.16", "2013-03-31": "10.74", "2012-12-31": "9.86", "2012-09-30": "8.69", "2012-06-30": "8.32", "2012-03-31": "10.47", "2011-12-31": "8.16", "2011-09-30": "6.76", "2011-06-30": "10.96", "2011-03-31": "11.75", "2010-12-31": "17.03", "2010-09-30": "13.41", "2010-06-30": "9.84", "2010-03-31": "31.72", "2009-12-31": "44.25", "2009-09-30": "56.93", "2009-06-30": "24.75", "2009-03-31": "5.80", "2008-12-31": "6.41", "2008-09-30": "7.17", "2008-06-30": "12.66", "2008-03-31": "10.34", "2007-12-31": "10.95", "2007-09-30": "14.65", "2007-06-30": "15.62", "2007-03-31": "13.77", "2006-12-31": "16.20"}, "price sales": {"2021-02-05": "0.94", "2020-12-31": "0.89", "2020-09-30": "0.85", "2020-06-30": "0.92", "2020-03-31": "0.80", "2019-12-31": "0.98", "2019-09-30": "0.83", "2019-06-30": "0.86", "2019-03-31": "1.00", "2018-12-31": "0.99", "2018-09-30": "1.15", "2018-06-30": "1.20", "2018-03-31": "1.41", "2017-12-31": "1.52", "2017-09-30": "1.41", "2017-06-30": "1.39", "2017-03-31": "1.40", "2016-12-31": "1.48", "2016-09-30": "1.56", "2016-06-30": "1.52", "2016-03-31": "1.24", "2015-12-31": "1.11", "2015-09-30": "1.02", "2015-06-30": "0.93", "2015-03-31": "0.91", "2014-12-31": "0.99", "2014-09-30": "0.87", "2014-06-30": "0.85", "2014-03-31": "0.75", "2013-12-31": "0.73", "2013-09-30": "0.69", "2013-06-30": "0.67", "2013-03-31": "0.73", "2012-12-31": "0.65", "2012-09-30": "0.56", "2012-06-30": "0.50", "2012-03-31": "0.59", "2011-12-31": "0.55", "2011-09-30": "0.41", "2011-06-30": "0.64", "2011-03-31": "0.67", "2010-12-31": "0.66", "2010-09-30": "0.59", "2010-06-30": "0.48", "2010-03-31": "0.56", "2009-12-31": "0.48", "2009-09-30": "0.48", "2009-06-30": "0.43", "2009-03-31": "0.33", "2008-12-31": "0.43", "2008-09-30": "0.49", "2008-06-30": "0.78", "2008-03-31": "0.62", "2007-12-31": "0.64", "2007-09-30": "0.85", "2007-06-30": "0.89", "2007-03-31": "0.75", "2006-12-31": "0.76"}, "price book": {"current": "1.88", "2021-02-05": "2.02", "2020-09-30": "1.82", "2020-06-30": "2.05", "2020-03-31": "1.88", "2019-12-31": "2.19", "2019-09-30": "2.01", "2019-06-30": "2.01", "2019-03-31": "2.35", "2018-12-31": "2.38", "2018-09-30": "2.44", "2018-06-30": "2.57", "2018-03-31": "2.83", "2017-12-31": "3.19", "2017-09-30": "2.80", "2017-06-30": "2.90", "2017-03-31": "3.02", "2016-12-31": "3.17", "2016-09-30": "3.38", "2016-06-30": "3.42", "2016-03-31": "2.97", "2015-12-31": "2.82", "2015-09-30": "2.59", "2015-06-30": "2.27", "2015-03-31": "2.32", "2014-12-31": "2.41", "2014-09-30": "2.13", "2014-06-30": "1.88", "2014-03-31": "1.76", "2013-12-31": "1.80", "2013-09-30": "1.74", "2013-06-30": "1.74", "2013-03-31": "1.88", "2012-12-31": "1.69", "2012-09-30": "1.42", "2012-06-30": "1.37", "2012-03-31": "1.63", "2011-12-31": "1.54", "2011-09-30": "1.16", "2011-06-30": "1.50", "2011-03-31": "1.47", "2010-12-31": "1.42", "2010-09-30": "1.22", "2010-06-30": "1.04", "2010-03-31": "1.21", "2009-12-31": "1.02", "2009-09-30": "1.07", "2009-06-30": "1.11", "2009-03-31": "0.90", "2008-12-31": "1.19", "2008-09-30": "1.18", "2008-06-30": "1.49", "2008-03-31": "1.21", "2007-12-31": "1.29", "2007-09-30": "1.71", "2007-06-30": "1.77", "2007-03-31": "1.43", "2006-12-31": "1.45", "2006-09-30": "1.41", "2006-06-30": "1.35", "2006-03-31": "1.32"}, "price fcf": {"2021-02-05": "", "2020-09-30": "$6.02", "2020-06-30": "$5.57", "2020-03-31": "$5.69", "2019-12-31": "$5.25", "2019-09-30": "$3.97", "2019-06-30": "$3.73", "2019-03-31": "$3.26", "2018-12-31": "$4.93", "2018-09-30": "$6.98", "2018-06-30": "$6.78", "2018-03-31": "$6.25", "2017-12-31": "$6.30", "2017-09-30": "$6.09", "2017-06-30": "$6.87", "2017-03-31": "$6.87", "2016-12-31": "$6.61", "2016-09-30": "$6.77", "2016-06-30": "$6.34", "2016-03-31": "$6.47", "2015-12-31": "$6.08", "2015-09-30": "$6.39", "2015-06-30": "$6.31", "2015-03-31": "$5.47", "2014-12-31": "$6.14", "2014-09-30": "$5.80", "2014-06-30": "$5.88", "2014-03-31": "$6.17", "2013-12-31": "$4.14", "2013-09-30": "$2.87", "2013-06-30": "$2.78", "2013-03-31": "$4.64", "2012-12-31": "$5.47", "2012-09-30": "$5.29", "2012-06-30": "$2.79", "2012-03-31": "$0.27", "2011-12-31": "$0.51", "2011-09-30": "$-0.11", "2011-06-30": "$1.58", "2011-03-31": "$2.49", "2010-12-31": "$3.10", "2010-09-30": "$5.39", "2010-06-30": "$5.64", "2010-03-31": "$5.81", "2009-12-31": "$5.89", "2009-09-30": "$1.53", "2009-06-30": "$-3.67", "2009-03-31": "$-4.27", "2008-12-31": "$-3.93", "2008-09-30": "$-1.36", "2008-06-30": "$2.80", "2008-03-31": "$1.66", "2007-12-31": "$1.10", "2007-09-30": "$1.32", "2007-06-30": "$1.11", "2007-03-31": "$1.58", "2006-12-31": "$0.82"}, "net worth": {"value": "$5.59B"}, "current ratio": {"2020-12-31": "2.46", "2020-09-30": "2.55", "2020-06-30": "2.20", "2020-03-31": "2.34", "2019-12-31": "2.23", "2019-09-30": "2.45", "2019-06-30": "2.48", "2019-03-31": "2.41", "2018-12-31": "2.26", "2018-09-30": "2.50", "2018-06-30": "2.46", "2018-03-31": "2.52", "2017-12-31": "2.52", "2017-09-30": "2.41", "2017-06-30": "2.53", "2017-03-31": "2.39", "2016-12-31": "2.30", "2016-09-30": "2.99", "2016-06-30": "3.12", "2016-03-31": "2.98", "2015-12-31": "2.63", "2015-09-30": "3.42", "2015-06-30": "3.43", "2015-03-31": "3.25", "2014-12-31": "2.97", "2014-09-30": "2.90", "2014-06-30": "3.12", "2014-03-31": "3.04", "2013-12-31": "2.70", "2013-09-30": "2.97", "2013-06-30": "2.91", "2013-03-31": "2.72", "2012-12-31": "2.53", "2012-09-30": "2.84", "2012-06-30": "2.66", "2012-03-31": "2.39", "2011-12-31": "2.27", "2011-09-30": "2.30", "2011-06-30": "2.33", "2011-03-31": "2.12", "2010-12-31": "2.01", "2010-09-30": "4.41", "2010-06-30": "2.18", "2010-03-31": "2.08", "2009-12-31": "1.85", "2009-09-30": "1.67", "2009-06-30": "1.67", "2009-03-31": "1.66", "2008-12-31": "1.51", "2008-09-30": "1.51", "2008-06-30": "1.74", "2008-03-31": "1.89", "2007-12-31": "1.62", "2007-09-30": "1.73", "2007-06-30": "1.47", "2007-03-31": "1.66", "2006-12-31": "1.62", "2006-09-30": "1.55", "2006-06-30": "1.55", "2006-03-31": "1.69", "2005-12-31": "1.62", "2005-09-30": "1.71", "2005-06-30": "1.68", "2005-03-31": "1.74"}, "quick ratio": {"2020-12-31": "1.61", "2020-09-30": "1.59", "2020-06-30": "1.53", "2020-03-31": "1.42", "2019-12-31": "1.34", "2019-09-30": "1.53", "2019-06-30": "1.51", "2019-03-31": "1.45", "2018-12-31": "1.39", "2018-09-30": "1.53", "2018-06-30": "1.48", "2018-03-31": "1.59", "2017-12-31": "1.66", "2017-09-30": "1.53", "2017-06-30": "1.59", "2017-03-31": "1.49", "2016-12-31": "1.50", "2016-09-30": "2.07", "2016-06-30": "2.01", "2016-03-31": "1.89", "2015-12-31": "1.66", "2015-09-30": "2.35", "2015-06-30": "2.32", "2015-03-31": "2.17", "2014-12-31": "2.00", "2014-09-30": "1.96", "2014-06-30": "2.06", "2014-03-31": "1.99", "2013-12-31": "1.82", "2013-09-30": "2.01", "2013-06-30": "1.85", "2013-03-31": "1.68", "2012-12-31": "1.64", "2012-09-30": "1.83", "2012-06-30": "1.69", "2012-03-31": "1.48", "2011-12-31": "1.44", "2011-09-30": "1.36", "2011-06-30": "1.32", "2011-03-31": "1.26", "2010-12-31": "1.27", "2010-09-30": "3.68", "2010-06-30": "1.48", "2010-03-31": "1.42", "2009-12-31": "1.15", "2009-09-30": "1.11", "2009-06-30": "1.08", "2009-03-31": "1.05", "2008-12-31": "0.98", "2008-09-30": "0.92", "2008-06-30": "1.13", "2008-03-31": "1.23", "2007-12-31": "0.98", "2007-09-30": "1.04", "2007-06-30": "1.02", "2007-03-31": "0.98", "2006-12-31": "1.00", "2006-09-30": "0.89", "2006-06-30": "0.87", "2006-03-31": "1.04", "2005-12-31": "1.01", "2005-09-30": "1.09", "2005-06-30": "1.06", "2005-03-31": "1.13"}, "debt equity ratio": {"current": "0.72", "2020-12-31": "1.31", "2020-09-30": "1.34", "2020-06-30": "1.48", "2020-03-31": "1.27", "2019-12-31": "1.20", "2019-09-30": "1.33", "2019-06-30": "1.30", "2019-03-31": "1.33", "2018-12-31": "1.38", "2018-09-30": "1.01", "2018-06-30": "1.01", "2018-03-31": "0.95", "2017-12-31": "1.08", "2017-09-30": "1.06", "2017-06-30": "1.14", "2017-03-31": "1.22", "2016-12-31": "1.23", "2016-09-30": "1.16", "2016-06-30": "1.16", "2016-03-31": "1.25", "2015-12-31": "1.33", "2015-09-30": "1.54", "2015-06-30": "1.45", "2015-03-31": "1.57", "2014-12-31": "1.30", "2014-09-30": "1.36", "2014-06-30": "1.10", "2014-03-31": "1.13", "2013-12-31": "1.21", "2013-09-30": "1.19", "2013-06-30": "1.21", "2013-03-31": "1.23", "2012-12-31": "1.27", "2012-09-30": "1.19", "2012-06-30": "1.33", "2012-03-31": "1.41", "2011-12-31": "1.49", "2011-09-30": "1.45", "2011-06-30": "1.30", "2011-03-31": "1.39", "2010-12-31": "1.52", "2010-09-30": "1.35", "2010-06-30": "0.76", "2010-03-31": "0.81", "2009-12-31": "0.73", "2009-09-30": "0.96", "2009-06-30": "1.16", "2009-03-31": "1.18", "2008-12-31": "1.28", "2008-09-30": "1.03", "2008-06-30": "0.89", "2008-03-31": "0.87", "2007-12-31": "0.93", "2007-09-30": "0.93", "2007-06-30": "1.15", "2007-03-31": "0.93", "2006-12-31": "0.99", "2006-09-30": "0.94", "2006-06-30": "0.94", "2006-03-31": "0.94", "2005-12-31": "0.97", "2005-09-30": "0.97", "2005-06-30": "1.02", "2005-03-31": "1.03"}, "return on equity": {"2020-12-31": "12.62%", "2020-09-30": "12.67%", "2020-06-30": "13.11%", "2020-03-31": "14.65%", "2019-12-31": "15.72%", "2019-09-30": "15.64%", "2019-06-30": "15.12%", "2019-03-31": "15.11%", "2018-12-31": "15.84%", "2018-09-30": "15.32%", "2018-06-30": "17.75%", "2018-03-31": "18.54%", "2017-12-31": "18.72%", "2017-09-30": "19.14%", "2017-06-30": "18.77%", "2017-03-31": "18.70%", "2016-12-31": "19.47%", "2016-09-30": "20.66%", "2016-06-30": "20.10%", "2016-03-31": "20.17%", "2015-12-31": "18.55%", "2015-09-30": "16.56%", "2015-06-30": "16.90%", "2015-03-31": "16.06%", "2014-12-31": "14.96%", "2014-09-30": "16.39%", "2014-06-30": "14.65%", "2014-03-31": "14.49%", "2013-12-31": "16.00%", "2013-09-30": "16.28%", "2013-06-30": "17.39%", "2013-03-31": "18.31%", "2012-12-31": "18.11%", "2012-09-30": "18.02%", "2012-06-30": "17.64%", "2012-03-31": "16.23%", "2011-12-31": "19.04%", "2011-09-30": "17.33%", "2011-06-30": "15.34%", "2011-03-31": "14.26%", "2010-12-31": "9.15%", "2010-09-30": "9.76%", "2010-06-30": "11.15%", "2010-03-31": "4.16%", "2009-12-31": "2.69%", "2009-09-30": "2.14%", "2009-06-30": "4.55%", "2009-03-31": "13.98%", "2008-12-31": "16.07%", "2008-09-30": "15.60%", "2008-06-30": "13.52%", "2008-03-31": "13.37%", "2007-12-31": "13.19%", "2007-09-30": "12.98%", "2007-06-30": "12.54%", "2007-03-31": "11.47%", "2006-12-31": "9.71%", "2006-09-30": "9.14%", "2006-06-30": "8.14%", "2006-03-31": "8.01%", "2005-12-31": "7.69%"}, "return on assets": {"2020-12-31": "5.38%", "2020-09-30": "5.46%", "2020-06-30": "5.65%", "2020-03-31": "6.44%", "2019-12-31": "6.86%", "2019-09-30": "6.70%", "2019-06-30": "6.73%", "2019-03-31": "6.96%", "2018-12-31": "7.64%", "2018-09-30": "7.61%", "2018-06-30": "8.76%", "2018-03-31": "9.02%", "2017-12-31": "8.81%", "2017-09-30": "8.86%", "2017-06-30": "8.58%", "2017-03-31": "8.53%", "2016-12-31": "8.86%", "2016-09-30": "9.31%", "2016-06-30": "8.70%", "2016-03-31": "8.45%", "2015-12-31": "7.51%", "2015-09-30": "6.72%", "2015-06-30": "6.99%", "2015-03-31": "6.93%", "2014-12-31": "6.76%", "2014-09-30": "7.48%", "2014-06-30": "6.80%", "2014-03-31": "6.64%", "2013-12-31": "7.24%", "2013-09-30": "7.31%", "2013-06-30": "7.81%", "2013-03-31": "8.12%", "2012-12-31": "7.88%", "2012-09-30": "7.67%", "2012-06-30": "7.29%", "2012-03-31": "6.73%", "2011-12-31": "7.91%", "2011-09-30": "7.19%", "2011-06-30": "6.43%", "2011-03-31": "6.28%", "2010-12-31": "4.30%", "2010-09-30": "5.08%", "2010-06-30": "6.15%", "2010-03-31": "2.18%", "2009-12-31": "1.35%", "2009-09-30": "1.00%", "2009-06-30": "2.11%", "2009-03-31": "6.72%", "2008-12-31": "8.02%", "2008-09-30": "8.09%", "2008-06-30": "7.10%", "2008-03-31": "6.81%", "2007-12-31": "6.65%", "2007-09-30": "6.50%", "2007-06-30": "6.26%", "2007-03-31": "5.88%", "2006-12-31": "4.97%", "2006-09-30": "4.69%", "2006-06-30": "4.17%", "2006-03-31": "4.06%", "2005-12-31": "3.85%"}, "return on investments": {"2020-12-31": "12.07%", "2020-09-30": "12.60%", "2020-06-30": "13.05%", "2020-03-31": "14.44%", "2019-12-31": "14.61%", "2019-09-30": "14.48%", "2019-06-30": "14.42%", "2019-03-31": "15.12%", "2018-12-31": "15.87%", "2018-09-30": "16.56%", "2018-06-30": "18.08%", "2018-03-31": "18.29%", "2017-12-31": "18.28%", "2017-09-30": "18.16%", "2017-06-30": "18.09%", "2017-03-31": "18.11%", "2016-12-31": "18.59%", "2016-09-30": "18.72%", "2016-06-30": "17.69%", "2016-03-31": "16.96%", "2015-12-31": "15.44%", "2015-09-30": "14.17%", "2015-06-30": "14.47%", "2015-03-31": "14.30%", "2014-12-31": "13.97%", "2014-09-30": "14.88%", "2014-06-30": "13.83%", "2014-03-31": "13.37%", "2013-12-31": "14.61%", "2013-09-30": "15.15%", "2013-06-30": "15.92%", "2013-03-31": "16.36%", "2012-12-31": "16.24%", "2012-09-30": "16.02%", "2012-06-30": "15.69%", "2012-03-31": "15.33%", "2011-12-31": "17.20%", "2011-09-30": "15.81%", "2011-06-30": "14.68%", "2011-03-31": "14.80%", "2010-12-31": "11.51%", "2010-09-30": "13.28%", "2010-06-30": "15.43%", "2010-03-31": "8.68%", "2009-12-31": "7.28%", "2009-09-30": "5.97%", "2009-06-30": "8.41%", "2009-03-31": "16.81%", "2008-12-31": "19.52%", "2008-09-30": "19.57%", "2008-06-30": "17.03%", "2008-03-31": "16.80%", "2007-12-31": "16.70%", "2007-09-30": "16.04%", "2007-06-30": "15.78%", "2007-03-31": "14.44%", "2006-12-31": "12.28%", "2006-09-30": "11.87%", "2006-06-30": "11.21%", "2006-03-31": "11.06%", "2005-12-31": "10.50%"}, "return on tangible equity": {"2020-09-30": "23.53%", "2020-06-30": "24.30%", "2020-03-31": "27.46%", "2019-12-31": "29.96%", "2019-09-30": "30.80%", "2019-06-30": "29.24%", "2019-03-31": "28.70%", "2018-12-31": "29.01%", "2018-09-30": "27.26%", "2018-06-30": "31.78%", "2018-03-31": "33.72%", "2017-12-31": "35.26%", "2017-09-30": "36.95%", "2017-06-30": "35.12%", "2017-03-31": "33.83%", "2016-12-31": "34.21%", "2016-09-30": "35.65%", "2016-06-30": "36.09%", "2016-03-31": "36.90%", "2015-12-31": "34.34%", "2015-09-30": "29.08%", "2015-06-30": "28.34%", "2015-03-31": "25.53%", "2014-12-31": "22.75%", "2014-09-30": "24.93%", "2014-06-30": "22.13%", "2014-03-31": "22.09%", "2013-12-31": "24.50%", "2013-09-30": "25.04%", "2013-06-30": "26.93%", "2013-03-31": "28.84%", "2012-12-31": "29.19%", "2012-09-30": "29.80%", "2012-06-30": "30.23%", "2012-03-31": "28.27%", "2011-12-31": "33.87%", "2011-09-30": "31.38%", "2011-06-30": "24.65%", "2011-03-31": "20.64%", "2010-12-31": "11.82%", "2010-09-30": "11.32%", "2010-06-30": "13.02%", "2010-03-31": "4.90%", "2009-12-31": "3.27%", "2009-09-30": "2.69%", "2009-06-30": "5.90%", "2009-03-31": "18.30%", "2008-12-31": "20.99%", "2008-09-30": "20.45%", "2008-06-30": "17.96%", "2008-03-31": "18.25%", "2007-12-31": "18.45%", "2007-09-30": "18.32%", "2007-06-30": "17.75%", "2007-03-31": "16.26%", "2006-12-31": "13.70%", "2006-09-30": "12.95%", "2006-06-30": "11.56%", "2006-03-31": "11.40%", "2005-12-31": "11.01%"}, "dividend yield history": {"last payout": "$2.56", "last yield": "3.07%"}}