{"ticker": "PODD", "price": {"title": "Insulet Historical Annual Stock Price Data", "value": 281.17, "historical": {"2020": {"Average Stock Price": "208.4215", "Year Open": "169.7700", "Year High": "265.8900", "Year Low": "130.0100", "Year Close": "255.6300", "Annual % Change": "49.32%"}, "2019": {"Average Stock Price": "124.3880", "Year Open": "73.4300", "Year High": "186.0000", "Year Low": "72.4400", "Year Close": "171.2000", "Annual % Change": "115.83%"}, "2018": {"Average Stock Price": "86.4903", "Year Open": "69.0000", "Year High": "108.1300", "Year Low": "68.4900", "Year Close": "79.3200", "Annual % Change": "14.96%"}, "2017": {"Average Stock Price": "51.6703", "Year Open": "37.3500", "Year High": "71.8000", "Year Low": "36.9800", "Year Close": "69.0000", "Annual % Change": "83.12%"}, "2016": {"Average Stock Price": "34.8554", "Year Open": "37.0600", "Year High": "45.0700", "Year Low": "24.6800", "Year Close": "37.6800", "Annual % Change": "-0.34%"}, "2015": {"Average Stock Price": "31.7918", "Year Open": "45.1800", "Year High": "45.1800", "Year Low": "25.6400", "Year Close": "37.8100", "Annual % Change": "-17.91%"}, "2014": {"Average Stock Price": "40.4507", "Year Open": "35.8300", "Year High": "50.1800", "Year Low": "31.6900", "Year Close": "46.0600", "Annual % Change": "24.15%"}, "2013": {"Average Stock Price": "30.5954", "Year Open": "21.4900", "Year High": "39.8600", "Year Low": "21.0200", "Year Close": "37.1000", "Annual % Change": "74.84%"}, "2012": {"Average Stock Price": "20.0656", "Year Open": "19.0600", "Year High": "22.1500", "Year Low": "16.9300", "Year Close": "21.2200", "Annual % Change": "12.69%"}, "2011": {"Average Stock Price": "18.4227", "Year Open": "16.0700", "Year High": "23.0400", "Year Low": "14.2900", "Year Close": "18.8300", "Annual % Change": "21.48%"}, "2010": {"Average Stock Price": "14.7499", "Year Open": "15.0300", "Year High": "16.4700", "Year Low": "12.7500", "Year Close": "15.5000", "Annual % Change": "8.54%"}, "2009": {"Average Stock Price": "8.3168", "Year Open": "7.8400", "Year High": "14.4000", "Year Low": "2.6700", "Year Close": "14.2800", "Annual % Change": "84.97%"}, "2008": {"Average Stock Price": "14.3112", "Year Open": "23.4200", "Year High": "25.8700", "Year Low": "3.2100", "Year Close": "7.7200", "Annual % Change": "-67.12%"}, "2007": {"Average Stock Price": "19.3624", "Year Open": "15.9600", "Year High": "27.4600", "Year Low": "13.6800", "Year Close": "23.4800", "Annual % Change": "0.00%"}}}, "market cap": {"value": "$18.54B"}, "income statement": {"Revenue": {"2019-12-31": "738.20000", "2018-12-31": "563.80000", "2017-12-31": "463.80000", "2016-12-31": "366.98900", "2015-12-31": "263.89300", "2014-12-31": "231.32100", "2013-12-31": "247.08400", "2012-12-31": "211.36900", "2011-12-31": "152.25500", "2010-12-31": "96.96600", "2009-12-31": "66.03200", "2008-12-31": "36.05900", "2007-12-31": "13.37200", "2006-12-31": "3.66300", "2005-12-31": "0.05000"}, "Cost Of Goods Sold": {"2019-12-31": "257.90000", "2018-12-31": "193.60000", "2017-12-31": "186.60000", "2016-12-31": "155.90300", "2015-12-31": "130.62200", "2014-12-31": "104.19500", "2013-12-31": "134.68300", "2012-12-31": "119.03300", "2011-12-31": "85.54300", "2010-12-31": "53.24000", "2009-12-31": "47.73500", "2008-12-31": "40.64300", "2007-12-31": "25.73300", "2006-12-31": "15.66000", "2005-12-31": "1.53000"}, "Gross Profit": {"2019-12-31": "480.30000", "2018-12-31": "370.20000", "2017-12-31": "277.20000", "2016-12-31": "211.08600", "2015-12-31": "133.27100", "2014-12-31": "127.12600", "2013-12-31": "112.40100", "2012-12-31": "92.33600", "2011-12-31": "66.71200", "2010-12-31": "43.72600", "2009-12-31": "18.29700", "2008-12-31": "-4.58400", "2007-12-31": "-12.36100", "2006-12-31": "-11.99700", "2005-12-31": "-1.48000"}, "Research And Development Expenses": {"2019-12-31": "129.70000", "2018-12-31": "90.50000", "2017-12-31": "75.70000", "2016-12-31": "55.71000", "2015-12-31": "43.20800", "2014-12-31": "27.90000", "2013-12-31": "21.76500", "2012-12-31": "24.35900", "2011-12-31": "21.86300", "2010-12-31": "16.56600", "2009-12-31": "13.23100", "2008-12-31": "13.10400", "2007-12-31": "10.39100", "2006-12-31": "8.09400", "2005-12-31": "10.76400"}, "SG&A Expenses": {"2019-12-31": "300.60000", "2018-12-31": "252.30000", "2017-12-31": "208.90000", "2016-12-31": "166.08000", "2015-12-31": "138.79900", "2014-12-31": "108.10000", "2013-12-31": "119.77100", "2012-12-31": "103.94800", "2011-12-31": "87.31600", "2010-12-31": "61.36200", "2009-12-31": "64.42500", "2008-12-31": "63.48400", "2007-12-31": "30.06300", "2006-12-31": "14.55400", "2005-12-31": "9.26100"}, "Other Operating Income Or Expenses": {"2019-12-31": "", "2018-12-31": "", "2017-12-31": "", "2016-12-31": "", "2015-12-31": "", "2014-12-31": "", "2013-12-31": "", "2012-12-31": "", "2011-12-31": "", "2010-12-31": "", "2009-12-31": "", "2008-12-31": "", "2007-12-31": "", "2006-12-31": "", "2005-12-31": ""}, "Operating Expenses": {"2019-12-31": "688.20000", "2018-12-31": "536.40000", "2017-12-31": "471.20000", "2016-12-31": "377.69300", "2015-12-31": "312.62900", "2014-12-31": "240.19500", "2013-12-31": "276.21900", "2012-12-31": "247.34000", "2011-12-31": "194.72200", "2010-12-31": "135.59900", "2009-12-31": "125.39100", "2008-12-31": "125.40100", "2007-12-31": "67.21400", "2006-12-31": "38.30800", "2005-12-31": "21.55500"}, "Operating Income": {"2019-12-31": "50.00010", "2018-12-31": "27.40000", "2017-12-31": "-7.40000", "2016-12-31": "-10.70400", "2015-12-31": "-48.73600", "2014-12-31": "-8.87400", "2013-12-31": "-29.13500", "2012-12-31": "-35.97100", "2011-12-31": "-42.46700", "2010-12-31": "-38.63300", "2009-12-31": "-59.35900", "2008-12-31": "-89.34200", "2007-12-31": "-53.84200", "2006-12-31": "-34.64500", "2005-12-31": "-21.50500"}, "Total Non-Operating Income/Expense": {"2019-12-31": "-35.50000", "2018-12-31": "-22.20000", "2017-12-31": "-19.20000", "2016-12-31": "-16.11400", "2015-12-31": "-12.65400", "2014-12-31": "-39.00600", "2013-12-31": "-15.73900", "2012-12-31": "-15.68400", "2011-12-31": "-14.57600", "2010-12-31": "-22.52600", "2009-12-31": "-12.98500", "2008-12-31": "-5.42900", "2007-12-31": "0.30300", "2006-12-31": "-1.30500", "2005-12-31": "-0.13100"}, "Pre-Tax Income": {"2019-12-31": "14.50000", "2018-12-31": "5.20000", "2017-12-31": "-26.60000", "2016-12-31": "-26.81800", "2015-12-31": "-61.39000", "2014-12-31": "-47.88000", "2013-12-31": "-44.87400", "2012-12-31": "-51.65500", "2011-12-31": "-57.04300", "2010-12-31": "-61.15900", "2009-12-31": "-72.34400", "2008-12-31": "-94.77100", "2007-12-31": "-53.53900", "2006-12-31": "-35.95000", "2005-12-31": "-21.63600"}, "Income Taxes": {"2019-12-31": "2.90000", "2018-12-31": "1.90000", "2017-12-31": "0.20000", "2016-12-31": "0.39200", "2015-12-31": "0.21200", "2014-12-31": "0.06000", "2013-12-31": "0.10000", "2012-12-31": "0.21200", "2011-12-31": "-11.21200", "2010-12-31": "", "2009-12-31": "", "2008-12-31": "", "2007-12-31": "", "2006-12-31": "", "2005-12-31": ""}, "Income After Taxes": {"2019-12-31": "11.60000", "2018-12-31": "3.30000", "2017-12-31": "-26.80000", "2016-12-31": "-27.21000", "2015-12-31": "-61.60200", "2014-12-31": "-47.94000", "2013-12-31": "-44.97400", "2012-12-31": "-51.86700", "2011-12-31": "-45.83100", "2010-12-31": "-61.15900", "2009-12-31": "-72.34400", "2008-12-31": "-94.77100", "2007-12-31": "-53.53900", "2006-12-31": "-35.95000", "2005-12-31": "-21.63600"}, "Other Income": {"2019-12-31": "", "2018-12-31": "", "2017-12-31": "", "2016-12-31": "", "2015-12-31": "", "2014-12-31": "", "2013-12-31": "", "2012-12-31": "", "2011-12-31": "", "2010-12-31": "", "2009-12-31": "", "2008-12-31": "", "2007-12-31": "", "2006-12-31": "", "2005-12-31": ""}, "Income From Continuous Operations": {"2019-12-31": "11.60000", "2018-12-31": "3.30000", "2017-12-31": "-26.80000", "2016-12-31": "-27.21000", "2015-12-31": "-61.60200", "2014-12-31": "-47.94000", "2013-12-31": "-44.97400", "2012-12-31": "-51.86700", "2011-12-31": "-45.83100", "2010-12-31": "-61.15900", "2009-12-31": "-72.34400", "2008-12-31": "-94.77100", "2007-12-31": "-53.53900", "2006-12-31": "-35.95000", "2005-12-31": "-21.63600"}, "Income From Discontinued Operations": {"2019-12-31": "", "2018-12-31": "", "2017-12-31": "", "2016-12-31": "-1.66900", "2015-12-31": "-11.91800", "2014-12-31": "-3.56000", "2013-12-31": "", "2012-12-31": "", "2011-12-31": "", "2010-12-31": "", "2009-12-31": "", "2008-12-31": "", "2007-12-31": "", "2006-12-31": "", "2005-12-31": ""}, "Net Income": {"2019-12-31": "11.60000", "2018-12-31": "3.30000", "2017-12-31": "-26.80000", "2016-12-31": "-28.87900", "2015-12-31": "-73.52000", "2014-12-31": "-51.50000", "2013-12-31": "-44.97400", "2012-12-31": "-51.86700", "2011-12-31": "-45.83100", "2010-12-31": "-61.15900", "2009-12-31": "-72.34400", "2008-12-31": "-94.77100", "2007-12-31": "-53.53900", "2006-12-31": "-36.17200", "2005-12-31": "-21.63600"}, "EBITDA": {"2019-12-31": "77.90010", "2018-12-31": "43.00000", "2017-12-31": "6.50000", "2016-12-31": "3.12900", "2015-12-31": "-32.89800", "2014-12-31": "3.34900", "2013-12-31": "-17.32900", "2012-12-31": "-24.94100", "2011-12-31": "-33.96400", "2010-12-31": "-33.55600", "2009-12-31": "-48.55200", "2008-12-31": "-80.27400", "2007-12-31": "-48.92200", "2006-12-31": "-32.00500", "2005-12-31": "-20.26900"}, "EBIT": {"2019-12-31": "50.00010", "2018-12-31": "27.40000", "2017-12-31": "-7.40000", "2016-12-31": "-10.70400", "2015-12-31": "-48.73600", "2014-12-31": "-8.87400", "2013-12-31": "-29.13500", "2012-12-31": "-35.97100", "2011-12-31": "-42.46700", "2010-12-31": "-38.63300", "2009-12-31": "-59.35900", "2008-12-31": "-89.34200", "2007-12-31": "-53.84200", "2006-12-31": "-34.64500", "2005-12-31": "-21.50500"}, "Basic Shares Outstanding": {"2019-12-31": "60.59400", "2018-12-31": "58.86000", "2017-12-31": "58.00300", "2016-12-31": "57.25100", "2015-12-31": "56.78600", "2014-12-31": "55.62900", "2013-12-31": "54.01100", "2012-12-31": "47.92400", "2011-12-31": "46.69000", "2010-12-31": "39.60790", "2009-12-31": "29.72700", "2008-12-31": "27.61100", "2007-12-31": "16.68800", "2006-12-31": "0.36300", "2005-12-31": "0.30500"}, "Shares Outstanding": {"2019-12-31": "62.30400", "2018-12-31": "61.00800", "2017-12-31": "58.00300", "2016-12-31": "57.25100", "2015-12-31": "56.78600", "2014-12-31": "55.62900", "2013-12-31": "54.01100", "2012-12-31": "47.92400", "2011-12-31": "46.69000", "2010-12-31": "39.60790", "2009-12-31": "29.72700", "2008-12-31": "27.61100", "2007-12-31": "16.68800", "2006-12-31": "0.36300", "2005-12-31": "0.30500"}, "Basic EPS": {"2019-12-31": "0.19000", "2018-12-31": "0.06000", "2017-12-31": "-0.46000", "2016-12-31": "-0.48000", "2015-12-31": "-1.29000", "2014-12-31": "-0.92000", "2013-12-31": "-0.83000", "2012-12-31": "-1.08000", "2011-12-31": "-0.98000", "2010-12-31": "-1.54000", "2009-12-31": "-2.43000", "2008-12-31": "-3.43000", "2007-12-31": "-3.21000", "2006-12-31": "-99.72000", "2005-12-31": "-70.95000"}, "EPS - Earnings Per Share": {"2019-12-31": "0.19000", "2018-12-31": "0.05000", "2017-12-31": "-0.46000", "2016-12-31": "-0.48000", "2015-12-31": "-1.29000", "2014-12-31": "-0.92000", "2013-12-31": "-0.83000", "2012-12-31": "-1.08000", "2011-12-31": "-0.98000", "2010-12-31": "-1.54000", "2009-12-31": "-2.43000", "2008-12-31": "-3.43000", "2007-12-31": "-3.21000", "2006-12-31": "-99.72000", "2005-12-31": "-70.95000"}}, "income statement, quarterly": {"Revenue": {"2020-09-30": "234.00000", "2020-06-30": "226.30000", "2020-03-31": "198.00000", "2019-12-31": "209.40000", "2019-09-30": "192.10000", "2019-06-30": "177.10000", "2019-03-31": "159.60000", "2018-12-31": "164.88400", "2018-09-30": "151.07600", "2018-06-30": "124.26200", "2018-03-31": "123.57800", "2017-12-31": "130.55600", "2017-09-30": "121.77500", "2017-06-30": "109.75600", "2017-03-31": "101.71300", "2016-12-31": "103.57500", "2016-09-30": "94.87100", "2016-06-30": "87.33000", "2016-03-31": "81.21300", "2015-12-31": "83.80100", "2015-09-30": "71.39300", "2015-06-30": "60.55100", "2015-03-31": "48.14800", "2014-12-31": "15.16200", "2014-09-30": "74.98500", "2014-06-30": "72.01300", "2014-03-31": "69.16100", "2013-12-31": "68.53300", "2013-09-30": "61.10300", "2013-06-30": "60.09200", "2013-03-31": "57.35600", "2012-12-31": "57.82800", "2012-09-30": "54.75200", "2012-06-30": "51.03500", "2012-03-31": "47.75400", "2011-12-31": "47.19200", "2011-09-30": "44.59400", "2011-06-30": "32.21100", "2011-03-31": "28.25800", "2010-12-31": "27.76700", "2010-09-30": "25.45500", "2010-06-30": "22.93700", "2010-03-31": "20.80700", "2009-12-31": "20.21100", "2009-09-30": "18.73500", "2009-06-30": "14.61700", "2009-03-31": "12.46900", "2008-12-31": "11.86100", "2008-09-30": "10.11000", "2008-06-30": "7.41700", "2008-03-31": "6.67100", "2007-12-31": "4.36100", "2007-09-30": "3.79100", "2007-06-30": "3.21200", "2007-03-31": "2.00800", "2006-12-31": "1.64100", "2006-09-30": "0.92000", "2006-06-30": "0.88000", "2006-03-31": "0.22200"}, "Cost Of Goods Sold": {"2020-09-30": "82.20000", "2020-06-30": "83.80000", "2020-03-31": "71.10000", "2019-12-31": "75.30000", "2019-09-30": "69.00000", "2019-06-30": "60.70000", "2019-03-31": "52.90000", "2018-12-31": "54.54000", "2018-09-30": "49.10700", "2018-06-30": "42.19000", "2018-03-31": "47.76300", "2017-12-31": "51.01700", "2017-09-30": "48.15100", "2017-06-30": "45.11700", "2017-03-31": "42.31500", "2016-12-31": "42.63800", "2016-09-30": "39.23000", "2016-06-30": "36.87300", "2016-03-31": "37.16200", "2015-12-31": "41.80800", "2015-09-30": "39.82300", "2015-06-30": "30.03600", "2015-03-31": "18.95500", "2014-12-31": "-5.34900", "2014-09-30": "36.94300", "2014-06-30": "36.24800", "2014-03-31": "36.35300", "2013-12-31": "35.51500", "2013-09-30": "33.70800", "2013-06-30": "33.25900", "2013-03-31": "32.20100", "2012-12-31": "32.50900", "2012-09-30": "30.36200", "2012-06-30": "28.70400", "2012-03-31": "27.45800", "2011-12-31": "27.11200", "2011-09-30": "26.03300", "2011-06-30": "17.67300", "2011-03-31": "14.72500", "2010-12-31": "13.94100", "2010-09-30": "13.82600", "2010-06-30": "13.05100", "2010-03-31": "12.42200", "2009-12-31": "12.87700", "2009-09-30": "12.93600", "2009-06-30": "11.44800", "2009-03-31": "10.47400", "2008-12-31": "10.66300", "2008-09-30": "10.19700", "2008-06-30": "9.78500", "2008-03-31": "9.99800", "2007-12-31": "6.67900", "2007-09-30": "7.58300", "2007-06-30": "6.89900", "2007-03-31": "4.57200", "2006-12-31": "3.94200", "2006-09-30": "4.37900", "2006-06-30": "4.58600", "2006-03-31": "2.75300"}, "Gross Profit": {"2020-09-30": "151.80000", "2020-06-30": "142.50000", "2020-03-31": "126.90000", "2019-12-31": "134.10000", "2019-09-30": "123.10000", "2019-06-30": "116.40000", "2019-03-31": "106.70000", "2018-12-31": "110.34400", "2018-09-30": "101.96900", "2018-06-30": "82.07200", "2018-03-31": "75.81500", "2017-12-31": "79.53900", "2017-09-30": "73.62400", "2017-06-30": "64.63900", "2017-03-31": "59.39800", "2016-12-31": "60.93700", "2016-09-30": "55.64100", "2016-06-30": "50.45700", "2016-03-31": "44.05100", "2015-12-31": "41.99300", "2015-09-30": "31.57000", "2015-06-30": "30.51500", "2015-03-31": "29.19300", "2014-12-31": "20.51100", "2014-09-30": "38.04200", "2014-06-30": "35.76500", "2014-03-31": "32.80800", "2013-12-31": "33.01800", "2013-09-30": "27.39500", "2013-06-30": "26.83300", "2013-03-31": "25.15500", "2012-12-31": "25.31900", "2012-09-30": "24.39000", "2012-06-30": "22.33100", "2012-03-31": "20.29600", "2011-12-31": "20.08000", "2011-09-30": "18.56100", "2011-06-30": "14.53800", "2011-03-31": "13.53300", "2010-12-31": "13.82600", "2010-09-30": "11.62900", "2010-06-30": "9.88600", "2010-03-31": "8.38500", "2009-12-31": "7.33400", "2009-09-30": "5.79900", "2009-06-30": "3.16900", "2009-03-31": "1.99500", "2008-12-31": "1.19800", "2008-09-30": "-0.08700", "2008-06-30": "-2.36800", "2008-03-31": "-3.32700", "2007-12-31": "-2.31800", "2007-09-30": "-3.79200", "2007-06-30": "-3.68700", "2007-03-31": "-2.56400", "2006-12-31": "-2.30100", "2006-09-30": "-3.45900", "2006-06-30": "-3.70600", "2006-03-31": "-2.53100"}, "Research And Development Expenses": {"2020-09-30": "38.80000", "2020-06-30": "34.20000", "2020-03-31": "35.50000", "2019-12-31": "32.90000", "2019-09-30": "31.30000", "2019-06-30": "33.00000", "2019-03-31": "32.50000", "2018-12-31": "29.09600", "2018-09-30": "22.33600", "2018-06-30": "18.80100", "2018-03-31": "20.26700", "2017-12-31": "20.03000", "2017-09-30": "20.14100", "2017-06-30": "18.02900", "2017-03-31": "17.50000", "2016-12-31": "16.03400", "2016-09-30": "13.73400", "2016-06-30": "12.95300", "2016-03-31": "12.98900", "2015-12-31": "12.89700", "2015-09-30": "10.03500", "2015-06-30": "12.06900", "2015-03-31": "8.20700", "2014-12-31": "7.28600", "2014-09-30": "7.15800", "2014-06-30": "6.67700", "2014-03-31": "6.77900", "2013-12-31": "6.42400", "2013-09-30": "5.77100", "2013-06-30": "5.17400", "2013-03-31": "4.39600", "2012-12-31": "5.84700", "2012-09-30": "6.55900", "2012-06-30": "6.52100", "2012-03-31": "5.43200", "2011-12-31": "5.80400", "2011-09-30": "4.63800", "2011-06-30": "6.83200", "2011-03-31": "4.58900", "2010-12-31": "4.43800", "2010-09-30": "3.69800", "2010-06-30": "4.58300", "2010-03-31": "3.84700", "2009-12-31": "3.35100", "2009-09-30": "3.40400", "2009-06-30": "3.27200", "2009-03-31": "3.20400", "2008-12-31": "3.53600", "2008-09-30": "3.26300", "2008-06-30": "3.38200", "2008-03-31": "2.92300", "2007-12-31": "3.17000", "2007-09-30": "2.23100", "2007-06-30": "2.52000", "2007-03-31": "2.47000", "2006-12-31": "2.20800", "2006-09-30": "2.08300", "2006-06-30": "2.05300", "2006-03-31": "1.75000"}, "SG&A Expenses": {"2020-09-30": "89.20000", "2020-06-30": "80.80000", "2020-03-31": "83.90000", "2019-12-31": "83.10000", "2019-09-30": "74.80000", "2019-06-30": "75.80000", "2019-03-31": "66.90000", "2018-12-31": "65.03800", "2018-09-30": "72.76800", "2018-06-30": "58.94600", "2018-03-31": "55.54800", "2017-12-31": "60.29000", "2017-09-30": "51.43600", "2017-06-30": "49.96800", "2017-03-31": "47.20600", "2016-12-31": "49.03800", "2016-09-30": "39.48900", "2016-06-30": "38.79200", "2016-03-31": "38.76100", "2015-12-31": "41.71200", "2015-09-30": "36.33000", "2015-06-30": "32.50500", "2015-03-31": "28.25200", "2014-12-31": "12.05700", "2014-09-30": "33.76000", "2014-06-30": "34.36800", "2014-03-31": "27.91500", "2013-12-31": "26.38800", "2013-09-30": "38.93700", "2013-06-30": "27.48100", "2013-03-31": "26.96500", "2012-12-31": "25.55800", "2012-09-30": "26.30200", "2012-06-30": "26.32900", "2012-03-31": "25.75900", "2011-12-31": "24.78700", "2011-09-30": "23.69100", "2011-06-30": "22.62100", "2011-03-31": "16.21700", "2010-12-31": "14.68200", "2010-09-30": "16.20900", "2010-06-30": "15.20300", "2010-03-31": "15.26800", "2009-12-31": "15.94500", "2009-09-30": "15.87500", "2009-06-30": "16.34200", "2009-03-31": "16.26300", "2008-12-31": "16.84900", "2008-09-30": "16.48400", "2008-06-30": "16.38900", "2008-03-31": "13.76200", "2007-12-31": "10.56500", "2007-09-30": "7.53200", "2007-06-30": "6.20200", "2007-03-31": "5.76400", "2006-12-31": "4.69000", "2006-09-30": "3.99100", "2006-06-30": "3.24800", "2006-03-31": "2.62500"}, "Other Operating Income Or Expenses": {"2020-09-30": "", "2020-06-30": "", "2020-03-31": "", "2019-12-31": "", "2019-09-30": "", "2019-06-30": "", "2019-03-31": "", "2018-12-31": "", "2018-09-30": "", "2018-06-30": "", "2018-03-31": "", "2017-12-31": "", "2017-09-30": "", "2017-06-30": "", "2017-03-31": "", "2016-12-31": "", "2016-09-30": "", "2016-06-30": "", "2016-03-31": "", "2015-12-31": "", "2015-09-30": "", "2015-06-30": "", "2015-03-31": "", "2014-12-31": "", "2014-09-30": "", "2014-06-30": "", "2014-03-31": "", "2013-12-31": "", "2013-09-30": "", "2013-06-30": "", "2013-03-31": "", "2012-12-31": "", "2012-09-30": "", "2012-06-30": "", "2012-03-31": "", "2011-12-31": "", "2011-09-30": "", "2011-06-30": "", "2011-03-31": "", "2010-12-31": "", "2010-09-30": "", "2010-06-30": "", "2010-03-31": "", "2009-12-31": "", "2009-09-30": "", "2009-06-30": "", "2009-03-31": "", "2008-12-31": "", "2008-09-30": "", "2008-06-30": "", "2008-03-31": "", "2007-12-31": "", "2007-09-30": "", "2007-06-30": "", "2007-03-31": "", "2006-12-31": "", "2006-09-30": "", "2006-06-30": "", "2006-03-31": ""}, "Operating Expenses": {"2020-09-30": "210.20000", "2020-06-30": "198.80000", "2020-03-31": "190.50000", "2019-12-31": "191.30000", "2019-09-30": "175.10000", "2019-06-30": "169.50000", "2019-03-31": "152.30000", "2018-12-31": "148.67400", "2018-09-30": "144.21100", "2018-06-30": "119.93700", "2018-03-31": "123.57800", "2017-12-31": "131.33700", "2017-09-30": "119.72800", "2017-06-30": "113.11400", "2017-03-31": "107.02100", "2016-12-31": "107.71000", "2016-09-30": "92.45300", "2016-06-30": "88.61800", "2016-03-31": "88.91200", "2015-12-31": "96.41700", "2015-09-30": "86.18800", "2015-06-30": "74.61000", "2015-03-31": "55.41400", "2014-12-31": "13.99400", "2014-09-30": "77.86100", "2014-06-30": "77.29300", "2014-03-31": "71.04700", "2013-12-31": "68.32700", "2013-09-30": "78.41600", "2013-06-30": "65.91400", "2013-03-31": "63.56200", "2012-12-31": "63.91400", "2012-09-30": "63.22300", "2012-06-30": "61.55400", "2012-03-31": "58.64900", "2011-12-31": "57.70300", "2011-09-30": "54.36200", "2011-06-30": "47.12600", "2011-03-31": "35.53100", "2010-12-31": "37.49200", "2010-09-30": "33.73300", "2010-06-30": "32.83700", "2010-03-31": "31.53700", "2009-12-31": "32.17300", "2009-09-30": "32.21500", "2009-06-30": "31.06200", "2009-03-31": "29.94100", "2008-12-31": "39.21800", "2008-09-30": "29.94400", "2008-06-30": "29.55600", "2008-03-31": "26.68300", "2007-12-31": "20.41400", "2007-09-30": "18.37300", "2007-06-30": "15.62100", "2007-03-31": "12.80600", "2006-12-31": "10.84000", "2006-09-30": "10.45300", "2006-06-30": "9.88700", "2006-03-31": "7.12800"}, "Operating Income": {"2020-09-30": "23.80000", "2020-06-30": "27.50000", "2020-03-31": "7.50000", "2019-12-31": "18.10000", "2019-09-30": "17.00000", "2019-06-30": "7.60000", "2019-03-31": "7.30000", "2018-12-31": "16.21000", "2018-09-30": "6.86500", "2018-06-30": "4.32500", "2018-03-31": "", "2017-12-31": "-0.78100", "2017-09-30": "2.04700", "2017-06-30": "-3.35800", "2017-03-31": "-5.30800", "2016-12-31": "-4.13500", "2016-09-30": "2.41800", "2016-06-30": "-1.28800", "2016-03-31": "-7.69900", "2015-12-31": "-12.61600", "2015-09-30": "-14.79500", "2015-06-30": "-14.05900", "2015-03-31": "-7.26600", "2014-12-31": "1.16800", "2014-09-30": "-2.87600", "2014-06-30": "-5.28000", "2014-03-31": "-1.88600", "2013-12-31": "0.20600", "2013-09-30": "-17.31300", "2013-06-30": "-5.82200", "2013-03-31": "-6.20600", "2012-12-31": "-6.08600", "2012-09-30": "-8.47100", "2012-06-30": "-10.51900", "2012-03-31": "-10.89500", "2011-12-31": "-10.51100", "2011-09-30": "-9.76800", "2011-06-30": "-14.91500", "2011-03-31": "-7.27300", "2010-12-31": "-9.72500", "2010-09-30": "-8.27800", "2010-06-30": "-9.90000", "2010-03-31": "-10.73000", "2009-12-31": "-11.96200", "2009-09-30": "-13.48000", "2009-06-30": "-16.44500", "2009-03-31": "-17.47200", "2008-12-31": "-27.35700", "2008-09-30": "-19.83400", "2008-06-30": "-22.13900", "2008-03-31": "-20.01200", "2007-12-31": "-16.05300", "2007-09-30": "-14.58200", "2007-06-30": "-12.40900", "2007-03-31": "-10.79800", "2006-12-31": "-9.19900", "2006-09-30": "-9.53300", "2006-06-30": "-9.00700", "2006-03-31": "-6.90600"}, "Total Non-Operating Income/Expense": {"2020-09-30": "-10.40000", "2020-06-30": "-10.10000", "2020-03-31": "-10.10000", "2019-12-31": "-11.30000", "2019-09-30": "-15.90000", "2019-06-30": "-5.70000", "2019-03-31": "-2.60000", "2018-12-31": "-5.34800", "2018-09-30": "-5.01200", "2018-06-30": "-5.60400", "2018-03-31": "-6.23600", "2017-12-31": "-6.16600", "2017-09-30": "-4.15300", "2017-06-30": "-4.30800", "2017-03-31": "-4.57300", "2016-12-31": "-4.82100", "2016-09-30": "-5.36900", "2016-06-30": "-2.99800", "2016-03-31": "-2.92600", "2015-12-31": "-3.16300", "2015-09-30": "-3.14600", "2015-06-30": "-3.19300", "2015-03-31": "-3.15200", "2014-12-31": "-3.08600", "2014-09-30": "-7.94800", "2014-06-30": "-23.77900", "2014-03-31": "-4.19300", "2013-12-31": "-2.86000", "2013-09-30": "-3.97200", "2013-06-30": "-4.57900", "2013-03-31": "-4.32800", "2012-12-31": "-4.03900", "2012-09-30": "-3.91800", "2012-06-30": "-3.88800", "2012-03-31": "-3.83900", "2011-12-31": "-3.69900", "2011-09-30": "-3.79400", "2011-06-30": "-4.50800", "2011-03-31": "-2.57500", "2010-12-31": "-11.13200", "2010-09-30": "-3.82200", "2010-06-30": "-3.81100", "2010-03-31": "-3.76100", "2009-12-31": "-3.57600", "2009-09-30": "-3.44200", "2009-06-30": "-3.79400", "2009-03-31": "-2.17300", "2008-12-31": "-1.84000", "2008-09-30": "-1.83200", "2008-06-30": "-1.89500", "2008-03-31": "0.13800", "2007-12-31": "0.38500", "2007-09-30": "0.94300", "2007-06-30": "-0.26300", "2007-03-31": "-0.76200", "2006-12-31": "-1.68100", "2006-09-30": "0.11600", "2006-06-30": "0.29400", "2006-03-31": "-0.03400"}, "Pre-Tax Income": {"2020-09-30": "13.40000", "2020-06-30": "17.40000", "2020-03-31": "-2.60000", "2019-12-31": "6.80000", "2019-09-30": "1.10000", "2019-06-30": "1.90000", "2019-03-31": "4.70000", "2018-12-31": "10.86200", "2018-09-30": "1.85300", "2018-06-30": "-1.27900", "2018-03-31": "-6.23600", "2017-12-31": "-6.94700", "2017-09-30": "-2.10600", "2017-06-30": "-7.66600", "2017-03-31": "-9.88100", "2016-12-31": "-8.95600", "2016-09-30": "-2.95100", "2016-06-30": "-4.28600", "2016-03-31": "-10.62500", "2015-12-31": "-15.77900", "2015-09-30": "-17.94100", "2015-06-30": "-17.25200", "2015-03-31": "-10.41800", "2014-12-31": "-1.91800", "2014-09-30": "-10.82400", "2014-06-30": "-29.05900", "2014-03-31": "-6.07900", "2013-12-31": "-2.65400", "2013-09-30": "-21.28500", "2013-06-30": "-10.40100", "2013-03-31": "-10.53400", "2012-12-31": "-10.12500", "2012-09-30": "-12.38900", "2012-06-30": "-14.40700", "2012-03-31": "-14.73400", "2011-12-31": "-14.21000", "2011-09-30": "-13.56200", "2011-06-30": "-19.42300", "2011-03-31": "-9.84800", "2010-12-31": "-20.85700", "2010-09-30": "-12.10000", "2010-06-30": "-13.71100", "2010-03-31": "-14.49100", "2009-12-31": "-15.53800", "2009-09-30": "-16.92200", "2009-06-30": "-20.23900", "2009-03-31": "-19.64500", "2008-12-31": "-29.19700", "2008-09-30": "-21.66600", "2008-06-30": "-24.03400", "2008-03-31": "-19.87400", "2007-12-31": "-15.66800", "2007-09-30": "-13.63900", "2007-06-30": "-12.67200", "2007-03-31": "-11.56000", "2006-12-31": "-10.88000", "2006-09-30": "-9.41700", "2006-06-30": "-8.71300", "2006-03-31": "-6.94000"}, "Income Taxes": {"2020-09-30": "1.80000", "2020-06-30": "3.00000", "2020-03-31": "-0.50000", "2019-12-31": "1.80000", "2019-09-30": "0.30000", "2019-06-30": "0.50000", "2019-03-31": "0.30000", "2018-12-31": "0.96100", "2018-09-30": "0.19400", "2018-06-30": "0.41200", "2018-03-31": "0.33300", "2017-12-31": "-0.11800", "2017-09-30": "0.12100", "2017-06-30": "0.10100", "2017-03-31": "0.09600", "2016-12-31": "0.19700", "2016-09-30": "0.06600", "2016-06-30": "0.06500", "2016-03-31": "0.06400", "2015-12-31": "0.12900", "2015-09-30": "0.04400", "2015-06-30": "0.01500", "2015-03-31": "0.02400", "2014-12-31": "-0.07800", "2014-09-30": "0.02100", "2014-06-30": "0.05200", "2014-03-31": "0.06500", "2013-12-31": "-0.15400", "2013-09-30": "0.00500", "2013-06-30": "0.11800", "2013-03-31": "0.13100", "2012-12-31": "0.06900", "2012-09-30": "0.02800", "2012-06-30": "0.06900", "2012-03-31": "0.04600", "2011-12-31": "0.12700", "2011-09-30": "0.00000", "2011-06-30": "-11.33900", "2011-03-31": "0.00000", "2010-12-31": "", "2010-09-30": "", "2010-06-30": "", "2010-03-31": "", "2009-12-31": "", "2009-09-30": "", "2009-06-30": "", "2009-03-31": "", "2008-12-31": "", "2008-09-30": "", "2008-06-30": "", "2008-03-31": "", "2007-12-31": "", "2007-09-30": "", "2007-06-30": "", "2007-03-31": "", "2006-12-31": "", "2006-09-30": "", "2006-06-30": "", "2006-03-31": ""}, "Income After Taxes": {"2020-09-30": "11.60000", "2020-06-30": "14.40000", "2020-03-31": "-2.10000", "2019-12-31": "5.00000", "2019-09-30": "0.80000", "2019-06-30": "1.40000", "2019-03-31": "4.40000", "2018-12-31": "9.90100", "2018-09-30": "1.65900", "2018-06-30": "-1.69100", "2018-03-31": "-6.56900", "2017-12-31": "-6.82900", "2017-09-30": "-2.22700", "2017-06-30": "-7.76700", "2017-03-31": "-9.97700", "2016-12-31": "-9.15300", "2016-09-30": "-3.01700", "2016-06-30": "-4.35100", "2016-03-31": "-10.68900", "2015-12-31": "-15.90800", "2015-09-30": "-17.98500", "2015-06-30": "-17.26700", "2015-03-31": "-10.44200", "2014-12-31": "-1.84000", "2014-09-30": "-10.84500", "2014-06-30": "-29.11100", "2014-03-31": "-6.14400", "2013-12-31": "-2.50000", "2013-09-30": "-21.29000", "2013-06-30": "-10.51900", "2013-03-31": "-10.66500", "2012-12-31": "-10.19400", "2012-09-30": "-12.41700", "2012-06-30": "-14.47600", "2012-03-31": "-14.78000", "2011-12-31": "-14.33700", "2011-09-30": "-13.56200", "2011-06-30": "-8.08400", "2011-03-31": "-9.84800", "2010-12-31": "-20.85700", "2010-09-30": "-12.10000", "2010-06-30": "-13.71100", "2010-03-31": "-14.49100", "2009-12-31": "-15.53800", "2009-09-30": "-16.92200", "2009-06-30": "-20.23900", "2009-03-31": "-19.64500", "2008-12-31": "-29.19700", "2008-09-30": "-21.66600", "2008-06-30": "-24.03400", "2008-03-31": "-19.87400", "2007-12-31": "-15.66800", "2007-09-30": "-13.63900", "2007-06-30": "-12.67200", "2007-03-31": "-11.56000", "2006-12-31": "-10.88000", "2006-09-30": "-9.41700", "2006-06-30": "-8.71300", "2006-03-31": "-6.94000"}, "Other Income": {"2020-09-30": "", "2020-06-30": "", "2020-03-31": "", "2019-12-31": "", "2019-09-30": "", "2019-06-30": "", "2019-03-31": "", "2018-12-31": "", "2018-09-30": "", "2018-06-30": "", "2018-03-31": "", "2017-12-31": "", "2017-09-30": "", "2017-06-30": "", "2017-03-31": "", "2016-12-31": "", "2016-09-30": "", "2016-06-30": "", "2016-03-31": "", "2015-12-31": "", "2015-09-30": "", "2015-06-30": "", "2015-03-31": "", "2014-12-31": "", "2014-09-30": "", "2014-06-30": "", "2014-03-31": "", "2013-12-31": "", "2013-09-30": "", "2013-06-30": "", "2013-03-31": "", "2012-12-31": "", "2012-09-30": "", "2012-06-30": "", "2012-03-31": "", "2011-12-31": "", "2011-09-30": "", "2011-06-30": "", "2011-03-31": "", "2010-12-31": "", "2010-09-30": "", "2010-06-30": "", "2010-03-31": "", "2009-12-31": "", "2009-09-30": "", "2009-06-30": "", "2009-03-31": "", "2008-12-31": "", "2008-09-30": "", "2008-06-30": "", "2008-03-31": "", "2007-12-31": "", "2007-09-30": "", "2007-06-30": "", "2007-03-31": "", "2006-12-31": "", "2006-09-30": "", "2006-06-30": "", "2006-03-31": ""}, "Income From Continuous Operations": {"2020-09-30": "11.60000", "2020-06-30": "14.40000", "2020-03-31": "-2.10000", "2019-12-31": "5.00000", "2019-09-30": "0.80000", "2019-06-30": "1.40000", "2019-03-31": "4.40000", "2018-12-31": "9.90100", "2018-09-30": "1.65900", "2018-06-30": "-1.69100", "2018-03-31": "-6.56900", "2017-12-31": "-6.82900", "2017-09-30": "-2.22700", "2017-06-30": "-7.76700", "2017-03-31": "-9.97700", "2016-12-31": "-9.15300", "2016-09-30": "-3.01700", "2016-06-30": "-4.35100", "2016-03-31": "-10.68900", "2015-12-31": "-15.90800", "2015-09-30": "-17.98500", "2015-06-30": "-17.26700", "2015-03-31": "-10.44200", "2014-12-31": "-1.84000", "2014-09-30": "-10.84500", "2014-06-30": "-29.11100", "2014-03-31": "-6.14400", "2013-12-31": "-2.50000", "2013-09-30": "-21.29000", "2013-06-30": "-10.51900", "2013-03-31": "-10.66500", "2012-12-31": "-10.19400", "2012-09-30": "-12.41700", "2012-06-30": "-14.47600", "2012-03-31": "-14.78000", "2011-12-31": "-14.33700", "2011-09-30": "-13.56200", "2011-06-30": "-8.08400", "2011-03-31": "-9.84800", "2010-12-31": "-20.85700", "2010-09-30": "-12.10000", "2010-06-30": "-13.71100", "2010-03-31": "-14.49100", "2009-12-31": "-15.53800", "2009-09-30": "-16.92200", "2009-06-30": "-20.23900", "2009-03-31": "-19.64500", "2008-12-31": "-29.19700", "2008-09-30": "-21.66600", "2008-06-30": "-24.03400", "2008-03-31": "-19.87400", "2007-12-31": "-15.66800", "2007-09-30": "-13.63900", "2007-06-30": "-12.67200", "2007-03-31": "-11.56000", "2006-12-31": "-10.88000", "2006-09-30": "-9.41700", "2006-06-30": "-8.71300", "2006-03-31": "-6.94000"}, "Income From Discontinued Operations": {"2020-09-30": "", "2020-06-30": "", "2020-03-31": "", "2019-12-31": "", "2019-09-30": "", "2019-06-30": "", "2019-03-31": "", "2018-12-31": "", "2018-09-30": "", "2018-06-30": "", "2018-03-31": "", "2017-12-31": "", "2017-09-30": "", "2017-06-30": "", "2017-03-31": "", "2016-12-31": "0.03400", "2016-09-30": "-0.06400", "2016-06-30": "0.15300", "2016-03-31": "-1.79200", "2015-12-31": "-11.41900", "2015-09-30": "-0.94200", "2015-06-30": "1.83500", "2015-03-31": "-1.39200", "2014-12-31": "", "2014-09-30": "", "2014-06-30": "", "2014-03-31": "", "2013-12-31": "", "2013-09-30": "", "2013-06-30": "", "2013-03-31": "", "2012-12-31": "", "2012-09-30": "", "2012-06-30": "", "2012-03-31": "", "2011-12-31": "", "2011-09-30": "", "2011-06-30": "", "2011-03-31": "", "2010-12-31": "", "2010-09-30": "", "2010-06-30": "", "2010-03-31": "", "2009-12-31": "", "2009-09-30": "", "2009-06-30": "", "2009-03-31": "", "2008-12-31": "", "2008-09-30": "", "2008-06-30": "", "2008-03-31": "", "2007-12-31": "", "2007-09-30": "", "2007-06-30": "", "2007-03-31": "", "2006-12-31": "", "2006-09-30": "", "2006-06-30": "", "2006-03-31": ""}, "Net Income": {"2020-09-30": "11.60000", "2020-06-30": "14.40000", "2020-03-31": "-2.10000", "2019-12-31": "5.00000", "2019-09-30": "0.80000", "2019-06-30": "1.40000", "2019-03-31": "4.40000", "2018-12-31": "9.90100", "2018-09-30": "1.65900", "2018-06-30": "-1.69100", "2018-03-31": "-6.56900", "2017-12-31": "-6.82900", "2017-09-30": "-2.22700", "2017-06-30": "-7.76700", "2017-03-31": "-9.97700", "2016-12-31": "-9.11900", "2016-09-30": "-3.08100", "2016-06-30": "-4.19800", "2016-03-31": "-12.48100", "2015-12-31": "-27.32700", "2015-09-30": "-18.92700", "2015-06-30": "-15.43200", "2015-03-31": "-11.83400", "2014-12-31": "-5.40000", "2014-09-30": "-10.84500", "2014-06-30": "-29.11100", "2014-03-31": "-6.14400", "2013-12-31": "-2.50000", "2013-09-30": "-21.29000", "2013-06-30": "-10.51900", "2013-03-31": "-10.66500", "2012-12-31": "-10.19400", "2012-09-30": "-12.41700", "2012-06-30": "-14.47600", "2012-03-31": "-14.78000", "2011-12-31": "-14.33700", "2011-09-30": "-13.56200", "2011-06-30": "-8.08400", "2011-03-31": "-9.84800", "2010-12-31": "-20.85700", "2010-09-30": "-12.10000", "2010-06-30": "-13.71100", "2010-03-31": "-14.49100", "2009-12-31": "-15.53800", "2009-09-30": "-16.92200", "2009-06-30": "-20.23900", "2009-03-31": "-19.64500", "2008-12-31": "-29.19700", "2008-09-30": "-21.66600", "2008-06-30": "-24.03400", "2008-03-31": "-19.87400", "2007-12-31": "-15.66800", "2007-09-30": "-13.63900", "2007-06-30": "-12.67200", "2007-03-31": "-11.56000", "2006-12-31": "-10.88000", "2006-09-30": "-9.41700", "2006-06-30": "-8.71300", "2006-03-31": "-7.16200"}, "EBITDA": {"2020-09-30": "34.70000", "2020-06-30": "37.40000", "2020-03-31": "16.40000", "2019-12-31": "27.20000", "2019-09-30": "24.80000", "2019-06-30": "13.50000", "2019-03-31": "12.40000", "2018-12-31": "20.55600", "2018-09-30": "10.98800", "2018-06-30": "7.93400", "2018-03-31": "3.52200", "2017-12-31": "2.58600", "2017-09-30": "5.87300", "2017-06-30": "0.02600", "2017-03-31": "-1.98500", "2016-12-31": "-0.77600", "2016-09-30": "6.04700", "2016-06-30": "2.13500", "2016-03-31": "-4.27700", "2015-12-31": "-8.18400", "2015-09-30": "-10.50300", "2015-06-30": "-10.37800", "2015-03-31": "-3.83300", "2014-12-31": "4.22300", "2014-09-30": "0.19200", "2014-06-30": "-2.25000", "2014-03-31": "1.18400", "2013-12-31": "3.15300", "2013-09-30": "-14.21700", "2013-06-30": "-2.96300", "2013-03-31": "-3.30200", "2012-12-31": "-3.14800", "2012-09-30": "-5.87700", "2012-06-30": "-7.86500", "2012-03-31": "-8.05100", "2011-12-31": "-7.69100", "2011-09-30": "-6.93200", "2011-06-30": "-13.23100", "2011-03-31": "-6.11000", "2010-12-31": "-14.10500", "2010-09-30": "-5.14100", "2010-06-30": "-6.80700", "2010-03-31": "-7.50300", "2009-12-31": "-9.13900", "2009-09-30": "-10.79900", "2009-06-30": "-13.48700", "2009-03-31": "-15.12700", "2008-12-31": "-24.68000", "2008-09-30": "-17.08400", "2008-06-30": "-19.91400", "2008-03-31": "-18.59600", "2007-12-31": "-14.66400", "2007-09-30": "-13.18900", "2007-06-30": "-11.17700", "2007-03-31": "-9.89200", "2006-12-31": "-8.43700", "2006-09-30": "-8.82900", "2006-06-30": "-8.35600", "2006-03-31": "-6.38300"}, "EBIT": {"2020-09-30": "23.80000", "2020-06-30": "27.50000", "2020-03-31": "7.50000", "2019-12-31": "18.10010", "2019-09-30": "17.00000", "2019-06-30": "7.60000", "2019-03-31": "7.30000", "2018-12-31": "16.21000", "2018-09-30": "6.86500", "2018-06-30": "4.32500", "2018-03-31": "", "2017-12-31": "-0.78100", "2017-09-30": "2.04700", "2017-06-30": "-3.35800", "2017-03-31": "-5.30800", "2016-12-31": "-4.13500", "2016-09-30": "2.41800", "2016-06-30": "-1.28800", "2016-03-31": "-7.69900", "2015-12-31": "-12.61600", "2015-09-30": "-14.79500", "2015-06-30": "-14.05900", "2015-03-31": "-7.26600", "2014-12-31": "1.16800", "2014-09-30": "-2.87600", "2014-06-30": "-5.28000", "2014-03-31": "-1.88600", "2013-12-31": "0.20600", "2013-09-30": "-17.31300", "2013-06-30": "-5.82200", "2013-03-31": "-6.20600", "2012-12-31": "-6.08600", "2012-09-30": "-8.47100", "2012-06-30": "-10.51900", "2012-03-31": "-10.89500", "2011-12-31": "-10.51100", "2011-09-30": "-9.76800", "2011-06-30": "-14.91500", "2011-03-31": "-7.27300", "2010-12-31": "-9.72500", "2010-09-30": "-8.27800", "2010-06-30": "-9.90000", "2010-03-31": "-10.73000", "2009-12-31": "-11.96200", "2009-09-30": "-13.48000", "2009-06-30": "-16.44500", "2009-03-31": "-17.47200", "2008-12-31": "-27.35700", "2008-09-30": "-19.83400", "2008-06-30": "-22.13900", "2008-03-31": "-20.01200", "2007-12-31": "-16.05300", "2007-09-30": "-14.58200", "2007-06-30": "-12.40900", "2007-03-31": "-10.79800", "2006-12-31": "-9.19900", "2006-09-30": "-9.53300", "2006-06-30": "-9.00700", "2006-03-31": "-6.90600"}, "Basic Shares Outstanding": {"2020-09-30": "65.71800", "2020-06-30": "64.37100", "2020-03-31": "62.88400", "2019-12-31": "60.59400", "2019-09-30": "60.74300", "2019-06-30": "59.84500", "2019-03-31": "59.35500", "2018-12-31": "58.86000", "2018-09-30": "59.01700", "2018-06-30": "58.83300", "2018-03-31": "58.48300", "2017-12-31": "58.00300", "2017-09-30": "58.01000", "2017-06-30": "57.97700", "2017-03-31": "57.69400", "2016-12-31": "57.25100", "2016-09-30": "57.34100", "2016-06-30": "57.19600", "2016-03-31": "57.03000", "2015-12-31": "56.78600", "2015-09-30": "56.89800", "2015-06-30": "56.80800", "2015-03-31": "56.49670", "2014-12-31": "55.62900", "2014-09-30": "55.81900", "2014-06-30": "55.42600", "2014-03-31": "55.08900", "2013-12-31": "54.01100", "2013-09-30": "54.45800", "2013-06-30": "53.83500", "2013-03-31": "53.05200", "2012-12-31": "47.92400", "2012-09-30": "48.04100", "2012-06-30": "47.82400", "2012-03-31": "47.60700", "2011-12-31": "46.69000", "2011-09-30": "47.32200", "2011-06-30": "46.37800", "2011-03-31": "45.58320", "2010-12-31": "39.60790", "2010-09-30": "40.15500", "2010-06-30": "38.28600", "2010-03-31": "37.88800", "2009-12-31": "29.72700", "2009-09-30": "28.00870", "2009-06-30": "27.86900", "2009-03-31": "27.80500", "2008-12-31": "27.61100", "2008-09-30": "27.71600", "2008-06-30": "27.56800", "2008-03-31": "27.39400", "2007-12-31": "16.68800", "2007-09-30": "26.32300", "2007-06-30": "12.79100", "2007-03-31": "0.48400", "2006-12-31": "0.36300", "2006-09-30": "0.35500", "2006-06-30": "0.35200", "2006-03-31": "0.34000"}, "Shares Outstanding": {"2020-09-30": "66.82800", "2020-06-30": "65.57900", "2020-03-31": "62.88400", "2019-12-31": "62.30400", "2019-09-30": "62.33600", "2019-06-30": "61.48600", "2019-03-31": "61.14800", "2018-12-31": "61.00800", "2018-09-30": "61.14600", "2018-06-30": "58.83300", "2018-03-31": "58.48300", "2017-12-31": "58.00300", "2017-09-30": "58.01000", "2017-06-30": "57.97700", "2017-03-31": "57.69400", "2016-12-31": "57.25100", "2016-09-30": "57.34100", "2016-06-30": "57.19600", "2016-03-31": "57.03000", "2015-12-31": "56.78600", "2015-09-30": "56.89800", "2015-06-30": "56.80800", "2015-03-31": "56.49670", "2014-12-31": "55.62900", "2014-09-30": "55.81900", "2014-06-30": "55.42600", "2014-03-31": "55.08900", "2013-12-31": "54.01100", "2013-09-30": "54.45800", "2013-06-30": "53.83500", "2013-03-31": "53.05200", "2012-12-31": "47.92400", "2012-09-30": "48.04100", "2012-06-30": "47.82400", "2012-03-31": "47.60700", "2011-12-31": "46.69000", "2011-09-30": "47.32200", "2011-06-30": "46.37800", "2011-03-31": "45.58320", "2010-12-31": "39.60790", "2010-09-30": "40.15500", "2010-06-30": "38.28600", "2010-03-31": "37.88800", "2009-12-31": "29.72700", "2009-09-30": "28.00870", "2009-06-30": "27.86900", "2009-03-31": "27.80500", "2008-12-31": "27.61100", "2008-09-30": "27.71600", "2008-06-30": "27.56800", "2008-03-31": "27.39400", "2007-12-31": "16.68800", "2007-09-30": "26.32300", "2007-06-30": "12.79100", "2007-03-31": "0.48400", "2006-12-31": "0.36300", "2006-09-30": "0.35500", "2006-06-30": "0.35200", "2006-03-31": "0.34000"}, "Basic EPS": {"2020-09-30": "0.18000", "2020-06-30": "0.22000", "2020-03-31": "-0.03000", "2019-12-31": "0.09000", "2019-09-30": "0.01000", "2019-06-30": "0.02000", "2019-03-31": "0.07000", "2018-12-31": "0.17000", "2018-09-30": "0.03000", "2018-06-30": "-0.03000", "2018-03-31": "-0.11000", "2017-12-31": "-0.12000", "2017-09-30": "-0.04000", "2017-06-30": "-0.13000", "2017-03-31": "-0.17000", "2016-12-31": "-0.13100", "2016-09-30": "-0.05000", "2016-06-30": "-0.08000", "2016-03-31": "-0.21900", "2015-12-31": "-0.47100", "2015-09-30": "-0.34000", "2015-06-30": "-0.27000", "2015-03-31": "-0.20900", "2014-12-31": "-0.09000", "2014-09-30": "-0.19000", "2014-06-30": "-0.53000", "2014-03-31": "-0.11000", "2013-12-31": "-0.04000", "2013-09-30": "-0.39000", "2013-06-30": "-0.20000", "2013-03-31": "-0.20000", "2012-12-31": "-0.21000", "2012-09-30": "-0.26000", "2012-06-30": "-0.30000", "2012-03-31": "-0.31000", "2011-12-31": "-0.30000", "2011-09-30": "-0.29000", "2011-06-30": "-0.17000", "2011-03-31": "-0.22000", "2010-12-31": "-0.50000", "2010-09-30": "-0.30000", "2010-06-30": "-0.36000", "2010-03-31": "-0.38000", "2009-12-31": "-0.39000", "2009-09-30": "-0.60000", "2009-06-30": "-0.73000", "2009-03-31": "-0.71000", "2008-12-31": "-1.05000", "2008-09-30": "-0.78000", "2008-06-30": "-0.87000", "2008-03-31": "-0.73000", "2007-12-31": "22.16000", "2007-09-30": "-0.52000", "2007-06-30": "-0.99000", "2007-03-31": "-23.86000", "2006-12-31": "-27.41000", "2006-09-30": "-26.48000", "2006-06-30": "-24.77000", "2006-03-31": "-21.06000"}, "EPS - Earnings Per Share": {"2020-09-30": "0.17000", "2020-06-30": "0.22000", "2020-03-31": "-0.03000", "2019-12-31": "0.09000", "2019-09-30": "0.01000", "2019-06-30": "0.02000", "2019-03-31": "0.07000", "2018-12-31": "0.16000", "2018-09-30": "0.03000", "2018-06-30": "-0.03000", "2018-03-31": "-0.11000", "2017-12-31": "-0.12000", "2017-09-30": "-0.04000", "2017-06-30": "-0.13000", "2017-03-31": "-0.17000", "2016-12-31": "-0.13100", "2016-09-30": "-0.05000", "2016-06-30": "-0.08000", "2016-03-31": "-0.21900", "2015-12-31": "-0.47100", "2015-09-30": "-0.34000", "2015-06-30": "-0.27000", "2015-03-31": "-0.20900", "2014-12-31": "-0.09000", "2014-09-30": "-0.19000", "2014-06-30": "-0.53000", "2014-03-31": "-0.11000", "2013-12-31": "-0.04000", "2013-09-30": "-0.39000", "2013-06-30": "-0.20000", "2013-03-31": "-0.20000", "2012-12-31": "-0.21000", "2012-09-30": "-0.26000", "2012-06-30": "-0.30000", "2012-03-31": "-0.31000", "2011-12-31": "-0.30000", "2011-09-30": "-0.29000", "2011-06-30": "-0.17000", "2011-03-31": "-0.22000", "2010-12-31": "-0.50000", "2010-09-30": "-0.30000", "2010-06-30": "-0.36000", "2010-03-31": "-0.38000", "2009-12-31": "-0.39000", "2009-09-30": "-0.60000", "2009-06-30": "-0.73000", "2009-03-31": "-0.71000", "2008-12-31": "-1.05000", "2008-09-30": "-0.78000", "2008-06-30": "-0.87000", "2008-03-31": "-0.73000", "2007-12-31": "22.16000", "2007-09-30": "-0.52000", "2007-06-30": "-0.99000", "2007-03-31": "-23.86000", "2006-12-31": "-27.41000", "2006-09-30": "-26.48000", "2006-06-30": "-24.77000", "2006-03-31": "-21.06000"}}, "balance sheet": {"Cash On Hand": {"2019-12-31": "376.10000", "2018-12-31": "288.90000", "2017-12-31": "440.05600", "2016-12-31": "298.57000", "2015-12-31": "122.67200", "2014-12-31": "151.19300", "2013-12-31": "149.72700", "2012-12-31": "57.29300", "2011-12-31": "93.95500", "2010-12-31": "113.27400", "2009-12-31": "127.99600", "2008-12-31": "56.66300", "2007-12-31": "94.58800", "2006-12-31": "33.23100", "2005-12-31": ""}, "Receivables": {"2019-12-31": "82.80000", "2018-12-31": "76.70000", "2017-12-31": "53.37300", "2016-12-31": "28.80300", "2015-12-31": "42.53000", "2014-12-31": "39.88200", "2013-12-31": "33.06700", "2012-12-31": "33.29400", "2011-12-31": "23.19000", "2010-12-31": "16.84100", "2009-12-31": "14.96200", "2008-12-31": "13.01000", "2007-12-31": "4.78300", "2006-12-31": "1.41700", "2005-12-31": ""}, "Inventory": {"2019-12-31": "101.00000", "2018-12-31": "71.40000", "2017-12-31": "33.79300", "2016-12-31": "35.51400", "2015-12-31": "12.02400", "2014-12-31": "13.09900", "2013-12-31": "9.46400", "2012-12-31": "14.86700", "2011-12-31": "11.83800", "2010-12-31": "11.43000", "2009-12-31": "10.08600", "2008-12-31": "16.87000", "2007-12-31": "7.99000", "2006-12-31": "3.39000", "2005-12-31": ""}, "Pre-Paid Expenses": {"2019-12-31": "31.10000", "2018-12-31": "24.30000", "2017-12-31": "9.94900", "2016-12-31": "7.07300", "2015-12-31": "4.28300", "2014-12-31": "4.02200", "2013-12-31": "5.94000", "2012-12-31": "4.48200", "2011-12-31": "3.65200", "2010-12-31": "0.91200", "2009-12-31": "1.26000", "2008-12-31": "1.95600", "2007-12-31": "1.39100", "2006-12-31": "1.82700", "2005-12-31": ""}, "Other Current Assets": {"2019-12-31": "", "2018-12-31": "", "2017-12-31": "", "2016-12-31": "", "2015-12-31": "", "2014-12-31": "", "2013-12-31": "", "2012-12-31": "", "2011-12-31": "", "2010-12-31": "", "2009-12-31": "", "2008-12-31": "", "2007-12-31": "", "2006-12-31": "", "2005-12-31": ""}, "Total Current Assets": {"2019-12-31": "591.00000", "2018-12-31": "461.30000", "2017-12-31": "537.17100", "2016-12-31": "369.96000", "2015-12-31": "190.76100", "2014-12-31": "208.19600", "2013-12-31": "198.19800", "2012-12-31": "109.93600", "2011-12-31": "132.63500", "2010-12-31": "142.45700", "2009-12-31": "154.30400", "2008-12-31": "88.49900", "2007-12-31": "108.75200", "2006-12-31": "39.86500", "2005-12-31": ""}, "Property, Plant, And Equipment": {"2019-12-31": "399.40000", "2018-12-31": "258.40000", "2017-12-31": "107.86400", "2016-12-31": "44.75300", "2015-12-31": "41.79300", "2014-12-31": "37.06900", "2013-12-31": "32.35600", "2012-12-31": "25.42200", "2011-12-31": "19.42200", "2010-12-31": "12.52200", "2009-12-31": "15.48200", "2008-12-31": "17.56400", "2007-12-31": "21.30400", "2006-12-31": "16.99900", "2005-12-31": ""}, "Long-Term Investments": {"2019-12-31": "58.40000", "2018-12-31": "140.80000", "2017-12-31": "125.54900", "2016-12-31": "", "2015-12-31": "", "2014-12-31": "", "2013-12-31": "", "2012-12-31": "", "2011-12-31": "", "2010-12-31": "", "2009-12-31": "", "2008-12-31": "", "2007-12-31": "", "2006-12-31": "", "2005-12-31": ""}, "Goodwill And Intangible Assets": {"2019-12-31": "53.00000", "2018-12-31": "50.00000", "2017-12-31": "44.19100", "2016-12-31": "41.71800", "2015-12-31": "40.54000", "2014-12-31": "51.60000", "2013-12-31": "55.57600", "2012-12-31": "60.49900", "2011-12-31": "66.53800", "2010-12-31": "", "2009-12-31": "", "2008-12-31": "", "2007-12-31": "", "2006-12-31": "", "2005-12-31": ""}, "Other Long-Term Assets": {"2019-12-31": "41.10000", "2018-12-31": "18.20000", "2017-12-31": "1.96900", "2016-12-31": "0.21600", "2015-12-31": "0.07600", "2014-12-31": "0.31700", "2013-12-31": "1.82500", "2012-12-31": "2.20200", "2011-12-31": "2.72700", "2010-12-31": "1.25400", "2009-12-31": "3.07200", "2008-12-31": "2.17000", "2007-12-31": "0.68500", "2006-12-31": "0.27600", "2005-12-31": ""}, "Total Long-Term Assets": {"2019-12-31": "551.90000", "2018-12-31": "467.40000", "2017-12-31": "279.57300", "2016-12-31": "86.68700", "2015-12-31": "84.36500", "2014-12-31": "88.98600", "2013-12-31": "89.75700", "2012-12-31": "88.12300", "2011-12-31": "88.68700", "2010-12-31": "13.77600", "2009-12-31": "18.55400", "2008-12-31": "19.73400", "2007-12-31": "21.98900", "2006-12-31": "17.27500", "2005-12-31": ""}, "Total Assets": {"2019-12-31": "1142.90000", "2018-12-31": "928.70000", "2017-12-31": "816.74400", "2016-12-31": "456.64700", "2015-12-31": "275.12600", "2014-12-31": "297.18200", "2013-12-31": "287.95500", "2012-12-31": "198.05900", "2011-12-31": "221.32200", "2010-12-31": "156.23300", "2009-12-31": "172.85800", "2008-12-31": "108.23300", "2007-12-31": "130.74100", "2006-12-31": "57.14000", "2005-12-31": "0.00000"}, "Total Current Liabilities": {"2019-12-31": "157.70000", "2018-12-31": "115.70000", "2017-12-31": "86.02500", "2016-12-31": "55.69700", "2015-12-31": "65.15600", "2014-12-31": "44.29600", "2013-12-31": "42.37400", "2012-12-31": "48.28600", "2011-12-31": "27.99500", "2010-12-31": "18.95000", "2009-12-31": "19.81300", "2008-12-31": "16.96800", "2007-12-31": "21.02900", "2006-12-31": "39.08000", "2005-12-31": ""}, "Long Term Debt": {"2019-12-31": "887.90000", "2018-12-31": "592.00000", "2017-12-31": "566.17300", "2016-12-31": "332.76800", "2015-12-31": "171.96700", "2014-12-31": "166.28300", "2013-12-31": "119.04100", "2012-12-31": "103.73000", "2011-12-31": "108.54000", "2010-12-31": "69.43300", "2009-12-31": "89.13600", "2008-12-31": "60.17200", "2007-12-31": "16.00600", "2006-12-31": "", "2005-12-31": ""}, "Other Non-Current Liabilities": {"2019-12-31": "21.40000", "2018-12-31": "8.90000", "2017-12-31": "6.03000", "2016-12-31": "5.03200", "2015-12-31": "3.95200", "2014-12-31": "2.77400", "2013-12-31": "1.94300", "2012-12-31": "1.86700", "2011-12-31": "2.05200", "2010-12-31": "1.61900", "2009-12-31": "1.99900", "2008-12-31": "2.98700", "2007-12-31": "1.43100", "2006-12-31": "0.31600", "2005-12-31": ""}, "Total Long Term Liabilities": {"2019-12-31": "909.30000", "2018-12-31": "600.90000", "2017-12-31": "572.20300", "2016-12-31": "337.80000", "2015-12-31": "175.91900", "2014-12-31": "169.05700", "2013-12-31": "120.98400", "2012-12-31": "105.59700", "2011-12-31": "110.59200", "2010-12-31": "71.05200", "2009-12-31": "91.13500", "2008-12-31": "63.15900", "2007-12-31": "17.43700", "2006-12-31": "0.31600", "2005-12-31": ""}, "Total Liabilities": {"2019-12-31": "1067.00000", "2018-12-31": "716.60000", "2017-12-31": "658.22800", "2016-12-31": "393.49700", "2015-12-31": "241.07500", "2014-12-31": "213.35300", "2013-12-31": "163.35800", "2012-12-31": "153.88300", "2011-12-31": "138.58700", "2010-12-31": "90.00200", "2009-12-31": "110.94800", "2008-12-31": "80.12700", "2007-12-31": "38.46600", "2006-12-31": "39.39600", "2005-12-31": ""}, "Common Stock Net": {"2019-12-31": "0.10000", "2018-12-31": "0.10000", "2017-12-31": "0.05800", "2016-12-31": "0.05700", "2015-12-31": "0.05700", "2014-12-31": "0.05600", "2013-12-31": "0.05500", "2012-12-31": "0.04800", "2011-12-31": "0.04800", "2010-12-31": "0.04500", "2009-12-31": "0.03900", "2008-12-31": "0.02900", "2007-12-31": "0.02800", "2006-12-31": "0.00100", "2005-12-31": ""}, "Retained Earnings (Accumulated Deficit)": {"2019-12-31": "-672.00000", "2018-12-31": "-683.60000", "2017-12-31": "-707.25500", "2016-12-31": "-680.42400", "2015-12-31": "-651.54500", "2014-12-31": "-578.02500", "2013-12-31": "-526.52500", "2012-12-31": "-481.55100", "2011-12-31": "-429.68400", "2010-12-31": "-383.85300", "2009-12-31": "-322.69400", "2008-12-31": "-250.35000", "2007-12-31": "-155.57900", "2006-12-31": "-102.04000", "2005-12-31": ""}, "Comprehensive Income": {"2019-12-31": "-1.20000", "2018-12-31": "-2.90000", "2017-12-31": "-0.49300", "2016-12-31": "-0.72600", "2015-12-31": "-0.65400", "2014-12-31": "-0.01300", "2013-12-31": "", "2012-12-31": "", "2011-12-31": "", "2010-12-31": "", "2009-12-31": "", "2008-12-31": "", "2007-12-31": "", "2006-12-31": "", "2005-12-31": ""}, "Other Share Holders Equity": {"2019-12-31": "", "2018-12-31": "", "2017-12-31": "", "2016-12-31": "", "2015-12-31": "", "2014-12-31": "", "2013-12-31": "", "2012-12-31": "", "2011-12-31": "", "2010-12-31": "", "2009-12-31": "", "2008-12-31": "", "2007-12-31": "-0.00900", "2006-12-31": "-0.01900", "2005-12-31": ""}, "Share Holder Equity": {"2019-12-31": "75.90000", "2018-12-31": "212.10000", "2017-12-31": "158.51600", "2016-12-31": "63.15000", "2015-12-31": "34.05100", "2014-12-31": "83.82900", "2013-12-31": "124.59700", "2012-12-31": "44.17600", "2011-12-31": "82.73500", "2010-12-31": "66.23100", "2009-12-31": "61.91000", "2008-12-31": "28.10600", "2007-12-31": "92.27500", "2006-12-31": "17.74400", "2005-12-31": ""}, "Total Liabilities And Share Holders Equity": {"2019-12-31": "1142.90000", "2018-12-31": "928.70000", "2017-12-31": "816.74400", "2016-12-31": "456.64700", "2015-12-31": "275.12600", "2014-12-31": "297.18200", "2013-12-31": "287.95500", "2012-12-31": "198.05900", "2011-12-31": "221.32200", "2010-12-31": "156.23300", "2009-12-31": "172.85800", "2008-12-31": "108.23300", "2007-12-31": "130.74100", "2006-12-31": "57.14000", "2005-12-31": ""}}, "balance sheet, quarterly": {"Cash On Hand": {"2020-09-30": "896.70000", "2020-06-30": "844.40000", "2020-03-31": "321.60000", "2019-12-31": "376.10000", "2019-09-30": "605.50400", "2019-06-30": "309.74800", "2019-03-31": "316.37400", "2018-12-31": "288.90000", "2018-09-30": "289.84400", "2018-06-30": "299.79200", "2018-03-31": "351.99900", "2017-12-31": "440.05600", "2017-09-30": "275.75600", "2017-06-30": "258.60500", "2017-03-31": "254.02800", "2016-12-31": "298.57000", "2016-09-30": "282.69500", "2016-06-30": "111.26600", "2016-03-31": "111.63500", "2015-12-31": "122.67200", "2015-09-30": "145.46700", "2015-06-30": "145.13700", "2015-03-31": "145.60800", "2014-12-31": "151.19300", "2014-09-30": "146.37200", "2014-06-30": "175.54500", "2014-03-31": "145.61400", "2013-12-31": "149.72700", "2013-09-30": "153.90500", "2013-06-30": "150.94400", "2013-03-31": "148.06500", "2012-12-31": "57.29300", "2012-09-30": "63.44300", "2012-06-30": "70.14400", "2012-03-31": "83.00600", "2011-12-31": "93.95500", "2011-09-30": "103.81200", "2011-06-30": "106.74600", "2011-03-31": "104.48800", "2010-12-31": "113.27400", "2010-09-30": "103.91800", "2010-06-30": "118.07100", "2010-03-31": "118.33800", "2009-12-31": "127.99600", "2009-09-30": "72.69400", "2009-06-30": "52.36200", "2009-03-31": "68.16400", "2008-12-31": "56.66300", "2008-09-30": "74.13400", "2008-06-30": "99.10800", "2008-03-31": "73.03500", "2007-12-31": "94.58800", "2007-09-30": "104.21300", "2007-06-30": "119.81800", "2007-03-31": "19.07600", "2006-12-31": "33.23100", "2006-09-30": "", "2006-06-30": "", "2006-03-31": ""}, "Receivables": {"2020-09-30": "85.40000", "2020-06-30": "78.00000", "2020-03-31": "80.10000", "2019-12-31": "69.30000", "2019-09-30": "77.53700", "2019-06-30": "78.73900", "2019-03-31": "78.15800", "2018-12-31": "76.70000", "2018-09-30": "79.91300", "2018-06-30": "63.63400", "2018-03-31": "55.82900", "2017-12-31": "53.37300", "2017-09-30": "47.17300", "2017-06-30": "37.75300", "2017-03-31": "40.64800", "2016-12-31": "28.80300", "2016-09-30": "38.54800", "2016-06-30": "38.70000", "2016-03-31": "40.47400", "2015-12-31": "42.53000", "2015-09-30": "31.80300", "2015-06-30": "31.82600", "2015-03-31": "36.09300", "2014-12-31": "39.88200", "2014-09-30": "47.14500", "2014-06-30": "41.79700", "2014-03-31": "36.67900", "2013-12-31": "33.06700", "2013-09-30": "34.46500", "2013-06-30": "33.65000", "2013-03-31": "31.11000", "2012-12-31": "33.29400", "2012-09-30": "30.14500", "2012-06-30": "25.59100", "2012-03-31": "26.19700", "2011-12-31": "23.19000", "2011-09-30": "17.26900", "2011-06-30": "20.36100", "2011-03-31": "15.00900", "2010-12-31": "16.84100", "2010-09-30": "15.44200", "2010-06-30": "15.80100", "2010-03-31": "15.20600", "2009-12-31": "14.96200", "2009-09-30": "16.35700", "2009-06-30": "15.50900", "2009-03-31": "13.29100", "2008-12-31": "13.01000", "2008-09-30": "11.84200", "2008-06-30": "9.76000", "2008-03-31": "7.22300", "2007-12-31": "4.78300", "2007-09-30": "3.34300", "2007-06-30": "2.63300", "2007-03-31": "2.11800", "2006-12-31": "1.41700", "2006-09-30": "", "2006-06-30": "", "2006-03-31": ""}, "Inventory": {"2020-09-30": "124.90000", "2020-06-30": "103.70000", "2020-03-31": "95.70000", "2019-12-31": "101.00000", "2019-09-30": "90.20700", "2019-06-30": "85.10900", "2019-03-31": "73.82200", "2018-12-31": "71.40000", "2018-09-30": "58.05000", "2018-06-30": "40.80800", "2018-03-31": "26.33400", "2017-12-31": "33.79300", "2017-09-30": "35.05400", "2017-06-30": "33.95600", "2017-03-31": "34.33300", "2016-12-31": "35.51400", "2016-09-30": "32.66300", "2016-06-30": "24.48600", "2016-03-31": "14.02400", "2015-12-31": "12.02400", "2015-09-30": "13.01900", "2015-06-30": "23.43500", "2015-03-31": "20.06500", "2014-12-31": "13.09900", "2014-09-30": "9.66200", "2014-06-30": "8.76500", "2014-03-31": "10.44900", "2013-12-31": "9.46400", "2013-09-30": "5.39500", "2013-06-30": "5.97900", "2013-03-31": "9.19900", "2012-12-31": "14.86700", "2012-09-30": "15.08900", "2012-06-30": "16.42600", "2012-03-31": "14.70300", "2011-12-31": "11.83800", "2011-09-30": "13.12300", "2011-06-30": "15.95700", "2011-03-31": "12.19900", "2010-12-31": "11.43000", "2010-09-30": "12.90900", "2010-06-30": "10.23100", "2010-03-31": "6.60000", "2009-12-31": "10.08600", "2009-09-30": "9.17500", "2009-06-30": "10.40900", "2009-03-31": "15.14700", "2008-12-31": "16.87000", "2008-09-30": "16.46700", "2008-06-30": "13.33600", "2008-03-31": "7.50600", "2007-12-31": "7.99000", "2007-09-30": "4.57200", "2007-06-30": "4.12900", "2007-03-31": "4.25600", "2006-12-31": "3.39000", "2006-09-30": "", "2006-06-30": "", "2006-03-31": ""}, "Pre-Paid Expenses": {"2020-09-30": "53.40000", "2020-06-30": "59.60000", "2020-03-31": "43.90000", "2019-12-31": "44.60000", "2019-09-30": "20.65300", "2019-06-30": "25.21100", "2019-03-31": "28.02800", "2018-12-31": "24.30000", "2018-09-30": "17.90500", "2018-06-30": "17.55900", "2018-03-31": "17.44900", "2017-12-31": "9.94900", "2017-09-30": "8.03700", "2017-06-30": "8.43100", "2017-03-31": "8.15900", "2016-12-31": "7.07300", "2016-09-30": "7.90100", "2016-06-30": "6.83800", "2016-03-31": "5.71200", "2015-12-31": "4.28300", "2015-09-30": "4.04900", "2015-06-30": "3.43100", "2015-03-31": "3.66100", "2014-12-31": "4.02200", "2014-09-30": "3.43400", "2014-06-30": "5.72500", "2014-03-31": "7.11500", "2013-12-31": "5.94000", "2013-09-30": "5.92100", "2013-06-30": "6.55600", "2013-03-31": "6.38300", "2012-12-31": "4.48200", "2012-09-30": "5.56700", "2012-06-30": "4.30400", "2012-03-31": "4.31300", "2011-12-31": "3.65200", "2011-09-30": "3.65300", "2011-06-30": "4.77000", "2011-03-31": "1.84100", "2010-12-31": "0.91200", "2010-09-30": "1.05900", "2010-06-30": "1.49900", "2010-03-31": "2.02900", "2009-12-31": "1.26000", "2009-09-30": "1.56500", "2009-06-30": "2.10000", "2009-03-31": "3.38500", "2008-12-31": "1.95600", "2008-09-30": "3.52100", "2008-06-30": "2.74800", "2008-03-31": "2.84300", "2007-12-31": "1.39100", "2007-09-30": "1.76300", "2007-06-30": "1.24800", "2007-03-31": "1.79700", "2006-12-31": "1.82700", "2006-09-30": "", "2006-06-30": "", "2006-03-31": ""}, "Other Current Assets": {"2020-09-30": "", "2020-06-30": "", "2020-03-31": "", "2019-12-31": "", "2019-09-30": "", "2019-06-30": "", "2019-03-31": "", "2018-12-31": "", "2018-09-30": "", "2018-06-30": "", "2018-03-31": "", "2017-12-31": "", "2017-09-30": "", "2017-06-30": "", "2017-03-31": "", "2016-12-31": "", "2016-09-30": "", "2016-06-30": "", "2016-03-31": "", "2015-12-31": "", "2015-09-30": "", "2015-06-30": "", "2015-03-31": "", "2014-12-31": "", "2014-09-30": "", "2014-06-30": "", "2014-03-31": "", "2013-12-31": "", "2013-09-30": "", "2013-06-30": "", "2013-03-31": "", "2012-12-31": "", "2012-09-30": "", "2012-06-30": "", "2012-03-31": "", "2011-12-31": "", "2011-09-30": "", "2011-06-30": "", "2011-03-31": "", "2010-12-31": "", "2010-09-30": "", "2010-06-30": "", "2010-03-31": "", "2009-12-31": "", "2009-09-30": "", "2009-06-30": "", "2009-03-31": "", "2008-12-31": "", "2008-09-30": "", "2008-06-30": "", "2008-03-31": "", "2007-12-31": "", "2007-09-30": "", "2007-06-30": "", "2007-03-31": "", "2006-12-31": "", "2006-09-30": "", "2006-06-30": "", "2006-03-31": ""}, "Total Current Assets": {"2020-09-30": "1160.40000", "2020-06-30": "1085.70000", "2020-03-31": "541.30000", "2019-12-31": "591.00000", "2019-09-30": "793.90100", "2019-06-30": "498.80700", "2019-03-31": "496.38200", "2018-12-31": "461.30000", "2018-09-30": "445.71200", "2018-06-30": "421.79300", "2018-03-31": "451.61100", "2017-12-31": "537.17100", "2017-09-30": "366.02000", "2017-06-30": "338.74500", "2017-03-31": "337.16800", "2016-12-31": "369.96000", "2016-09-30": "361.80700", "2016-06-30": "181.29000", "2016-03-31": "171.84500", "2015-12-31": "190.76100", "2015-09-30": "194.33800", "2015-06-30": "203.82900", "2015-03-31": "205.42700", "2014-12-31": "208.19600", "2014-09-30": "206.61300", "2014-06-30": "231.83200", "2014-03-31": "199.85700", "2013-12-31": "198.19800", "2013-09-30": "199.68600", "2013-06-30": "197.12900", "2013-03-31": "194.75700", "2012-12-31": "109.93600", "2012-09-30": "114.24400", "2012-06-30": "116.46500", "2012-03-31": "128.21900", "2011-12-31": "132.63500", "2011-09-30": "137.85700", "2011-06-30": "147.83400", "2011-03-31": "133.53700", "2010-12-31": "142.45700", "2010-09-30": "133.32800", "2010-06-30": "145.60200", "2010-03-31": "142.17300", "2009-12-31": "154.30400", "2009-09-30": "99.79100", "2009-06-30": "80.38000", "2009-03-31": "99.98700", "2008-12-31": "88.49900", "2008-09-30": "105.96400", "2008-06-30": "124.95200", "2008-03-31": "90.60700", "2007-12-31": "108.75200", "2007-09-30": "113.89100", "2007-06-30": "127.82800", "2007-03-31": "27.24700", "2006-12-31": "39.86500", "2006-09-30": "", "2006-06-30": "", "2006-03-31": ""}, "Property, Plant, And Equipment": {"2020-09-30": "449.20000", "2020-06-30": "423.20000", "2020-03-31": "412.40000", "2019-12-31": "399.40000", "2019-09-30": "355.86500", "2019-06-30": "334.02500", "2019-03-31": "299.60500", "2018-12-31": "258.40000", "2018-09-30": "229.43300", "2018-06-30": "197.56400", "2018-03-31": "153.02900", "2017-12-31": "107.86400", "2017-09-30": "88.49100", "2017-06-30": "75.87800", "2017-03-31": "65.27900", "2016-12-31": "44.75300", "2016-09-30": "50.91100", "2016-06-30": "41.13100", "2016-03-31": "41.69500", "2015-12-31": "41.79300", "2015-09-30": "41.53600", "2015-06-30": "42.04000", "2015-03-31": "44.61200", "2014-12-31": "37.06900", "2014-09-30": "36.58200", "2014-06-30": "34.15900", "2014-03-31": "32.55600", "2013-12-31": "32.35600", "2013-09-30": "31.39900", "2013-06-30": "29.33400", "2013-03-31": "24.98200", "2012-12-31": "25.42200", "2012-09-30": "24.91000", "2012-06-30": "21.42200", "2012-03-31": "19.94700", "2011-12-31": "19.42200", "2011-09-30": "18.29500", "2011-06-30": "16.12500", "2011-03-31": "14.25600", "2010-12-31": "12.52200", "2010-09-30": "14.14700", "2010-06-30": "13.75100", "2010-03-31": "15.13400", "2009-12-31": "15.48200", "2009-09-30": "15.53100", "2009-06-30": "15.68900", "2009-03-31": "16.42300", "2008-12-31": "17.56400", "2008-09-30": "26.08000", "2008-06-30": "26.24400", "2008-03-31": "25.22500", "2007-12-31": "21.30400", "2007-09-30": "20.96000", "2007-06-30": "20.49000", "2007-03-31": "18.48400", "2006-12-31": "16.99900", "2006-09-30": "", "2006-06-30": "", "2006-03-31": ""}, "Long-Term Investments": {"2020-09-30": "0.50000", "2020-06-30": "23.50000", "2020-03-31": "60.80000", "2019-12-31": "58.40000", "2019-09-30": "31.00600", "2019-06-30": "62.67700", "2019-03-31": "76.78900", "2018-12-31": "140.80000", "2018-09-30": "145.53900", "2018-06-30": "156.06000", "2018-03-31": "164.11700", "2017-12-31": "125.54900", "2017-09-30": "", "2017-06-30": "", "2017-03-31": "", "2016-12-31": "", "2016-09-30": "", "2016-06-30": "", "2016-03-31": "", "2015-12-31": "", "2015-09-30": "", "2015-06-30": "", "2015-03-31": "", "2014-12-31": "", "2014-09-30": "", "2014-06-30": "", "2014-03-31": "", "2013-12-31": "", "2013-09-30": "", "2013-06-30": "", "2013-03-31": "", "2012-12-31": "", "2012-09-30": "", "2012-06-30": "", "2012-03-31": "", "2011-12-31": "", "2011-09-30": "", "2011-06-30": "", "2011-03-31": "", "2010-12-31": "", "2010-09-30": "", "2010-06-30": "", "2010-03-31": "", "2009-12-31": "", "2009-09-30": "", "2009-06-30": "", "2009-03-31": "", "2008-12-31": "", "2008-09-30": "", "2008-06-30": "", "2008-03-31": "", "2007-12-31": "", "2007-09-30": "", "2007-06-30": "", "2007-03-31": "", "2006-12-31": "", "2006-09-30": "", "2006-06-30": "", "2006-03-31": ""}, "Goodwill And Intangible Assets": {"2020-09-30": "50.10000", "2020-06-30": "50.50000", "2020-03-31": "52.00000", "2019-12-31": "53.00000", "2019-09-30": "52.54700", "2019-06-30": "52.77900", "2019-03-31": "51.17800", "2018-12-31": "50.00000", "2018-09-30": "47.56500", "2018-06-30": "45.47800", "2018-03-31": "44.34300", "2017-12-31": "44.19100", "2017-09-30": "44.22300", "2017-06-30": "43.14500", "2017-03-31": "41.90500", "2016-12-31": "41.71800", "2016-09-30": "40.38100", "2016-06-30": "40.53600", "2016-03-31": "40.64600", "2015-12-31": "40.54000", "2015-09-30": "52.86200", "2015-06-30": "49.83700", "2015-03-31": "50.69100", "2014-12-31": "51.60000", "2014-09-30": "52.50900", "2014-06-30": "53.41800", "2014-03-31": "54.46300", "2013-12-31": "55.57600", "2013-09-30": "56.69000", "2013-06-30": "57.80300", "2013-03-31": "59.10400", "2012-12-31": "60.49900", "2012-09-30": "61.89400", "2012-06-30": "63.28900", "2012-03-31": "64.86800", "2011-12-31": "66.53800", "2011-09-30": "56.83700", "2011-06-30": "59.12700", "2011-03-31": "", "2010-12-31": "", "2010-09-30": "", "2010-06-30": "", "2010-03-31": "", "2009-12-31": "", "2009-09-30": "", "2009-06-30": "", "2009-03-31": "", "2008-12-31": "", "2008-09-30": "", "2008-06-30": "", "2008-03-31": "", "2007-12-31": "", "2007-09-30": "", "2007-06-30": "", "2007-03-31": "", "2006-12-31": "", "2006-09-30": "", "2006-06-30": "", "2006-03-31": ""}, "Other Long-Term Assets": {"2020-09-30": "50.40000", "2020-06-30": "43.80000", "2020-03-31": "41.70000", "2019-12-31": "41.10000", "2019-09-30": "35.07100", "2019-06-30": "29.43500", "2019-03-31": "28.65800", "2018-12-31": "18.20000", "2018-09-30": "18.05700", "2018-06-30": "17.96100", "2018-03-31": "16.66300", "2017-12-31": "1.96900", "2017-09-30": "1.61400", "2017-06-30": "1.55900", "2017-03-31": "0.60500", "2016-12-31": "0.21600", "2016-09-30": "0.09800", "2016-06-30": "0.08800", "2016-03-31": "0.58800", "2015-12-31": "0.07600", "2015-09-30": "4.38400", "2015-06-30": "4.68700", "2015-03-31": "4.98600", "2014-12-31": "0.31700", "2014-09-30": "5.49300", "2014-06-30": "5.91900", "2014-03-31": "1.65200", "2013-12-31": "1.82500", "2013-09-30": "1.72100", "2013-06-30": "1.88600", "2013-03-31": "2.05600", "2012-12-31": "2.20200", "2012-09-30": "2.33300", "2012-06-30": "2.50300", "2012-03-31": "2.64700", "2011-12-31": "2.72700", "2011-09-30": "2.79100", "2011-06-30": "3.10400", "2011-03-31": "1.13300", "2010-12-31": "1.25400", "2010-09-30": "2.37900", "2010-06-30": "2.63700", "2010-03-31": "1.73000", "2009-12-31": "3.07200", "2009-09-30": "1.80600", "2009-06-30": "3.24400", "2009-03-31": "3.44200", "2008-12-31": "2.17000", "2008-09-30": "3.28800", "2008-06-30": "3.37700", "2008-03-31": "0.63500", "2007-12-31": "0.68500", "2007-09-30": "0.75400", "2007-06-30": "0.82200", "2007-03-31": "1.95100", "2006-12-31": "0.27600", "2006-09-30": "", "2006-06-30": "", "2006-03-31": ""}, "Total Long-Term Assets": {"2020-09-30": "550.20000", "2020-06-30": "541.00000", "2020-03-31": "566.90000", "2019-12-31": "551.90000", "2019-09-30": "474.48900", "2019-06-30": "478.91600", "2019-03-31": "456.23000", "2018-12-31": "467.40000", "2018-09-30": "440.59400", "2018-06-30": "417.06300", "2018-03-31": "378.15200", "2017-12-31": "279.57300", "2017-09-30": "134.32800", "2017-06-30": "120.58200", "2017-03-31": "107.78900", "2016-12-31": "86.68700", "2016-09-30": "91.39000", "2016-06-30": "81.75500", "2016-03-31": "82.92900", "2015-12-31": "84.36500", "2015-09-30": "98.78200", "2015-06-30": "96.56400", "2015-03-31": "100.28900", "2014-12-31": "88.98600", "2014-09-30": "94.58400", "2014-06-30": "93.49600", "2014-03-31": "88.67100", "2013-12-31": "89.75700", "2013-09-30": "89.81000", "2013-06-30": "89.02300", "2013-03-31": "86.14200", "2012-12-31": "88.12300", "2012-09-30": "89.13700", "2012-06-30": "87.21400", "2012-03-31": "87.46200", "2011-12-31": "88.68700", "2011-09-30": "77.92300", "2011-06-30": "78.35600", "2011-03-31": "15.38900", "2010-12-31": "13.77600", "2010-09-30": "16.52600", "2010-06-30": "16.38800", "2010-03-31": "16.86400", "2009-12-31": "18.55400", "2009-09-30": "17.33700", "2009-06-30": "18.93300", "2009-03-31": "19.86500", "2008-12-31": "19.73400", "2008-09-30": "29.36800", "2008-06-30": "29.62100", "2008-03-31": "25.86000", "2007-12-31": "21.98900", "2007-09-30": "21.71400", "2007-06-30": "21.31200", "2007-03-31": "20.43500", "2006-12-31": "17.27500", "2006-09-30": "", "2006-06-30": "", "2006-03-31": ""}, "Total Assets": {"2020-09-30": "1710.60000", "2020-06-30": "1626.70000", "2020-03-31": "1108.20000", "2019-12-31": "1142.90000", "2019-09-30": "1268.39000", "2019-06-30": "977.72300", "2019-03-31": "952.61200", "2018-12-31": "928.70000", "2018-09-30": "886.30600", "2018-06-30": "838.85600", "2018-03-31": "829.76300", "2017-12-31": "816.74400", "2017-09-30": "500.34800", "2017-06-30": "459.32700", "2017-03-31": "444.95700", "2016-12-31": "456.64700", "2016-09-30": "453.19700", "2016-06-30": "263.04500", "2016-03-31": "254.77400", "2015-12-31": "275.12600", "2015-09-30": "293.12000", "2015-06-30": "300.39300", "2015-03-31": "305.71600", "2014-12-31": "297.18200", "2014-09-30": "301.19700", "2014-06-30": "325.32800", "2014-03-31": "288.52800", "2013-12-31": "287.95500", "2013-09-30": "289.49600", "2013-06-30": "286.15200", "2013-03-31": "280.89900", "2012-12-31": "198.05900", "2012-09-30": "203.38100", "2012-06-30": "203.67900", "2012-03-31": "215.68100", "2011-12-31": "221.32200", "2011-09-30": "215.78000", "2011-06-30": "226.19000", "2011-03-31": "148.92600", "2010-12-31": "156.23300", "2010-09-30": "149.85400", "2010-06-30": "161.99000", "2010-03-31": "159.03700", "2009-12-31": "172.85800", "2009-09-30": "117.12800", "2009-06-30": "99.31300", "2009-03-31": "119.85200", "2008-12-31": "108.23300", "2008-09-30": "135.33200", "2008-06-30": "154.57300", "2008-03-31": "116.46700", "2007-12-31": "130.74100", "2007-09-30": "135.60500", "2007-06-30": "149.14000", "2007-03-31": "47.68200", "2006-12-31": "57.14000", "2006-09-30": "0.00000", "2006-06-30": "0.00000", "2006-03-31": "0.00000"}, "Total Current Liabilities": {"2020-09-30": "175.20000", "2020-06-30": "134.40000", "2020-03-31": "130.40000", "2019-12-31": "157.70000", "2019-09-30": "113.28200", "2019-06-30": "105.77300", "2019-03-31": "113.97300", "2018-12-31": "115.70000", "2018-09-30": "97.22400", "2018-06-30": "76.10900", "2018-03-31": "82.41400", "2017-12-31": "86.02500", "2017-09-30": "74.94000", "2017-06-30": "48.01800", "2017-03-31": "39.37900", "2016-12-31": "55.69700", "2016-09-30": "54.25200", "2016-06-30": "55.18100", "2016-03-31": "49.77500", "2015-12-31": "65.15600", "2015-09-30": "59.43700", "2015-06-30": "52.68200", "2015-03-31": "47.37600", "2014-12-31": "44.29600", "2014-09-30": "47.76400", "2014-06-30": "71.19900", "2014-03-31": "43.11800", "2013-12-31": "42.37400", "2013-09-30": "48.29400", "2013-06-30": "33.85300", "2013-03-31": "42.98000", "2012-12-31": "48.28600", "2012-09-30": "49.34200", "2012-06-30": "43.14000", "2012-03-31": "32.58000", "2011-12-31": "27.99500", "2011-09-30": "24.76100", "2011-06-30": "26.61100", "2011-03-31": "16.79700", "2010-12-31": "18.95000", "2010-09-30": "20.44200", "2010-06-30": "23.76000", "2010-03-31": "17.93200", "2009-12-31": "19.81300", "2009-09-30": "18.21700", "2009-06-30": "16.78300", "2009-03-31": "19.79000", "2008-12-31": "16.96800", "2008-09-30": "15.82300", "2008-06-30": "15.53400", "2008-03-31": "25.94400", "2007-12-31": "21.02900", "2007-09-30": "19.30600", "2007-06-30": "17.04500", "2007-03-31": "40.93100", "2006-12-31": "39.08000", "2006-09-30": "", "2006-06-30": "", "2006-03-31": ""}, "Long Term Debt": {"2020-09-30": "921.50000", "2020-06-30": "910.20000", "2020-03-31": "899.00000", "2019-12-31": "887.90000", "2019-09-30": "985.77100", "2019-06-30": "607.35100", "2019-03-31": "599.60100", "2018-12-31": "592.00000", "2018-09-30": "584.48500", "2018-06-30": "577.11900", "2018-03-31": "569.87700", "2017-12-31": "566.17300", "2017-09-30": "344.95300", "2017-06-30": "340.83600", "2017-03-31": "336.76200", "2016-12-31": "332.76800", "2016-09-30": "328.96200", "2016-06-30": "175.69000", "2016-03-31": "173.68100", "2015-12-31": "171.96700", "2015-09-30": "174.93100", "2015-06-30": "174.53500", "2015-03-31": "174.56000", "2014-12-31": "166.28300", "2014-09-30": "170.51300", "2014-06-30": "174.72400", "2014-03-31": "120.93400", "2013-12-31": "119.04100", "2013-09-30": "117.20900", "2013-06-30": "111.71800", "2013-03-31": "106.18600", "2012-12-31": "103.73000", "2012-09-30": "101.51700", "2012-06-30": "99.38200", "2012-03-31": "110.84400", "2011-12-31": "108.54000", "2011-09-30": "106.31900", "2011-06-30": "104.17700", "2011-03-31": "70.85700", "2010-12-31": "69.43300", "2010-09-30": "94.17900", "2010-06-30": "92.29200", "2010-03-31": "98.21700", "2009-12-31": "89.13600", "2009-09-30": "95.90200", "2009-06-30": "83.07900", "2009-03-31": "81.44600", "2008-12-31": "60.17200", "2008-09-30": "85.00000", "2008-06-30": "85.00000", "2008-03-31": "13.33800", "2007-12-31": "16.00600", "2007-09-30": "18.67300", "2007-06-30": "21.34100", "2007-03-31": "", "2006-12-31": "", "2006-09-30": "", "2006-06-30": "", "2006-03-31": ""}, "Other Non-Current Liabilities": {"2020-09-30": "18.90000", "2020-06-30": "18.80000", "2020-03-31": "19.80000", "2019-12-31": "21.40000", "2019-09-30": "18.76900", "2019-06-30": "14.81900", "2019-03-31": "15.40800", "2018-12-31": "8.90000", "2018-09-30": "6.66800", "2018-06-30": "6.48000", "2018-03-31": "6.90400", "2017-12-31": "6.03000", "2017-09-30": "6.20100", "2017-06-30": "5.74800", "2017-03-31": "5.23100", "2016-12-31": "5.03200", "2016-09-30": "4.88800", "2016-06-30": "4.73000", "2016-03-31": "4.92200", "2015-12-31": "3.95200", "2015-09-30": "3.61900", "2015-06-30": "2.92100", "2015-03-31": "3.03800", "2014-12-31": "2.77400", "2014-09-30": "2.58000", "2014-06-30": "1.52100", "2014-03-31": "1.98400", "2013-12-31": "1.94300", "2013-09-30": "2.56700", "2013-06-30": "2.24600", "2013-03-31": "2.18600", "2012-12-31": "1.86700", "2012-09-30": "2.07000", "2012-06-30": "2.06800", "2012-03-31": "2.04000", "2011-12-31": "2.05200", "2011-09-30": "1.26000", "2011-06-30": "1.30300", "2011-03-31": "1.49200", "2010-12-31": "1.61900", "2010-09-30": "1.72800", "2010-06-30": "1.95700", "2010-03-31": "1.96400", "2009-12-31": "1.99900", "2009-09-30": "2.70600", "2009-06-30": "2.92200", "2009-03-31": "3.15900", "2008-12-31": "2.98700", "2008-09-30": "2.86100", "2008-06-30": "2.74800", "2008-03-31": "3.54600", "2007-12-31": "1.43100", "2007-09-30": "1.32800", "2007-06-30": "1.23400", "2007-03-31": "0.31700", "2006-12-31": "0.31600", "2006-09-30": "", "2006-06-30": "", "2006-03-31": ""}, "Total Long Term Liabilities": {"2020-09-30": "940.40000", "2020-06-30": "929.00000", "2020-03-31": "918.80000", "2019-12-31": "909.30000", "2019-09-30": "1004.54000", "2019-06-30": "622.17000", "2019-03-31": "615.00900", "2018-12-31": "600.90000", "2018-09-30": "591.15300", "2018-06-30": "583.59900", "2018-03-31": "576.78100", "2017-12-31": "572.20300", "2017-09-30": "351.15400", "2017-06-30": "346.58400", "2017-03-31": "341.99300", "2016-12-31": "337.80000", "2016-09-30": "333.85000", "2016-06-30": "180.42000", "2016-03-31": "178.60300", "2015-12-31": "175.91900", "2015-09-30": "178.55000", "2015-06-30": "177.45600", "2015-03-31": "177.59800", "2014-12-31": "169.05700", "2014-09-30": "173.09300", "2014-06-30": "176.24500", "2014-03-31": "122.91800", "2013-12-31": "120.98400", "2013-09-30": "119.77600", "2013-06-30": "113.96400", "2013-03-31": "108.37200", "2012-12-31": "105.59700", "2012-09-30": "103.58700", "2012-06-30": "101.45000", "2012-03-31": "112.88400", "2011-12-31": "110.59200", "2011-09-30": "107.57900", "2011-06-30": "105.48000", "2011-03-31": "72.34900", "2010-12-31": "71.05200", "2010-09-30": "95.90700", "2010-06-30": "94.24900", "2010-03-31": "100.18100", "2009-12-31": "91.13500", "2009-09-30": "98.60800", "2009-06-30": "86.00100", "2009-03-31": "84.60500", "2008-12-31": "63.15900", "2008-09-30": "87.86100", "2008-06-30": "87.74800", "2008-03-31": "16.88400", "2007-12-31": "17.43700", "2007-09-30": "20.00100", "2007-06-30": "22.57500", "2007-03-31": "0.31700", "2006-12-31": "0.31600", "2006-09-30": "", "2006-06-30": "", "2006-03-31": ""}, "Total Liabilities": {"2020-09-30": "1115.60000", "2020-06-30": "1063.40000", "2020-03-31": "1049.20000", "2019-12-31": "1067.00000", "2019-09-30": "1117.82200", "2019-06-30": "727.94300", "2019-03-31": "728.98200", "2018-12-31": "716.60000", "2018-09-30": "688.37700", "2018-06-30": "659.70800", "2018-03-31": "659.19500", "2017-12-31": "658.22800", "2017-09-30": "426.09400", "2017-06-30": "394.60200", "2017-03-31": "381.37200", "2016-12-31": "393.49700", "2016-09-30": "388.10200", "2016-06-30": "235.60100", "2016-03-31": "228.37800", "2015-12-31": "241.07500", "2015-09-30": "237.98700", "2015-06-30": "230.13800", "2015-03-31": "224.97400", "2014-12-31": "213.35300", "2014-09-30": "220.85700", "2014-06-30": "247.44400", "2014-03-31": "166.03600", "2013-12-31": "163.35800", "2013-09-30": "168.07000", "2013-06-30": "147.81700", "2013-03-31": "151.35200", "2012-12-31": "153.88300", "2012-09-30": "152.92900", "2012-06-30": "144.59000", "2012-03-31": "145.46400", "2011-12-31": "138.58700", "2011-09-30": "132.34000", "2011-06-30": "132.09100", "2011-03-31": "89.14600", "2010-12-31": "90.00200", "2010-09-30": "116.34900", "2010-06-30": "118.00900", "2010-03-31": "118.11300", "2009-12-31": "110.94800", "2009-09-30": "116.82500", "2009-06-30": "102.78400", "2009-03-31": "104.39500", "2008-12-31": "80.12700", "2008-09-30": "103.68400", "2008-06-30": "103.28200", "2008-03-31": "42.82800", "2007-12-31": "38.46600", "2007-09-30": "39.30700", "2007-06-30": "39.62000", "2007-03-31": "41.24800", "2006-12-31": "39.39600", "2006-09-30": "", "2006-06-30": "", "2006-03-31": ""}, "Common Stock Net": {"2020-09-30": "0.10000", "2020-06-30": "0.10000", "2020-03-31": "0.10000", "2019-12-31": "0.10000", "2019-09-30": "0.06200", "2019-06-30": "0.06000", "2019-03-31": "0.06000", "2018-12-31": "0.10000", "2018-09-30": "0.05900", "2018-06-30": "0.05900", "2018-03-31": "0.05900", "2017-12-31": "0.05800", "2017-09-30": "0.05800", "2017-06-30": "0.05800", "2017-03-31": "0.05800", "2016-12-31": "0.05700", "2016-09-30": "0.05700", "2016-06-30": "0.05700", "2016-03-31": "0.05700", "2015-12-31": "0.05700", "2015-09-30": "0.05700", "2015-06-30": "0.05700", "2015-03-31": "0.05700", "2014-12-31": "0.05600", "2014-09-30": "0.05600", "2014-06-30": "0.05500", "2014-03-31": "0.05500", "2013-12-31": "0.05500", "2013-09-30": "0.05500", "2013-06-30": "0.05400", "2013-03-31": "0.05300", "2012-12-31": "0.04800", "2012-09-30": "0.04800", "2012-06-30": "0.04800", "2012-03-31": "0.04800", "2011-12-31": "0.04800", "2011-09-30": "0.04700", "2011-06-30": "0.04700", "2011-03-31": "0.04600", "2010-12-31": "0.04500", "2010-09-30": "0.04100", "2010-06-30": "0.04100", "2010-03-31": "0.03900", "2009-12-31": "0.03900", "2009-09-30": "0.03200", "2009-06-30": "0.02900", "2009-03-31": "0.02900", "2008-12-31": "0.02900", "2008-09-30": "0.02900", "2008-06-30": "0.02800", "2008-03-31": "0.02800", "2007-12-31": "0.02800", "2007-09-30": "0.02700", "2007-06-30": "0.02700", "2007-03-31": "0.00100", "2006-12-31": "0.00100", "2006-09-30": "", "2006-06-30": "", "2006-03-31": ""}, "Retained Earnings (Accumulated Deficit)": {"2020-09-30": "-649.20000", "2020-06-30": "-660.80000", "2020-03-31": "-675.20000", "2019-12-31": "-672.00000", "2019-09-30": "-676.98200", "2019-06-30": "-677.83400", "2019-03-31": "-679.23600", "2018-12-31": "-683.60000", "2018-09-30": "-693.50700", "2018-06-30": "-695.16600", "2018-03-31": "-693.47500", "2017-12-31": "-707.25500", "2017-09-30": "-700.39500", "2017-06-30": "-698.16800", "2017-03-31": "-690.40100", "2016-12-31": "-680.42400", "2016-09-30": "-671.30500", "2016-06-30": "-668.22400", "2016-03-31": "-664.02600", "2015-12-31": "-651.54500", "2015-09-30": "-624.21800", "2015-06-30": "-605.29100", "2015-03-31": "-589.85900", "2014-12-31": "-578.02500", "2014-09-30": "-572.62500", "2014-06-30": "-561.78000", "2014-03-31": "-532.66900", "2013-12-31": "-526.52500", "2013-09-30": "-524.02500", "2013-06-30": "-502.73500", "2013-03-31": "-492.21600", "2012-12-31": "-481.55100", "2012-09-30": "-471.35700", "2012-06-30": "-458.94000", "2012-03-31": "-444.46400", "2011-12-31": "-429.68400", "2011-09-30": "-426.68400", "2011-06-30": "-413.12200", "2011-03-31": "-393.70100", "2010-12-31": "-383.85300", "2010-09-30": "-362.99500", "2010-06-30": "-350.89500", "2010-03-31": "-343.74600", "2009-12-31": "-322.69400", "2009-09-30": "-314.95900", "2009-06-30": "-290.23400", "2009-03-31": "-269.99500", "2008-12-31": "-250.35000", "2008-09-30": "-220.08700", "2008-06-30": "-199.33500", "2008-03-31": "-175.45300", "2007-12-31": "-155.57900", "2007-09-30": "-139.91100", "2007-06-30": "-126.27200", "2007-03-31": "-113.60000", "2006-12-31": "-102.04000", "2006-09-30": "", "2006-06-30": "", "2006-03-31": ""}, "Comprehensive Income": {"2020-09-30": "-0.60000", "2020-06-30": "-3.60000", "2020-03-31": "-3.80000", "2019-12-31": "-1.20000", "2019-09-30": "-4.65200", "2019-06-30": "-2.82900", "2019-03-31": "-3.08500", "2018-12-31": "-2.90000", "2018-09-30": "-2.45200", "2018-06-30": "-2.38600", "2018-03-31": "-1.53600", "2017-12-31": "-0.49300", "2017-09-30": "-0.12300", "2017-06-30": "-0.52900", "2017-03-31": "-0.65700", "2016-12-31": "-0.72600", "2016-09-30": "-0.38700", "2016-06-30": "-0.24300", "2016-03-31": "-0.25400", "2015-12-31": "-0.65400", "2015-09-30": "-0.46700", "2015-06-30": "", "2015-03-31": "", "2014-12-31": "-0.01300", "2014-09-30": "", "2014-06-30": "", "2014-03-31": "", "2013-12-31": "", "2013-09-30": "", "2013-06-30": "", "2013-03-31": "", "2012-12-31": "", "2012-09-30": "", "2012-06-30": "", "2012-03-31": "", "2011-12-31": "", "2011-09-30": "", "2011-06-30": "", "2011-03-31": "", "2010-12-31": "", "2010-09-30": "", "2010-06-30": "", "2010-03-31": "", "2009-12-31": "", "2009-09-30": "", "2009-06-30": "", "2009-03-31": "", "2008-12-31": "", "2008-09-30": "", "2008-06-30": "", "2008-03-31": "", "2007-12-31": "", "2007-09-30": "", "2007-06-30": "", "2007-03-31": "", "2006-12-31": "", "2006-09-30": "", "2006-06-30": "", "2006-03-31": ""}, "Other Share Holders Equity": {"2020-09-30": "", "2020-06-30": "", "2020-03-31": "", "2019-12-31": "", "2019-09-30": "", "2019-06-30": "", "2019-03-31": "", "2018-12-31": "", "2018-09-30": "", "2018-06-30": "", "2018-03-31": "", "2017-12-31": "", "2017-09-30": "", "2017-06-30": "", "2017-03-31": "", "2016-12-31": "", "2016-09-30": "", "2016-06-30": "", "2016-03-31": "", "2015-12-31": "", "2015-09-30": "", "2015-06-30": "", "2015-03-31": "", "2014-12-31": "", "2014-09-30": "", "2014-06-30": "", "2014-03-31": "", "2013-12-31": "", "2013-09-30": "", "2013-06-30": "", "2013-03-31": "", "2012-12-31": "", "2012-09-30": "", "2012-06-30": "", "2012-03-31": "", "2011-12-31": "", "2011-09-30": "", "2011-06-30": "", "2011-03-31": "", "2010-12-31": "", "2010-09-30": "", "2010-06-30": "", "2010-03-31": "", "2009-12-31": "", "2009-09-30": "", "2009-06-30": "", "2009-03-31": "", "2008-12-31": "", "2008-09-30": "", "2008-06-30": "", "2008-03-31": "", "2007-12-31": "-0.00900", "2007-09-30": "", "2007-06-30": "", "2007-03-31": "", "2006-12-31": "-0.01900", "2006-09-30": "", "2006-06-30": "", "2006-03-31": ""}, "Share Holder Equity": {"2020-09-30": "595.00000", "2020-06-30": "563.30000", "2020-03-31": "59.00000", "2019-12-31": "75.90000", "2019-09-30": "150.56800", "2019-06-30": "249.78000", "2019-03-31": "223.63000", "2018-12-31": "212.10000", "2018-09-30": "197.92900", "2018-06-30": "179.14800", "2018-03-31": "170.56800", "2017-12-31": "158.51600", "2017-09-30": "74.25400", "2017-06-30": "64.72500", "2017-03-31": "63.58500", "2016-12-31": "63.15000", "2016-09-30": "65.09500", "2016-06-30": "27.44400", "2016-03-31": "26.39600", "2015-12-31": "34.05100", "2015-09-30": "55.13300", "2015-06-30": "70.25500", "2015-03-31": "80.74200", "2014-12-31": "83.82900", "2014-09-30": "80.34000", "2014-06-30": "77.88400", "2014-03-31": "122.49200", "2013-12-31": "124.59700", "2013-09-30": "121.42600", "2013-06-30": "138.33500", "2013-03-31": "129.54700", "2012-12-31": "44.17600", "2012-09-30": "50.45200", "2012-06-30": "59.08900", "2012-03-31": "70.21700", "2011-12-31": "82.73500", "2011-09-30": "83.44000", "2011-06-30": "94.09900", "2011-03-31": "59.78000", "2010-12-31": "66.23100", "2010-09-30": "33.50500", "2010-06-30": "43.98100", "2010-03-31": "40.92400", "2009-12-31": "61.91000", "2009-09-30": "0.30300", "2009-06-30": "-3.47100", "2009-03-31": "15.45700", "2008-12-31": "28.10600", "2008-09-30": "31.64800", "2008-06-30": "51.29100", "2008-03-31": "73.63900", "2007-12-31": "92.27500", "2007-09-30": "96.29800", "2007-06-30": "109.52000", "2007-03-31": "6.43400", "2006-12-31": "17.74400", "2006-09-30": "", "2006-06-30": "", "2006-03-31": ""}, "Total Liabilities And Share Holders Equity": {"2020-09-30": "1710.60000", "2020-06-30": "1626.70000", "2020-03-31": "1108.20000", "2019-12-31": "1142.90000", "2019-09-30": "1268.39000", "2019-06-30": "977.72300", "2019-03-31": "952.61200", "2018-12-31": "928.70000", "2018-09-30": "886.30600", "2018-06-30": "838.85600", "2018-03-31": "829.76300", "2017-12-31": "816.74400", "2017-09-30": "500.34800", "2017-06-30": "459.32700", "2017-03-31": "444.95700", "2016-12-31": "456.64700", "2016-09-30": "453.19700", "2016-06-30": "263.04500", "2016-03-31": "254.77400", "2015-12-31": "275.12600", "2015-09-30": "293.12000", "2015-06-30": "300.39300", "2015-03-31": "305.71600", "2014-12-31": "297.18200", "2014-09-30": "301.19700", "2014-06-30": "325.32800", "2014-03-31": "288.52800", "2013-12-31": "287.95500", "2013-09-30": "289.49600", "2013-06-30": "286.15200", "2013-03-31": "280.89900", "2012-12-31": "198.05900", "2012-09-30": "203.38100", "2012-06-30": "203.67900", "2012-03-31": "215.68100", "2011-12-31": "221.32200", "2011-09-30": "215.78000", "2011-06-30": "226.19000", "2011-03-31": "148.92600", "2010-12-31": "156.23300", "2010-09-30": "149.85400", "2010-06-30": "161.99000", "2010-03-31": "159.03700", "2009-12-31": "172.85800", "2009-09-30": "117.12800", "2009-06-30": "99.31300", "2009-03-31": "119.85200", "2008-12-31": "108.23300", "2008-09-30": "135.33200", "2008-06-30": "154.57300", "2008-03-31": "116.46700", "2007-12-31": "130.74100", "2007-09-30": "135.60500", "2007-06-30": "149.14000", "2007-03-31": "47.68200", "2006-12-31": "57.14000", "2006-09-30": "", "2006-06-30": "", "2006-03-31": ""}}, "cash flow statement": {"Net Income/Loss": {"2019-12-31": "11.60000", "2018-12-31": "3.30000", "2017-12-31": "-26.80000", "2016-12-31": "-28.87900", "2015-12-31": "-73.52000", "2014-12-31": "-51.50000", "2013-12-31": "-44.97400", "2012-12-31": "-51.86700", "2011-12-31": "-45.83100", "2010-12-31": "-61.15900", "2009-12-31": "-72.34400", "2008-12-31": "-94.77100", "2007-12-31": "-53.53900", "2006-12-31": "-35.95000", "2005-12-31": "-21.63600"}, "Total Depreciation And Amortization - Cash Flow": {"2019-12-31": "27.90000", "2018-12-31": "15.60000", "2017-12-31": "13.90000", "2016-12-31": "13.83300", "2015-12-31": "15.83800", "2014-12-31": "12.22300", "2013-12-31": "11.80600", "2012-12-31": "11.03000", "2011-12-31": "8.50300", "2010-12-31": "5.07700", "2009-12-31": "10.80700", "2008-12-31": "9.06800", "2007-12-31": "4.92000", "2006-12-31": "2.64000", "2005-12-31": "1.23600"}, "Other Non-Cash Items": {"2019-12-31": "78.60000", "2018-12-31": "69.80000", "2017-12-31": "52.50000", "2016-12-31": "44.54000", "2015-12-31": "37.12600", "2014-12-31": "59.22900", "2013-12-31": "29.99100", "2012-12-31": "23.54100", "2011-12-31": "9.34600", "2010-12-31": "27.85700", "2009-12-31": "9.89900", "2008-12-31": "16.71800", "2007-12-31": "3.76000", "2006-12-31": "2.12900", "2005-12-31": "0.05300"}, "Total Non-Cash Items": {"2019-12-31": "106.50000", "2018-12-31": "85.40000", "2017-12-31": "66.40000", "2016-12-31": "58.37300", "2015-12-31": "52.96400", "2014-12-31": "71.45200", "2013-12-31": "41.79700", "2012-12-31": "34.57100", "2011-12-31": "17.84900", "2010-12-31": "32.93400", "2009-12-31": "20.70600", "2008-12-31": "25.78600", "2007-12-31": "8.68000", "2006-12-31": "4.76900", "2005-12-31": "1.28900"}, "Change In Accounts Receivable": {"2019-12-31": "-10.90000", "2018-12-31": "-22.90000", "2017-12-31": "-26.30000", "2016-12-31": "12.55100", "2015-12-31": "-9.79300", "2014-12-31": "-10.06900", "2013-12-31": "-4.51400", "2012-12-31": "-13.51300", "2011-12-31": "-3.61700", "2010-12-31": "-5.19600", "2009-12-31": "-6.97200", "2008-12-31": "-12.49100", "2007-12-31": "-4.48600", "2006-12-31": "-1.42600", "2005-12-31": "-0.15400"}, "Change In Inventories": {"2019-12-31": "-30.20000", "2018-12-31": "-38.80000", "2017-12-31": "1.70000", "2016-12-31": "-24.10300", "2015-12-31": "-0.72200", "2014-12-31": "-3.63500", "2013-12-31": "5.40300", "2012-12-31": "-3.02900", "2011-12-31": "1.87900", "2010-12-31": "-1.34300", "2009-12-31": "5.84300", "2008-12-31": "-8.88000", "2007-12-31": "-4.60000", "2006-12-31": "-2.52600", "2005-12-31": "-0.86400"}, "Change In Accounts Payable": {"2019-12-31": "", "2018-12-31": "", "2017-12-31": "", "2016-12-31": "", "2015-12-31": "", "2014-12-31": "", "2013-12-31": "", "2012-12-31": "", "2011-12-31": "", "2010-12-31": "", "2009-12-31": "", "2008-12-31": "", "2007-12-31": "", "2006-12-31": "", "2005-12-31": ""}, "Change In Assets/Liabilities": {"2019-12-31": "-14.80000", "2018-12-31": "-12.30000", "2017-12-31": "-1.00000", "2016-12-31": "-2.67000", "2015-12-31": "0.53300", "2014-12-31": "2.14700", "2013-12-31": "-4.78900", "2012-12-31": "1.78000", "2011-12-31": "-0.42900", "2010-12-31": "0.27800", "2009-12-31": "1.95700", "2008-12-31": "2.92000", "2007-12-31": "2.20800", "2006-12-31": "-1.41000", "2005-12-31": "0.24300"}, "Total Change In Assets/Liabilities": {"2019-12-31": "-19.70000", "2018-12-31": "-52.80000", "2017-12-31": "1.70000", "2016-12-31": "-13.58300", "2015-12-31": "8.00400", "2014-12-31": "-11.03200", "2013-12-31": "6.52500", "2012-12-31": "-11.76300", "2011-12-31": "2.53000", "2010-12-31": "-7.40000", "2009-12-31": "2.31500", "2008-12-31": "-13.62600", "2007-12-31": "-5.51300", "2006-12-31": "-0.63900", "2005-12-31": "0.02600"}, "Cash Flow From Operating Activities": {"2019-12-31": "98.40000", "2018-12-31": "35.90000", "2017-12-31": "41.30000", "2016-12-31": "15.91100", "2015-12-31": "-12.55200", "2014-12-31": "8.92000", "2013-12-31": "3.34800", "2012-12-31": "-29.05900", "2011-12-31": "-25.45200", "2010-12-31": "-35.62500", "2009-12-31": "-49.32300", "2008-12-31": "-82.61100", "2007-12-31": "-50.37200", "2006-12-31": "-31.82000", "2005-12-31": "-20.32100"}, "Net Change In Property, Plant, And Equipment": {"2019-12-31": "-163.70000", "2018-12-31": "-157.40000", "2017-12-31": "-73.80000", "2016-12-31": "-22.11500", "2015-12-31": "-10.60800", "2014-12-31": "-11.48600", "2013-12-31": "-7.30700", "2012-12-31": "-10.99100", "2011-12-31": "-11.11400", "2010-12-31": "-6.54900", "2009-12-31": "-3.14000", "2008-12-31": "-10.04700", "2007-12-31": "-10.08900", "2006-12-31": "-13.13700", "2005-12-31": "-5.47200"}, "Net Change In Intangible Assets": {"2019-12-31": "-7.20000", "2018-12-31": "-5.00000", "2017-12-31": "-3.40000", "2016-12-31": "", "2015-12-31": "", "2014-12-31": "", "2013-12-31": "", "2012-12-31": "", "2011-12-31": "", "2010-12-31": "", "2009-12-31": "", "2008-12-31": "", "2007-12-31": "", "2006-12-31": "", "2005-12-31": ""}, "Net Acquisitions/Divestitures": {"2019-12-31": "", "2018-12-31": "", "2017-12-31": "", "2016-12-31": "5.71400", "2015-12-31": "-4.71500", "2014-12-31": "", "2013-12-31": "", "2012-12-31": "", "2011-12-31": "-37.85500", "2010-12-31": "", "2009-12-31": "", "2008-12-31": "", "2007-12-31": "", "2006-12-31": "", "2005-12-31": ""}, "Net Change In Short-term Investments": {"2019-12-31": "97.30000", "2018-12-31": "-22.10000", "2017-12-31": "-133.60000", "2016-12-31": "-161.60900", "2015-12-31": "", "2014-12-31": "0.00000", "2013-12-31": "", "2012-12-31": "", "2011-12-31": "", "2010-12-31": "", "2009-12-31": "", "2008-12-31": "", "2007-12-31": "", "2006-12-31": "", "2005-12-31": ""}, "Net Change In Long-Term Investments": {"2019-12-31": "", "2018-12-31": "", "2017-12-31": "", "2016-12-31": "", "2015-12-31": "", "2014-12-31": "", "2013-12-31": "", "2012-12-31": "", "2011-12-31": "", "2010-12-31": "", "2009-12-31": "", "2008-12-31": "", "2007-12-31": "", "2006-12-31": "", "2005-12-31": ""}, "Net Change In Investments - Total": {"2019-12-31": "97.30000", "2018-12-31": "-22.10000", "2017-12-31": "-133.60000", "2016-12-31": "-161.60900", "2015-12-31": "", "2014-12-31": "", "2013-12-31": "", "2012-12-31": "", "2011-12-31": "", "2010-12-31": "", "2009-12-31": "", "2008-12-31": "", "2007-12-31": "", "2006-12-31": "", "2005-12-31": ""}, "Investing Activities - Other": {"2019-12-31": "", "2018-12-31": "", "2017-12-31": "", "2016-12-31": "", "2015-12-31": "", "2014-12-31": "", "2013-12-31": "", "2012-12-31": "", "2011-12-31": "", "2010-12-31": "", "2009-12-31": "", "2008-12-31": "", "2007-12-31": "", "2006-12-31": "0.55000", "2005-12-31": "-0.55000"}, "Cash Flow From Investing Activities": {"2019-12-31": "-73.60000", "2018-12-31": "-184.50000", "2017-12-31": "-210.80000", "2016-12-31": "-178.01000", "2015-12-31": "-15.32300", "2014-12-31": "-11.48600", "2013-12-31": "-7.30700", "2012-12-31": "-10.99100", "2011-12-31": "-48.96900", "2010-12-31": "-6.54900", "2009-12-31": "-3.14000", "2008-12-31": "-10.04700", "2007-12-31": "-10.08900", "2006-12-31": "-12.58700", "2005-12-31": "-6.02200"}, "Net Long-Term Debt": {"2019-12-31": "", "2018-12-31": "", "2017-12-31": "-0.30000", "2016-12-31": "-5.51800", "2015-12-31": "-5.57600", "2014-12-31": "-3.85800", "2013-12-31": "-2.99400", "2012-12-31": "", "2011-12-31": "50.58800", "2010-12-31": "-32.50000", "2009-12-31": "29.37900", "2008-12-31": "53.31100", "2007-12-31": "-2.72700", "2006-12-31": "20.00000", "2005-12-31": "9.98900"}, "Net Current Debt": {"2019-12-31": "116.60000", "2018-12-31": "-6.70000", "2017-12-31": "293.10000", "2016-12-31": "180.09700", "2015-12-31": "", "2014-12-31": "4.96900", "2013-12-31": "", "2012-12-31": "", "2011-12-31": "", "2010-12-31": "", "2009-12-31": "", "2008-12-31": "", "2007-12-31": "", "2006-12-31": "", "2005-12-31": ""}, "Debt Issuance/Retirement Net - Total": {"2019-12-31": "116.60000", "2018-12-31": "-6.70000", "2017-12-31": "292.80000", "2016-12-31": "174.57900", "2015-12-31": "-5.57600", "2014-12-31": "1.11100", "2013-12-31": "-2.99400", "2012-12-31": "", "2011-12-31": "50.58800", "2010-12-31": "-32.50000", "2009-12-31": "29.37900", "2008-12-31": "53.31100", "2007-12-31": "-2.72700", "2006-12-31": "20.00000", "2005-12-31": "9.98900"}, "Net Common Equity Issued/Repurchased": {"2019-12-31": "-34.50000", "2018-12-31": "15.80000", "2017-12-31": "15.80000", "2016-12-31": "4.85400", "2015-12-31": "7.85100", "2014-12-31": "11.58600", "2013-12-31": "102.65200", "2012-12-31": "4.92700", "2011-12-31": "5.46000", "2010-12-31": "60.42000", "2009-12-31": "94.41700", "2008-12-31": "1.41300", "2007-12-31": "124.53500", "2006-12-31": "0.18000", "2005-12-31": "0.01500"}, "Net Total Equity Issued/Repurchased": {"2019-12-31": "-34.50000", "2018-12-31": "15.80000", "2017-12-31": "15.80000", "2016-12-31": "4.85400", "2015-12-31": "7.85100", "2014-12-31": "11.58600", "2013-12-31": "102.65200", "2012-12-31": "4.92700", "2011-12-31": "5.46000", "2010-12-31": "60.42000", "2009-12-31": "94.41700", "2008-12-31": "1.41300", "2007-12-31": "124.53500", "2006-12-31": "49.96700", "2005-12-31": "0.01500"}, "Total Common And Preferred Stock Dividends Paid": {"2019-12-31": "", "2018-12-31": "", "2017-12-31": "", "2016-12-31": "", "2015-12-31": "", "2014-12-31": "", "2013-12-31": "", "2012-12-31": "", "2011-12-31": "", "2010-12-31": "", "2009-12-31": "", "2008-12-31": "", "2007-12-31": "", "2006-12-31": "", "2005-12-31": ""}, "Financial Activities - Other": {"2019-12-31": "-8.60000", "2018-12-31": "-17.80000", "2017-12-31": "-4.10000", "2016-12-31": "-2.86600", "2015-12-31": "-2.64600", "2014-12-31": "-8.66500", "2013-12-31": "-3.26500", "2012-12-31": "-1.53900", "2011-12-31": "-0.94600", "2010-12-31": "-0.46800", "2009-12-31": "", "2008-12-31": "0.00900", "2007-12-31": "0.01000", "2006-12-31": "0.01100", "2005-12-31": ""}, "Cash Flow From Financial Activities": {"2019-12-31": "73.50000", "2018-12-31": "-8.70000", "2017-12-31": "304.50000", "2016-12-31": "176.56700", "2015-12-31": "-0.37100", "2014-12-31": "4.03200", "2013-12-31": "96.39300", "2012-12-31": "3.38800", "2011-12-31": "55.10200", "2010-12-31": "27.45200", "2009-12-31": "123.79600", "2008-12-31": "54.73300", "2007-12-31": "121.81800", "2006-12-31": "69.97800", "2005-12-31": "10.00400"}, "Net Cash Flow": {"2019-12-31": "99.80000", "2018-12-31": "-158.70000", "2017-12-31": "135.40000", "2016-12-31": "14.50200", "2015-12-31": "-28.52100", "2014-12-31": "1.46600", "2013-12-31": "92.43400", "2012-12-31": "-36.66200", "2011-12-31": "-19.31900", "2010-12-31": "-14.72200", "2009-12-31": "71.33300", "2008-12-31": "-37.92500", "2007-12-31": "61.35700", "2006-12-31": "25.57100", "2005-12-31": "-16.33900"}, "Stock-Based Compensation": {"2019-12-31": "28.70000", "2018-12-31": "37.50000", "2017-12-31": "31.90000", "2016-12-31": "23.61700", "2015-12-31": "19.17800", "2014-12-31": "22.51900", "2013-12-31": "12.68300", "2012-12-31": "9.92000", "2011-12-31": "7.73400", "2010-12-31": "5.06400", "2009-12-31": "4.20200", "2008-12-31": "3.36800", "2007-12-31": "1.52000", "2006-12-31": "0.30700", "2005-12-31": "0.03900"}, "Common Stock Dividends Paid": {"2019-12-31": "", "2018-12-31": "", "2017-12-31": "", "2016-12-31": "", "2015-12-31": "", "2014-12-31": "", "2013-12-31": "", "2012-12-31": "", "2011-12-31": "", "2010-12-31": "", "2009-12-31": "", "2008-12-31": "", "2007-12-31": "", "2006-12-31": "", "2005-12-31": ""}}, "cash flow statement, quarterly": {"Net Income/Loss": {"2020-09-30": 11.6, "2020-06-30": 14.4, "2020-03-31": "-2.10000", "2019-12-31": 5, "2019-09-30": 0.8, "2019-06-30": 1.4, "2019-03-31": "4.40000", "2018-12-31": 9.901, "2018-09-30": 1.659, "2018-06-30": -1.691, "2018-03-31": "-6.56900", "2017-12-31": -6.829, "2017-09-30": -2.227, "2017-06-30": -7.767, "2017-03-31": "-9.97700", "2016-12-31": -9.119, "2016-09-30": -3.081, "2016-06-30": -4.198, "2016-03-31": "-12.48100", "2015-12-31": -27.327, "2015-09-30": -18.927, "2015-06-30": -15.432, "2015-03-31": "-11.83400", "2014-12-31": -5.4, "2014-09-30": -10.845, "2014-06-30": -29.111, "2014-03-31": "-6.14400", "2013-12-31": -2.5, "2013-09-30": -21.29, "2013-06-30": -10.519, "2013-03-31": "-10.66500", "2012-12-31": -10.194, "2012-09-30": -12.417, "2012-06-30": -14.476, "2012-03-31": "-14.78000", "2011-12-31": -14.339, "2011-09-30": -13.562, "2011-06-30": -8.082, "2011-03-31": "-9.84800", "2010-12-31": -20.858, "2010-09-30": -12.1, "2010-06-30": -13.71, "2010-03-31": "-14.49100", "2009-12-31": -15.538, "2009-09-30": -16.922, "2009-06-30": -20.239, "2009-03-31": "-19.64500", "2008-12-31": -29.197, "2008-09-30": -21.666, "2008-06-30": -24.034, "2008-03-31": "-19.87400", "2007-12-31": -15.668, "2007-09-30": -13.639, "2007-06-30": -12.672, "2007-03-31": "-11.56000", "2006-12-31": -10.88, "2006-09-30": -9.417, "2006-06-30": -8.713, "2006-03-31": "-6.94000"}, "Total Depreciation And Amortization - Cash Flow": {"2020-09-30": 10.9, "2020-06-30": 9.9, "2020-03-31": "8.90000", "2019-12-31": 9.1, "2019-09-30": 7.8, "2019-06-30": 5.9, "2019-03-31": "5.10000", "2018-12-31": 4.346, "2018-09-30": 4.123, "2018-06-30": 3.609, "2018-03-31": "3.52200", "2017-12-31": 3.367, "2017-09-30": 3.826, "2017-06-30": 3.384, "2017-03-31": "3.32300", "2016-12-31": 3.359, "2016-09-30": 3.629, "2016-06-30": 3.423, "2016-03-31": "3.42200", "2015-12-31": 4.432, "2015-09-30": 4.292, "2015-06-30": 3.681, "2015-03-31": "3.43300", "2014-12-31": 3.055, "2014-09-30": 3.068, "2014-06-30": 3.03, "2014-03-31": "3.07000", "2013-12-31": 2.947, "2013-09-30": 3.096, "2013-06-30": 2.859, "2013-03-31": "2.90400", "2012-12-31": 2.938, "2012-09-30": 2.594, "2012-06-30": 2.654, "2012-03-31": "2.84400", "2011-12-31": 2.82, "2011-09-30": 2.836, "2011-06-30": 1.684, "2011-03-31": "1.16300", "2010-12-31": -4.38, "2010-09-30": 3.137, "2010-06-30": 3.093, "2010-03-31": "3.22700", "2009-12-31": 2.823, "2009-09-30": 2.681, "2009-06-30": 2.958, "2009-03-31": "2.34500", "2008-12-31": 2.677, "2008-09-30": 2.75, "2008-06-30": 2.225, "2008-03-31": "1.41600", "2007-12-31": 1.389, "2007-09-30": 1.393, "2007-06-30": 1.232, "2007-03-31": "0.90600", "2006-12-31": 0.762, "2006-09-30": 0.704, "2006-06-30": 0.651, "2006-03-31": "0.52300"}, "Other Non-Cash Items": {"2020-09-30": 18.7, "2020-06-30": 18.2, "2020-03-31": "20.40000", "2019-12-31": 22.7, "2019-09-30": 25, "2019-06-30": 17, "2019-03-31": "13.90000", "2018-12-31": 14.452, "2018-09-30": 24.348, "2018-06-30": 14.913, "2018-03-31": "16.08700", "2017-12-31": 14.743, "2017-09-30": 13.939, "2017-06-30": 12.405, "2017-03-31": "11.41300", "2016-12-31": 16.994, "2016-09-30": 11.564, "2016-06-30": 7.933, "2016-03-31": "8.04900", "2015-12-31": 14.791, "2015-09-30": 7.736, "2015-06-30": 7.083, "2015-03-31": "7.51600", "2014-12-31": 6.713, "2014-09-30": 17.323, "2014-06-30": 27.414, "2014-03-31": "7.77900", "2013-12-31": 5.012, "2013-09-30": 9.434, "2013-06-30": 8.315, "2013-03-31": "7.23000", "2012-12-31": 6.164, "2012-09-30": 5.748, "2012-06-30": 5.669, "2012-03-31": "5.96000", "2011-12-31": 6.007, "2011-09-30": 4.972, "2011-06-30": -5.506, "2011-03-31": "3.87300", "2010-12-31": 19.706, "2010-09-30": 2.32, "2010-06-30": 3.22, "2010-03-31": "2.61100", "2009-12-31": 3.428, "2009-09-30": 2.251, "2009-06-30": 1.66, "2009-03-31": "2.56000", "2008-12-31": 11.232, "2008-09-30": 2.022, "2008-06-30": 2.218, "2008-03-31": "1.24600", "2007-12-31": 1.095, "2007-09-30": 1.752, "2007-06-30": 0.557, "2007-03-31": "0.35600", "2006-12-31": 1.276, "2006-09-30": 0.625, "2006-06-30": 0.191, "2006-03-31": "0.03700"}, "Total Non-Cash Items": {"2020-09-30": 29.6, "2020-06-30": 28.1, "2020-03-31": "29.30000", "2019-12-31": 31.8, "2019-09-30": 32.8, "2019-06-30": 22.9, "2019-03-31": "19.00000", "2018-12-31": 18.798, "2018-09-30": 28.471, "2018-06-30": 18.522, "2018-03-31": "19.60900", "2017-12-31": 18.11, "2017-09-30": 17.765, "2017-06-30": 15.789, "2017-03-31": "14.73600", "2016-12-31": 20.353, "2016-09-30": 15.193, "2016-06-30": 11.356, "2016-03-31": "11.47100", "2015-12-31": 19.223, "2015-09-30": 12.028, "2015-06-30": 10.764, "2015-03-31": "10.94900", "2014-12-31": 9.768, "2014-09-30": 20.391, "2014-06-30": 30.444, "2014-03-31": "10.84900", "2013-12-31": 7.959, "2013-09-30": 12.53, "2013-06-30": 11.174, "2013-03-31": "10.13400", "2012-12-31": 9.102, "2012-09-30": 8.342, "2012-06-30": 8.323, "2012-03-31": "8.80400", "2011-12-31": 8.827, "2011-09-30": 7.808, "2011-06-30": -3.822, "2011-03-31": "5.03600", "2010-12-31": 15.326, "2010-09-30": 5.457, "2010-06-30": 6.313, "2010-03-31": "5.83800", "2009-12-31": 6.251, "2009-09-30": 4.932, "2009-06-30": 4.618, "2009-03-31": "4.90500", "2008-12-31": 13.909, "2008-09-30": 4.772, "2008-06-30": 4.443, "2008-03-31": "2.66200", "2007-12-31": 2.484, "2007-09-30": 3.145, "2007-06-30": 1.789, "2007-03-31": "1.26200", "2006-12-31": 2.038, "2006-09-30": 1.329, "2006-06-30": 0.842, "2006-03-31": "0.56000"}, "Change In Accounts Receivable": {"2020-09-30": -6.1, "2020-06-30": 0.8, "2020-03-31": "-14.60000", "2019-12-31": -4.1, "2019-09-30": 0.2, "2019-06-30": -0.3, "2019-03-31": "-6.70000", "2018-12-31": 1.681, "2018-09-30": -17.364, "2018-06-30": -9.017, "2018-03-31": "1.80000", "2017-12-31": -6.543, "2017-09-30": -10.127, "2017-06-30": 2.516, "2017-03-31": "-12.14600", "2016-12-31": 9.557, "2016-09-30": -0.678, "2016-06-30": 1.366, "2016-03-31": "2.30600", "2015-12-31": -15.079, "2015-09-30": -1.59, "2015-06-30": 3.415, "2015-03-31": "3.46100", "2014-12-31": 6.678, "2014-09-30": -6.213, "2014-06-30": -6.031, "2014-03-31": "-4.50300", "2013-12-31": 0.599, "2013-09-30": -2.189, "2013-06-30": -3.781, "2013-03-31": "0.85700", "2012-12-31": -4.237, "2012-09-30": -5.389, "2012-06-30": 0.019, "2012-03-31": "-3.90600", "2011-12-31": -7.419, "2011-09-30": 2.741, "2011-06-30": -0.404, "2011-03-31": "1.46500", "2010-12-31": -2.197, "2010-09-30": -0.476, "2010-06-30": -1.196, "2010-03-31": "-1.32700", "2009-12-31": 0.267, "2009-09-30": -1.998, "2009-06-30": -2.65, "2009-03-31": "-2.59100", "2008-12-31": -3.42, "2008-09-30": -2.972, "2008-06-30": -3.087, "2008-03-31": "-3.01200", "2007-12-31": -1.878, "2007-09-30": -1.003, "2007-06-30": -0.784, "2007-03-31": "-0.82100", "2006-12-31": -0.455, "2006-09-30": -0.255, "2006-06-30": -0.617, "2006-03-31": "-0.09900"}, "Change In Inventories": {"2020-09-30": -20.1, "2020-06-30": -7.6, "2020-03-31": "4.80000", "2019-12-31": -10.2, "2019-09-30": -6, "2019-06-30": -11.3, "2019-03-31": "-2.70000", "2018-12-31": -13.521, "2018-09-30": -17.32, "2018-06-30": -14.665, "2018-03-31": "6.70600", "2017-12-31": 1.272, "2017-09-30": -1.099, "2017-06-30": 0.352, "2017-03-31": "1.17500", "2016-12-31": -2.816, "2016-09-30": -8.188, "2016-06-30": -10.45, "2016-03-31": "-2.64900", "2015-12-31": -1.034, "2015-09-30": 10.648, "2015-06-30": -3.37, "2015-03-31": "-6.96600", "2014-12-31": -3.437, "2014-09-30": -0.897, "2014-06-30": 1.684, "2014-03-31": "-0.98500", "2013-12-31": -4.069, "2013-09-30": 0.584, "2013-06-30": 3.22, "2013-03-31": "5.66800", "2012-12-31": 0.222, "2012-09-30": 1.337, "2012-06-30": -1.723, "2012-03-31": "-2.86500", "2011-12-31": 1.285, "2011-09-30": 2.785, "2011-06-30": -1.421, "2011-03-31": "-0.77000", "2010-12-31": 1.48, "2010-09-30": -2.678, "2010-06-30": -3.631, "2010-03-31": "3.48600", "2009-12-31": -1.852, "2009-09-30": 1.234, "2009-06-30": 4.738, "2009-03-31": "1.72300", "2008-12-31": -0.403, "2008-09-30": -3.131, "2008-06-30": -5.83, "2008-03-31": "0.48400", "2007-12-31": -3.418, "2007-09-30": -0.443, "2007-06-30": 0.127, "2007-03-31": "-0.86600", "2006-12-31": -1.145, "2006-09-30": -0.251, "2006-06-30": -0.321, "2006-03-31": "-0.80900"}, "Change In Accounts Payable": {"2020-09-30": 0, "2020-06-30": 0, "2020-03-31": "", "2019-12-31": 0, "2019-09-30": 0, "2019-06-30": 0, "2019-03-31": "", "2018-12-31": 0, "2018-09-30": 0, "2018-06-30": 0, "2018-03-31": "", "2017-12-31": 0, "2017-09-30": 0, "2017-06-30": 0, "2017-03-31": "", "2016-12-31": 0, "2016-09-30": 0, "2016-06-30": 0, "2016-03-31": "", "2015-12-31": 0, "2015-09-30": 0, "2015-06-30": 0, "2015-03-31": "", "2014-12-31": 0, "2014-09-30": 0, "2014-06-30": 0, "2014-03-31": "", "2013-12-31": 0, "2013-09-30": 0, "2013-06-30": 0, "2013-03-31": "", "2012-12-31": 0, "2012-09-30": 0, "2012-06-30": 0, "2012-03-31": "", "2011-12-31": 0, "2011-09-30": 0, "2011-06-30": 0, "2011-03-31": "", "2010-12-31": 0, "2010-09-30": 0, "2010-06-30": 0, "2010-03-31": "", "2009-12-31": 0, "2009-09-30": 0, "2009-06-30": 0, "2009-03-31": "", "2008-12-31": 0, "2008-09-30": 0, "2008-06-30": 0, "2008-03-31": "", "2007-12-31": 0, "2007-09-30": 0, "2007-06-30": 0, "2007-03-31": "", "2006-12-31": 0, "2006-09-30": 0, "2006-06-30": 0, "2006-03-31": ""}, "Change In Assets/Liabilities": {"2020-09-30": -2.8, "2020-06-30": -15.8, "2020-03-31": "-0.60000", "2019-12-31": -13.5, "2019-09-30": 1.5, "2019-06-30": -0.4, "2019-03-31": "-2.40000", "2018-12-31": -4.681, "2018-09-30": -0.402, "2018-06-30": -2.355, "2018-03-31": "-4.86200", "2017-12-31": -0.915, "2017-09-30": 1.056, "2017-06-30": 0.256, "2017-03-31": "-1.39700", "2016-12-31": 0.824, "2016-09-30": -1.034, "2016-06-30": -2.072, "2016-03-31": "-0.38800", "2015-12-31": -0.582, "2015-09-30": -0.198, "2015-06-30": 0.352, "2015-03-31": "0.96100", "2014-12-31": 0.334, "2014-09-30": 2.886, "2014-06-30": 0.078, "2014-03-31": "-1.15100", "2013-12-31": 0.79, "2013-09-30": 0.642, "2013-06-30": -0.853, "2013-03-31": "-5.36800", "2012-12-31": 5.172, "2012-09-30": -1.249, "2012-06-30": -1.451, "2012-03-31": "-0.69200", "2011-12-31": 1.133, "2011-09-30": -0.29, "2011-06-30": 2.19, "2011-03-31": "-3.46200", "2010-12-31": 0.458, "2010-09-30": -0.742, "2010-06-30": 0.809, "2010-03-31": "-0.24700", "2009-12-31": -0.259, "2009-09-30": 0.681, "2009-06-30": 1.613, "2009-03-31": "-0.07800", "2008-12-31": 1.854, "2008-09-30": -0.125, "2008-06-30": 0.491, "2008-03-31": "0.70000", "2007-12-31": 1.183, "2007-09-30": -0.405, "2007-06-30": 2.679, "2007-03-31": "-1.24900", "2006-12-31": -1.84, "2006-09-30": 0.069, "2006-06-30": 0.056, "2006-03-31": "0.30500"}, "Total Change In Assets/Liabilities": {"2020-09-30": 21, "2020-06-30": -16.1, "2020-03-31": "-30.80000", "2019-12-31": 10.1, "2019-09-30": -2.5, "2019-06-30": -10.4, "2019-03-31": "-16.90000", "2018-12-31": 1.741, "2018-09-30": -14.275, "2018-06-30": -22.96, "2018-03-31": "-17.30600", "2017-12-31": 10.612, "2017-09-30": 7.74, "2017-06-30": 9.942, "2017-03-31": "-26.59400", "2016-12-31": 8.836, "2016-09-30": -9.435, "2016-06-30": -3.477, "2016-03-31": "-9.50700", "2015-12-31": -10.491, "2015-09-30": 15.645, "2015-06-30": 5.453, "2015-03-31": "-2.60300", "2014-12-31": 0.239, "2014-09-30": -4.724, "2014-06-30": -0.825, "2014-03-31": "-5.72200", "2013-12-31": -8.977, "2013-09-30": 12.454, "2013-06-30": 3.717, "2013-03-31": "-0.66900", "2012-12-31": -4.501, "2012-09-30": 0.626, "2012-06-30": -4.961, "2012-03-31": "-2.92700", "2011-12-31": -2.156, "2011-09-30": 4.918, "2011-06-30": 2.822, "2011-03-31": "-3.05400", "2010-12-31": -2.171, "2010-09-30": -6.221, "2010-06-30": 1.517, "2010-03-31": "-0.52500", "2009-12-31": -0.571, "2009-09-30": 0.988, "2009-06-30": 0.129, "2009-03-31": "1.76900", "2008-12-31": -1.688, "2008-09-30": -6.529, "2008-06-30": -8.51, "2008-03-31": "3.10100", "2007-12-31": -3.024, "2007-09-30": -2.271, "2007-06-30": 1.349, "2007-03-31": "-1.56700", "2006-12-31": -2.198, "2006-09-30": -0.467, "2006-06-30": 0.545, "2006-03-31": "1.48100"}, "Cash Flow From Operating Activities": {"2020-09-30": 62.2, "2020-06-30": 26.4, "2020-03-31": "-3.60000", "2019-12-31": 46.9, "2019-09-30": 31.1, "2019-06-30": 13.9, "2019-03-31": "6.50000", "2018-12-31": 30.44, "2018-09-30": 15.855, "2018-06-30": -6.129, "2018-03-31": "-4.26600", "2017-12-31": 21.893, "2017-09-30": 23.278, "2017-06-30": 17.964, "2017-03-31": "-21.83500", "2016-12-31": 20.07, "2016-09-30": 2.677, "2016-06-30": 3.681, "2016-03-31": "-10.51700", "2015-12-31": -18.595, "2015-09-30": 8.746, "2015-06-30": 0.785, "2015-03-31": "-3.48800", "2014-12-31": 4.607, "2014-09-30": 4.822, "2014-06-30": 0.508, "2014-03-31": "-1.01700", "2013-12-31": -3.518, "2013-09-30": 3.694, "2013-06-30": 4.372, "2013-03-31": "-1.20000", "2012-12-31": -5.593, "2012-09-30": -3.449, "2012-06-30": -11.114, "2012-03-31": "-8.90300", "2011-12-31": -7.668, "2011-09-30": -0.836, "2011-06-30": -9.082, "2011-03-31": "-7.86600", "2010-12-31": -7.703, "2010-09-30": -12.864, "2010-06-30": -5.88, "2010-03-31": "-9.17800", "2009-12-31": -9.858, "2009-09-30": -11.002, "2009-06-30": -15.492, "2009-03-31": "-12.97100", "2008-12-31": -16.976, "2008-09-30": -23.423, "2008-06-30": -28.101, "2008-03-31": "-14.11100", "2007-12-31": -16.208, "2007-09-30": -12.765, "2007-06-30": -9.534, "2007-03-31": "-11.86500", "2006-12-31": -11.04, "2006-09-30": -8.555, "2006-06-30": -7.326, "2006-03-31": "-4.89900"}, "Net Change In Property, Plant, And Equipment": {"2020-09-30": -36.8, "2020-06-30": -24.8, "2020-03-31": "-26.90000", "2019-12-31": -49.1, "2019-09-30": -22.7, "2019-06-30": -47.5, "2019-03-31": "-44.40000", "2018-12-31": -32.545, "2018-09-30": -37.125, "2018-06-30": -52.356, "2018-03-31": "-35.37400", "2017-12-31": -25.987, "2017-09-30": -8.745, "2017-06-30": -13.389, "2017-03-31": "-25.67900", "2016-12-31": -2.91, "2016-09-30": -13.3, "2016-06-30": -2.745, "2016-03-31": "-3.16000", "2015-12-31": -3.482, "2015-09-30": -2.525, "2015-06-30": -0.255, "2015-03-31": "-4.34600", "2014-12-31": -2.633, "2014-09-30": -3.108, "2014-06-30": -3.588, "2014-03-31": "-2.15700", "2013-12-31": -2.79, "2013-09-30": -1.822, "2013-06-30": -1.626, "2013-03-31": "-1.06900", "2012-12-31": -2.055, "2012-09-30": -4.687, "2012-06-30": -2.55, "2012-03-31": "-1.69900", "2011-12-31": -2.276, "2011-09-30": -3.278, "2011-06-30": -2.663, "2011-03-31": "-2.89700", "2010-12-31": -2.917, "2010-09-30": -1.646, "2010-06-30": -0.896, "2010-03-31": "-1.09000", "2009-12-31": -1.172, "2009-09-30": -1.212, "2009-06-30": -0.591, "2009-03-31": "-0.16500", "2008-12-31": -0.606, "2008-09-30": -1.617, "2008-06-30": -2.545, "2008-03-31": "-5.27900", "2007-12-31": -1.749, "2007-09-30": -2.83, "2007-06-30": -3.179, "2007-03-31": "-2.33100", "2006-12-31": -2.33, "2006-09-30": -3.937, "2006-06-30": -2.878, "2006-03-31": "-3.99200"}, "Net Change In Intangible Assets": {"2020-09-30": -7.8, "2020-06-30": 0, "2020-03-31": "-0.50000", "2019-12-31": -0.8, "2019-09-30": -1.4, "2019-06-30": -4.1, "2019-03-31": "-0.90000", "2018-12-31": -2.296, "2018-09-30": -0.497, "2018-06-30": -2.207, "2018-03-31": "", "2017-12-31": -3.4, "2017-09-30": 0, "2017-06-30": 0, "2017-03-31": "", "2016-12-31": 0, "2016-09-30": 0, "2016-06-30": 0, "2016-03-31": "", "2015-12-31": 0, "2015-09-30": 0, "2015-06-30": 0, "2015-03-31": "", "2014-12-31": 0, "2014-09-30": 0, "2014-06-30": 0, "2014-03-31": "", "2013-12-31": 0, "2013-09-30": 0, "2013-06-30": 0, "2013-03-31": "", "2012-12-31": 0, "2012-09-30": 0, "2012-06-30": 0, "2012-03-31": "", "2011-12-31": 0, "2011-09-30": 0, "2011-06-30": 0, "2011-03-31": "", "2010-12-31": 0, "2010-09-30": 0, "2010-06-30": 0, "2010-03-31": "", "2009-12-31": 0, "2009-09-30": 0, "2009-06-30": 0, "2009-03-31": "", "2008-12-31": 0, "2008-09-30": 0, "2008-06-30": 0, "2008-03-31": "", "2007-12-31": 0, "2007-09-30": 0, "2007-06-30": 0, "2007-03-31": "", "2006-12-31": 0, "2006-09-30": 0, "2006-06-30": 0, "2006-03-31": ""}, "Net Acquisitions/Divestitures": {"2020-09-30": 0, "2020-06-30": 0, "2020-03-31": "", "2019-12-31": 0, "2019-09-30": 0, "2019-06-30": 0, "2019-03-31": "", "2018-12-31": 0, "2018-09-30": 0, "2018-06-30": 0, "2018-03-31": "", "2017-12-31": 0, "2017-09-30": 0, "2017-06-30": 0, "2017-03-31": "", "2016-12-31": 0, "2016-09-30": 0, "2016-06-30": 1.1, "2016-03-31": "4.61400", "2015-12-31": 0, "2015-09-30": -4.715, "2015-06-30": 0, "2015-03-31": "", "2014-12-31": 0, "2014-09-30": 0, "2014-06-30": 0, "2014-03-31": "", "2013-12-31": 0, "2013-09-30": 0, "2013-06-30": 0, "2013-03-31": "", "2012-12-31": 0, "2012-09-30": 0, "2012-06-30": 0, "2012-03-31": "", "2011-12-31": 0, "2011-09-30": 0, "2011-06-30": -37.855, "2011-03-31": "", "2010-12-31": 0, "2010-09-30": 0, "2010-06-30": 0, "2010-03-31": "", "2009-12-31": 0, "2009-09-30": 0, "2009-06-30": 0, "2009-03-31": "", "2008-12-31": 0, "2008-09-30": 0, "2008-06-30": 0, "2008-03-31": "", "2007-12-31": 0, "2007-09-30": 0, "2007-06-30": 0, "2007-03-31": "", "2006-12-31": 0, "2006-09-30": 0, "2006-06-30": 0, "2006-03-31": ""}, "Net Change In Short-term Investments": {"2020-09-30": 29.3, "2020-06-30": 92, "2020-03-31": "40.80000", "2019-12-31": -4.1, "2019-09-30": 36.3, "2019-06-30": 12.2, "2019-03-31": "52.90000", "2018-12-31": -5.94, "2018-09-30": 11.006, "2018-06-30": -6.552, "2018-03-31": "-20.61400", "2017-12-31": -119.928, "2017-09-30": 11.526, "2017-06-30": -8.591, "2017-03-31": "-16.60700", "2016-12-31": -94.273, "2016-09-30": -31.739, "2016-06-30": -35.597, "2016-03-31": "0.00000", "2015-12-31": 0, "2015-09-30": 0, "2015-06-30": 0, "2015-03-31": "", "2014-12-31": 0, "2014-09-30": 0, "2014-06-30": 0, "2014-03-31": "", "2013-12-31": 0, "2013-09-30": 0, "2013-06-30": 0, "2013-03-31": "", "2012-12-31": 0, "2012-09-30": 0, "2012-06-30": 0, "2012-03-31": "", "2011-12-31": 0, "2011-09-30": 0, "2011-06-30": 0, "2011-03-31": "", "2010-12-31": 0, "2010-09-30": 0, "2010-06-30": 0, "2010-03-31": "", "2009-12-31": 0, "2009-09-30": 0, "2009-06-30": 0, "2009-03-31": "", "2008-12-31": 0, "2008-09-30": 0, "2008-06-30": 0, "2008-03-31": "", "2007-12-31": 0, "2007-09-30": 0, "2007-06-30": 0, "2007-03-31": "", "2006-12-31": 0, "2006-09-30": 0, "2006-06-30": 0, "2006-03-31": ""}, "Net Change In Long-Term Investments": {"2020-09-30": 0, "2020-06-30": 0, "2020-03-31": "", "2019-12-31": 0, "2019-09-30": 0, "2019-06-30": 0, "2019-03-31": "", "2018-12-31": 0, "2018-09-30": 0, "2018-06-30": 0, "2018-03-31": "", "2017-12-31": 0, "2017-09-30": 0, "2017-06-30": 0, "2017-03-31": "", "2016-12-31": 0, "2016-09-30": 0, "2016-06-30": 0, "2016-03-31": "", "2015-12-31": 0, "2015-09-30": 0, "2015-06-30": 0, "2015-03-31": "", "2014-12-31": 0, "2014-09-30": 0, "2014-06-30": 0, "2014-03-31": "", "2013-12-31": 0, "2013-09-30": 0, "2013-06-30": 0, "2013-03-31": "", "2012-12-31": 0, "2012-09-30": 0, "2012-06-30": 0, "2012-03-31": "", "2011-12-31": 0, "2011-09-30": 0, "2011-06-30": 0, "2011-03-31": "", "2010-12-31": 0, "2010-09-30": 0, "2010-06-30": 0, "2010-03-31": "", "2009-12-31": 0, "2009-09-30": 0, "2009-06-30": 0, "2009-03-31": "", "2008-12-31": 0, "2008-09-30": 0, "2008-06-30": 0, "2008-03-31": "", "2007-12-31": 0, "2007-09-30": 0, "2007-06-30": 0, "2007-03-31": "", "2006-12-31": 0, "2006-09-30": 0, "2006-06-30": 0, "2006-03-31": ""}, "Net Change In Investments - Total": {"2020-09-30": 29.3, "2020-06-30": 92, "2020-03-31": "40.80000", "2019-12-31": -4.1, "2019-09-30": 36.3, "2019-06-30": 12.2, "2019-03-31": "52.90000", "2018-12-31": -5.94, "2018-09-30": 11.006, "2018-06-30": -6.552, "2018-03-31": "-20.61400", "2017-12-31": -119.928, "2017-09-30": 11.526, "2017-06-30": -8.591, "2017-03-31": "-16.60700", "2016-12-31": -94.273, "2016-09-30": -31.739, "2016-06-30": -35.597, "2016-03-31": "", "2015-12-31": 0, "2015-09-30": 0, "2015-06-30": 0, "2015-03-31": "", "2014-12-31": 0, "2014-09-30": 0, "2014-06-30": 0, "2014-03-31": "", "2013-12-31": 0, "2013-09-30": 0, "2013-06-30": 0, "2013-03-31": "", "2012-12-31": 0, "2012-09-30": 0, "2012-06-30": 0, "2012-03-31": "", "2011-12-31": 0, "2011-09-30": 0, "2011-06-30": 0, "2011-03-31": "", "2010-12-31": 0, "2010-09-30": 0, "2010-06-30": 0, "2010-03-31": "", "2009-12-31": 0, "2009-09-30": 0, "2009-06-30": 0, "2009-03-31": "", "2008-12-31": 0, "2008-09-30": 0, "2008-06-30": 0, "2008-03-31": "", "2007-12-31": 0, "2007-09-30": 0, "2007-06-30": 0, "2007-03-31": "", "2006-12-31": 0, "2006-09-30": 0, "2006-06-30": 0, "2006-03-31": ""}, "Investing Activities - Other": {"2020-09-30": 0, "2020-06-30": 0, "2020-03-31": "", "2019-12-31": 0, "2019-09-30": 0, "2019-06-30": 0, "2019-03-31": "", "2018-12-31": 0, "2018-09-30": 0, "2018-06-30": 0, "2018-03-31": "", "2017-12-31": 0, "2017-09-30": 0, "2017-06-30": 0, "2017-03-31": "", "2016-12-31": 0, "2016-09-30": 0, "2016-06-30": 0, "2016-03-31": "", "2015-12-31": 0, "2015-09-30": 0, "2015-06-30": 0, "2015-03-31": "", "2014-12-31": 0, "2014-09-30": 0, "2014-06-30": 0, "2014-03-31": "", "2013-12-31": 0, "2013-09-30": 0, "2013-06-30": 0, "2013-03-31": "", "2012-12-31": 0, "2012-09-30": 0, "2012-06-30": 0, "2012-03-31": "", "2011-12-31": 0, "2011-09-30": 0, "2011-06-30": 0, "2011-03-31": "", "2010-12-31": 0, "2010-09-30": 0, "2010-06-30": 0, "2010-03-31": "", "2009-12-31": 0, "2009-09-30": 0, "2009-06-30": 0, "2009-03-31": "", "2008-12-31": 0, "2008-09-30": 0, "2008-06-30": 0, "2008-03-31": "", "2007-12-31": 0, "2007-09-30": 0, "2007-06-30": 0, "2007-03-31": "", "2006-12-31": 0.55, "2006-09-30": 0, "2006-06-30": 0, "2006-03-31": ""}, "Cash Flow From Investing Activities": {"2020-09-30": -15.3, "2020-06-30": 67.2, "2020-03-31": "13.40000", "2019-12-31": -54, "2019-09-30": 12.2, "2019-06-30": -39.4, "2019-03-31": "7.60000", "2018-12-31": -40.781, "2018-09-30": -26.616, "2018-06-30": -61.115, "2018-03-31": "-55.98800", "2017-12-31": -149.315, "2017-09-30": 2.781, "2017-06-30": -21.98, "2017-03-31": "-42.28600", "2016-12-31": -97.183, "2016-09-30": -45.039, "2016-06-30": -37.242, "2016-03-31": "1.45400", "2015-12-31": -3.482, "2015-09-30": -7.24, "2015-06-30": -0.255, "2015-03-31": "-4.34600", "2014-12-31": -2.633, "2014-09-30": -3.108, "2014-06-30": -3.588, "2014-03-31": "-2.15700", "2013-12-31": -2.79, "2013-09-30": -1.822, "2013-06-30": -1.626, "2013-03-31": "-1.06900", "2012-12-31": -2.055, "2012-09-30": -4.687, "2012-06-30": -2.55, "2012-03-31": "-1.69900", "2011-12-31": -2.276, "2011-09-30": -3.278, "2011-06-30": -40.518, "2011-03-31": "-2.89700", "2010-12-31": -2.917, "2010-09-30": -1.646, "2010-06-30": -0.896, "2010-03-31": "-1.09000", "2009-12-31": -1.172, "2009-09-30": -1.212, "2009-06-30": -0.591, "2009-03-31": "-0.16500", "2008-12-31": -0.606, "2008-09-30": -1.617, "2008-06-30": -2.545, "2008-03-31": "-5.27900", "2007-12-31": -1.749, "2007-09-30": -2.83, "2007-06-30": -3.179, "2007-03-31": "-2.33100", "2006-12-31": -1.78, "2006-09-30": -3.937, "2006-06-30": -2.878, "2006-03-31": "-3.99200"}, "Net Long-Term Debt": {"2020-09-30": 0, "2020-06-30": 0, "2020-03-31": "", "2019-12-31": 0, "2019-09-30": 0, "2019-06-30": 0, "2019-03-31": "", "2018-12-31": 0, "2018-09-30": 0, "2018-06-30": 0, "2018-03-31": "", "2017-12-31": -0.031, "2017-09-30": 0, "2017-06-30": 0, "2017-03-31": "-0.26900", "2016-12-31": -0.791, "2016-09-30": -1.255, "2016-06-30": -2.132, "2016-03-31": "-1.34000", "2015-12-31": -1.293, "2015-09-30": -1.469, "2015-06-30": -1.621, "2015-03-31": "-1.19300", "2014-12-31": -6.739, "2014-09-30": -29.742, "2014-06-30": 33.241, "2014-03-31": "-0.61800", "2013-12-31": -0.658, "2013-09-30": -0.336, "2013-06-30": -2, "2013-03-31": "", "2012-12-31": 0, "2012-09-30": 0, "2012-06-30": 0, "2012-03-31": "", "2011-12-31": -0.08, "2011-09-30": -0.074, "2011-06-30": 50.742, "2011-03-31": "", "2010-12-31": -32.5, "2010-09-30": 0, "2010-06-30": 0, "2010-03-31": "", "2009-12-31": 56.879, "2009-09-30": -27.5, "2009-06-30": 0, "2009-03-31": "", "2008-12-31": -0.048, "2008-09-30": -0.083, "2008-06-30": 56.169, "2008-03-31": "-2.72700", "2007-12-31": -2.727, "2007-09-30": 0, "2007-06-30": 0, "2007-03-31": "", "2006-12-31": 20.837, "2006-09-30": -0.63, "2006-06-30": -0.207, "2006-03-31": ""}, "Net Current Debt": {"2020-09-30": 0, "2020-06-30": 0, "2020-03-31": "", "2019-12-31": -210, "2019-09-30": 326.6, "2019-06-30": 0, "2019-03-31": "", "2018-12-31": -0.001, "2018-09-30": -0.012, "2018-06-30": -6.672, "2018-03-31": "-0.01500", "2017-12-31": 293.1, "2017-09-30": 0, "2017-06-30": 0, "2017-03-31": "", "2016-12-31": -0.179, "2016-09-30": 180.276, "2016-06-30": 0, "2016-03-31": "", "2015-12-31": 0, "2015-09-30": 0, "2015-06-30": 0, "2015-03-31": "", "2014-12-31": 4.969, "2014-09-30": 0, "2014-06-30": 0, "2014-03-31": "", "2013-12-31": 0, "2013-09-30": 0, "2013-06-30": 0, "2013-03-31": "", "2012-12-31": 0, "2012-09-30": 0, "2012-06-30": 0, "2012-03-31": "", "2011-12-31": 0, "2011-09-30": 0, "2011-06-30": 0, "2011-03-31": "", "2010-12-31": 0, "2010-09-30": 0, "2010-06-30": 0, "2010-03-31": "", "2009-12-31": 0, "2009-09-30": 0, "2009-06-30": 0, "2009-03-31": "", "2008-12-31": 0, "2008-09-30": 0, "2008-06-30": 0, "2008-03-31": "", "2007-12-31": 0, "2007-09-30": 0, "2007-06-30": 0, "2007-03-31": "", "2006-12-31": 0, "2006-09-30": 0, "2006-06-30": 0, "2006-03-31": ""}, "Debt Issuance/Retirement Net - Total": {"2020-09-30": 0, "2020-06-30": 0, "2020-03-31": "", "2019-12-31": -210, "2019-09-30": 326.6, "2019-06-30": 0, "2019-03-31": "", "2018-12-31": -0.001, "2018-09-30": -0.012, "2018-06-30": -6.672, "2018-03-31": "-0.01500", "2017-12-31": 293.069, "2017-09-30": 0, "2017-06-30": 0, "2017-03-31": "-0.26900", "2016-12-31": -0.97, "2016-09-30": 179.021, "2016-06-30": -2.132, "2016-03-31": "-1.34000", "2015-12-31": -1.293, "2015-09-30": -1.469, "2015-06-30": -1.621, "2015-03-31": "-1.19300", "2014-12-31": -1.77, "2014-09-30": -29.742, "2014-06-30": 33.241, "2014-03-31": "-0.61800", "2013-12-31": -0.658, "2013-09-30": -0.336, "2013-06-30": -2, "2013-03-31": "", "2012-12-31": 0, "2012-09-30": 0, "2012-06-30": 0, "2012-03-31": "", "2011-12-31": -0.08, "2011-09-30": -0.074, "2011-06-30": 50.742, "2011-03-31": "", "2010-12-31": -32.5, "2010-09-30": 0, "2010-06-30": 0, "2010-03-31": "", "2009-12-31": 56.879, "2009-09-30": -27.5, "2009-06-30": 0, "2009-03-31": "", "2008-12-31": -0.048, "2008-09-30": -0.083, "2008-06-30": 56.169, "2008-03-31": "-2.72700", "2007-12-31": -2.727, "2007-09-30": 0, "2007-06-30": 0, "2007-03-31": "", "2006-12-31": 20.837, "2006-09-30": -0.63, "2006-06-30": -0.207, "2006-03-31": ""}, "Net Common Equity Issued/Repurchased": {"2020-09-30": 10.6, "2020-06-30": 485.5, "2020-03-31": "6.20000", "2019-12-31": 8, "2019-09-30": -68.1, "2019-06-30": 16.6, "2019-03-31": "9.00000", "2018-12-31": 2.336, "2018-09-30": 2.258, "2018-06-30": 8.245, "2018-03-31": "2.96100", "2017-12-31": 5.065, "2017-09-30": 2.844, "2017-06-30": 1.556, "2017-03-31": "6.33500", "2016-12-31": 0.006, "2016-09-30": 3.358, "2016-06-30": 0.694, "2016-03-31": "0.79600", "2015-12-31": 0.808, "2015-09-30": 0.554, "2015-06-30": 1.613, "2015-03-31": "4.87600", "2014-12-31": 4.709, "2014-09-30": 1.538, "2014-06-30": 1.778, "2014-03-31": "3.56100", "2013-12-31": 3.488, "2013-09-30": 1.559, "2013-06-30": 3.244, "2013-03-31": "94.36100", "2012-12-31": 1.785, "2012-09-30": 1.5, "2012-06-30": 1.009, "2012-03-31": "0.63300", "2011-12-31": 0.436, "2011-09-30": 1.264, "2011-06-30": 1.245, "2011-03-31": "2.51500", "2010-12-31": 52.476, "2010-09-30": 7.944, "2010-06-30": -0.61, "2010-03-31": "0.61000", "2009-12-31": 66.468, "2009-09-30": 27.544, "2009-06-30": 0.281, "2009-03-31": "0.12400", "2008-12-31": 0.159, "2008-09-30": 0.149, "2008-06-30": 0.55, "2008-03-31": "0.55500", "2007-12-31": 11.049, "2007-09-30": -0.01, "2007-06-30": 113.474, "2007-03-31": "0.02200", "2006-12-31": 0.114, "2006-09-30": 0.031, "2006-06-30": 0.012, "2006-03-31": "0.02300"}, "Net Total Equity Issued/Repurchased": {"2020-09-30": 10.6, "2020-06-30": 485.5, "2020-03-31": "6.20000", "2019-12-31": 8, "2019-09-30": -68.1, "2019-06-30": 16.6, "2019-03-31": "9.00000", "2018-12-31": 2.336, "2018-09-30": 2.258, "2018-06-30": 8.245, "2018-03-31": "2.96100", "2017-12-31": 5.065, "2017-09-30": 2.844, "2017-06-30": 1.556, "2017-03-31": "6.33500", "2016-12-31": 0.006, "2016-09-30": 3.358, "2016-06-30": 0.694, "2016-03-31": "0.79600", "2015-12-31": 0.808, "2015-09-30": 0.554, "2015-06-30": 1.613, "2015-03-31": "4.87600", "2014-12-31": 4.709, "2014-09-30": 1.538, "2014-06-30": 1.778, "2014-03-31": "3.56100", "2013-12-31": 3.488, "2013-09-30": 1.559, "2013-06-30": 3.244, "2013-03-31": "94.36100", "2012-12-31": 1.785, "2012-09-30": 1.5, "2012-06-30": 1.009, "2012-03-31": "0.63300", "2011-12-31": 0.436, "2011-09-30": 1.264, "2011-06-30": 1.245, "2011-03-31": "2.51500", "2010-12-31": 52.476, "2010-09-30": 7.944, "2010-06-30": -0.61, "2010-03-31": "0.61000", "2009-12-31": 66.468, "2009-09-30": 27.544, "2009-06-30": 0.281, "2009-03-31": "0.12400", "2008-12-31": 0.159, "2008-09-30": 0.149, "2008-06-30": 0.55, "2008-03-31": "0.55500", "2007-12-31": 11.049, "2007-09-30": -0.01, "2007-06-30": 113.474, "2007-03-31": "0.02200", "2006-12-31": 0.114, "2006-09-30": 0.031, "2006-06-30": 0.012, "2006-03-31": "49.81000"}, "Total Common And Preferred Stock Dividends Paid": {"2020-09-30": 0, "2020-06-30": 0, "2020-03-31": "", "2019-12-31": 0, "2019-09-30": 0, "2019-06-30": 0, "2019-03-31": "", "2018-12-31": 0, "2018-09-30": 0, "2018-06-30": 0, "2018-03-31": "", "2017-12-31": 0, "2017-09-30": 0, "2017-06-30": 0, "2017-03-31": "", "2016-12-31": 0, "2016-09-30": 0, "2016-06-30": 0, "2016-03-31": "", "2015-12-31": 0, "2015-09-30": 0, "2015-06-30": 0, "2015-03-31": "", "2014-12-31": 0, "2014-09-30": 0, "2014-06-30": 0, "2014-03-31": "", "2013-12-31": 0, "2013-09-30": 0, "2013-06-30": 0, "2013-03-31": "", "2012-12-31": 0, "2012-09-30": 0, "2012-06-30": 0, "2012-03-31": "", "2011-12-31": 0, "2011-09-30": 0, "2011-06-30": 0, "2011-03-31": "", "2010-12-31": 0, "2010-09-30": 0, "2010-06-30": 0, "2010-03-31": "", "2009-12-31": 0, "2009-09-30": 0, "2009-06-30": 0, "2009-03-31": "", "2008-12-31": 0, "2008-09-30": 0, "2008-06-30": 0, "2008-03-31": "", "2007-12-31": 0, "2007-09-30": 0, "2007-06-30": 0, "2007-03-31": "", "2006-12-31": 0, "2006-09-30": 0, "2006-06-30": 0, "2006-03-31": ""}, "Financial Activities - Other": {"2020-09-30": -0.1, "2020-06-30": -1.6, "2020-03-31": "-25.20000", "2019-12-31": -0.4, "2019-09-30": -0.3, "2019-06-30": -0.4, "2019-03-31": "-7.50000", "2018-12-31": -3.954, "2018-09-30": -1.155, "2018-06-30": -0.875, "2018-03-31": "-11.81600", "2017-12-31": -0.284, "2017-09-30": -0.388, "2017-06-30": -0.289, "2017-03-31": "-3.13900", "2016-12-31": -0.027, "2016-09-30": -0.229, "2016-06-30": -0.97, "2016-03-31": "-1.64000", "2015-12-31": -0.178, "2015-09-30": -0.041, "2015-06-30": -0.993, "2015-03-31": "-1.43400", "2014-12-31": -0.092, "2014-09-30": -2.683, "2014-06-30": -2.008, "2014-03-31": "-3.88200", "2013-12-31": -0.7, "2013-09-30": -0.134, "2013-06-30": -1.111, "2013-03-31": "-1.32000", "2012-12-31": -0.287, "2012-09-30": -0.065, "2012-06-30": -0.207, "2012-03-31": "-0.98000", "2011-12-31": -0.269, "2011-09-30": -0.01, "2011-06-30": -0.129, "2011-03-31": "-0.53800", "2010-12-31": 0, "2010-09-30": -7.587, "2010-06-30": 7.119, "2010-03-31": "", "2009-12-31": -57.015, "2009-09-30": 32.502, "2009-06-30": 0, "2009-03-31": "24.51300", "2008-12-31": 0, "2008-09-30": 0, "2008-06-30": 0, "2008-03-31": "0.00900", "2007-12-31": 0.01, "2007-09-30": 0, "2007-06-30": -0.019, "2007-03-31": "0.01900", "2006-12-31": 0.011, "2006-09-30": 0, "2006-06-30": -0.011, "2006-03-31": "0.01100"}, "Cash Flow From Financial Activities": {"2020-09-30": 10.5, "2020-06-30": 483.9, "2020-03-31": "-19.00000", "2019-12-31": -202.4, "2019-09-30": 258.2, "2019-06-30": 16.2, "2019-03-31": "1.50000", "2018-12-31": -1.619, "2018-09-30": 1.091, "2018-06-30": 0.698, "2018-03-31": "-8.87000", "2017-12-31": 297.85, "2017-09-30": 2.456, "2017-06-30": 1.267, "2017-03-31": "2.92700", "2016-12-31": -0.991, "2016-09-30": 182.15, "2016-06-30": -2.408, "2016-03-31": "-2.18400", "2015-12-31": -0.663, "2015-09-30": -0.956, "2015-06-30": -1.001, "2015-03-31": "2.24900", "2014-12-31": 2.847, "2014-09-30": -30.887, "2014-06-30": 33.011, "2014-03-31": "-0.93900", "2013-12-31": 2.13, "2013-09-30": 1.089, "2013-06-30": 0.133, "2013-03-31": "93.04100", "2012-12-31": 1.498, "2012-09-30": 1.435, "2012-06-30": 0.802, "2012-03-31": "-0.34700", "2011-12-31": 0.087, "2011-09-30": 1.18, "2011-06-30": 51.858, "2011-03-31": "1.97700", "2010-12-31": 19.976, "2010-09-30": 0.357, "2010-06-30": 6.509, "2010-03-31": "0.61000", "2009-12-31": 66.332, "2009-09-30": 32.546, "2009-06-30": 0.281, "2009-03-31": "24.63700", "2008-12-31": 0.111, "2008-09-30": 0.066, "2008-06-30": 56.719, "2008-03-31": "-2.16300", "2007-12-31": 8.332, "2007-09-30": -0.01, "2007-06-30": 113.455, "2007-03-31": "0.04100", "2006-12-31": 20.962, "2006-09-30": -0.599, "2006-06-30": -0.206, "2006-03-31": "49.82100"}, "Net Cash Flow": {"2020-09-30": 59, "2020-06-30": 577.7, "2020-03-31": "-12.30000", "2019-12-31": -206.2, "2019-09-30": 300, "2019-06-30": -9.4, "2019-03-31": "15.40000", "2018-12-31": -12.686, "2018-09-30": -9.683, "2018-06-30": -66.9, "2018-03-31": "-69.43100", "2017-12-31": 170.341, "2017-09-30": 28.745, "2017-06-30": -2.55, "2017-03-31": "-61.13600", "2016-12-31": -78.228, "2016-09-30": 139.741, "2016-06-30": -35.974, "2016-03-31": "-11.03700", "2015-12-31": -22.795, "2015-09-30": 0.33, "2015-06-30": -0.471, "2015-03-31": "-5.58500", "2014-12-31": 4.821, "2014-09-30": -29.173, "2014-06-30": 29.931, "2014-03-31": "-4.11300", "2013-12-31": -4.178, "2013-09-30": 2.961, "2013-06-30": 2.879, "2013-03-31": "90.77200", "2012-12-31": -6.15, "2012-09-30": -6.701, "2012-06-30": -12.862, "2012-03-31": "-10.94900", "2011-12-31": -9.857, "2011-09-30": -2.934, "2011-06-30": 2.258, "2011-03-31": "-8.78600", "2010-12-31": 9.356, "2010-09-30": -14.153, "2010-06-30": -0.267, "2010-03-31": "-9.65800", "2009-12-31": 55.302, "2009-09-30": 20.332, "2009-06-30": -15.802, "2009-03-31": "11.50100", "2008-12-31": -17.471, "2008-09-30": -24.974, "2008-06-30": 26.073, "2008-03-31": "-21.55300", "2007-12-31": -9.625, "2007-09-30": -15.605, "2007-06-30": 100.742, "2007-03-31": "-14.15500", "2006-12-31": 8.142, "2006-09-30": -13.091, "2006-06-30": -10.41, "2006-03-31": "40.93000"}, "Stock-Based Compensation": {"2020-09-30": 6.6, "2020-06-30": 5.8, "2020-03-31": "7.90000", "2019-12-31": 8, "2019-09-30": 6.6, "2019-06-30": 8.3, "2019-03-31": "5.80000", "2018-12-31": 6.295, "2018-09-30": 16.088, "2018-06-30": 6.936, "2018-03-31": "8.18100", "2017-12-31": 8.349, "2017-09-30": 8.896, "2017-06-30": 7.531, "2017-03-31": "7.12400", "2016-12-31": 6.767, "2016-09-30": 6.066, "2016-06-30": 5.513, "2016-03-31": "5.27100", "2015-12-31": 5.326, "2015-09-30": 4.222, "2015-06-30": 4.325, "2015-03-31": "5.30500", "2014-12-31": 4.272, "2014-09-30": 9.67, "2014-06-30": 4.217, "2014-03-31": "4.36000", "2013-12-31": 2.883, "2013-09-30": 2.956, "2013-06-30": 3.849, "2013-03-31": "2.99500", "2012-12-31": 2.42, "2012-09-30": 2.345, "2012-06-30": 2.546, "2012-03-31": "2.60900", "2011-12-31": 2.128, "2011-09-30": 1.79, "2011-06-30": 1.855, "2011-03-31": "1.96100", "2010-12-31": 1.107, "2010-09-30": 1.272, "2010-06-30": 1.374, "2010-03-31": "1.31100", "2009-12-31": 1.017, "2009-09-30": 0.954, "2009-06-30": 1.03, "2009-03-31": "1.20100", "2008-12-31": 0.75, "2008-09-30": 0.96, "2008-06-30": 0.984, "2008-03-31": "0.67400", "2007-12-31": 0.581, "2007-09-30": 0.432, "2007-06-30": 0.298, "2007-03-31": "0.20900", "2006-12-31": -0.093, "2006-09-30": 0.246, "2006-06-30": 0.126, "2006-03-31": "0.02800"}, "Common Stock Dividends Paid": {"2020-09-30": 0, "2020-06-30": 0, "2020-03-31": "", "2019-12-31": 0, "2019-09-30": 0, "2019-06-30": 0, "2019-03-31": "", "2018-12-31": 0, "2018-09-30": 0, "2018-06-30": 0, "2018-03-31": "", "2017-12-31": 0, "2017-09-30": 0, "2017-06-30": 0, "2017-03-31": "", "2016-12-31": 0, "2016-09-30": 0, "2016-06-30": 0, "2016-03-31": "", "2015-12-31": 0, "2015-09-30": 0, "2015-06-30": 0, "2015-03-31": "", "2014-12-31": 0, "2014-09-30": 0, "2014-06-30": 0, "2014-03-31": "", "2013-12-31": 0, "2013-09-30": 0, "2013-06-30": 0, "2013-03-31": "", "2012-12-31": 0, "2012-09-30": 0, "2012-06-30": 0, "2012-03-31": "", "2011-12-31": 0, "2011-09-30": 0, "2011-06-30": 0, "2011-03-31": "", "2010-12-31": 0, "2010-09-30": 0, "2010-06-30": 0, "2010-03-31": "", "2009-12-31": 0, "2009-09-30": 0, "2009-06-30": 0, "2009-03-31": "", "2008-12-31": 0, "2008-09-30": 0, "2008-06-30": 0, "2008-03-31": "", "2007-12-31": 0, "2007-09-30": 0, "2007-06-30": 0, "2007-03-31": "", "2006-12-31": 0, "2006-09-30": 0, "2006-06-30": 0, "2006-03-31": ""}}, "financial ratios": {"Current Ratio": {"2019-12-31": "3.74760", "2018-12-31": "3.98700", "2017-12-31": "6.24440", "2016-12-31": "6.64240", "2015-12-31": "2.92780", "2014-12-31": "4.70010", "2013-12-31": "4.67730", "2012-12-31": "2.27680", "2011-12-31": "4.73780", "2010-12-31": "7.51750", "2009-12-31": "7.78800", "2008-12-31": "5.21560", "2007-12-31": "5.17150", "2006-12-31": "1.02010", "2005-12-31": ""}, "Long-term Debt / Capital": {"2019-12-31": "0.92120", "2018-12-31": "0.73620", "2017-12-31": "0.78130", "2016-12-31": "0.84050", "2015-12-31": "0.83470", "2014-12-31": "0.66480", "2013-12-31": "0.48860", "2012-12-31": "0.70130", "2011-12-31": "0.56750", "2010-12-31": "0.51180", "2009-12-31": "0.59010", "2008-12-31": "0.68160", "2007-12-31": "0.14780", "2006-12-31": "", "2005-12-31": ""}, "Debt/Equity Ratio": {"2019-12-31": "11.69830", "2018-12-31": "2.79110", "2017-12-31": "3.57170", "2016-12-31": "5.26950", "2015-12-31": "5.21240", "2014-12-31": "2.02390", "2013-12-31": "0.97660", "2012-12-31": "2.67470", "2011-12-31": "1.31190", "2010-12-31": "1.04830", "2009-12-31": "1.43980", "2008-12-31": "2.14090", "2007-12-31": "0.28910", "2006-12-31": "1.64690", "2005-12-31": ""}, "Gross Margin": {"2019-12-31": "65.06370", "2018-12-31": "65.66160", "2017-12-31": "59.76710", "2016-12-31": "57.51830", "2015-12-31": "50.50190", "2014-12-31": "54.95650", "2013-12-31": "45.49100", "2012-12-31": "43.68470", "2011-12-31": "43.81600", "2010-12-31": "45.09420", "2009-12-31": "27.70930", "2008-12-31": "-12.71250", "2007-12-31": "-92.43940", "2006-12-31": "-327.51840", "2005-12-31": "-2960.00000"}, "Operating Margin": {"2019-12-31": "6.77320", "2018-12-31": "4.85990", "2017-12-31": "-1.59550", "2016-12-31": "-2.91670", "2015-12-31": "-18.46810", "2014-12-31": "-3.83620", "2013-12-31": "-11.79150", "2012-12-31": "-17.01810", "2011-12-31": "-27.89200", "2010-12-31": "-39.84180", "2009-12-31": "-89.89430", "2008-12-31": "-247.76620", "2007-12-31": "-402.64730", "2006-12-31": "-945.80940", "2005-12-31": "-43010.00000"}, "EBIT Margin": {"2019-12-31": "6.77320", "2018-12-31": "4.85990", "2017-12-31": "-1.59550", "2016-12-31": "-2.91670", "2015-12-31": "-18.46810", "2014-12-31": "-3.83620", "2013-12-31": "-11.79150", "2012-12-31": "-17.01810", "2011-12-31": "-27.89200", "2010-12-31": "-39.84180", "2009-12-31": "-89.89430", "2008-12-31": "-247.76620", "2007-12-31": "-402.64730", "2006-12-31": "-945.80940", "2005-12-31": "-43010.00000"}, "EBITDA Margin": {"2019-12-31": "10.55270", "2018-12-31": "7.62680", "2017-12-31": "1.40150", "2016-12-31": "0.85260", "2015-12-31": "-12.46640", "2014-12-31": "1.44780", "2013-12-31": "-7.01340", "2012-12-31": "-11.79970", "2011-12-31": "-22.30730", "2010-12-31": "-34.60590", "2009-12-31": "-73.52800", "2008-12-31": "-222.61850", "2007-12-31": "-365.85410", "2006-12-31": "-873.73720", "2005-12-31": "-40538.00000"}, "Pre-Tax Profit Margin": {"2019-12-31": "1.96420", "2018-12-31": "0.92230", "2017-12-31": "-5.73520", "2016-12-31": "-7.30760", "2015-12-31": "-23.26320", "2014-12-31": "-20.69850", "2013-12-31": "-18.16140", "2012-12-31": "-24.43830", "2011-12-31": "-37.46540", "2010-12-31": "-63.07260", "2009-12-31": "-109.55900", "2008-12-31": "-262.82210", "2007-12-31": "-400.38140", "2006-12-31": "-981.43590", "2005-12-31": "-43272.00000"}, "Net Profit Margin": {"2019-12-31": "1.57140", "2018-12-31": "0.58530", "2017-12-31": "-5.77840", "2016-12-31": "-7.86920", "2015-12-31": "-27.85980", "2014-12-31": "-22.26340", "2013-12-31": "-18.20190", "2012-12-31": "-24.53860", "2011-12-31": "-30.10150", "2010-12-31": "-63.07260", "2009-12-31": "-109.55900", "2008-12-31": "-262.82210", "2007-12-31": "-400.38140", "2006-12-31": "-987.49660", "2005-12-31": "-43272.00000"}, "Asset Turnover": {"2019-12-31": "0.64590", "2018-12-31": "0.60710", "2017-12-31": "0.56790", "2016-12-31": "0.80370", "2015-12-31": "0.95920", "2014-12-31": "0.77840", "2013-12-31": "0.85810", "2012-12-31": "1.06720", "2011-12-31": "0.68790", "2010-12-31": "0.62060", "2009-12-31": "0.38200", "2008-12-31": "0.33320", "2007-12-31": "0.10230", "2006-12-31": "0.06410", "2005-12-31": ""}, "Inventory Turnover Ratio": {"2019-12-31": "2.55350", "2018-12-31": "2.71150", "2017-12-31": "5.52190", "2016-12-31": "4.38990", "2015-12-31": "10.86340", "2014-12-31": "7.95440", "2013-12-31": "14.23110", "2012-12-31": "8.00650", "2011-12-31": "7.22610", "2010-12-31": "4.65790", "2009-12-31": "4.73280", "2008-12-31": "2.40920", "2007-12-31": "3.22070", "2006-12-31": "4.61950", "2005-12-31": ""}, "Receiveable Turnover": {"2019-12-31": "8.91550", "2018-12-31": "7.35070", "2017-12-31": "8.68980", "2016-12-31": "12.74140", "2015-12-31": "6.20490", "2014-12-31": "5.80010", "2013-12-31": "7.47220", "2012-12-31": "6.34860", "2011-12-31": "6.56550", "2010-12-31": "5.75770", "2009-12-31": "4.41330", "2008-12-31": "2.77160", "2007-12-31": "2.79570", "2006-12-31": "2.58500", "2005-12-31": ""}, "Days Sales In Receivables": {"2019-12-31": "40.94010", "2018-12-31": "49.65500", "2017-12-31": "42.00330", "2016-12-31": "28.64690", "2015-12-31": "58.82480", "2014-12-31": "62.92960", "2013-12-31": "48.84760", "2012-12-31": "57.49330", "2011-12-31": "55.59330", "2010-12-31": "63.39300", "2009-12-31": "82.70430", "2008-12-31": "131.69110", "2007-12-31": "130.55600", "2006-12-31": "141.19710", "2005-12-31": ""}, "ROE - Return On Equity": {"2019-12-31": "15.28330", "2018-12-31": "1.55590", "2017-12-31": "-16.90680", "2016-12-31": "-43.08790", "2015-12-31": "-180.91090", "2014-12-31": "-57.18790", "2013-12-31": "-36.09560", "2012-12-31": "-117.40990", "2011-12-31": "-55.39500", "2010-12-31": "-92.34190", "2009-12-31": "-116.85350", "2008-12-31": "-337.19150", "2007-12-31": "-58.02110", "2006-12-31": "35.32650", "2005-12-31": ""}, "Return On Tangible Equity": {"2019-12-31": "50.65500", "2018-12-31": "2.03580", "2017-12-31": "-23.44190", "2016-12-31": "-126.95970", "2015-12-31": "949.33150", "2014-12-31": "-148.74800", "2013-12-31": "-65.15990", "2012-12-31": "317.75430", "2011-12-31": "-282.95980", "2010-12-31": "-92.34200", "2009-12-31": "-116.85350", "2008-12-31": "-337.19130", "2007-12-31": "-58.02110", "2006-12-31": "-202.60370", "2005-12-31": ""}, "ROA - Return On Assets": {"2019-12-31": "1.01500", "2018-12-31": "0.35530", "2017-12-31": "-3.28130", "2016-12-31": "-5.95870", "2015-12-31": "-22.39050", "2014-12-31": "-16.13150", "2013-12-31": "-15.61840", "2012-12-31": "-26.18770", "2011-12-31": "-20.70780", "2010-12-31": "-39.14600", "2009-12-31": "-41.85170", "2008-12-31": "-87.56200", "2007-12-31": "-40.95040", "2006-12-31": "-62.91560", "2005-12-31": ""}, "ROI - Return On Investment": {"2019-12-31": "1.20360", "2018-12-31": "0.41040", "2017-12-31": "-3.69810", "2016-12-31": "-6.87260", "2015-12-31": "-29.90130", "2014-12-31": "-19.16740", "2013-12-31": "-18.45940", "2012-12-31": "-35.06750", "2011-12-31": "-23.96080", "2010-12-31": "-45.08120", "2009-12-31": "-47.89530", "2008-12-31": "-107.35520", "2007-12-31": "-49.44450", "2006-12-31": "-202.60370", "2005-12-31": ""}, "Book Value Per Share": {"2019-12-31": "1.21080", "2018-12-31": "3.58340", "2017-12-31": "2.71810", "2016-12-31": "1.09910", "2015-12-31": "0.59790", "2014-12-31": "1.48900", "2013-12-31": "2.27080", "2012-12-31": "0.91350", "2011-12-31": "1.74160", "2010-12-31": "1.45750", "2009-12-31": "1.63980", "2008-12-31": "1.01180", "2007-12-31": "3.38950", "2006-12-31": "38.82710", "2005-12-31": ""}, "Operating Cash Flow Per Share": {"2019-12-31": 0.991, "2018-12-31": -0.1236, "2017-12-31": 0.4341, "2016-12-31": 0.4989, "2015-12-31": -0.3813, "2014-12-31": 0.0983, "2013-12-31": 0.6684, "2012-12-31": -0.0613, "2011-12-31": 0.3543, "2010-12-31": 0.7598, "2009-12-31": 1.3328, "2008-12-31": 0.0265, "2007-12-31": 84.6399, "2006-12-31": -21.0322, "2005-12-31": -66.6262}, "Free Cash Flow Per Share": {"2019-12-31": 0.9434, "2018-12-31": -1.4312, "2017-12-31": -0.4519, "2016-12-31": 0.2994, "2015-12-31": -0.3617, "2014-12-31": 0.0272, "2013-12-31": 0.7624, "2012-12-31": -0.0525, "2011-12-31": 0.2816, "2010-12-31": 0.7, "2009-12-31": 1.591, "2008-12-31": 0.2672, "2007-12-31": 120.2255, "2006-12-31": -39.2813, "2005-12-31": -84.5672}}, "financial ratios, quarterly": {"Current Ratio": {"2020-09-30": "6.62330", "2020-06-30": "8.07810", "2020-03-31": "4.15110", "2019-12-31": "3.74760", "2019-09-30": "7.00820", "2019-06-30": "4.71580", "2019-03-31": "4.35530", "2018-12-31": "3.98700", "2018-09-30": "4.58440", "2018-06-30": "5.54200", "2018-03-31": "5.47980", "2017-12-31": "6.24440", "2017-09-30": "4.88420", "2017-06-30": "7.05450", "2017-03-31": "8.56210", "2016-12-31": "6.64240", "2016-09-30": "6.66900", "2016-06-30": "3.28540", "2016-03-31": "3.45240", "2015-12-31": "2.92780", "2015-09-30": "3.26960", "2015-06-30": "3.86900", "2015-03-31": "4.33610", "2014-12-31": "4.70010", "2014-09-30": "4.32570", "2014-06-30": "3.25610", "2014-03-31": "4.63510", "2013-12-31": "4.67730", "2013-09-30": "4.13480", "2013-06-30": "5.82310", "2013-03-31": "4.53130", "2012-12-31": "2.27680", "2012-09-30": "2.31540", "2012-06-30": "2.69970", "2012-03-31": "3.93550", "2011-12-31": "4.73780", "2011-09-30": "5.56750", "2011-06-30": "5.55540", "2011-03-31": "7.95010", "2010-12-31": "7.51750", "2010-09-30": "6.52230", "2010-06-30": "6.12800", "2010-03-31": "7.92850", "2009-12-31": "7.78800", "2009-09-30": "5.47790", "2009-06-30": "4.78940", "2009-03-31": "5.05240", "2008-12-31": "5.21560", "2008-09-30": "6.69680", "2008-06-30": "8.04380", "2008-03-31": "3.49240", "2007-12-31": "5.17150", "2007-09-30": "5.89930", "2007-06-30": "7.49940", "2007-03-31": "0.66570", "2006-12-31": "1.02010", "2006-09-30": "", "2006-06-30": "", "2006-03-31": ""}, "Long-term Debt / Capital": {"2020-09-30": "0.60760", "2020-06-30": "0.61770", "2020-03-31": "0.93840", "2019-12-31": "0.92120", "2019-09-30": "0.86750", "2019-06-30": "0.70860", "2019-03-31": "0.72840", "2018-12-31": "0.73620", "2018-09-30": "0.74700", "2018-06-30": "0.76310", "2018-03-31": "0.76960", "2017-12-31": "0.78130", "2017-09-30": "0.82290", "2017-06-30": "0.84040", "2017-03-31": "0.84120", "2016-12-31": "0.84050", "2016-09-30": "0.83480", "2016-06-30": "0.86490", "2016-03-31": "0.86810", "2015-12-31": "0.83470", "2015-09-30": "0.76040", "2015-06-30": "0.71300", "2015-03-31": "0.68370", "2014-12-31": "0.66480", "2014-09-30": "0.67970", "2014-06-30": "0.69170", "2014-03-31": "0.49680", "2013-12-31": "0.48860", "2013-09-30": "0.49120", "2013-06-30": "0.44680", "2013-03-31": "0.45050", "2012-12-31": "0.70130", "2012-09-30": "0.66800", "2012-06-30": "0.62710", "2012-03-31": "0.61220", "2011-12-31": "0.56750", "2011-09-30": "0.56030", "2011-06-30": "0.52540", "2011-03-31": "0.54240", "2010-12-31": "0.51180", "2010-09-30": "0.73760", "2010-06-30": "0.67730", "2010-03-31": "0.70590", "2009-12-31": "0.59010", "2009-09-30": "0.99690", "2009-06-30": "1.04360", "2009-03-31": "0.84050", "2008-12-31": "0.68160", "2008-09-30": "0.72870", "2008-06-30": "0.62370", "2008-03-31": "0.15340", "2007-12-31": "0.14780", "2007-09-30": "0.16240", "2007-06-30": "0.16310", "2007-03-31": "", "2006-12-31": "", "2006-09-30": "", "2006-06-30": "", "2006-03-31": ""}, "Debt/Equity Ratio": {"2020-09-30": "1.54870", "2020-06-30": "1.61580", "2020-03-31": "15.23730", "2019-12-31": "11.69830", "2019-09-30": "6.54700", "2019-06-30": "2.43150", "2019-03-31": "2.68120", "2018-12-31": "2.79110", "2018-09-30": "2.95300", "2018-06-30": "3.22150", "2018-03-31": "3.34110", "2017-12-31": "3.57170", "2017-09-30": "4.64560", "2017-06-30": "5.26590", "2017-03-31": "5.29620", "2016-12-31": "5.26950", "2016-09-30": "5.06990", "2016-06-30": "6.48610", "2016-03-31": "6.74830", "2015-12-31": "5.21240", "2015-09-30": "3.28210", "2015-06-30": "2.57310", "2015-03-31": "2.23620", "2014-12-31": "2.02390", "2014-09-30": "2.17210", "2014-06-30": "2.58680", "2014-03-31": "1.00970", "2013-12-31": "0.97660", "2013-09-30": "0.98660", "2013-06-30": "0.81650", "2013-03-31": "0.93340", "2012-12-31": "2.67470", "2012-09-30": "2.29230", "2012-06-30": "1.91630", "2012-03-31": "1.57860", "2011-12-31": "1.31190", "2011-09-30": "1.27420", "2011-06-30": "1.10710", "2011-03-31": "1.18530", "2010-12-31": "1.04830", "2010-09-30": "2.81090", "2010-06-30": "2.09850", "2010-03-31": "2.40000", "2009-12-31": "1.43980", "2009-09-30": "316.50820", "2009-06-30": "-23.93520", "2009-03-31": "5.26920", "2008-12-31": "2.14090", "2008-09-30": "2.68580", "2008-06-30": "1.65720", "2008-03-31": "0.32600", "2007-12-31": "0.28910", "2007-09-30": "0.30470", "2007-06-30": "0.26740", "2007-03-31": "4.54230", "2006-12-31": "1.64690", "2006-09-30": "", "2006-06-30": "", "2006-03-31": ""}, "Gross Margin": {"2020-09-30": "64.87180", "2020-06-30": "62.96950", "2020-03-31": "64.09090", "2019-12-31": "64.04010", "2019-09-30": "64.08120", "2019-06-30": "65.72560", "2019-03-31": "66.85460", "2018-12-31": "66.92220", "2018-09-30": "67.49520", "2018-06-30": "66.04760", "2018-03-31": "61.34990", "2017-12-31": "60.92330", "2017-09-30": "60.45900", "2017-06-30": "58.89340", "2017-03-31": "58.39770", "2016-12-31": "58.83370", "2016-09-30": "58.64910", "2016-06-30": "57.77740", "2016-03-31": "54.24130", "2015-12-31": "50.11040", "2015-09-30": "44.22000", "2015-06-30": "50.39550", "2015-03-31": "60.63180", "2014-12-31": "135.27910", "2014-09-30": "50.73280", "2014-06-30": "49.66460", "2014-03-31": "47.43710", "2013-12-31": "48.17830", "2013-09-30": "44.83410", "2013-06-30": "44.65320", "2013-03-31": "43.85770", "2012-12-31": "43.78330", "2012-09-30": "44.54630", "2012-06-30": "43.75620", "2012-03-31": "42.50120", "2011-12-31": "42.54960", "2011-09-30": "41.62220", "2011-06-30": "45.13370", "2011-03-31": "47.89090", "2010-12-31": "49.79290", "2010-09-30": "45.68450", "2010-06-30": "43.10070", "2010-03-31": "40.29890", "2009-12-31": "36.28720", "2009-09-30": "30.95280", "2009-06-30": "21.68020", "2009-03-31": "15.99970", "2008-12-31": "10.10030", "2008-09-30": "-0.86050", "2008-06-30": "-31.92670", "2008-03-31": "-49.87260", "2007-12-31": "-53.15300", "2007-09-30": "-100.02640", "2007-06-30": "-114.78830", "2007-03-31": "-127.68930", "2006-12-31": "-140.21940", "2006-09-30": "-375.97820", "2006-06-30": "-421.13630", "2006-03-31": "-1140.09000"}, "Operating Margin": {"2020-09-30": "10.17090", "2020-06-30": "12.15200", "2020-03-31": "3.78790", "2019-12-31": "8.64370", "2019-09-30": "8.84960", "2019-06-30": "4.29140", "2019-03-31": "4.57390", "2018-12-31": "9.83110", "2018-09-30": "4.54410", "2018-06-30": "3.48060", "2018-03-31": "", "2017-12-31": "-0.59820", "2017-09-30": "1.68100", "2017-06-30": "-3.05950", "2017-03-31": "-5.21860", "2016-12-31": "-3.99230", "2016-09-30": "2.54870", "2016-06-30": "-1.47490", "2016-03-31": "-9.48000", "2015-12-31": "-15.05470", "2015-09-30": "-20.72330", "2015-06-30": "-23.21850", "2015-03-31": "-15.09100", "2014-12-31": "7.70330", "2014-09-30": "-3.83540", "2014-06-30": "-7.33200", "2014-03-31": "-2.72700", "2013-12-31": "0.30060", "2013-09-30": "-28.33410", "2013-06-30": "-9.68850", "2013-03-31": "-10.82010", "2012-12-31": "-10.52430", "2012-09-30": "-15.47160", "2012-06-30": "-20.61140", "2012-03-31": "-22.81480", "2011-12-31": "-22.27280", "2011-09-30": "-21.90430", "2011-06-30": "-46.30410", "2011-03-31": "-25.73780", "2010-12-31": "-35.02360", "2010-09-30": "-32.52010", "2010-06-30": "-43.16170", "2010-03-31": "-51.56920", "2009-12-31": "-59.18570", "2009-09-30": "-71.95090", "2009-06-30": "-112.50600", "2009-03-31": "-140.12350", "2008-12-31": "-230.64670", "2008-09-30": "-196.18200", "2008-06-30": "-298.49000", "2008-03-31": "-299.98500", "2007-12-31": "-368.10370", "2007-09-30": "-384.64790", "2007-06-30": "-386.33260", "2007-03-31": "-537.74900", "2006-12-31": "-560.57270", "2006-09-30": "-1036.19600", "2006-06-30": "-1023.52300", "2006-03-31": "-3110.81100"}, "EBIT Margin": {"2020-09-30": "10.17090", "2020-06-30": "12.15200", "2020-03-31": "3.78790", "2019-12-31": "8.64380", "2019-09-30": "8.84960", "2019-06-30": "4.29140", "2019-03-31": "4.57390", "2018-12-31": "9.83110", "2018-09-30": "4.54410", "2018-06-30": "3.48060", "2018-03-31": "", "2017-12-31": "-0.59820", "2017-09-30": "1.68100", "2017-06-30": "-3.05950", "2017-03-31": "-5.21860", "2016-12-31": "-3.99230", "2016-09-30": "2.54870", "2016-06-30": "-1.47490", "2016-03-31": "-9.48000", "2015-12-31": "-15.05470", "2015-09-30": "-20.72330", "2015-06-30": "-23.21850", "2015-03-31": "-15.09100", "2014-12-31": "7.70340", "2014-09-30": "-3.83540", "2014-06-30": "-7.33200", "2014-03-31": "-2.72700", "2013-12-31": "0.30060", "2013-09-30": "-28.33410", "2013-06-30": "-9.68850", "2013-03-31": "-10.82010", "2012-12-31": "-10.52430", "2012-09-30": "-15.47160", "2012-06-30": "-20.61140", "2012-03-31": "-22.81480", "2011-12-31": "-22.27280", "2011-09-30": "-21.90430", "2011-06-30": "-46.30410", "2011-03-31": "-25.73780", "2010-12-31": "-35.02360", "2010-09-30": "-32.52010", "2010-06-30": "-43.16170", "2010-03-31": "-51.56920", "2009-12-31": "-59.18570", "2009-09-30": "-71.95090", "2009-06-30": "-112.50600", "2009-03-31": "-140.12350", "2008-12-31": "-230.64670", "2008-09-30": "-196.18200", "2008-06-30": "-298.49000", "2008-03-31": "-299.98500", "2007-12-31": "-368.10370", "2007-09-30": "-384.64790", "2007-06-30": "-386.33260", "2007-03-31": "-537.74900", "2006-12-31": "-560.57250", "2006-09-30": "-1036.19600", "2006-06-30": "-1023.52300", "2006-03-31": "-3110.81100"}, "EBITDA Margin": {"2020-09-30": "", "2020-06-30": "", "2020-03-31": "", "2019-12-31": "", "2019-09-30": "", "2019-06-30": "", "2019-03-31": "", "2018-12-31": "", "2018-09-30": "", "2018-06-30": "", "2018-03-31": "", "2017-12-31": "", "2017-09-30": "", "2017-06-30": "", "2017-03-31": "", "2016-12-31": "", "2016-09-30": "", "2016-06-30": "", "2016-03-31": "", "2015-12-31": "", "2015-09-30": "", "2015-06-30": "", "2015-03-31": "", "2014-12-31": "", "2014-09-30": "", "2014-06-30": "", "2014-03-31": "", "2013-12-31": "", "2013-09-30": "", "2013-06-30": "", "2013-03-31": "", "2012-12-31": "", "2012-09-30": "", "2012-06-30": "", "2012-03-31": "", "2011-12-31": "", "2011-09-30": "", "2011-06-30": "", "2011-03-31": "", "2010-12-31": "", "2010-09-30": "", "2010-06-30": "", "2010-03-31": "", "2009-12-31": "", "2009-09-30": "", "2009-06-30": "", "2009-03-31": "", "2008-12-31": "", "2008-09-30": "", "2008-06-30": "", "2008-03-31": "", "2007-12-31": "", "2007-09-30": "", "2007-06-30": "", "2007-03-31": "", "2006-12-31": "", "2006-09-30": "", "2006-06-30": "", "2006-03-31": ""}, "Pre-Tax Profit Margin": {"2020-09-30": "5.72650", "2020-06-30": "7.68890", "2020-03-31": "-1.31310", "2019-12-31": "3.24740", "2019-09-30": "0.57260", "2019-06-30": "1.07280", "2019-03-31": "2.94490", "2018-12-31": "6.58770", "2018-09-30": "1.22650", "2018-06-30": "-1.02930", "2018-03-31": "-5.04620", "2017-12-31": "-5.32110", "2017-09-30": "-1.72940", "2017-06-30": "-6.98460", "2017-03-31": "-9.71460", "2016-12-31": "-8.64690", "2016-09-30": "-3.11050", "2016-06-30": "-4.90780", "2016-03-31": "-13.08290", "2015-12-31": "-18.82910", "2015-09-30": "-25.12990", "2015-06-30": "-28.49170", "2015-03-31": "-21.63750", "2014-12-31": "-12.65010", "2014-09-30": "-14.43490", "2014-06-30": "-40.35240", "2014-03-31": "-8.78960", "2013-12-31": "-3.87260", "2013-09-30": "-34.83460", "2013-06-30": "-17.30850", "2013-03-31": "-18.36600", "2012-12-31": "-17.50880", "2012-09-30": "-22.62750", "2012-06-30": "-28.22960", "2012-03-31": "-30.85400", "2011-12-31": "-30.11100", "2011-09-30": "-30.41220", "2011-06-30": "-60.29930", "2011-03-31": "-34.85030", "2010-12-31": "-75.11430", "2010-09-30": "-47.53490", "2010-06-30": "-59.77680", "2010-03-31": "-69.64480", "2009-12-31": "-76.87900", "2009-09-30": "-90.32290", "2009-06-30": "-138.46210", "2009-03-31": "-157.55070", "2008-12-31": "-246.15980", "2008-09-30": "-214.30270", "2008-06-30": "-324.03940", "2008-03-31": "-297.91640", "2007-12-31": "-359.27550", "2007-09-30": "-359.77320", "2007-06-30": "-394.52060", "2007-03-31": "-575.69730", "2006-12-31": "-663.01010", "2006-09-30": "-1023.58700", "2006-06-30": "-990.11360", "2006-03-31": "-3126.12600"}, "Net Profit Margin": {"2020-09-30": "4.95730", "2020-06-30": "6.36320", "2020-03-31": "-1.06060", "2019-12-31": "2.38780", "2019-09-30": "0.41640", "2019-06-30": "0.79050", "2019-03-31": "2.75690", "2018-12-31": "6.00480", "2018-09-30": "1.09810", "2018-06-30": "-1.36080", "2018-03-31": "-5.31570", "2017-12-31": "-5.23070", "2017-09-30": "-1.82880", "2017-06-30": "-7.07660", "2017-03-31": "-9.80900", "2016-12-31": "-8.80420", "2016-09-30": "-3.24760", "2016-06-30": "-4.80710", "2016-03-31": "-15.36820", "2015-12-31": "-32.60940", "2015-09-30": "-26.51100", "2015-06-30": "-25.48600", "2015-03-31": "-24.57840", "2014-12-31": "-35.61540", "2014-09-30": "-14.46290", "2014-06-30": "-40.42460", "2014-03-31": "-8.88360", "2013-12-31": "-3.64790", "2013-09-30": "-34.84280", "2013-06-30": "-17.50480", "2013-03-31": "-18.59440", "2012-12-31": "-17.62810", "2012-09-30": "-22.67860", "2012-06-30": "-28.36490", "2012-03-31": "-30.95030", "2011-12-31": "-30.38020", "2011-09-30": "-30.41220", "2011-06-30": "-25.09700", "2011-03-31": "-34.85030", "2010-12-31": "-75.11430", "2010-09-30": "-47.53490", "2010-06-30": "-59.77680", "2010-03-31": "-69.64480", "2009-12-31": "-76.87890", "2009-09-30": "-90.32290", "2009-06-30": "-138.46210", "2009-03-31": "-157.55070", "2008-12-31": "-246.15970", "2008-09-30": "-214.30270", "2008-06-30": "-324.03940", "2008-03-31": "-297.91640", "2007-12-31": "-359.27550", "2007-09-30": "-359.77320", "2007-06-30": "-394.52060", "2007-03-31": "-575.69730", "2006-12-31": "-663.01030", "2006-09-30": "-1023.58700", "2006-06-30": "-990.11360", "2006-03-31": "-3226.12600"}, "Asset Turnover": {"2020-09-30": "0.13680", "2020-06-30": "0.13910", "2020-03-31": "0.17870", "2019-12-31": "0.18320", "2019-09-30": "0.15150", "2019-06-30": "0.18110", "2019-03-31": "0.16750", "2018-12-31": "0.17750", "2018-09-30": "0.17050", "2018-06-30": "0.14810", "2018-03-31": "0.14890", "2017-12-31": "0.15980", "2017-09-30": "0.24340", "2017-06-30": "0.23890", "2017-03-31": "0.22860", "2016-12-31": "0.22680", "2016-09-30": "0.20930", "2016-06-30": "0.33200", "2016-03-31": "0.31880", "2015-12-31": "0.30460", "2015-09-30": "0.24360", "2015-06-30": "0.20160", "2015-03-31": "0.15750", "2014-12-31": "0.05100", "2014-09-30": "0.24900", "2014-06-30": "0.22140", "2014-03-31": "0.23970", "2013-12-31": "0.23800", "2013-09-30": "0.21110", "2013-06-30": "0.21000", "2013-03-31": "0.20420", "2012-12-31": "0.29200", "2012-09-30": "0.26920", "2012-06-30": "0.25060", "2012-03-31": "0.22140", "2011-12-31": "0.21320", "2011-09-30": "0.20670", "2011-06-30": "0.14240", "2011-03-31": "0.18970", "2010-12-31": "0.17770", "2010-09-30": "0.16990", "2010-06-30": "0.14160", "2010-03-31": "0.13080", "2009-12-31": "0.11690", "2009-09-30": "0.16000", "2009-06-30": "0.14720", "2009-03-31": "0.10400", "2008-12-31": "0.10960", "2008-09-30": "0.07470", "2008-06-30": "0.04800", "2008-03-31": "0.05730", "2007-12-31": "0.03340", "2007-09-30": "0.02800", "2007-06-30": "0.02150", "2007-03-31": "0.04210", "2006-12-31": "0.02870", "2006-09-30": "", "2006-06-30": "", "2006-03-31": ""}, "Inventory Turnover Ratio": {"2020-09-30": "0.65810", "2020-06-30": "0.80810", "2020-03-31": "0.74290", "2019-12-31": "0.74550", "2019-09-30": "0.76490", "2019-06-30": "0.71320", "2019-03-31": "0.71660", "2018-12-31": "0.76390", "2018-09-30": "0.84590", "2018-06-30": "1.03390", "2018-03-31": "1.81370", "2017-12-31": "1.50970", "2017-09-30": "1.37360", "2017-06-30": "1.32870", "2017-03-31": "1.23250", "2016-12-31": "1.20060", "2016-09-30": "1.20110", "2016-06-30": "1.50590", "2016-03-31": "2.64990", "2015-12-31": "3.47700", "2015-09-30": "3.05880", "2015-06-30": "1.28170", "2015-03-31": "0.94470", "2014-12-31": "-0.40840", "2014-09-30": "3.82350", "2014-06-30": "4.13550", "2014-03-31": "3.47910", "2013-12-31": "3.75260", "2013-09-30": "6.24800", "2013-06-30": "5.56260", "2013-03-31": "3.50050", "2012-12-31": "2.18670", "2012-09-30": "2.01220", "2012-06-30": "1.74750", "2012-03-31": "1.86750", "2011-12-31": "2.29030", "2011-09-30": "1.98380", "2011-06-30": "1.10750", "2011-03-31": "1.20710", "2010-12-31": "1.21970", "2010-09-30": "1.07100", "2010-06-30": "1.27560", "2010-03-31": "1.88210", "2009-12-31": "1.27670", "2009-09-30": "1.40990", "2009-06-30": "1.09980", "2009-03-31": "0.69150", "2008-12-31": "0.63210", "2008-09-30": "0.61920", "2008-06-30": "0.73370", "2008-03-31": "1.33200", "2007-12-31": "0.83590", "2007-09-30": "1.65860", "2007-06-30": "1.67090", "2007-03-31": "1.07420", "2006-12-31": "1.16280", "2006-09-30": "", "2006-06-30": "", "2006-03-31": ""}, "Receiveable Turnover": {"2020-09-30": "2.74000", "2020-06-30": "2.90130", "2020-03-31": "2.47190", "2019-12-31": "3.02160", "2019-09-30": "2.47750", "2019-06-30": "2.24920", "2019-03-31": "2.04200", "2018-12-31": "2.14970", "2018-09-30": "1.89050", "2018-06-30": "1.95280", "2018-03-31": "2.21350", "2017-12-31": "2.44610", "2017-09-30": "2.58150", "2017-06-30": "2.90720", "2017-03-31": "2.50230", "2016-12-31": "3.59600", "2016-09-30": "2.46110", "2016-06-30": "2.25660", "2016-03-31": "2.00650", "2015-12-31": "1.97040", "2015-09-30": "2.24490", "2015-06-30": "1.90260", "2015-03-31": "1.33400", "2014-12-31": "0.38020", "2014-09-30": "1.59050", "2014-06-30": "1.72290", "2014-03-31": "1.88560", "2013-12-31": "2.07260", "2013-09-30": "1.77290", "2013-06-30": "1.78580", "2013-03-31": "1.84370", "2012-12-31": "1.73690", "2012-09-30": "1.81630", "2012-06-30": "1.99430", "2012-03-31": "1.82290", "2011-12-31": "2.03500", "2011-09-30": "2.58230", "2011-06-30": "1.58200", "2011-03-31": "1.88270", "2010-12-31": "1.64880", "2010-09-30": "1.64840", "2010-06-30": "1.45160", "2010-03-31": "1.36830", "2009-12-31": "1.35080", "2009-09-30": "1.14540", "2009-06-30": "0.94250", "2009-03-31": "0.93820", "2008-12-31": "0.91170", "2008-09-30": "0.85370", "2008-06-30": "0.75990", "2008-03-31": "0.92360", "2007-12-31": "0.91180", "2007-09-30": "1.13400", "2007-06-30": "1.21990", "2007-03-31": "0.94810", "2006-12-31": "1.15810", "2006-09-30": "", "2006-06-30": "", "2006-03-31": ""}, "Days Sales In Receivables": {"2020-09-30": "32.84620", "2020-06-30": "31.02080", "2020-03-31": "36.40910", "2019-12-31": "29.78510", "2019-09-30": "36.32660", "2019-06-30": "40.01420", "2019-03-31": "44.07410", "2018-12-31": "41.86580", "2018-09-30": "47.60630", "2018-06-30": "46.08860", "2018-03-31": "40.65940", "2017-12-31": "36.79320", "2017-09-30": "34.86410", "2017-06-30": "30.95750", "2017-03-31": "35.96710", "2016-12-31": "25.02800", "2016-09-30": "36.56880", "2016-06-30": "39.88320", "2016-03-31": "44.85320", "2015-12-31": "45.67610", "2015-09-30": "40.09180", "2015-06-30": "47.30460", "2015-03-31": "67.46640", "2014-12-31": "236.73530", "2014-09-30": "56.58530", "2014-06-30": "52.23680", "2014-03-31": "47.73080", "2013-12-31": "43.42480", "2013-09-30": "50.76430", "2013-06-30": "50.39770", "2013-03-31": "48.81620", "2012-12-31": "51.81680", "2012-09-30": "49.55160", "2012-06-30": "45.12960", "2012-03-31": "49.37240", "2011-12-31": "44.22570", "2011-09-30": "34.85240", "2011-06-30": "56.89020", "2011-03-31": "47.80280", "2010-12-31": "54.58600", "2010-09-30": "54.59750", "2010-06-30": "61.99980", "2010-03-31": "65.77310", "2009-12-31": "66.62610", "2009-09-30": "78.57650", "2009-06-30": "95.49220", "2009-03-31": "95.93310", "2008-12-31": "98.71850", "2008-09-30": "105.41840", "2008-06-30": "118.43060", "2008-03-31": "97.44720", "2007-12-31": "98.70900", "2007-09-30": "79.36430", "2007-06-30": "73.77650", "2007-03-31": "94.93030", "2006-12-31": "77.71480", "2006-09-30": "", "2006-06-30": "", "2006-03-31": ""}, "ROE - Return On Equity": {"2020-09-30": "1.94960", "2020-06-30": "2.55640", "2020-03-31": "-3.55930", "2019-12-31": "6.58760", "2019-09-30": "0.53130", "2019-06-30": "0.56050", "2019-03-31": "1.96750", "2018-12-31": "4.66810", "2018-09-30": "0.83820", "2018-06-30": "-0.94390", "2018-03-31": "-3.85120", "2017-12-31": "-4.30810", "2017-09-30": "-2.99920", "2017-06-30": "-12.00000", "2017-03-31": "-15.69080", "2016-12-31": "-14.49410", "2016-09-30": "-4.63480", "2016-06-30": "-15.85410", "2016-03-31": "-40.49470", "2015-12-31": "-46.71810", "2015-09-30": "-32.62110", "2015-06-30": "-24.57760", "2015-03-31": "-12.93260", "2014-12-31": "-2.19490", "2014-09-30": "-13.49890", "2014-06-30": "-37.37740", "2014-03-31": "-5.01580", "2013-12-31": "-2.00650", "2013-09-30": "-17.53330", "2013-06-30": "-7.60400", "2013-03-31": "-8.23250", "2012-12-31": "-23.07590", "2012-09-30": "-24.61150", "2012-06-30": "-24.49860", "2012-03-31": "-21.04900", "2011-12-31": "-17.32880", "2011-09-30": "-16.25360", "2011-06-30": "-8.59100", "2011-03-31": "-16.47370", "2010-12-31": "-31.49130", "2010-09-30": "-36.11400", "2010-06-30": "-31.17480", "2010-03-31": "-35.40950", "2009-12-31": "-25.09770", "2009-09-30": "-5584.65100", "2009-06-30": "583.08700", "2009-03-31": "-127.09450", "2008-12-31": "-103.88180", "2008-09-30": "-68.45930", "2008-06-30": "-46.85810", "2008-03-31": "-26.98840", "2007-12-31": "-16.97970", "2007-09-30": "-14.16330", "2007-06-30": "-11.57050", "2007-03-31": "10.22330", "2006-12-31": "10.69130", "2006-09-30": "", "2006-06-30": "", "2006-03-31": ""}, "Return On Tangible Equity": {"2020-09-30": "2.12880", "2020-06-30": "2.80810", "2020-03-31": "-30.00000", "2019-12-31": "21.83400", "2019-09-30": "0.81620", "2019-06-30": "0.71070", "2019-03-31": "2.55140", "2018-12-31": "6.10800", "2018-09-30": "1.10330", "2018-06-30": "-1.26510", "2018-03-31": "-5.20420", "2017-12-31": "-5.97330", "2017-09-30": "-7.41570", "2017-06-30": "-35.99170", "2017-03-31": "-46.01940", "2016-12-31": "-42.70720", "2016-09-30": "-12.20770", "2016-06-30": "33.23410", "2016-03-31": "75.01050", "2015-12-31": "245.15380", "2015-09-30": "-791.94320", "2015-06-30": "-84.56750", "2015-03-31": "-34.74760", "2014-12-31": "-5.70910", "2014-09-30": "-38.96730", "2014-06-30": "-118.98550", "2014-03-31": "-9.03140", "2013-12-31": "-3.62210", "2013-09-30": "-32.88740", "2013-06-30": "-13.06190", "2013-03-31": "-15.13990", "2012-12-31": "62.45180", "2012-09-30": "108.52120", "2012-06-30": "344.66690", "2012-03-31": "-276.31340", "2011-12-31": "-88.51640", "2011-09-30": "-50.97920", "2011-06-30": "-23.11560", "2011-03-31": "-16.47370", "2010-12-31": "-31.49130", "2010-09-30": "-36.11400", "2010-06-30": "-31.17480", "2010-03-31": "-35.40950", "2009-12-31": "-25.09770", "2009-09-30": "-5584.79200", "2009-06-30": "583.08970", "2009-03-31": "-127.09450", "2008-12-31": "-103.88170", "2008-09-30": "-68.45930", "2008-06-30": "-46.85810", "2008-03-31": "-26.98840", "2007-12-31": "-16.97970", "2007-09-30": "-14.16330", "2007-06-30": "-11.57050", "2007-03-31": "-179.67060", "2006-12-31": "-61.31650", "2006-09-30": "", "2006-06-30": "", "2006-03-31": ""}, "ROA - Return On Assets": {"2020-09-30": "0.67810", "2020-06-30": "0.88520", "2020-03-31": "-0.18950", "2019-12-31": "0.43750", "2019-09-30": "0.06310", "2019-06-30": "0.14320", "2019-03-31": "0.46190", "2018-12-31": "1.06610", "2018-09-30": "0.18720", "2018-06-30": "-0.20160", "2018-03-31": "-0.79170", "2017-12-31": "-0.83610", "2017-09-30": "-0.44510", "2017-06-30": "-1.69100", "2017-03-31": "-2.24220", "2016-12-31": "-2.00440", "2016-09-30": "-0.66570", "2016-06-30": "-1.65410", "2016-03-31": "-4.19550", "2015-12-31": "-5.78210", "2015-09-30": "-6.13570", "2015-06-30": "-5.74810", "2015-03-31": "-3.41560", "2014-12-31": "-0.61910", "2014-09-30": "-3.60060", "2014-06-30": "-8.94820", "2014-03-31": "-2.12940", "2013-12-31": "-0.86820", "2013-09-30": "-7.35420", "2013-06-30": "-3.67600", "2013-03-31": "-3.79670", "2012-12-31": "-5.14700", "2012-09-30": "-6.10530", "2012-06-30": "-7.10730", "2012-03-31": "-6.85270", "2011-12-31": "-6.47790", "2011-09-30": "-6.28510", "2011-06-30": "-3.57400", "2011-03-31": "-6.61270", "2010-12-31": "-13.34990", "2010-09-30": "-8.07450", "2010-06-30": "-8.46410", "2010-03-31": "-9.11170", "2009-12-31": "-8.98890", "2009-09-30": "-14.44740", "2009-06-30": "-20.37900", "2009-03-31": "-16.39110", "2008-12-31": "-26.97610", "2008-09-30": "-16.00950", "2008-06-30": "-15.54860", "2008-03-31": "-17.06410", "2007-12-31": "-11.98400", "2007-09-30": "-10.05790", "2007-06-30": "-8.49670", "2007-03-31": "-24.24400", "2006-12-31": "-19.04090", "2006-09-30": "", "2006-06-30": "", "2006-03-31": ""}, "ROI - Return On Investment": {"2020-09-30": "0.76490", "2020-06-30": "0.97730", "2020-03-31": "-0.21920", "2019-12-31": "0.51880", "2019-09-30": "0.07040", "2019-06-30": "0.16330", "2019-03-31": "0.53450", "2018-12-31": "1.23130", "2018-09-30": "0.21200", "2018-06-30": "-0.22360", "2018-03-31": "-0.88720", "2017-12-31": "-0.94230", "2017-09-30": "-0.53120", "2017-06-30": "-1.91510", "2017-03-31": "-2.49210", "2016-12-31": "-2.31180", "2016-09-30": "-0.76560", "2016-06-30": "-2.14190", "2016-03-31": "-5.34240", "2015-12-31": "-7.72170", "2015-09-30": "-7.81740", "2015-06-30": "-7.05380", "2015-03-31": "-4.09010", "2014-12-31": "-0.73570", "2014-09-30": "-4.32320", "2014-06-30": "-11.52420", "2014-03-31": "-2.52400", "2013-12-31": "-1.02610", "2013-09-30": "-8.92160", "2013-06-30": "-4.20670", "2013-03-31": "-4.52420", "2012-12-31": "-6.89220", "2012-09-30": "-8.17070", "2012-06-30": "-9.13480", "2012-03-31": "-8.16300", "2011-12-31": "-7.49550", "2011-09-30": "-7.14700", "2011-06-30": "-4.07710", "2011-03-31": "-7.53840", "2010-12-31": "-15.37400", "2010-09-30": "-9.47650", "2010-06-30": "-10.06140", "2010-03-31": "-10.41460", "2009-12-31": "-10.28690", "2009-09-30": "-17.58950", "2009-06-30": "-25.42330", "2009-03-31": "-20.27290", "2008-12-31": "-33.07390", "2008-09-30": "-18.57380", "2008-06-30": "-17.63430", "2008-03-31": "-22.84970", "2007-12-31": "-14.46980", "2007-09-30": "-11.86300", "2007-06-30": "-9.68360", "2007-03-31": "-179.67050", "2006-12-31": "-61.31650", "2006-09-30": "", "2006-06-30": "", "2006-03-31": ""}, "Book Value Per Share": {"2020-09-30": "9.03270", "2020-06-30": "8.58640", "2020-03-31": "0.93560", "2019-12-31": "1.21080", "2019-09-30": "2.43690", "2019-06-30": "4.15260", "2019-03-31": "3.74980", "2018-12-31": "3.58340", "2018-09-30": "3.35080", "2018-06-30": "3.03770", "2018-03-31": "2.90460", "2017-12-31": "2.71810", "2017-09-30": "1.27680", "2017-06-30": "1.11510", "2017-03-31": "1.09790", "2016-12-31": "1.09910", "2016-09-30": "1.13370", "2016-06-30": "0.47940", "2016-03-31": "0.46220", "2015-12-31": "0.59790", "2015-09-30": "0.96870", "2015-06-30": "1.23520", "2015-03-31": "1.42390", "2014-12-31": "1.48900", "2014-09-30": "1.43360", "2014-06-30": "1.40340", "2014-03-31": "2.21660", "2013-12-31": "2.27080", "2013-09-30": "2.22710", "2013-06-30": "2.54620", "2013-03-31": "2.43050", "2012-12-31": "0.91350", "2012-09-30": "1.04860", "2012-06-30": "1.23320", "2012-03-31": "1.47170", "2011-12-31": "1.74160", "2011-09-30": "1.76090", "2011-06-30": "1.99130", "2011-03-31": "1.30440", "2010-12-31": "1.45750", "2010-09-30": "0.83410", "2010-06-30": "1.09620", "2010-03-31": "1.07870", "2009-12-31": "1.63980", "2009-09-30": "0.00980", "2009-06-30": "-0.12440", "2009-03-31": "0.55520", "2008-12-31": "1.01180", "2008-09-30": "1.14060", "2008-06-30": "1.85140", "2008-03-31": "2.67430", "2007-12-31": "3.38950", "2007-09-30": "3.64380", "2007-06-30": "4.16220", "2007-03-31": "13.26600", "2006-12-31": "38.82710", "2006-09-30": "", "2006-06-30": "", "2006-03-31": ""}, "Operating Cash Flow Per Share": {"2020-09-30": 0.9242, "2020-06-30": 0.4049, "2020-03-31": "-0.05720", "2019-12-31": 0.7532, "2019-09-30": 0.4944, "2019-06-30": 0.2255, "2019-03-31": "0.10630", "2018-12-31": 0.4991, "2018-09-30": 0.266, "2018-06-30": -0.1038, "2018-03-31": "-0.07290", "2017-12-31": 0.3775, "2017-09-30": 0.4013, "2017-06-30": 0.3117, "2017-03-31": "-0.37850", "2016-12-31": 0.3504, "2016-09-30": 0.047, "2016-06-30": 0.0649, "2016-03-31": "-0.18440", "2015-12-31": -0.3272, "2015-09-30": 0.1538, "2015-06-30": 0.0141, "2015-03-31": "-0.06170", "2014-12-31": 0.083, "2014-09-30": 0.0865, "2014-06-30": 0.0093, "2014-03-31": "-0.01850", "2013-12-31": -0.0641, "2013-09-30": 0.0672, "2013-06-30": 0.0815, "2013-03-31": "-0.02260", "2012-12-31": -0.1179, "2012-09-30": -0.0699, "2012-06-30": -0.2316, "2012-03-31": "-0.18700", "2011-12-31": -0.1693, "2011-09-30": -0.0104, "2011-06-30": -0.1928, "2011-03-31": "-0.17260", "2010-12-31": -0.204, "2010-09-30": -0.3021, "2010-06-30": -0.1511, "2010-03-31": "-0.24220", "2009-12-31": -0.2502, "2009-09-30": -0.3877, "2009-06-30": -0.5548, "2009-03-31": "-0.46650", "2008-12-31": -0.6239, "2008-09-30": -0.8369, "2008-06-30": -1.0161, "2008-03-31": "-0.51510", "2007-12-31": -1.7206, "2007-09-30": 0.3751, "2007-06-30": 22.8415, "2007-03-31": "-24.51450", "2006-12-31": -29.1232, "2006-09-30": -23.8051, "2006-06-30": -20.3213, "2006-03-31": "-14.40880"}, "Free Cash Flow Per Share": {"2020-09-30": 0.3883, "2020-06-30": 0.0443, "2020-03-31": "-0.48500", "2019-12-31": -0.0358, "2019-09-30": 0.1506, "2019-06-30": -0.5431, "2019-03-31": "-0.61980", "2018-12-31": -0.0389, "2018-09-30": -0.2847, "2018-06-30": -0.9901, "2018-03-31": "-0.67780", "2017-12-31": -0.0706, "2017-09-30": 0.2509, "2017-06-30": 0.083, "2017-03-31": "-0.82360", "2016-12-31": 0.2991, "2016-09-30": -0.1847, "2016-06-30": 0.017, "2016-03-31": "-0.23980", "2015-12-31": -0.3888, "2015-09-30": 0.1096, "2015-06-30": 0.0101, "2015-03-31": "-0.13870", "2014-12-31": 0.0352, "2014-09-30": 0.0315, "2014-06-30": -0.0552, "2014-03-31": "-0.05760", "2013-12-31": -0.1164, "2013-09-30": 0.0342, "2013-06-30": 0.0517, "2013-03-31": "-0.04280", "2012-12-31": -0.1612, "2012-09-30": -0.1671, "2012-06-30": -0.2847, "2012-03-31": "-0.22270", "2011-12-31": -0.2206, "2011-09-30": -0.0773, "2011-06-30": -0.2492, "2011-03-31": "-0.23610", "2010-12-31": -0.279, "2010-09-30": -0.3406, "2010-06-30": -0.1742, "2010-03-31": "-0.27100", "2009-12-31": -0.2855, "2009-09-30": -0.4309, "2009-06-30": -0.576, "2009-03-31": "-0.47240", "2008-12-31": -0.647, "2008-09-30": -0.8938, "2008-06-30": -1.1072, "2008-03-31": "-0.70780", "2007-12-31": -2.0083, "2007-09-30": 0.489, "2007-06-30": 27.2269, "2007-03-31": "-29.33060", "2006-12-31": -34.871, "2006-09-30": -34.7303, "2006-06-30": -28.0972, "2006-03-31": "-26.15000"}}, "revenue": {"Insulet Annual Revenue (Millions of US $)": {"2019": "$738", "2018": "$564", "2017": "$464", "2016": "$367", "2015": "$264", "2014": "$231", "2013": "$247", "2012": "$211", "2011": "$152", "2010": "$97", "2009": "$66", "2008": "$36", "2007": "$13", "2006": "$4", "2005": "$0"}, "Insulet Quarterly Revenue (Millions of US $)": {"2020-09-30": "$234", "2020-06-30": "$226", "2020-03-31": "$198", "2019-12-31": "$209", "2019-09-30": "$192", "2019-06-30": "$177", "2019-03-31": "$160", "2018-12-31": "$165", "2018-09-30": "$151", "2018-06-30": "$124", "2018-03-31": "$124", "2017-12-31": "$131", "2017-09-30": "$122", "2017-06-30": "$110", "2017-03-31": "$102", "2016-12-31": "$104", "2016-09-30": "$95", "2016-06-30": "$87", "2016-03-31": "$81", "2015-12-31": "$84", "2015-09-30": "$71", "2015-06-30": "$61", "2015-03-31": "$48", "2014-12-31": "$15", "2014-09-30": "$75", "2014-06-30": "$72", "2014-03-31": "$69", "2013-12-31": "$69", "2013-09-30": "$61", "2013-06-30": "$60", "2013-03-31": "$57", "2012-12-31": "$58", "2012-09-30": "$55", "2012-06-30": "$51", "2012-03-31": "$48", "2011-12-31": "$47", "2011-09-30": "$45", "2011-06-30": "$32", "2011-03-31": "$28", "2010-12-31": "$28", "2010-09-30": "$25", "2010-06-30": "$23", "2010-03-31": "$21", "2009-12-31": "$20", "2009-09-30": "$19", "2009-06-30": "$15", "2009-03-31": "$12", "2008-12-31": "$12", "2008-09-30": "$10", "2008-06-30": "$7", "2008-03-31": "$7", "2007-12-31": "$4", "2007-09-30": "$4", "2007-06-30": "$3", "2007-03-31": "$2", "2006-12-31": "$2", "2006-09-30": "$1", "2006-06-30": "$1", "2006-03-31": "$0"}}, "gross-profit": {"Insulet Annual Gross Profit (Millions of US $)": {"2019": "$480", "2018": "$370", "2017": "$277", "2016": "$211", "2015": "$133", "2014": "$127", "2013": "$112", "2012": "$92", "2011": "$67", "2010": "$44", "2009": "$18", "2008": "$-5", "2007": "$-12", "2006": "$-12", "2005": "$-1"}, "Insulet Quarterly Gross Profit (Millions of US $)": {"2020-09-30": "$152", "2020-06-30": "$143", "2020-03-31": "$127", "2019-12-31": "$134", "2019-09-30": "$123", "2019-06-30": "$116", "2019-03-31": "$107", "2018-12-31": "$110", "2018-09-30": "$102", "2018-06-30": "$82", "2018-03-31": "$76", "2017-12-31": "$80", "2017-09-30": "$74", "2017-06-30": "$65", "2017-03-31": "$59", "2016-12-31": "$61", "2016-09-30": "$56", "2016-06-30": "$50", "2016-03-31": "$44", "2015-12-31": "$42", "2015-09-30": "$32", "2015-06-30": "$31", "2015-03-31": "$29", "2014-12-31": "$21", "2014-09-30": "$38", "2014-06-30": "$36", "2014-03-31": "$33", "2013-12-31": "$33", "2013-09-30": "$27", "2013-06-30": "$27", "2013-03-31": "$25", "2012-12-31": "$25", "2012-09-30": "$24", "2012-06-30": "$22", "2012-03-31": "$20", "2011-12-31": "$20", "2011-09-30": "$19", "2011-06-30": "$15", "2011-03-31": "$14", "2010-12-31": "$14", "2010-09-30": "$12", "2010-06-30": "$10", "2010-03-31": "$8", "2009-12-31": "$7", "2009-09-30": "$6", "2009-06-30": "$3", "2009-03-31": "$2", "2008-12-31": "$1", "2008-09-30": "$-0", "2008-06-30": "$-2", "2008-03-31": "$-3", "2007-12-31": "$-2", "2007-09-30": "$-4", "2007-06-30": "$-4", "2007-03-31": "$-3", "2006-12-31": "$-2", "2006-09-30": "$-3", "2006-06-30": "$-4", "2006-03-31": "$-3"}}, "operating-income": {"Insulet Annual Operating Income (Millions of US $)": {"2019": "$50", "2018": "$27", "2017": "$-7", "2016": "$-11", "2015": "$-49", "2014": "$-9", "2013": "$-29", "2012": "$-36", "2011": "$-42", "2010": "$-39", "2009": "$-59", "2008": "$-89", "2007": "$-54", "2006": "$-35", "2005": "$-22"}, "Insulet Quarterly Operating Income (Millions of US $)": {"2020-09-30": "$24", "2020-06-30": "$28", "2020-03-31": "$8", "2019-12-31": "$18", "2019-09-30": "$17", "2019-06-30": "$8", "2019-03-31": "$7", "2018-12-31": "$16", "2018-09-30": "$7", "2018-06-30": "$4", "2018-03-31": "", "2017-12-31": "$-1", "2017-09-30": "$2", "2017-06-30": "$-3", "2017-03-31": "$-5", "2016-12-31": "$-4", "2016-09-30": "$2", "2016-06-30": "$-1", "2016-03-31": "$-8", "2015-12-31": "$-13", "2015-09-30": "$-15", "2015-06-30": "$-14", "2015-03-31": "$-7", "2014-12-31": "$1", "2014-09-30": "$-3", "2014-06-30": "$-5", "2014-03-31": "$-2", "2013-12-31": "$0", "2013-09-30": "$-17", "2013-06-30": "$-6", "2013-03-31": "$-6", "2012-12-31": "$-6", "2012-09-30": "$-8", "2012-06-30": "$-11", "2012-03-31": "$-11", "2011-12-31": "$-11", "2011-09-30": "$-10", "2011-06-30": "$-15", "2011-03-31": "$-7", "2010-12-31": "$-10", "2010-09-30": "$-8", "2010-06-30": "$-10", "2010-03-31": "$-11", "2009-12-31": "$-12", "2009-09-30": "$-13", "2009-06-30": "$-16", "2009-03-31": "$-17", "2008-12-31": "$-27", "2008-09-30": "$-20", "2008-06-30": "$-22", "2008-03-31": "$-20", "2007-12-31": "$-16", "2007-09-30": "$-15", "2007-06-30": "$-12", "2007-03-31": "$-11", "2006-12-31": "$-9", "2006-09-30": "$-10", "2006-06-30": "$-9", "2006-03-31": "$-7"}}, "ebitda": {"Insulet Annual EBITDA (Millions of US $)": {"2019": "$78", "2018": "$43", "2017": "$7", "2016": "$3", "2015": "$-33", "2014": "$3", "2013": "$-17", "2012": "$-25", "2011": "$-34", "2010": "$-34", "2009": "$-49", "2008": "$-80", "2007": "$-49", "2006": "$-32", "2005": "$-20"}, "Insulet Quarterly EBITDA (Millions of US $)": {"2020-09-30": "$35", "2020-06-30": "$37", "2020-03-31": "$16", "2019-12-31": "$27", "2019-09-30": "$25", "2019-06-30": "$14", "2019-03-31": "$12", "2018-12-31": "$21", "2018-09-30": "$11", "2018-06-30": "$8", "2018-03-31": "$4", "2017-12-31": "$3", "2017-09-30": "$6", "2017-06-30": "$0", "2017-03-31": "$-2", "2016-12-31": "$-1", "2016-09-30": "$6", "2016-06-30": "$2", "2016-03-31": "$-4", "2015-12-31": "$-8", "2015-09-30": "$-11", "2015-06-30": "$-10", "2015-03-31": "$-4", "2014-12-31": "$4", "2014-09-30": "$0", "2014-06-30": "$-2", "2014-03-31": "$1", "2013-12-31": "$3", "2013-09-30": "$-14", "2013-06-30": "$-3", "2013-03-31": "$-3", "2012-12-31": "$-3", "2012-09-30": "$-6", "2012-06-30": "$-8", "2012-03-31": "$-8", "2011-12-31": "$-8", "2011-09-30": "$-7", "2011-06-30": "$-13", "2011-03-31": "$-6", "2010-12-31": "$-14", "2010-09-30": "$-5", "2010-06-30": "$-7", "2010-03-31": "$-8", "2009-12-31": "$-9", "2009-09-30": "$-11", "2009-06-30": "$-13", "2009-03-31": "$-15", "2008-12-31": "$-25", "2008-09-30": "$-17", "2008-06-30": "$-20", "2008-03-31": "$-19", "2007-12-31": "$-15", "2007-09-30": "$-13", "2007-06-30": "$-11", "2007-03-31": "$-10", "2006-12-31": "$-8", "2006-09-30": "$-9", "2006-06-30": "$-8", "2006-03-31": "$-6"}}, "net-income": {"Insulet Annual Net Income (Millions of US $)": {"2019": "$12", "2018": "$3", "2017": "$-27", "2016": "$-29", "2015": "$-74", "2014": "$-52", "2013": "$-45", "2012": "$-52", "2011": "$-46", "2010": "$-61", "2009": "$-72", "2008": "$-95", "2007": "$-54", "2006": "$-36", "2005": "$-22"}, "Insulet Quarterly Net Income (Millions of US $)": {"2020-09-30": "$12", "2020-06-30": "$14", "2020-03-31": "$-2", "2019-12-31": "$5", "2019-09-30": "$1", "2019-06-30": "$1", "2019-03-31": "$4", "2018-12-31": "$10", "2018-09-30": "$2", "2018-06-30": "$-2", "2018-03-31": "$-7", "2017-12-31": "$-7", "2017-09-30": "$-2", "2017-06-30": "$-8", "2017-03-31": "$-10", "2016-12-31": "$-9", "2016-09-30": "$-3", "2016-06-30": "$-4", "2016-03-31": "$-12", "2015-12-31": "$-27", "2015-09-30": "$-19", "2015-06-30": "$-15", "2015-03-31": "$-12", "2014-12-31": "$-5", "2014-09-30": "$-11", "2014-06-30": "$-29", "2014-03-31": "$-6", "2013-12-31": "$-3", "2013-09-30": "$-21", "2013-06-30": "$-11", "2013-03-31": "$-11", "2012-12-31": "$-10", "2012-09-30": "$-12", "2012-06-30": "$-14", "2012-03-31": "$-15", "2011-12-31": "$-14", "2011-09-30": "$-14", "2011-06-30": "$-8", "2011-03-31": "$-10", "2010-12-31": "$-21", "2010-09-30": "$-12", "2010-06-30": "$-14", "2010-03-31": "$-14", "2009-12-31": "$-16", "2009-09-30": "$-17", "2009-06-30": "$-20", "2009-03-31": "$-20", "2008-12-31": "$-29", "2008-09-30": "$-22", "2008-06-30": "$-24", "2008-03-31": "$-20", "2007-12-31": "$-16", "2007-09-30": "$-14", "2007-06-30": "$-13", "2007-03-31": "$-12", "2006-12-31": "$-11", "2006-09-30": "$-9", "2006-06-30": "$-9", "2006-03-31": "$-7"}}, "eps-earnings-per-share-diluted": {"Insulet Annual EPS": {"2019": "$0.19", "2018": "$0.05", "2017": "$-0.46", "2016": "$-0.48", "2015": "$-1.29", "2014": "$-0.92", "2013": "$-0.83", "2012": "$-1.08", "2011": "$-0.98", "2010": "$-1.54", "2009": "$-2.43", "2008": "$-3.43", "2007": "$-3.21", "2006": "$-99.72", "2005": "$-70.95"}, "Insulet Quarterly EPS": {"2020-09-30": "$0.17", "2020-06-30": "$0.22", "2020-03-31": "$-0.03", "2019-12-31": "$0.09", "2019-09-30": "$0.01", "2019-06-30": "$0.02", "2019-03-31": "$0.07", "2018-12-31": "$0.16", "2018-09-30": "$0.03", "2018-06-30": "$-0.03", "2018-03-31": "$-0.11", "2017-12-31": "$-0.12", "2017-09-30": "$-0.04", "2017-06-30": "$-0.13", "2017-03-31": "$-0.17", "2016-12-31": "$-0.13", "2016-09-30": "$-0.05", "2016-06-30": "$-0.08", "2016-03-31": "$-0.22", "2015-12-31": "$-0.47", "2015-09-30": "$-0.34", "2015-06-30": "$-0.27", "2015-03-31": "$-0.21", "2014-12-31": "$-0.09", "2014-09-30": "$-0.19", "2014-06-30": "$-0.53", "2014-03-31": "$-0.11", "2013-12-31": "$-0.04", "2013-09-30": "$-0.39", "2013-06-30": "$-0.20", "2013-03-31": "$-0.20", "2012-12-31": "$-0.21", "2012-09-30": "$-0.26", "2012-06-30": "$-0.30", "2012-03-31": "$-0.31", "2011-12-31": "$-0.30", "2011-09-30": "$-0.29", "2011-06-30": "$-0.17", "2011-03-31": "$-0.22", "2010-12-31": "$-0.50", "2010-09-30": "$-0.30", "2010-06-30": "$-0.36", "2010-03-31": "$-0.38", "2009-12-31": "$-0.39", "2009-09-30": "$-0.60", "2009-06-30": "$-0.73", "2009-03-31": "$-0.71", "2008-12-31": "$-1.05", "2008-09-30": "$-0.78", "2008-06-30": "$-0.87", "2008-03-31": "$-0.73", "2007-12-31": "$22.16", "2007-09-30": "$-0.52", "2007-06-30": "$-0.99", "2007-03-31": "$-23.86", "2006-12-31": "$-27.41", "2006-09-30": "$-26.48", "2006-06-30": "$-24.77", "2006-03-31": "$-21.06"}}, "shares-outstanding": {"Insulet Annual Shares Outstanding (Millions of Shares)": {"2019": "62", "2018": "61", "2017": "58", "2016": "57", "2015": "57", "2014": "56", "2013": "54", "2012": "48", "2011": "47", "2010": "40", "2009": "30", "2008": "28", "2007": "17", "2006": "0", "2005": "0"}, "Insulet Quarterly Shares Outstanding (Millions of Shares)": {"2020-09-30": "67", "2020-06-30": "66", "2020-03-31": "63", "2019-12-31": "62", "2019-09-30": "62", "2019-06-30": "61", "2019-03-31": "61", "2018-12-31": "61", "2018-09-30": "61", "2018-06-30": "59", "2018-03-31": "58", "2017-12-31": "58", "2017-09-30": "58", "2017-06-30": "58", "2017-03-31": "58", "2016-12-31": "57", "2016-09-30": "57", "2016-06-30": "57", "2016-03-31": "57", "2015-12-31": "57", "2015-09-30": "57", "2015-06-30": "57", "2015-03-31": "56", "2014-12-31": "56", "2014-09-30": "56", "2014-06-30": "55", "2014-03-31": "55", "2013-12-31": "54", "2013-09-30": "54", "2013-06-30": "54", "2013-03-31": "53", "2012-12-31": "48", "2012-09-30": "48", "2012-06-30": "48", "2012-03-31": "48", "2011-12-31": "47", "2011-09-30": "47", "2011-06-30": "46", "2011-03-31": "46", "2010-12-31": "40", "2010-09-30": "40", "2010-06-30": "38", "2010-03-31": "38", "2009-12-31": "30", "2009-09-30": "28", "2009-06-30": "28", "2009-03-31": "28", "2008-12-31": "28", "2008-09-30": "28", "2008-06-30": "28", "2008-03-31": "27", "2007-12-31": "17", "2007-09-30": "26", "2007-06-30": "13", "2007-03-31": "0", "2006-12-31": "0", "2006-09-30": "0", "2006-06-30": "0", "2006-03-31": "0"}}, "total-assets": {"Insulet Annual Total Assets (Millions of US $)": {"2019": "$1,143", "2018": "$929", "2017": "$817", "2016": "$457", "2015": "$275", "2014": "$297", "2013": "$288", "2012": "$198", "2011": "$221", "2010": "$156", "2009": "$173", "2008": "$108", "2007": "$131", "2006": "$57", "2005": "$0"}, "Insulet Quarterly Total Assets (Millions of US $)": {"2020-09-30": "$1,711", "2020-06-30": "$1,627", "2020-03-31": "$1,108", "2019-12-31": "$1,143", "2019-09-30": "$1,268", "2019-06-30": "$978", "2019-03-31": "$953", "2018-12-31": "$929", "2018-09-30": "$886", "2018-06-30": "$839", "2018-03-31": "$830", "2017-12-31": "$817", "2017-09-30": "$500", "2017-06-30": "$459", "2017-03-31": "$445", "2016-12-31": "$457", "2016-09-30": "$453", "2016-06-30": "$263", "2016-03-31": "$255", "2015-12-31": "$275", "2015-09-30": "$293", "2015-06-30": "$300", "2015-03-31": "$306", "2014-12-31": "$297", "2014-09-30": "$301", "2014-06-30": "$325", "2014-03-31": "$289", "2013-12-31": "$288", "2013-09-30": "$289", "2013-06-30": "$286", "2013-03-31": "$281", "2012-12-31": "$198", "2012-09-30": "$203", "2012-06-30": "$204", "2012-03-31": "$216", "2011-12-31": "$221", "2011-09-30": "$216", "2011-06-30": "$226", "2011-03-31": "$149", "2010-12-31": "$156", "2010-09-30": "$150", "2010-06-30": "$162", "2010-03-31": "$159", "2009-12-31": "$173", "2009-09-30": "$117", "2009-06-30": "$99", "2009-03-31": "$120", "2008-12-31": "$108", "2008-09-30": "$135", "2008-06-30": "$155", "2008-03-31": "$116", "2007-12-31": "$131", "2007-09-30": "$136", "2007-06-30": "$149", "2007-03-31": "$48", "2006-12-31": "$57", "2006-09-30": "$0", "2006-06-30": "$0", "2006-03-31": "$0"}}, "cash-on-hand": {"Insulet Annual Cash on Hand (Millions of US $)": {"2019": "$376", "2018": "$289", "2017": "$440", "2016": "$299", "2015": "$123", "2014": "$151", "2013": "$150", "2012": "$57", "2011": "$94", "2010": "$113", "2009": "$128", "2008": "$57", "2007": "$95", "2006": "$33", "2005": "$"}, "Insulet Quarterly Cash on Hand (Millions of US $)": {"2020-09-30": "$897", "2020-06-30": "$844", "2020-03-31": "$322", "2019-12-31": "$376", "2019-09-30": "$606", "2019-06-30": "$310", "2019-03-31": "$316", "2018-12-31": "$289", "2018-09-30": "$290", "2018-06-30": "$300", "2018-03-31": "$352", "2017-12-31": "$440", "2017-09-30": "$276", "2017-06-30": "$259", "2017-03-31": "$254", "2016-12-31": "$299", "2016-09-30": "$283", "2016-06-30": "$111", "2016-03-31": "$112", "2015-12-31": "$123", "2015-09-30": "$145", "2015-06-30": "$145", "2015-03-31": "$146", "2014-12-31": "$151", "2014-09-30": "$146", "2014-06-30": "$176", "2014-03-31": "$146", "2013-12-31": "$150", "2013-09-30": "$154", "2013-06-30": "$151", "2013-03-31": "$148", "2012-12-31": "$57", "2012-09-30": "$63", "2012-06-30": "$70", "2012-03-31": "$83", "2011-12-31": "$94", "2011-09-30": "$104", "2011-06-30": "$107", "2011-03-31": "$104", "2010-12-31": "$113", "2010-09-30": "$104", "2010-06-30": "$118", "2010-03-31": "$118", "2009-12-31": "$128", "2009-09-30": "$73", "2009-06-30": "$52", "2009-03-31": "$68", "2008-12-31": "$57", "2008-09-30": "$74", "2008-06-30": "$99", "2008-03-31": "$73", "2007-12-31": "$95", "2007-09-30": "$104", "2007-06-30": "$120", "2007-03-31": "$19", "2006-12-31": "$33", "2006-09-30": "", "2006-06-30": "", "2006-03-31": ""}}, "long-term-debt": {"Insulet Annual Long Term Debt (Millions of US $)": {"2019": "$888", "2018": "$592", "2017": "$566", "2016": "$333", "2015": "$172", "2014": "$166", "2013": "$119", "2012": "$104", "2011": "$109", "2010": "$69", "2009": "$89", "2008": "$60", "2007": "$16", "2006": "$", "2005": "$"}, "Insulet Quarterly Long Term Debt (Millions of US $)": {"2020-09-30": "$922", "2020-06-30": "$910", "2020-03-31": "$899", "2019-12-31": "$888", "2019-09-30": "$986", "2019-06-30": "$607", "2019-03-31": "$600", "2018-12-31": "$592", "2018-09-30": "$584", "2018-06-30": "$577", "2018-03-31": "$570", "2017-12-31": "$566", "2017-09-30": "$345", "2017-06-30": "$341", "2017-03-31": "$337", "2016-12-31": "$333", "2016-09-30": "$329", "2016-06-30": "$176", "2016-03-31": "$174", "2015-12-31": "$172", "2015-09-30": "$175", "2015-06-30": "$175", "2015-03-31": "$175", "2014-12-31": "$166", "2014-09-30": "$171", "2014-06-30": "$175", "2014-03-31": "$121", "2013-12-31": "$119", "2013-09-30": "$117", "2013-06-30": "$112", "2013-03-31": "$106", "2012-12-31": "$104", "2012-09-30": "$102", "2012-06-30": "$99", "2012-03-31": "$111", "2011-12-31": "$109", "2011-09-30": "$106", "2011-06-30": "$104", "2011-03-31": "$71", "2010-12-31": "$69", "2010-09-30": "$94", "2010-06-30": "$92", "2010-03-31": "$98", "2009-12-31": "$89", "2009-09-30": "$96", "2009-06-30": "$83", "2009-03-31": "$81", "2008-12-31": "$60", "2008-09-30": "$85", "2008-06-30": "$85", "2008-03-31": "$13", "2007-12-31": "$16", "2007-09-30": "$19", "2007-06-30": "$21", "2007-03-31": "", "2006-12-31": "", "2006-09-30": "", "2006-06-30": "", "2006-03-31": ""}}, "total-liabilities": {"Insulet Annual Total Liabilities (Millions of US $)": {"2019": "$1,067", "2018": "$717", "2017": "$658", "2016": "$393", "2015": "$241", "2014": "$213", "2013": "$163", "2012": "$154", "2011": "$139", "2010": "$90", "2009": "$111", "2008": "$80", "2007": "$38", "2006": "$39", "2005": "$"}, "Insulet Quarterly Total Liabilities (Millions of US $)": {"2020-09-30": "$1,116", "2020-06-30": "$1,063", "2020-03-31": "$1,049", "2019-12-31": "$1,067", "2019-09-30": "$1,118", "2019-06-30": "$728", "2019-03-31": "$729", "2018-12-31": "$717", "2018-09-30": "$688", "2018-06-30": "$660", "2018-03-31": "$659", "2017-12-31": "$658", "2017-09-30": "$426", "2017-06-30": "$395", "2017-03-31": "$381", "2016-12-31": "$393", "2016-09-30": "$388", "2016-06-30": "$236", "2016-03-31": "$228", "2015-12-31": "$241", "2015-09-30": "$238", "2015-06-30": "$230", "2015-03-31": "$225", "2014-12-31": "$213", "2014-09-30": "$221", "2014-06-30": "$247", "2014-03-31": "$166", "2013-12-31": "$163", "2013-09-30": "$168", "2013-06-30": "$148", "2013-03-31": "$151", "2012-12-31": "$154", "2012-09-30": "$153", "2012-06-30": "$145", "2012-03-31": "$145", "2011-12-31": "$139", "2011-09-30": "$132", "2011-06-30": "$132", "2011-03-31": "$89", "2010-12-31": "$90", "2010-09-30": "$116", "2010-06-30": "$118", "2010-03-31": "$118", "2009-12-31": "$111", "2009-09-30": "$117", "2009-06-30": "$103", "2009-03-31": "$104", "2008-12-31": "$80", "2008-09-30": "$104", "2008-06-30": "$103", "2008-03-31": "$43", "2007-12-31": "$38", "2007-09-30": "$39", "2007-06-30": "$40", "2007-03-31": "$41", "2006-12-31": "$39", "2006-09-30": "", "2006-06-30": "", "2006-03-31": ""}}, "total-share-holder-equity": {"Insulet Annual Share Holder Equity (Millions of US $)": {"2019": "$76", "2018": "$212", "2017": "$159", "2016": "$63", "2015": "$34", "2014": "$84", "2013": "$125", "2012": "$44", "2011": "$83", "2010": "$66", "2009": "$62", "2008": "$28", "2007": "$92", "2006": "$18", "2005": "$"}, "Insulet Quarterly Share Holder Equity (Millions of US $)": {"2020-09-30": "$595", "2020-06-30": "$563", "2020-03-31": "$59", "2019-12-31": "$76", "2019-09-30": "$151", "2019-06-30": "$250", "2019-03-31": "$224", "2018-12-31": "$212", "2018-09-30": "$198", "2018-06-30": "$179", "2018-03-31": "$171", "2017-12-31": "$159", "2017-09-30": "$74", "2017-06-30": "$65", "2017-03-31": "$64", "2016-12-31": "$63", "2016-09-30": "$65", "2016-06-30": "$27", "2016-03-31": "$26", "2015-12-31": "$34", "2015-09-30": "$55", "2015-06-30": "$70", "2015-03-31": "$81", "2014-12-31": "$84", "2014-09-30": "$80", "2014-06-30": "$78", "2014-03-31": "$122", "2013-12-31": "$125", "2013-09-30": "$121", "2013-06-30": "$138", "2013-03-31": "$130", "2012-12-31": "$44", "2012-09-30": "$50", "2012-06-30": "$59", "2012-03-31": "$70", "2011-12-31": "$83", "2011-09-30": "$83", "2011-06-30": "$94", "2011-03-31": "$60", "2010-12-31": "$66", "2010-09-30": "$34", "2010-06-30": "$44", "2010-03-31": "$41", "2009-12-31": "$62", "2009-09-30": "$0", "2009-06-30": "$-3", "2009-03-31": "$15", "2008-12-31": "$28", "2008-09-30": "$32", "2008-06-30": "$51", "2008-03-31": "$74", "2007-12-31": "$92", "2007-09-30": "$96", "2007-06-30": "$110", "2007-03-31": "$6", "2006-12-31": "$18", "2006-09-30": "", "2006-06-30": "", "2006-03-31": ""}}, "profit-margins": {"current": "3.33%"}, "gross margin": {"2020-09-30": "64.13%", "2020-06-30": "63.88%", "2020-03-31": "64.43%", "2019-12-31": "65.04%", "2019-09-30": "65.71%", "2019-06-30": "66.62%", "2019-03-31": "66.83%", "2018-12-31": "65.60%", "2018-09-30": "64.15%", "2018-06-30": "62.28%", "2018-03-31": "60.57%", "2017-12-31": "59.78%", "2017-09-30": "59.13%", "2017-06-30": "58.64%", "2017-03-31": "58.25%", "2016-12-31": "57.49%", "2016-09-30": "55.33%", "2016-06-30": "52.01%", "2016-03-31": "50.17%", "2015-12-31": "50.76%", "2015-09-30": "57.95%", "2015-06-30": "59.80%", "2015-03-31": "59.05%", "2014-12-31": "55.41%", "2014-09-30": "49.12%", "2014-06-30": "47.60%", "2014-03-31": "46.33%", "2013-12-31": "45.34%", "2013-09-30": "44.07%", "2013-06-30": "43.91%", "2013-03-31": "43.44%", "2012-12-31": "42.92%", "2012-09-30": "42.79%", "2012-06-30": "42.41%", "2012-03-31": "43.02%", "2011-12-31": "44.74%", "2011-09-30": "46.62%", "2011-06-30": "48.67%", "2011-03-31": "48.08%", "2010-12-31": "45.36%", "2010-09-30": "41.57%", "2010-06-30": "37.35%", "2010-03-31": "32.00%", "2009-12-31": "27.27%", "2009-09-30": "20.69%", "2009-06-30": "12.24%", "2009-03-31": "2.44%", "2008-12-31": "-11.11%", "2008-09-30": "-25.00%", "2008-06-30": "-50.00%", "2008-03-31": "-72.22%", "2007-12-31": "-100.00%", "2007-09-30": "-118.18%", "2007-06-30": "-150.00%", "2007-03-31": "-200.00%", "2006-12-31": "-300.00%"}, "operating margin": {"2020-09-30": "9.00%", "2020-06-30": "8.61%", "2020-03-31": "6.57%", "2019-12-31": "6.78%", "2019-09-30": "6.92%", "2019-06-30": "5.82%", "2019-03-31": "5.67%", "2018-12-31": "4.79%", "2018-09-30": "1.89%", "2018-06-30": "1.00%", "2018-03-31": "-0.41%", "2017-12-31": "-1.51%", "2017-09-30": "-2.28%", "2017-06-30": "-2.43%", "2017-03-31": "-2.06%", "2016-12-31": "-3.00%", "2016-09-30": "-5.76%", "2016-06-30": "-11.46%", "2016-03-31": "-16.84%", "2015-12-31": "-18.56%", "2015-09-30": "-17.95%", "2015-06-30": "-11.56%", "2015-03-31": "-6.67%", "2014-12-31": "-3.90%", "2014-09-30": "-3.51%", "2014-06-30": "-8.86%", "2014-03-31": "-9.65%", "2013-12-31": "-11.74%", "2013-09-30": "-14.83%", "2013-06-30": "-11.30%", "2013-03-31": "-14.03%", "2012-12-31": "-16.98%", "2012-09-30": "-20.40%", "2012-06-30": "-22.51%", "2012-03-31": "-27.33%", "2011-12-31": "-28.29%", "2011-09-30": "-31.58%", "2011-06-30": "-35.40%", "2011-03-31": "-33.65%", "2010-12-31": "-40.21%", "2010-09-30": "-46.07%", "2010-06-30": "-55.42%", "2010-03-31": "-69.33%", "2009-12-31": "-87.88%", "2009-09-30": "-125.86%", "2009-06-30": "-163.27%", "2009-03-31": "-209.76%", "2008-12-31": "-247.22%", "2008-09-30": "-278.57%", "2008-06-30": "-331.82%", "2008-03-31": "-350.00%", "2007-12-31": "-415.38%", "2007-09-30": "-427.27%", "2007-06-30": "-525.00%", "2007-03-31": "-650.00%", "2006-12-31": "-875.00%"}, "ebitda margin": {"2020-09-30": "13.26%", "2020-06-30": "12.73%", "2020-03-31": "10.57%", "2019-12-31": "10.57%", "2019-09-30": "10.37%", "2019-06-30": "8.88%", "2019-03-31": "8.67%", "2018-12-31": "7.80%", "2018-09-30": "4.91%", "2018-06-30": "4.19%", "2018-03-31": "2.67%", "2017-12-31": "1.51%", "2017-09-30": "0.68%", "2017-06-30": "0.73%", "2017-03-31": "1.29%", "2016-12-31": "0.82%", "2016-09-30": "-1.15%", "2016-06-30": "-6.50%", "2016-03-31": "-11.11%", "2015-12-31": "-12.50%", "2015-09-30": "-10.77%", "2015-06-30": "-5.03%", "2015-03-31": "-0.95%", "2014-12-31": "1.30%", "2014-09-30": "0.70%", "2014-06-30": "-4.43%", "2014-03-31": "-5.02%", "2013-12-31": "-6.88%", "2013-09-30": "-9.75%", "2013-06-30": "-6.52%", "2013-03-31": "-9.05%", "2012-12-31": "-11.79%", "2012-09-30": "-14.93%", "2012-06-30": "-16.23%", "2012-03-31": "-20.93%", "2011-12-31": "-22.37%", "2011-09-30": "-30.08%", "2011-06-30": "-33.63%", "2011-03-31": "-30.77%", "2010-12-31": "-35.05%", "2010-09-30": "-32.58%", "2010-06-30": "-42.17%", "2010-03-31": "-54.67%", "2009-12-31": "-72.73%", "2009-09-30": "-110.34%", "2009-06-30": "-142.86%", "2009-03-31": "-187.80%", "2008-12-31": "-225.00%", "2008-09-30": "-253.57%", "2008-06-30": "-304.55%", "2008-03-31": "-322.22%", "2007-12-31": "-376.92%", "2007-09-30": "-381.82%", "2007-06-30": "-475.00%", "2007-03-31": "-583.33%", "2006-12-31": "-775.00%"}, "pre tax profit margin": {"2020-09-30": "3.92%", "2020-06-30": "2.67%", "2020-03-31": "0.90%", "2019-12-31": "2.03%", "2019-09-30": "2.74%", "2019-06-30": "3.06%", "2019-03-31": "2.83%", "2018-12-31": "1.06%", "2018-09-30": "-2.26%", "2018-06-30": "-3.19%", "2018-03-31": "-4.72%", "2017-12-31": "-5.81%", "2017-09-30": "-6.62%", "2017-06-30": "-7.30%", "2017-03-31": "-6.70%", "2016-12-31": "-7.36%", "2016-09-30": "-9.80%", "2016-06-30": "-15.17%", "2016-03-31": "-20.88%", "2015-12-31": "-23.11%", "2015-09-30": "-24.10%", "2015-06-30": "-20.10%", "2015-03-31": "-24.76%", "2014-12-31": "-20.78%", "2014-09-30": "-17.19%", "2014-06-30": "-21.77%", "2014-03-31": "-15.44%", "2013-12-31": "-18.22%", "2013-09-30": "-22.03%", "2013-06-30": "-18.70%", "2013-03-31": "-21.27%", "2012-12-31": "-24.06%", "2012-09-30": "-27.36%", "2012-06-30": "-29.84%", "2012-03-31": "-36.05%", "2011-12-31": "-37.50%", "2011-09-30": "-48.12%", "2011-06-30": "-54.87%", "2011-03-31": "-54.81%", "2010-12-31": "-62.89%", "2010-09-30": "-62.92%", "2010-06-30": "-73.49%", "2010-03-31": "-89.33%", "2009-12-31": "-110.61%", "2009-09-30": "-148.28%", "2009-06-30": "-185.71%", "2009-03-31": "-231.71%", "2008-12-31": "-263.89%", "2008-09-30": "-292.86%", "2008-06-30": "-336.36%", "2008-03-31": "-350.00%", "2007-12-31": "-423.08%", "2007-09-30": "-454.55%", "2007-06-30": "-562.50%", "2007-03-31": "-683.33%", "2006-12-31": "-900.00%"}, "net profit margin": {"2020-09-30": "3.34%", "2020-06-30": "2.18%", "2020-03-31": "0.64%", "2019-12-31": "1.49%", "2019-09-30": "2.31%", "2019-06-30": "2.60%", "2019-03-31": "2.33%", "2018-12-31": "0.53%", "2018-09-30": "-2.64%", "2018-06-30": "-3.59%", "2018-03-31": "-4.93%", "2017-12-31": "-5.81%", "2017-09-30": "-6.62%", "2017-06-30": "-7.30%", "2017-03-31": "-6.70%", "2016-12-31": "-7.63%", "2016-09-30": "-13.26%", "2016-06-30": "-19.20%", "2016-03-31": "-24.58%", "2015-12-31": "-27.65%", "2015-09-30": "-26.15%", "2015-06-30": "-21.61%", "2015-03-31": "-27.14%", "2014-12-31": "-22.08%", "2014-09-30": "-17.19%", "2014-06-30": "-21.77%", "2014-03-31": "-15.83%", "2013-12-31": "-18.62%", "2013-09-30": "-22.46%", "2013-06-30": "-19.13%", "2013-03-31": "-21.27%", "2012-12-31": "-24.06%", "2012-09-30": "-27.36%", "2012-06-30": "-29.84%", "2012-03-31": "-29.65%", "2011-12-31": "-30.26%", "2011-09-30": "-39.85%", "2011-06-30": "-45.13%", "2011-03-31": "-54.81%", "2010-12-31": "-62.89%", "2010-09-30": "-62.92%", "2010-06-30": "-73.49%", "2010-03-31": "-89.33%", "2009-12-31": "-110.61%", "2009-09-30": "-148.28%", "2009-06-30": "-185.71%", "2009-03-31": "-231.71%", "2008-12-31": "-263.89%", "2008-09-30": "-292.86%", "2008-06-30": "-336.36%", "2008-03-31": "-350.00%", "2007-12-31": "-423.08%", "2007-09-30": "-454.55%", "2007-06-30": "-562.50%", "2007-03-31": "-683.33%", "2006-12-31": "-900.00%"}, "pe ratio": {"current": "639.02", "2021-02-05": "639.02", "2020-09-30": "537.70", "2020-06-30": "693.79", "2020-03-31": "2071.00", "2019-12-31": "951.11", "2019-09-30": "634.35", "2019-06-30": "426.36", "2019-03-31": "413.43", "2018-12-31": "1586.40", "2018-09-30": "0.00", "2018-06-30": "0.00", "2018-03-31": "0.00", "2017-12-31": "0.00", "2017-09-30": "0.00", "2017-06-30": "0.00", "2017-03-31": "0.00", "2016-12-31": "0.00", "2016-09-30": "0.00", "2016-06-30": "0.00", "2016-03-31": "0.00", "2015-12-31": "0.00", "2015-09-30": "0.00", "2015-06-30": "0.00", "2015-03-31": "0.00", "2014-12-31": "0.00", "2014-09-30": "0.00", "2014-06-30": "0.00", "2014-03-31": "0.00", "2013-12-31": "0.00", "2013-09-30": "0.00", "2013-06-30": "0.00", "2013-03-31": "0.00", "2012-12-31": "0.00", "2012-09-30": "0.00", "2012-06-30": "0.00", "2012-03-31": "0.00", "2011-12-31": "0.00", "2011-09-30": "0.00", "2011-06-30": "0.00", "2011-03-31": "0.00", "2010-12-31": "0.00", "2010-09-30": "0.00", "2010-06-30": "0.00", "2010-03-31": "0.00", "2009-12-31": "0.00", "2009-09-30": "0.00", "2009-06-30": "0.00", "2009-03-31": "0.00", "2008-12-31": "0.00", "2008-09-30": "0.00", "2008-06-30": "0.00", "2008-03-31": "0.00"}, "price sales": {"2021-02-05": "20.89", "2020-09-30": "17.57", "2020-06-30": "14.89", "2020-03-31": "13.28", "2019-12-31": "14.35", "2019-09-30": "14.63", "2019-06-30": "11.19", "2019-03-31": "9.61", "2018-12-31": "8.44", "2018-09-30": "11.84", "2018-06-30": "9.99", "2018-03-31": "10.37", "2017-12-31": "8.62", "2017-09-30": "7.28", "2017-06-30": "7.21", "2017-03-31": "6.38", "2016-12-31": "5.87", "2016-09-30": "6.73", "2016-06-30": "5.32", "2016-03-31": "6.35", "2015-12-31": "8.13", "2015-09-30": "7.52", "2015-06-30": "8.77", "2015-03-31": "8.85", "2014-12-31": "11.04", "2014-09-30": "7.13", "2014-06-30": "8.02", "2014-03-31": "9.96", "2013-12-31": "8.09", "2013-09-30": "8.01", "2013-06-30": "6.91", "2013-03-31": "5.75", "2012-12-31": "4.80", "2012-09-30": "5.11", "2012-06-30": "5.31", "2012-03-31": "5.24", "2011-12-31": "5.76", "2011-09-30": "5.16", "2011-06-30": "8.37", "2011-03-31": "8.07", "2010-12-31": "6.24", "2010-09-30": "5.74", "2010-06-30": "6.03", "2010-03-31": "6.23", "2009-12-31": "6.15", "2009-09-30": "5.42", "2009-06-30": "4.36", "2009-03-31": "2.71", "2008-12-31": "5.91", "2008-09-30": "12.22", "2008-06-30": "17.14", "2008-03-31": "16.00"}, "price book": {"current": "31.15", "2021-02-05": "31.13", "2020-09-30": "26.19", "2020-06-30": "22.62", "2020-03-31": "177.08", "2019-12-31": "141.39", "2019-09-30": "67.68", "2019-06-30": "28.75", "2019-03-31": "25.36", "2018-12-31": "22.14", "2018-09-30": "31.62", "2018-06-30": "28.21", "2018-03-31": "29.84", "2017-12-31": "25.39", "2017-09-30": "43.14", "2017-06-30": "46.01", "2017-03-31": "39.25", "2016-12-31": "34.28", "2016-09-30": "36.11", "2016-06-30": "63.08", "2016-03-31": "71.74", "2015-12-31": "63.24", "2015-09-30": "26.75", "2015-06-30": "25.09", "2015-03-31": "23.42", "2014-12-31": "30.93", "2014-09-30": "25.70", "2014-06-30": "28.27", "2014-03-31": "21.39", "2013-12-31": "16.34", "2013-09-30": "16.27", "2013-06-30": "12.34", "2013-03-31": "10.64", "2012-12-31": "23.23", "2012-09-30": "20.58", "2012-06-30": "17.33", "2012-03-31": "13.01", "2011-12-31": "10.81", "2011-09-30": "8.67", "2011-06-30": "11.13", "2011-03-31": "15.81", "2010-12-31": "10.63", "2010-09-30": "16.95", "2010-06-30": "13.73", "2010-03-31": "13.99", "2009-12-31": "8.71", "2009-09-30": "1145.92", "2009-06-30": "-61.90", "2009-03-31": "7.38", "2008-12-31": "7.63", "2008-09-30": "12.20", "2008-06-30": "8.50", "2008-03-31": "5.38", "2007-12-31": "6.93", "2007-09-30": "5.97", "2007-06-30": "3.41"}, "price fcf": {"2021-02-05": "", "2020-09-30": "$-0.09", "2020-06-30": "$-0.33", "2020-03-31": "$-0.91", "2019-12-31": "$-1.05", "2019-09-30": "$-1.05", "2019-06-30": "$-1.49", "2019-03-31": "$-1.93", "2018-12-31": "$-1.99", "2018-09-30": "$-2.02", "2018-06-30": "$-1.49", "2018-03-31": "$-0.41", "2017-12-31": "$-0.56", "2017-09-30": "$-0.19", "2017-06-30": "$-0.63", "2017-03-31": "$-0.69", "2016-12-31": "$-0.11", "2016-09-30": "$-0.80", "2016-06-30": "$-0.50", "2016-03-31": "$-0.51", "2015-12-31": "$-0.41", "2015-09-30": "$0.02", "2015-06-30": "$-0.06", "2015-03-31": "$-0.13", "2014-12-31": "$-0.05", "2014-09-30": "$-0.20", "2014-06-30": "$-0.20", "2014-03-31": "$-0.09", "2013-12-31": "$-0.07", "2013-09-30": "$-0.12", "2013-06-30": "$-0.32", "2013-03-31": "$-0.66", "2012-12-31": "$-0.84", "2012-09-30": "$-0.90", "2012-06-30": "$-0.81", "2012-03-31": "$-0.77", "2011-12-31": "$-0.78", "2011-09-30": "$-0.84", "2011-06-30": "$-1.10", "2011-03-31": "$-1.03", "2010-12-31": "$-1.06", "2010-09-30": "$-1.07", "2010-06-30": "$-1.16", "2010-03-31": "$-1.56", "2009-12-31": "$-1.76", "2009-09-30": "$-2.13", "2009-06-30": "$-2.59", "2009-03-31": "$-3.12", "2008-12-31": "$-3.36", "2008-09-30": "$-4.72", "2008-06-30": "$-3.33", "2008-03-31": "$-4.33"}, "net worth": {"value": "$18.54B"}, "current ratio": {"current": "6.62", "2020-09-30": "6.62", "2020-06-30": "8.08", "2020-03-31": "4.15", "2019-12-31": "3.75", "2019-09-30": "7.01", "2019-06-30": "4.72", "2019-03-31": "4.36", "2018-12-31": "3.99", "2018-09-30": "4.58", "2018-06-30": "5.54", "2018-03-31": "5.48", "2017-12-31": "6.24", "2017-09-30": "4.88", "2017-06-30": "7.06", "2017-03-31": "8.56", "2016-12-31": "6.64", "2016-09-30": "6.67", "2016-06-30": "3.29", "2016-03-31": "3.45", "2015-12-31": "2.93", "2015-09-30": "3.27", "2015-06-30": "3.87", "2015-03-31": "4.34", "2014-12-31": "4.70", "2014-09-30": "4.33", "2014-06-30": "3.26", "2014-03-31": "4.64", "2013-12-31": "4.68", "2013-09-30": "4.14", "2013-06-30": "5.82", "2013-03-31": "4.53", "2012-12-31": "2.28", "2012-09-30": "2.32", "2012-06-30": "2.70", "2012-03-31": "3.94", "2011-12-31": "4.74", "2011-09-30": "5.57", "2011-06-30": "5.56", "2011-03-31": "7.95", "2010-12-31": "7.52", "2010-09-30": "6.52", "2010-06-30": "6.13", "2010-03-31": "7.93", "2009-12-31": "7.79", "2009-09-30": "5.48", "2009-06-30": "4.79", "2009-03-31": "5.05", "2008-12-31": "5.22", "2008-09-30": "6.70", "2008-06-30": "8.04", "2008-03-31": "3.49", "2007-12-31": "5.17", "2007-09-30": "5.90", "2007-06-30": "7.50", "2007-03-31": "0.67", "2006-12-31": "1.02", "2006-09-30": "0.00", "2006-06-30": "0.00", "2006-03-31": "0.00"}, "quick ratio": {"2020-09-30": "5.91", "2020-06-30": "7.31", "2020-03-31": "3.42", "2019-12-31": "3.11", "2019-09-30": "6.21", "2019-06-30": "3.91", "2019-03-31": "3.71", "2018-12-31": "3.37", "2018-09-30": "3.99", "2018-06-30": "5.01", "2018-03-31": "5.16", "2017-12-31": "5.85", "2017-09-30": "4.42", "2017-06-30": "6.35", "2017-03-31": "7.69", "2016-12-31": "6.01", "2016-09-30": "6.07", "2016-06-30": "2.84", "2016-03-31": "3.17", "2015-12-31": "2.74", "2015-09-30": "3.05", "2015-06-30": "3.42", "2015-03-31": "3.91", "2014-12-31": "4.40", "2014-09-30": "4.12", "2014-06-30": "3.13", "2014-03-31": "4.39", "2013-12-31": "4.45", "2013-09-30": "4.02", "2013-06-30": "5.65", "2013-03-31": "4.32", "2012-12-31": "1.97", "2012-09-30": "2.01", "2012-06-30": "2.32", "2012-03-31": "3.48", "2011-12-31": "4.32", "2011-09-30": "5.04", "2011-06-30": "4.96", "2011-03-31": "7.22", "2010-12-31": "6.91", "2010-09-30": "5.89", "2010-06-30": "5.70", "2010-03-31": "7.56", "2009-12-31": "7.28", "2009-09-30": "4.97", "2009-06-30": "4.17", "2009-03-31": "4.29", "2008-12-31": "4.22", "2008-09-30": "5.66", "2008-06-30": "7.19", "2008-03-31": "3.20", "2007-12-31": "4.79", "2007-09-30": "5.66", "2007-06-30": "7.26", "2007-03-31": "0.56", "2006-12-31": "0.93", "2006-09-30": "0.00", "2006-06-30": "0.00", "2006-03-31": "0.00"}, "debt equity ratio": {"current": "1.55", "2020-09-30": "1.88", "2020-06-30": "1.89", "2020-03-31": "17.78", "2019-12-31": "14.06", "2019-09-30": "7.42", "2019-06-30": "2.91", "2019-03-31": "3.26", "2018-12-31": "3.38", "2018-09-30": "3.48", "2018-06-30": "3.68", "2018-03-31": "3.87", "2017-12-31": "4.15", "2017-09-30": "5.74", "2017-06-30": "6.10", "2017-03-31": "6.00", "2016-12-31": "6.23", "2016-09-30": "5.96", "2016-06-30": "8.59", "2016-03-31": "8.65", "2015-12-31": "7.08", "2015-09-30": "4.32", "2015-06-30": "3.28", "2015-03-31": "2.79", "2014-12-31": "2.55", "2014-09-30": "2.75", "2014-06-30": "3.18", "2014-03-31": "1.36", "2013-12-31": "1.31", "2013-09-30": "1.38", "2013-06-30": "1.07", "2013-03-31": "1.17", "2012-12-31": "3.48", "2012-09-30": "3.03", "2012-06-30": "2.45", "2012-03-31": "2.07", "2011-12-31": "1.68", "2011-09-30": "1.59", "2011-06-30": "1.40", "2011-03-31": "1.49", "2010-12-31": "1.36", "2010-09-30": "3.47", "2010-06-30": "2.68", "2010-03-31": "2.89", "2009-12-31": "1.79", "2009-09-30": "385.56", "2009-06-30": "-29.61", "2009-03-31": "6.75", "2008-12-31": "2.85", "2008-09-30": "3.28", "2008-06-30": "2.01", "2008-03-31": "0.58", "2007-12-31": "0.42", "2007-09-30": "0.41", "2007-06-30": "0.36", "2007-03-31": "6.41", "2006-12-31": "2.22", "2006-09-30": "0.00", "2006-06-30": "0.00", "2006-03-31": "0.00"}, "return on equity": {"2020-09-30": "8.97%", "2020-06-30": "8.48%", "2020-03-31": "3.73%", "2019-12-31": "6.28%", "2019-09-30": "7.65%", "2019-06-30": "7.69%", "2019-03-31": "6.89%", "2018-12-31": "1.58%", "2018-09-30": "-7.92%", "2018-06-30": "-12.35%", "2018-03-31": "-20.47%", "2017-12-31": "-29.83%", "2017-09-30": "-43.61%", "2017-06-30": "-46.69%", "2017-03-31": "-47.49%", "2016-12-31": "-61.88%", "2016-09-30": "-121.05%", "2016-06-30": "-174.65%", "2016-03-31": "-157.84%", "2015-12-31": "-121.67%", "2015-09-30": "-70.34%", "2015-06-30": "-54.60%", "2015-03-31": "-70.59%", "2014-12-31": "-56.04%", "2014-09-30": "-48.40%", "2014-06-30": "-52.91%", "2014-03-31": "-32.41%", "2013-12-31": "-35.80%", "2013-09-30": "-48.96%", "2013-06-30": "-48.62%", "2013-03-31": "-66.43%", "2012-12-31": "-91.48%", "2012-09-30": "-83.97%", "2012-06-30": "-77.29%", "2012-03-31": "-61.82%", "2011-12-31": "-57.50%", "2011-09-30": "-69.97%", "2011-06-30": "-80.31%", "2011-03-31": "-111.76%", "2010-12-31": "-131.89%", "2010-09-30": "-123.76%", "2010-06-30": "-165.99%", "2010-03-31": "-268.00%", "2009-12-31": "-394.59%", "2009-09-30": "-860.00%", "2009-06-30": "-505.56%", "2009-03-31": "-301.59%", "2008-12-31": "-205.41%", "2008-09-30": "-131.73%", "2008-06-30": "-94.57%", "2008-03-31": "-67.74%", "2007-12-31": "-72.37%", "2007-09-30": "-86.96%", "2007-06-30": "-134.33%", "2007-03-31": "-683.33%", "2006-12-31": "-800.00%"}, "return on assets": {"2020-09-30": "2.08%", "2020-06-30": "1.40%", "2020-03-31": "0.44%", "2019-12-31": "1.01%", "2019-09-30": "1.55%", "2019-06-30": "1.82%", "2019-03-31": "1.55%", "2018-12-31": "0.34%", "2018-09-30": "-1.66%", "2018-06-30": "-2.41%", "2018-03-31": "-3.68%", "2017-12-31": "-4.86%", "2017-09-30": "-6.23%", "2017-06-30": "-6.62%", "2017-03-31": "-6.43%", "2016-12-31": "-7.84%", "2016-09-30": "-14.77%", "2016-06-30": "-22.84%", "2016-03-31": "-26.00%", "2015-12-31": "-24.87%", "2015-09-30": "-17.06%", "2015-06-30": "-14.29%", "2015-03-31": "-18.55%", "2014-12-31": "-16.83%", "2014-09-30": "-16.29%", "2014-06-30": "-19.82%", "2014-03-31": "-14.24%", "2013-12-31": "-16.08%", "2013-09-30": "-20.11%", "2013-06-30": "-18.18%", "2013-03-31": "-21.22%", "2012-12-31": "-24.85%", "2012-09-30": "-26.07%", "2012-06-30": "-26.60%", "2012-03-31": "-23.21%", "2011-12-31": "-22.66%", "2011-09-30": "-28.38%", "2011-06-30": "-29.96%", "2011-03-31": "-36.95%", "2010-12-31": "-38.92%", "2010-09-30": "-34.78%", "2010-06-30": "-39.93%", "2010-03-31": "-48.91%", "2009-12-31": "-57.37%", "2009-09-30": "-77.48%", "2009-06-30": "-78.79%", "2009-03-31": "-73.36%", "2008-12-31": "-73.93%", "2008-09-30": "-61.08%", "2008-06-30": "-55.02%", "2008-03-31": "-47.37%", "2007-12-31": "-47.41%", "2007-09-30": "-51.28%", "2007-06-30": "-70.87%", "2007-03-31": "-156.19%", "2006-12-31": "-252.63%"}, "return on investments": {"2020-09-30": "6.35%", "2020-06-30": "6.27%", "2020-03-31": "5.21%", "2019-12-31": "5.29%", "2019-09-30": "5.30%", "2019-06-30": "4.65%", "2019-03-31": "4.30%", "2018-09-30": "1.33%", "2018-06-30": "0.76%", "2017-12-31": "-1.44%", "2017-09-30": "-2.47%", "2017-06-30": "-2.51%", "2017-03-31": "-2.30%", "2016-12-31": "-3.69%", "2016-09-30": "-7.98%", "2016-06-30": "-17.64%", "2016-03-31": "-22.70%", "2015-12-31": "-20.94%", "2015-09-30": "-14.29%", "2015-06-30": "-9.19%", "2015-03-31": "-5.55%", "2014-12-31": "-3.61%", "2014-09-30": "-4.04%", "2014-06-30": "-9.81%", "2014-03-31": "-10.25%", "2013-12-31": "-11.97%", "2013-09-30": "-16.04%", "2013-06-30": "-13.23%", "2013-03-31": "-17.87%", "2012-12-31": "-22.54%", "2012-09-30": "-24.05%", "2012-06-30": "-23.89%", "2012-03-31": "-24.74%", "2011-12-31": "-24.23%", "2011-09-30": "-25.65%", "2011-06-30": "-26.98%", "2011-03-31": "-26.37%", "2010-12-31": "-28.94%", "2010-09-30": "-29.60%", "2010-06-30": "-35.25%", "2010-03-31": "-44.64%", "2009-12-31": "-54.72%", "2009-09-30": "-80.89%", "2009-06-30": "-83.77%", "2009-03-31": "-78.54%", "2008-12-31": "-83.18%", "2008-09-30": "-69.64%", "2008-06-30": "-65.47%", "2008-03-31": "-57.14%", "2007-12-31": "-61.02%", "2007-09-30": "-76.42%", "2007-06-30": "-128.24%", "2007-03-31": "inf%", "2006-12-31": "inf%"}, "return on tangible equity": {"2020-09-30": "10.66%", "2020-06-30": "11.23%", "2020-03-31": "6.15%", "2019-12-31": "8.98%", "2019-09-30": "10.17%", "2019-06-30": "9.99%", "2019-03-31": "9.06%", "2018-12-31": "2.10%", "2018-09-30": "-10.69%", "2018-06-30": "-17.82%", "2018-03-31": "-32.88%", "2017-12-31": "-57.45%", "2017-09-30": "-122.11%", "2017-06-30": "-133.33%", "2017-03-31": "-189.09%", "2016-12-31": "-589.47%", "2016-09-30": "2300.00%", "2016-06-30": "800.00%", "2016-03-31": "-14600.00%", "2015-12-31": "-634.78%", "2015-09-30": "-242.86%", "2015-06-30": "-156.36%", "2015-03-31": "-200.00%", "2014-12-31": "-134.21%", "2014-09-30": "-103.70%", "2014-06-30": "-104.42%", "2014-03-31": "-57.95%", "2013-12-31": "-64.56%", "2013-09-30": "-106.00%", "2013-06-30": "-141.94%", "2013-03-31": "-482.05%", "2012-12-31": "784.62%", "2012-09-30": "-3666.67%", "2012-06-30": "-518.18%", "2012-03-31": "-245.78%", "2011-12-31": "-133.33%", "2011-09-30": "-112.77%", "2011-06-30": "-104.62%", "2011-03-31": "-111.76%", "2010-12-31": "-131.89%", "2010-09-30": "-123.76%", "2010-06-30": "-165.99%", "2010-03-31": "-268.00%", "2009-12-31": "-394.59%", "2009-09-30": "-860.00%", "2009-06-30": "-505.56%", "2009-03-31": "-301.59%", "2008-12-31": "-205.41%", "2008-09-30": "-131.73%", "2008-06-30": "-94.57%", "2008-03-31": "-67.74%", "2007-12-31": "-72.37%", "2007-09-30": "-86.96%", "2007-06-30": "-134.33%", "2007-03-31": "-683.33%", "2006-12-31": "-800.00%"}, "dividend yield history": {"last payout": "$0.00", "last yield": "0.00%"}}