{"ticker": "INTC", "price": {"title": "Intel Historical Annual Stock Price Data", "value": 60.66, "historical": {"2021": {"Average Stock Price": "56.1367", "Year Open": "49.6700", "Year High": "62.4600", "Year Low": "49.6700", "Year Close": "60.6600", "Annual % Change": "21.76%"}, "2020": {"Average Stock Price": "54.8907", "Year Open": "60.8400", "Year High": "68.4700", "Year Low": "44.1100", "Year Close": "49.8200", "Annual % Change": "-16.76%"}, "2019": {"Average Stock Price": "51.3752", "Year Open": "47.0800", "Year High": "60.0800", "Year Low": "43.4600", "Year Close": "59.8500", "Annual % Change": "27.53%"}, "2018": {"Average Stock Price": "49.0550", "Year Open": "46.8500", "Year High": "57.0800", "Year Low": "42.4200", "Year Close": "46.9300", "Annual % Change": "1.67%"}, "2017": {"Average Stock Price": "37.7946", "Year Open": "36.6000", "Year High": "47.5600", "Year Low": "33.4600", "Year Close": "46.1600", "Annual % Change": "27.27%"}, "2016": {"Average Stock Price": "33.3291", "Year Open": "33.9900", "Year High": "38.1000", "Year Low": "28.2200", "Year Close": "36.2700", "Annual % Change": "5.28%"}, "2015": {"Average Stock Price": "32.1786", "Year Open": "36.3600", "Year High": "36.9100", "Year Low": "25.8700", "Year Close": "34.4500", "Annual % Change": "-5.07%"}, "2014": {"Average Stock Price": "30.3276", "Year Open": "25.7900", "Year High": "37.6700", "Year Low": "23.5200", "Year Close": "36.2900", "Annual % Change": "39.82%"}, "2013": {"Average Stock Price": "23.0594", "Year Open": "21.3800", "Year High": "25.9550", "Year Low": "20.2300", "Year Close": "25.9550", "Annual % Change": "25.87%"}, "2012": {"Average Stock Price": "24.9737", "Year Open": "24.5400", "Year High": "29.1800", "Year Low": "19.3600", "Year Close": "20.6200", "Annual % Change": "-14.97%"}, "2011": {"Average Stock Price": "22.0541", "Year Open": "20.8500", "Year High": "25.6600", "Year Low": "19.1900", "Year Close": "24.2500", "Annual % Change": "15.31%"}, "2010": {"Average Stock Price": "20.7708", "Year Open": "20.8800", "Year High": "24.2210", "Year Low": "17.6650", "Year Close": "21.0300", "Annual % Change": "3.09%"}, "2009": {"Average Stock Price": "17.1019", "Year Open": "15.2000", "Year High": "20.8310", "Year Low": "12.0800", "Year Close": "20.4000", "Annual % Change": "39.15%"}, "2008": {"Average Stock Price": "19.9608", "Year Open": "25.3500", "Year High": "25.3500", "Year Low": "12.2300", "Year Close": "14.6600", "Annual % Change": "-45.01%"}, "2007": {"Average Stock Price": "23.4127", "Year Open": "20.3500", "Year High": "27.9800", "Year Low": "18.8600", "Year Close": "26.6600", "Annual % Change": "31.65%"}, "2006": {"Average Stock Price": "19.9565", "Year Open": "25.5700", "Year High": "26.4700", "Year Low": "16.8600", "Year Close": "20.2500", "Annual % Change": "-18.87%"}, "2005": {"Average Stock Price": "24.9236", "Year Open": "23.0700", "Year High": "28.7100", "Year Low": "21.9900", "Year Close": "24.9600", "Annual % Change": "6.71%"}, "2004": {"Average Stock Price": "25.5630", "Year Open": "32.1600", "Year High": "34.2400", "Year Low": "19.6800", "Year Close": "23.3900", "Annual % Change": "-27.02%"}, "2003": {"Average Stock Price": "23.5973", "Year Open": "16.6900", "Year High": "34.1200", "Year Low": "15.0500", "Year Close": "32.0500", "Annual % Change": "105.84%"}, "2002": {"Average Stock Price": "23.2959", "Year Open": "33.0000", "Year High": "35.7900", "Year Low": "13.2200", "Year Close": "15.5700", "Annual % Change": "-50.49%"}, "2001": {"Average Stock Price": "29.1645", "Year Open": "31.0600", "Year High": "37.8100", "Year Low": "19.3000", "Year Close": "31.4500", "Annual % Change": "4.62%"}, "2000": {"Average Stock Price": "55.5070", "Year Open": "43.5000", "Year High": "74.8800", "Year Low": "30.0600", "Year Close": "30.0600", "Annual % Change": "-26.96%"}, "1999": {"Average Stock Price": "34.3024", "Year Open": "30.2000", "Year High": "44.6550", "Year Low": "25.2500", "Year Close": "41.1550", "Annual % Change": "38.80%"}, "1998": {"Average Stock Price": "21.3550", "Year Open": "18.1575", "Year High": "31.2500", "Year Low": "16.4850", "Year Close": "29.6500", "Annual % Change": "68.83%"}, "1997": {"Average Stock Price": "19.8796", "Year Open": "16.3000", "Year High": "25.1250", "Year Low": "16.3000", "Year Close": "17.5625", "Annual % Change": "7.30%"}, "1996": {"Average Stock Price": "10.1433", "Year Open": "7.3275", "Year High": "17.1875", "Year Low": "6.2500", "Year Close": "16.3675", "Annual % Change": "130.73%"}, "1995": {"Average Stock Price": "6.8893", "Year Open": "3.9844", "Year High": "9.5550", "Year Low": "3.9763", "Year Close": "7.0938", "Annual % Change": "77.68%"}, "1994": {"Average Stock Price": "3.9276", "Year Open": "3.8281", "Year High": "4.5156", "Year Low": "3.5313", "Year Close": "3.9925", "Annual % Change": "3.03%"}, "1993": {"Average Stock Price": "3.6159", "Year Open": "2.7031", "Year High": "4.5781", "Year Low": "2.7031", "Year Close": "3.8750", "Annual % Change": "42.53%"}, "1992": {"Average Stock Price": "1.9212", "Year Open": "1.5703", "Year High": "2.8244", "Year Low": "1.4688", "Year Close": "2.7188", "Annual % Change": "77.55%"}, "1991": {"Average Stock Price": "1.4487", "Year Open": "1.2031", "Year High": "1.8281", "Year Low": "1.1875", "Year Close": "1.5313", "Annual % Change": "27.28%"}, "1990": {"Average Stock Price": "1.2321", "Year Open": "1.1250", "Year High": "1.6016", "Year Low": "0.9103", "Year Close": "1.2031", "Annual % Change": "11.59%"}, "1989": {"Average Stock Price": "0.9272", "Year Open": "0.7422", "Year High": "1.1172", "Year Low": "0.7266", "Year Close": "1.0781", "Annual % Change": "45.26%"}, "1988": {"Average Stock Price": "0.8969", "Year Open": "0.8672", "Year High": "1.1444", "Year Low": "0.6172", "Year Close": "0.7422", "Annual % Change": "-10.37%"}, "1987": {"Average Stock Price": "0.8802", "Year Open": "0.4427", "Year High": "1.3073", "Year Low": "0.4427", "Year Close": "0.8281", "Annual % Change": "89.28%"}, "1986": {"Average Stock Price": "0.4987", "Year Open": "0.5990", "Year High": "0.6667", "Year Low": "0.3463", "Year Close": "0.4375", "Annual % Change": "-28.21%"}, "1985": {"Average Stock Price": "0.5679", "Year Open": "0.5729", "Year High": "0.6667", "Year Low": "0.4531", "Year Close": "0.6094", "Annual % Change": "4.47%"}, "1984": {"Average Stock Price": "0.6768", "Year Open": "0.8490", "Year High": "0.8958", "Year Low": "0.5260", "Year Close": "0.5833", "Annual % Change": "-33.34%"}, "1983": {"Average Stock Price": "0.6812", "Year Open": "0.3880", "Year High": "0.9427", "Year Low": "0.3880", "Year Close": "0.8750", "Annual % Change": "116.80%"}, "1982": {"Average Stock Price": "0.3283", "Year Open": "0.2370", "Year High": "0.4297", "Year Low": "0.2161", "Year Close": "0.4036", "Annual % Change": "72.18%"}, "1981": {"Average Stock Price": "0.3384", "Year Open": "0.4193", "Year High": "0.4349", "Year Low": "0.2344", "Year Close": "0.2344", "Annual % Change": "-44.10%"}}}, "market cap": {"value": "$238.82B"}, "income statement": {"Revenue": {"2020-12-31": "77867.00000", "2019-12-31": "71965.00000", "2018-12-31": "70848.00000", "2017-12-31": "62761.00000", "2016-12-31": "59387.00000", "2015-12-31": "55355.00000", "2014-12-31": "55870.00000", "2013-12-31": "52708.00000", "2012-12-31": "53341.00000", "2011-12-31": "53999.00000", "2010-12-31": "43623.00000", "2009-12-31": "35127.00000", "2008-12-31": "37586.00000", "2007-12-31": "38334.00000", "2006-12-31": "35382.00000", "2005-12-31": "38826.00000"}, "Cost Of Goods Sold": {"2020-12-31": "34255.00000", "2019-12-31": "29825.00000", "2018-12-31": "27111.00000", "2017-12-31": "23663.00000", "2016-12-31": "23154.00000", "2015-12-31": "20676.00000", "2014-12-31": "20261.00000", "2013-12-31": "21187.00000", "2012-12-31": "20190.00000", "2011-12-31": "20242.00000", "2010-12-31": "15132.00000", "2009-12-31": "15566.00000", "2008-12-31": "16742.00000", "2007-12-31": "18430.00000", "2006-12-31": "17164.00000", "2005-12-31": "15777.00000"}, "Gross Profit": {"2020-12-31": "43612.00000", "2019-12-31": "42140.00000", "2018-12-31": "43737.00000", "2017-12-31": "39098.00000", "2016-12-31": "36233.00000", "2015-12-31": "34679.00000", "2014-12-31": "35609.00000", "2013-12-31": "31521.00000", "2012-12-31": "33151.00000", "2011-12-31": "33757.00000", "2010-12-31": "28491.00000", "2009-12-31": "19561.00000", "2008-12-31": "20844.00000", "2007-12-31": "19904.00000", "2006-12-31": "18218.00000", "2005-12-31": "23049.00000"}, "Research And Development Expenses": {"2020-12-31": "13556.00000", "2019-12-31": "13362.00000", "2018-12-31": "13543.00000", "2017-12-31": "13035.00000", "2016-12-31": "12685.00000", "2015-12-31": "12128.00000", "2014-12-31": "11537.00000", "2013-12-31": "10611.00000", "2012-12-31": "10148.00000", "2011-12-31": "8350.00000", "2010-12-31": "6576.00000", "2009-12-31": "5653.00000", "2008-12-31": "5722.00000", "2007-12-31": "5755.00000", "2006-12-31": "5873.00000", "2005-12-31": "5145.00000"}, "SG&A Expenses": {"2020-12-31": "6180.00000", "2019-12-31": "6350.00000", "2018-12-31": "6950.00000", "2017-12-31": "7452.00000", "2016-12-31": "8377.00000", "2015-12-31": "7930.00000", "2014-12-31": "8136.00000", "2013-12-31": "8088.00000", "2012-12-31": "8057.00000", "2011-12-31": "7670.00000", "2010-12-31": "6309.00000", "2009-12-31": "7931.00000", "2008-12-31": "5452.00000", "2007-12-31": "5401.00000", "2006-12-31": "6138.00000", "2005-12-31": "5688.00000"}, "Other Operating Income Or Expenses": {"2020-12-31": "", "2019-12-31": "", "2018-12-31": "", "2017-12-31": "", "2016-12-31": "", "2015-12-31": "", "2014-12-31": "", "2013-12-31": "", "2012-12-31": "", "2011-12-31": "", "2010-12-31": "", "2009-12-31": "", "2008-12-31": "", "2007-12-31": "", "2006-12-31": "", "2005-12-31": ""}, "Operating Expenses": {"2020-12-31": "54189.00000", "2019-12-31": "49930.00000", "2018-12-31": "47532.00000", "2017-12-31": "44711.00000", "2016-12-31": "46254.00000", "2015-12-31": "41353.00000", "2014-12-31": "40523.00000", "2013-12-31": "40417.00000", "2012-12-31": "38703.00000", "2011-12-31": "36522.00000", "2010-12-31": "28035.00000", "2009-12-31": "29416.00000", "2008-12-31": "28632.00000", "2007-12-31": "30118.00000", "2006-12-31": "29730.00000", "2005-12-31": "26736.00000"}, "Operating Income": {"2020-12-31": "23678.00000", "2019-12-31": "22035.00000", "2018-12-31": "23316.00000", "2017-12-31": "18050.00000", "2016-12-31": "13133.00000", "2015-12-31": "14002.00000", "2014-12-31": "15347.00000", "2013-12-31": "12291.00000", "2012-12-31": "14638.00000", "2011-12-31": "17477.00000", "2010-12-31": "15588.00000", "2009-12-31": "5711.00000", "2008-12-31": "8954.00000", "2007-12-31": "8216.00000", "2006-12-31": "5652.00000", "2005-12-31": "12090.00000"}, "Total Non-Operating Income/Expense": {"2020-12-31": "1400.00000", "2019-12-31": "2023.00000", "2018-12-31": "1.00000", "2017-12-31": "2302.00000", "2016-12-31": "-197.00000", "2015-12-31": "210.00000", "2014-12-31": "454.00000", "2013-12-31": "320.00000", "2012-12-31": "235.00000", "2011-12-31": "304.00000", "2010-12-31": "457.00000", "2009-12-31": "-7.00000", "2008-12-31": "-1268.00000", "2007-12-31": "950.00000", "2006-12-31": "1416.00000", "2005-12-31": "520.00000"}, "Pre-Tax Income": {"2020-12-31": "25078.00000", "2019-12-31": "24058.00000", "2018-12-31": "23317.00000", "2017-12-31": "20352.00000", "2016-12-31": "12936.00000", "2015-12-31": "14212.00000", "2014-12-31": "15801.00000", "2013-12-31": "12611.00000", "2012-12-31": "14873.00000", "2011-12-31": "17781.00000", "2010-12-31": "16045.00000", "2009-12-31": "5704.00000", "2008-12-31": "7686.00000", "2007-12-31": "9166.00000", "2006-12-31": "7068.00000", "2005-12-31": "12610.00000"}, "Income Taxes": {"2020-12-31": "4179.00000", "2019-12-31": "3010.00000", "2018-12-31": "2264.00000", "2017-12-31": "10751.00000", "2016-12-31": "2620.00000", "2015-12-31": "2792.00000", "2014-12-31": "4097.00000", "2013-12-31": "2991.00000", "2012-12-31": "3868.00000", "2011-12-31": "4839.00000", "2010-12-31": "4581.00000", "2009-12-31": "1335.00000", "2008-12-31": "2394.00000", "2007-12-31": "2190.00000", "2006-12-31": "2024.00000", "2005-12-31": "3946.00000"}, "Income After Taxes": {"2020-12-31": "20899.00000", "2019-12-31": "21048.00000", "2018-12-31": "21053.00000", "2017-12-31": "9601.00000", "2016-12-31": "10316.00000", "2015-12-31": "11420.00000", "2014-12-31": "11704.00000", "2013-12-31": "9620.00000", "2012-12-31": "11005.00000", "2011-12-31": "12942.00000", "2010-12-31": "11464.00000", "2009-12-31": "4369.00000", "2008-12-31": "5292.00000", "2007-12-31": "6976.00000", "2006-12-31": "5044.00000", "2005-12-31": "8664.00000"}, "Other Income": {"2020-12-31": "", "2019-12-31": "", "2018-12-31": "", "2017-12-31": "", "2016-12-31": "", "2015-12-31": "", "2014-12-31": "", "2013-12-31": "", "2012-12-31": "", "2011-12-31": "", "2010-12-31": "", "2009-12-31": "", "2008-12-31": "", "2007-12-31": "", "2006-12-31": "", "2005-12-31": ""}, "Income From Continuous Operations": {"2020-12-31": "20899.00000", "2019-12-31": "21048.00000", "2018-12-31": "21053.00000", "2017-12-31": "9601.00000", "2016-12-31": "10316.00000", "2015-12-31": "11420.00000", "2014-12-31": "11704.00000", "2013-12-31": "9620.00000", "2012-12-31": "11005.00000", "2011-12-31": "12942.00000", "2010-12-31": "11464.00000", "2009-12-31": "4369.00000", "2008-12-31": "5292.00000", "2007-12-31": "6976.00000", "2006-12-31": "5044.00000", "2005-12-31": "8664.00000"}, "Income From Discontinued Operations": {"2020-12-31": "", "2019-12-31": "", "2018-12-31": "", "2017-12-31": "", "2016-12-31": "", "2015-12-31": "", "2014-12-31": "", "2013-12-31": "", "2012-12-31": "", "2011-12-31": "", "2010-12-31": "", "2009-12-31": "", "2008-12-31": "", "2007-12-31": "", "2006-12-31": "", "2005-12-31": ""}, "Net Income": {"2020-12-31": "20899.00000", "2019-12-31": "21048.00000", "2018-12-31": "21053.00000", "2017-12-31": "9601.00000", "2016-12-31": "10316.00000", "2015-12-31": "11420.00000", "2014-12-31": "11704.00000", "2013-12-31": "9620.00000", "2012-12-31": "11005.00000", "2011-12-31": "12942.00000", "2010-12-31": "11464.00000", "2009-12-31": "4369.00000", "2008-12-31": "5292.00000", "2007-12-31": "6976.00000", "2006-12-31": "5044.00000", "2005-12-31": "8664.00000"}, "EBITDA": {"2020-12-31": "35917.00000", "2019-12-31": "32861.00000", "2018-12-31": "32401.00000", "2017-12-31": "26179.00000", "2016-12-31": "20923.00000", "2015-12-31": "22713.00000", "2014-12-31": "23896.00000", "2013-12-31": "20323.00000", "2012-12-31": "22160.00000", "2011-12-31": "23541.00000", "2010-12-31": "20226.00000", "2009-12-31": "10763.00000", "2008-12-31": "13570.00000", "2007-12-31": "13014.00000", "2006-12-31": "10564.00000", "2005-12-31": "16685.00000"}, "EBIT": {"2020-12-31": "23678.00000", "2019-12-31": "22035.00000", "2018-12-31": "23316.00000", "2017-12-31": "18050.00000", "2016-12-31": "13133.00000", "2015-12-31": "14002.00000", "2014-12-31": "15347.00000", "2013-12-31": "12291.00000", "2012-12-31": "14638.00000", "2011-12-31": "17477.00000", "2010-12-31": "15588.00000", "2009-12-31": "5711.00000", "2008-12-31": "8954.00000", "2007-12-31": "8216.00000", "2006-12-31": "5652.00000", "2005-12-31": "12090.00000"}, "Basic Shares Outstanding": {"2020-12-31": "4199.00000", "2019-12-31": "4417.00000", "2018-12-31": "4611.00000", "2017-12-31": "4701.00000", "2016-12-31": "4730.00000", "2015-12-31": "4742.00000", "2014-12-31": "4901.00000", "2013-12-31": "4970.00000", "2012-12-31": "4996.00000", "2011-12-31": "5256.00000", "2010-12-31": "5555.00000", "2009-12-31": "5557.00000", "2008-12-31": "5663.00000", "2007-12-31": "5816.00000", "2006-12-31": "5797.00000", "2005-12-31": "6106.00000"}, "Shares Outstanding": {"2020-12-31": "4232.00000", "2019-12-31": "4473.00000", "2018-12-31": "4701.00000", "2017-12-31": "4835.00000", "2016-12-31": "4875.00000", "2015-12-31": "4894.00000", "2014-12-31": "5056.00000", "2013-12-31": "5097.00000", "2012-12-31": "5160.00000", "2011-12-31": "5411.00000", "2010-12-31": "5696.00000", "2009-12-31": "5645.00000", "2008-12-31": "5748.00000", "2007-12-31": "5936.00000", "2006-12-31": "5880.00000", "2005-12-31": "6178.00000"}, "Basic EPS": {"2020-12-31": "4.98000", "2019-12-31": "4.77000", "2018-12-31": "4.57000", "2017-12-31": "2.04000", "2016-12-31": "2.18000", "2015-12-31": "2.41000", "2014-12-31": "2.39000", "2013-12-31": "1.94000", "2012-12-31": "2.20000", "2011-12-31": "2.46000", "2010-12-31": "2.06000", "2009-12-31": "0.79000", "2008-12-31": "0.93000", "2007-12-31": "1.20000", "2006-12-31": "0.87000", "2005-12-31": "1.42000"}, "EPS - Earnings Per Share": {"2020-12-31": "4.94000", "2019-12-31": "4.71000", "2018-12-31": "4.48000", "2017-12-31": "1.99000", "2016-12-31": "2.12000", "2015-12-31": "2.33000", "2014-12-31": "2.31000", "2013-12-31": "1.89000", "2012-12-31": "2.13000", "2011-12-31": "2.39000", "2010-12-31": "2.01000", "2009-12-31": "0.77000", "2008-12-31": "0.92000", "2007-12-31": "1.18000", "2006-12-31": "0.86000", "2005-12-31": "1.40000"}}, "income statement, quarterly": {"Revenue": {"2020-12-31": "19978.00000", "2020-09-30": "18333.00000", "2020-06-30": "19728.00000", "2020-03-31": "19828.00000", "2019-12-31": "20209.00000", "2019-09-30": "19190.00000", "2019-06-30": "16505.00000", "2019-03-31": "16061.00000", "2018-12-31": "18657.00000", "2018-09-30": "19163.00000", "2018-06-30": "16962.00000", "2018-03-31": "16066.00000", "2017-12-31": "17053.00000", "2017-09-30": "16149.00000", "2017-06-30": "14763.00000", "2017-03-31": "14796.00000", "2016-12-31": "16374.00000", "2016-09-30": "15778.00000", "2016-06-30": "13533.00000", "2016-03-31": "13702.00000", "2015-12-31": "14914.00000", "2015-09-30": "14465.00000", "2015-06-30": "13195.00000", "2015-03-31": "12781.00000", "2014-12-31": "14721.00000", "2014-09-30": "14554.00000", "2014-06-30": "13831.00000", "2014-03-31": "12764.00000", "2013-12-31": "13834.00000", "2013-09-30": "13483.00000", "2013-06-30": "12811.00000", "2013-03-31": "12580.00000", "2012-12-31": "13477.00000", "2012-09-30": "13457.00000", "2012-06-30": "13501.00000", "2012-03-31": "12906.00000", "2011-12-31": "13887.00000", "2011-09-30": "14233.00000", "2011-06-30": "13032.00000", "2011-03-31": "12847.00000", "2010-12-31": "11457.00000", "2010-09-30": "11102.00000", "2010-06-30": "10765.00000", "2010-03-31": "10299.00000", "2009-12-31": "10569.00000", "2009-09-30": "9389.00000", "2009-06-30": "8024.00000", "2009-03-31": "7145.00000", "2008-12-31": "8226.00000", "2008-09-30": "10217.00000", "2008-06-30": "9470.00000", "2008-03-31": "9673.00000", "2007-12-31": "10712.00000", "2007-09-30": "10090.00000", "2007-06-30": "8680.00000", "2007-03-31": "8852.00000", "2006-12-31": "9694.00000", "2006-09-30": "8739.00000", "2006-06-30": "8009.00000", "2006-03-31": "8940.00000", "2005-12-31": "10201.00000", "2005-09-30": "9960.00000", "2005-06-30": "9231.00000", "2005-03-31": "9434.00000"}, "Cost Of Goods Sold": {"2020-12-31": "8630.00000", "2020-09-30": "8592.00000", "2020-06-30": "9221.00000", "2020-03-31": "7812.00000", "2019-12-31": "8331.00000", "2019-09-30": "7895.00000", "2019-06-30": "6627.00000", "2019-03-31": "6972.00000", "2018-12-31": "7430.00000", "2018-09-30": "6803.00000", "2018-06-30": "6543.00000", "2018-03-31": "6335.00000", "2017-12-31": "6275.00000", "2017-09-30": "6085.00000", "2017-06-30": "5667.00000", "2017-03-31": "5636.00000", "2016-12-31": "6227.00000", "2016-09-30": "5795.00000", "2016-06-30": "5560.00000", "2016-03-31": "5572.00000", "2015-12-31": "5324.00000", "2015-09-30": "5354.00000", "2015-06-30": "4947.00000", "2015-03-31": "5051.00000", "2014-12-31": "5100.00000", "2014-09-30": "5096.00000", "2014-06-30": "4914.00000", "2014-03-31": "5151.00000", "2013-12-31": "5263.00000", "2013-09-30": "5069.00000", "2013-06-30": "5341.00000", "2013-03-31": "5514.00000", "2012-12-31": "5660.00000", "2012-09-30": "4942.00000", "2012-06-30": "4947.00000", "2012-03-31": "4641.00000", "2011-12-31": "4935.00000", "2011-09-30": "5215.00000", "2011-06-30": "5130.00000", "2011-03-31": "4962.00000", "2010-12-31": "4051.00000", "2010-09-30": "3781.00000", "2010-06-30": "3530.00000", "2010-03-31": "3770.00000", "2009-12-31": "3729.00000", "2009-09-30": "3985.00000", "2009-06-30": "3945.00000", "2009-03-31": "3907.00000", "2008-12-31": "3857.00000", "2008-09-30": "4198.00000", "2008-06-30": "4221.00000", "2008-03-31": "4466.00000", "2007-12-31": "4486.00000", "2007-09-30": "4919.00000", "2007-06-30": "4605.00000", "2007-03-31": "4420.00000", "2006-12-31": "4884.00000", "2006-09-30": "4445.00000", "2006-06-30": "3838.00000", "2006-03-31": "3997.00000", "2005-12-31": "3901.00000", "2005-09-30": "4012.00000", "2005-06-30": "4028.00000", "2005-03-31": "3836.00000"}, "Gross Profit": {"2020-12-31": "11348.00000", "2020-09-30": "9741.00000", "2020-06-30": "10507.00000", "2020-03-31": "12016.00000", "2019-12-31": "11878.00000", "2019-09-30": "11295.00000", "2019-06-30": "9878.00000", "2019-03-31": "9089.00000", "2018-12-31": "11227.00000", "2018-09-30": "12360.00000", "2018-06-30": "10419.00000", "2018-03-31": "9731.00000", "2017-12-31": "10778.00000", "2017-09-30": "10064.00000", "2017-06-30": "9096.00000", "2017-03-31": "9160.00000", "2016-12-31": "10147.00000", "2016-09-30": "9983.00000", "2016-06-30": "7973.00000", "2016-03-31": "8130.00000", "2015-12-31": "9590.00000", "2015-09-30": "9111.00000", "2015-06-30": "8248.00000", "2015-03-31": "7730.00000", "2014-12-31": "9621.00000", "2014-09-30": "9458.00000", "2014-06-30": "8917.00000", "2014-03-31": "7613.00000", "2013-12-31": "8571.00000", "2013-09-30": "8414.00000", "2013-06-30": "7470.00000", "2013-03-31": "7066.00000", "2012-12-31": "7817.00000", "2012-09-30": "8515.00000", "2012-06-30": "8554.00000", "2012-03-31": "8265.00000", "2011-12-31": "8952.00000", "2011-09-30": "9018.00000", "2011-06-30": "7902.00000", "2011-03-31": "7885.00000", "2010-12-31": "7406.00000", "2010-09-30": "7321.00000", "2010-06-30": "7235.00000", "2010-03-31": "6529.00000", "2009-12-31": "6840.00000", "2009-09-30": "5404.00000", "2009-06-30": "4079.00000", "2009-03-31": "3238.00000", "2008-12-31": "4369.00000", "2008-09-30": "6019.00000", "2008-06-30": "5249.00000", "2008-03-31": "5207.00000", "2007-12-31": "6226.00000", "2007-09-30": "5171.00000", "2007-06-30": "4075.00000", "2007-03-31": "4432.00000", "2006-12-31": "4810.00000", "2006-09-30": "4294.00000", "2006-06-30": "4171.00000", "2006-03-31": "4943.00000", "2005-12-31": "6300.00000", "2005-09-30": "5948.00000", "2005-06-30": "5203.00000", "2005-03-31": "5598.00000"}, "Research And Development Expenses": {"2020-12-31": "3655.00000", "2020-09-30": "3272.00000", "2020-06-30": "3354.00000", "2020-03-31": "3275.00000", "2019-12-31": "3384.00000", "2019-09-30": "3208.00000", "2019-06-30": "3438.00000", "2019-03-31": "3332.00000", "2018-12-31": "3433.00000", "2018-09-30": "3428.00000", "2018-06-30": "3371.00000", "2018-03-31": "3311.00000", "2017-12-31": "3253.00000", "2017-09-30": "3209.00000", "2017-06-30": "3262.00000", "2017-03-31": "3311.00000", "2016-12-31": "3225.00000", "2016-09-30": "3069.00000", "2016-06-30": "3145.00000", "2016-03-31": "3246.00000", "2015-12-31": "3119.00000", "2015-09-30": "2927.00000", "2015-06-30": "3087.00000", "2015-03-31": "2995.00000", "2014-12-31": "2990.00000", "2014-09-30": "2842.00000", "2014-06-30": "2859.00000", "2014-03-31": "2846.00000", "2013-12-31": "2826.00000", "2013-09-30": "2742.00000", "2013-06-30": "2516.00000", "2013-03-31": "2527.00000", "2012-12-31": "2629.00000", "2012-09-30": "2605.00000", "2012-06-30": "2513.00000", "2012-03-31": "2401.00000", "2011-12-31": "2308.00000", "2011-09-30": "2140.00000", "2011-06-30": "1986.00000", "2011-03-31": "1916.00000", "2010-12-31": "1671.00000", "2010-09-30": "1675.00000", "2010-06-30": "1666.00000", "2010-03-31": "1564.00000", "2009-12-31": "1603.00000", "2009-09-30": "1430.00000", "2009-06-30": "1303.00000", "2009-03-31": "1317.00000", "2008-12-31": "1316.00000", "2008-09-30": "1471.00000", "2008-06-30": "1468.00000", "2008-03-31": "1467.00000", "2007-12-31": "1481.00000", "2007-09-30": "1521.00000", "2007-06-30": "1353.00000", "2007-03-31": "1400.00000", "2006-12-31": "1426.00000", "2006-09-30": "1389.00000", "2006-06-30": "1496.00000", "2006-03-31": "1562.00000", "2005-12-31": "1362.00000", "2005-09-30": "1341.00000", "2005-06-30": "1176.00000", "2005-03-31": "1266.00000"}, "SG&A Expenses": {"2020-12-31": "1757.00000", "2020-09-30": "1435.00000", "2020-06-30": "1447.00000", "2020-03-31": "1541.00000", "2019-12-31": "1592.00000", "2019-09-30": "1536.00000", "2019-06-30": "1639.00000", "2019-03-31": "1583.00000", "2018-12-31": "1720.00000", "2018-09-30": "1605.00000", "2018-06-30": "1725.00000", "2018-03-31": "1900.00000", "2017-12-31": "1842.00000", "2017-09-30": "1661.00000", "2017-06-30": "1850.00000", "2017-03-31": "2099.00000", "2016-12-31": "2138.00000", "2016-09-30": "2006.00000", "2016-06-30": "2007.00000", "2016-03-31": "2226.00000", "2015-12-31": "2118.00000", "2015-09-30": "1910.00000", "2015-06-30": "1949.00000", "2015-03-31": "1953.00000", "2014-12-31": "2049.00000", "2014-09-30": "1979.00000", "2014-06-30": "2061.00000", "2014-03-31": "2047.00000", "2013-12-31": "2006.00000", "2013-09-30": "1970.00000", "2013-06-30": "2165.00000", "2013-03-31": "1947.00000", "2012-12-31": "1958.00000", "2012-09-30": "1995.00000", "2012-06-30": "2131.00000", "2012-03-31": "1973.00000", "2011-12-31": "1973.00000", "2011-09-30": "2017.00000", "2011-06-30": "1905.00000", "2011-03-31": "1775.00000", "2010-12-31": "1705.00000", "2010-09-30": "1506.00000", "2010-06-30": "1584.00000", "2010-03-31": "1514.00000", "2009-12-31": "2718.00000", "2009-09-30": "1320.00000", "2009-06-30": "2695.00000", "2009-03-31": "1198.00000", "2008-12-31": "1258.00000", "2008-09-30": "1415.00000", "2008-06-30": "1430.00000", "2008-03-31": "1349.00000", "2007-12-31": "1448.00000", "2007-09-30": "1381.00000", "2007-06-30": "1290.00000", "2007-03-31": "1282.00000", "2006-12-31": "1476.00000", "2006-09-30": "1425.00000", "2006-06-30": "1593.00000", "2006-03-31": "1644.00000", "2005-12-31": "1606.00000", "2005-09-30": "1478.00000", "2005-06-30": "1342.00000", "2005-03-31": "1262.00000"}, "Other Operating Income Or Expenses": {"2020-12-31": "", "2020-09-30": "", "2020-06-30": "", "2020-03-31": "", "2019-12-31": "", "2019-09-30": "", "2019-06-30": "", "2019-03-31": "", "2018-12-31": "", "2018-09-30": "", "2018-06-30": "", "2018-03-31": "", "2017-12-31": "", "2017-09-30": "", "2017-06-30": "", "2017-03-31": "", "2016-12-31": "", "2016-09-30": "", "2016-06-30": "", "2016-03-31": "", "2015-12-31": "", "2015-09-30": "", "2015-06-30": "", "2015-03-31": "", "2014-12-31": "", "2014-09-30": "", "2014-06-30": "", "2014-03-31": "", "2013-12-31": "", "2013-09-30": "", "2013-06-30": "", "2013-03-31": "", "2012-12-31": "", "2012-09-30": "", "2012-06-30": "", "2012-03-31": "", "2011-12-31": "", "2011-09-30": "", "2011-06-30": "", "2011-03-31": "", "2010-12-31": "", "2010-09-30": "", "2010-06-30": "", "2010-03-31": "", "2009-12-31": "", "2009-09-30": "", "2009-06-30": "", "2009-03-31": "", "2008-12-31": "", "2008-09-30": "", "2008-06-30": "", "2008-03-31": "", "2007-12-31": "", "2007-09-30": "", "2007-06-30": "", "2007-03-31": "", "2006-12-31": "", "2006-09-30": "", "2006-06-30": "", "2006-03-31": "", "2005-12-31": "", "2005-09-30": "", "2005-06-30": "", "2005-03-31": ""}, "Operating Expenses": {"2020-12-31": "14094.00000", "2020-09-30": "13274.00000", "2020-06-30": "14031.00000", "2020-03-31": "12790.00000", "2019-12-31": "13412.00000", "2019-09-30": "12743.00000", "2019-06-30": "11888.00000", "2019-03-31": "11887.00000", "2018-12-31": "12433.00000", "2018-09-30": "11814.00000", "2018-06-30": "11689.00000", "2018-03-31": "11596.00000", "2017-12-31": "11618.00000", "2017-09-30": "11008.00000", "2017-06-30": "10921.00000", "2017-03-31": "11164.00000", "2016-12-31": "11589.00000", "2016-09-30": "11316.00000", "2016-06-30": "12215.00000", "2016-03-31": "11134.00000", "2015-12-31": "10615.00000", "2015-09-30": "10273.00000", "2015-06-30": "10299.00000", "2015-03-31": "10166.00000", "2014-12-31": "10268.00000", "2014-09-30": "10014.00000", "2014-06-30": "9987.00000", "2014-03-31": "10254.00000", "2013-12-31": "10285.00000", "2013-09-30": "9979.00000", "2013-06-30": "10092.00000", "2013-03-31": "10061.00000", "2012-12-31": "10322.00000", "2012-09-30": "9616.00000", "2012-06-30": "9669.00000", "2012-03-31": "9096.00000", "2011-12-31": "9288.00000", "2011-09-30": "9448.00000", "2011-06-30": "9097.00000", "2011-03-31": "8689.00000", "2010-12-31": "7434.00000", "2010-09-30": "6966.00000", "2010-06-30": "6784.00000", "2010-03-31": "6851.00000", "2009-12-31": "8072.00000", "2009-09-30": "6810.00000", "2009-06-30": "8036.00000", "2009-03-31": "6498.00000", "2008-12-31": "6687.00000", "2008-09-30": "7119.00000", "2008-06-30": "7215.00000", "2008-03-31": "7611.00000", "2007-12-31": "7665.00000", "2007-09-30": "7946.00000", "2007-06-30": "7330.00000", "2007-03-31": "7177.00000", "2006-12-31": "8206.00000", "2006-09-30": "7365.00000", "2006-06-30": "6937.00000", "2006-03-31": "7222.00000", "2005-12-31": "6892.00000", "2005-09-30": "6860.00000", "2005-06-30": "6582.00000", "2005-03-31": "6402.00000"}, "Operating Income": {"2020-12-31": "5884.00000", "2020-09-30": "5059.00000", "2020-06-30": "5697.00000", "2020-03-31": "7038.00000", "2019-12-31": "6797.00000", "2019-09-30": "6447.00000", "2019-06-30": "4617.00000", "2019-03-31": "4174.00000", "2018-12-31": "6224.00000", "2018-09-30": "7349.00000", "2018-06-30": "5273.00000", "2018-03-31": "4470.00000", "2017-12-31": "5435.00000", "2017-09-30": "5141.00000", "2017-06-30": "3842.00000", "2017-03-31": "3632.00000", "2016-12-31": "4785.00000", "2016-09-30": "4462.00000", "2016-06-30": "1318.00000", "2016-03-31": "2568.00000", "2015-12-31": "4299.00000", "2015-09-30": "4192.00000", "2015-06-30": "2896.00000", "2015-03-31": "2615.00000", "2014-12-31": "4453.00000", "2014-09-30": "4540.00000", "2014-06-30": "3844.00000", "2014-03-31": "2510.00000", "2013-12-31": "3549.00000", "2013-09-30": "3504.00000", "2013-06-30": "2719.00000", "2013-03-31": "2519.00000", "2012-12-31": "3155.00000", "2012-09-30": "3841.00000", "2012-06-30": "3832.00000", "2012-03-31": "3810.00000", "2011-12-31": "4599.00000", "2011-09-30": "4785.00000", "2011-06-30": "3935.00000", "2011-03-31": "4158.00000", "2010-12-31": "4023.00000", "2010-09-30": "4136.00000", "2010-06-30": "3981.00000", "2010-03-31": "3448.00000", "2009-12-31": "2497.00000", "2009-09-30": "2579.00000", "2009-06-30": "-12.00000", "2009-03-31": "647.00000", "2008-12-31": "1539.00000", "2008-09-30": "3098.00000", "2008-06-30": "2255.00000", "2008-03-31": "2062.00000", "2007-12-31": "3047.00000", "2007-09-30": "2144.00000", "2007-06-30": "1350.00000", "2007-03-31": "1675.00000", "2006-12-31": "1488.00000", "2006-09-30": "1374.00000", "2006-06-30": "1072.00000", "2006-03-31": "1718.00000", "2005-12-31": "3309.00000", "2005-09-30": "3100.00000", "2005-06-30": "2649.00000", "2005-03-31": "3032.00000"}, "Total Non-Operating Income/Expense": {"2020-12-31": "1604.00000", "2020-09-30": "-18.00000", "2020-06-30": "238.00000", "2020-03-31": "-424.00000", "2019-12-31": "1271.00000", "2019-09-30": "272.00000", "2019-06-30": "107.00000", "2019-03-31": "373.00000", "2018-12-31": "-589.00000", "2018-09-30": "-207.00000", "2018-06-30": "256.00000", "2018-03-31": "541.00000", "2017-12-31": "600.00000", "2017-09-30": "789.00000", "2017-06-30": "730.00000", "2017-03-31": "183.00000", "2016-12-31": "-345.00000", "2016-09-30": "-144.00000", "2016-06-30": "352.00000", "2016-03-31": "-60.00000", "2015-12-31": "4.00000", "2015-09-30": "61.00000", "2015-06-30": "87.00000", "2015-03-31": "58.00000", "2014-12-31": "206.00000", "2014-09-30": "10.00000", "2014-06-30": "78.00000", "2014-03-31": "160.00000", "2013-12-31": "2.00000", "2013-09-30": "420.00000", "2013-06-30": "-26.00000", "2013-03-31": "-76.00000", "2012-12-31": "49.00000", "2012-09-30": "80.00000", "2012-06-30": "102.00000", "2012-03-31": "4.00000", "2011-12-31": "-12.00000", "2011-09-30": "107.00000", "2011-06-30": "-4.00000", "2011-03-31": "213.00000", "2010-12-31": "140.00000", "2010-09-30": "115.00000", "2010-06-30": "204.00000", "2010-03-31": "-2.00000", "2009-12-31": "96.00000", "2009-09-30": "-47.00000", "2009-06-30": "-38.00000", "2009-03-31": "-18.00000", "2008-12-31": "-1170.00000", "2008-09-30": "-265.00000", "2008-06-30": "58.00000", "2008-03-31": "109.00000", "2007-12-31": "214.00000", "2007-09-30": "359.00000", "2007-06-30": "179.00000", "2007-03-31": "198.00000", "2006-12-31": "639.00000", "2006-09-30": "440.00000", "2006-06-30": "181.00000", "2006-03-31": "156.00000", "2005-12-31": "153.00000", "2005-09-30": "143.00000", "2005-06-30": "105.00000", "2005-03-31": "119.00000"}, "Pre-Tax Income": {"2020-12-31": "7488.00000", "2020-09-30": "5041.00000", "2020-06-30": "5935.00000", "2020-03-31": "6614.00000", "2019-12-31": "8068.00000", "2019-09-30": "6719.00000", "2019-06-30": "4724.00000", "2019-03-31": "4547.00000", "2018-12-31": "5635.00000", "2018-09-30": "7142.00000", "2018-06-30": "5529.00000", "2018-03-31": "5011.00000", "2017-12-31": "6035.00000", "2017-09-30": "5930.00000", "2017-06-30": "4572.00000", "2017-03-31": "3815.00000", "2016-12-31": "4440.00000", "2016-09-30": "4318.00000", "2016-06-30": "1670.00000", "2016-03-31": "2508.00000", "2015-12-31": "4303.00000", "2015-09-30": "4253.00000", "2015-06-30": "2983.00000", "2015-03-31": "2673.00000", "2014-12-31": "4659.00000", "2014-09-30": "4550.00000", "2014-06-30": "3922.00000", "2014-03-31": "2670.00000", "2013-12-31": "3551.00000", "2013-09-30": "3924.00000", "2013-06-30": "2693.00000", "2013-03-31": "2443.00000", "2012-12-31": "3204.00000", "2012-09-30": "3921.00000", "2012-06-30": "3934.00000", "2012-03-31": "3814.00000", "2011-12-31": "4587.00000", "2011-09-30": "4892.00000", "2011-06-30": "3931.00000", "2011-03-31": "4371.00000", "2010-12-31": "4163.00000", "2010-09-30": "4251.00000", "2010-06-30": "4185.00000", "2010-03-31": "3446.00000", "2009-12-31": "2593.00000", "2009-09-30": "2532.00000", "2009-06-30": "-50.00000", "2009-03-31": "629.00000", "2008-12-31": "369.00000", "2008-09-30": "2833.00000", "2008-06-30": "2313.00000", "2008-03-31": "2171.00000", "2007-12-31": "3261.00000", "2007-09-30": "2503.00000", "2007-06-30": "1529.00000", "2007-03-31": "1873.00000", "2006-12-31": "2127.00000", "2006-09-30": "1814.00000", "2006-06-30": "1253.00000", "2006-03-31": "1874.00000", "2005-12-31": "3462.00000", "2005-09-30": "3243.00000", "2005-06-30": "2754.00000", "2005-03-31": "3151.00000"}, "Income Taxes": {"2020-12-31": "1631.00000", "2020-09-30": "765.00000", "2020-06-30": "830.00000", "2020-03-31": "953.00000", "2019-12-31": "1163.00000", "2019-09-30": "729.00000", "2019-06-30": "545.00000", "2019-03-31": "573.00000", "2018-12-31": "440.00000", "2018-09-30": "744.00000", "2018-06-30": "523.00000", "2018-03-31": "557.00000", "2017-12-31": "6722.00000", "2017-09-30": "1414.00000", "2017-06-30": "1764.00000", "2017-03-31": "851.00000", "2016-12-31": "878.00000", "2016-09-30": "940.00000", "2016-06-30": "340.00000", "2016-03-31": "462.00000", "2015-12-31": "690.00000", "2015-09-30": "1144.00000", "2015-06-30": "277.00000", "2015-03-31": "681.00000", "2014-12-31": "998.00000", "2014-09-30": "1233.00000", "2014-06-30": "1126.00000", "2014-03-31": "740.00000", "2013-12-31": "926.00000", "2013-09-30": "974.00000", "2013-06-30": "693.00000", "2013-03-31": "398.00000", "2012-12-31": "736.00000", "2012-09-30": "949.00000", "2012-06-30": "1107.00000", "2012-03-31": "1076.00000", "2011-12-31": "1227.00000", "2011-09-30": "1424.00000", "2011-06-30": "977.00000", "2011-03-31": "1211.00000", "2010-12-31": "983.00000", "2010-09-30": "1296.00000", "2010-06-30": "1298.00000", "2010-03-31": "1004.00000", "2009-12-31": "311.00000", "2009-09-30": "676.00000", "2009-06-30": "348.00000", "2009-03-31": "", "2008-12-31": "135.00000", "2008-09-30": "819.00000", "2008-06-30": "712.00000", "2008-03-31": "728.00000", "2007-12-31": "990.00000", "2007-09-30": "712.00000", "2007-06-30": "251.00000", "2007-03-31": "237.00000", "2006-12-31": "626.00000", "2006-09-30": "513.00000", "2006-06-30": "368.00000", "2006-03-31": "517.00000", "2005-12-31": "1009.00000", "2005-09-30": "1248.00000", "2005-06-30": "716.00000", "2005-03-31": "973.00000"}, "Income After Taxes": {"2020-12-31": "5857.00000", "2020-09-30": "4276.00000", "2020-06-30": "5105.00000", "2020-03-31": "5661.00000", "2019-12-31": "6905.00000", "2019-09-30": "5990.00000", "2019-06-30": "4179.00000", "2019-03-31": "3974.00000", "2018-12-31": "5195.00000", "2018-09-30": "6398.00000", "2018-06-30": "5006.00000", "2018-03-31": "4454.00000", "2017-12-31": "-687.00000", "2017-09-30": "4516.00000", "2017-06-30": "2808.00000", "2017-03-31": "2964.00000", "2016-12-31": "3562.00000", "2016-09-30": "3378.00000", "2016-06-30": "1330.00000", "2016-03-31": "2046.00000", "2015-12-31": "3613.00000", "2015-09-30": "3109.00000", "2015-06-30": "2706.00000", "2015-03-31": "1992.00000", "2014-12-31": "3661.00000", "2014-09-30": "3317.00000", "2014-06-30": "2796.00000", "2014-03-31": "1930.00000", "2013-12-31": "2625.00000", "2013-09-30": "2950.00000", "2013-06-30": "2000.00000", "2013-03-31": "2045.00000", "2012-12-31": "2468.00000", "2012-09-30": "2972.00000", "2012-06-30": "2827.00000", "2012-03-31": "2738.00000", "2011-12-31": "3360.00000", "2011-09-30": "3468.00000", "2011-06-30": "2954.00000", "2011-03-31": "3160.00000", "2010-12-31": "3180.00000", "2010-09-30": "2955.00000", "2010-06-30": "2887.00000", "2010-03-31": "2442.00000", "2009-12-31": "2282.00000", "2009-09-30": "1856.00000", "2009-06-30": "-398.00000", "2009-03-31": "629.00000", "2008-12-31": "234.00000", "2008-09-30": "2014.00000", "2008-06-30": "1601.00000", "2008-03-31": "1443.00000", "2007-12-31": "2271.00000", "2007-09-30": "1791.00000", "2007-06-30": "1278.00000", "2007-03-31": "1636.00000", "2006-12-31": "1501.00000", "2006-09-30": "1301.00000", "2006-06-30": "885.00000", "2006-03-31": "1357.00000", "2005-12-31": "2453.00000", "2005-09-30": "1995.00000", "2005-06-30": "2038.00000", "2005-03-31": "2178.00000"}, "Other Income": {"2020-12-31": "", "2020-09-30": "", "2020-06-30": "", "2020-03-31": "", "2019-12-31": "", "2019-09-30": "", "2019-06-30": "", "2019-03-31": "", "2018-12-31": "", "2018-09-30": "", "2018-06-30": "", "2018-03-31": "", "2017-12-31": "", "2017-09-30": "", "2017-06-30": "", "2017-03-31": "", "2016-12-31": "", "2016-09-30": "", "2016-06-30": "", "2016-03-31": "", "2015-12-31": "", "2015-09-30": "", "2015-06-30": "", "2015-03-31": "", "2014-12-31": "", "2014-09-30": "", "2014-06-30": "", "2014-03-31": "", "2013-12-31": "", "2013-09-30": "", "2013-06-30": "", "2013-03-31": "", "2012-12-31": "", "2012-09-30": "", "2012-06-30": "", "2012-03-31": "", "2011-12-31": "", "2011-09-30": "", "2011-06-30": "", "2011-03-31": "", "2010-12-31": "", "2010-09-30": "", "2010-06-30": "", "2010-03-31": "", "2009-12-31": "", "2009-09-30": "", "2009-06-30": "", "2009-03-31": "", "2008-12-31": "", "2008-09-30": "", "2008-06-30": "", "2008-03-31": "", "2007-12-31": "", "2007-09-30": "", "2007-06-30": "", "2007-03-31": "", "2006-12-31": "", "2006-09-30": "", "2006-06-30": "", "2006-03-31": "", "2005-12-31": "", "2005-09-30": "", "2005-06-30": "", "2005-03-31": ""}, "Income From Continuous Operations": {"2020-12-31": "5857.00000", "2020-09-30": "4276.00000", "2020-06-30": "5105.00000", "2020-03-31": "5661.00000", "2019-12-31": "6905.00000", "2019-09-30": "5990.00000", "2019-06-30": "4179.00000", "2019-03-31": "3974.00000", "2018-12-31": "5195.00000", "2018-09-30": "6398.00000", "2018-06-30": "5006.00000", "2018-03-31": "4454.00000", "2017-12-31": "-687.00000", "2017-09-30": "4516.00000", "2017-06-30": "2808.00000", "2017-03-31": "2964.00000", "2016-12-31": "3562.00000", "2016-09-30": "3378.00000", "2016-06-30": "1330.00000", "2016-03-31": "2046.00000", "2015-12-31": "3613.00000", "2015-09-30": "3109.00000", "2015-06-30": "2706.00000", "2015-03-31": "1992.00000", "2014-12-31": "3661.00000", "2014-09-30": "3317.00000", "2014-06-30": "2796.00000", "2014-03-31": "1930.00000", "2013-12-31": "2625.00000", "2013-09-30": "2950.00000", "2013-06-30": "2000.00000", "2013-03-31": "2045.00000", "2012-12-31": "2468.00000", "2012-09-30": "2972.00000", "2012-06-30": "2827.00000", "2012-03-31": "2738.00000", "2011-12-31": "3360.00000", "2011-09-30": "3468.00000", "2011-06-30": "2954.00000", "2011-03-31": "3160.00000", "2010-12-31": "3180.00000", "2010-09-30": "2955.00000", "2010-06-30": "2887.00000", "2010-03-31": "2442.00000", "2009-12-31": "2282.00000", "2009-09-30": "1856.00000", "2009-06-30": "-398.00000", "2009-03-31": "629.00000", "2008-12-31": "234.00000", "2008-09-30": "2014.00000", "2008-06-30": "1601.00000", "2008-03-31": "1443.00000", "2007-12-31": "2271.00000", "2007-09-30": "1791.00000", "2007-06-30": "1278.00000", "2007-03-31": "1636.00000", "2006-12-31": "1501.00000", "2006-09-30": "1301.00000", "2006-06-30": "885.00000", "2006-03-31": "1357.00000", "2005-12-31": "2453.00000", "2005-09-30": "1995.00000", "2005-06-30": "2038.00000", "2005-03-31": "2178.00000"}, "Income From Discontinued Operations": {"2020-12-31": "", "2020-09-30": "", "2020-06-30": "", "2020-03-31": "", "2019-12-31": "", "2019-09-30": "", "2019-06-30": "", "2019-03-31": "", "2018-12-31": "", "2018-09-30": "", "2018-06-30": "", "2018-03-31": "", "2017-12-31": "", "2017-09-30": "", "2017-06-30": "", "2017-03-31": "", "2016-12-31": "", "2016-09-30": "", "2016-06-30": "", "2016-03-31": "", "2015-12-31": "", "2015-09-30": "", "2015-06-30": "", "2015-03-31": "", "2014-12-31": "", "2014-09-30": "", "2014-06-30": "", "2014-03-31": "", "2013-12-31": "", "2013-09-30": "", "2013-06-30": "", "2013-03-31": "", "2012-12-31": "", "2012-09-30": "", "2012-06-30": "", "2012-03-31": "", "2011-12-31": "", "2011-09-30": "", "2011-06-30": "", "2011-03-31": "", "2010-12-31": "", "2010-09-30": "", "2010-06-30": "", "2010-03-31": "", "2009-12-31": "", "2009-09-30": "", "2009-06-30": "", "2009-03-31": "", "2008-12-31": "", "2008-09-30": "", "2008-06-30": "", "2008-03-31": "", "2007-12-31": "", "2007-09-30": "", "2007-06-30": "", "2007-03-31": "", "2006-12-31": "", "2006-09-30": "", "2006-06-30": "", "2006-03-31": "", "2005-12-31": "", "2005-09-30": "", "2005-06-30": "", "2005-03-31": ""}, "Net Income": {"2020-12-31": "5857.00000", "2020-09-30": "4276.00000", "2020-06-30": "5105.00000", "2020-03-31": "5661.00000", "2019-12-31": "6905.00000", "2019-09-30": "5990.00000", "2019-06-30": "4179.00000", "2019-03-31": "3974.00000", "2018-12-31": "5195.00000", "2018-09-30": "6398.00000", "2018-06-30": "5006.00000", "2018-03-31": "4454.00000", "2017-12-31": "-687.00000", "2017-09-30": "4516.00000", "2017-06-30": "2808.00000", "2017-03-31": "2964.00000", "2016-12-31": "3562.00000", "2016-09-30": "3378.00000", "2016-06-30": "1330.00000", "2016-03-31": "2046.00000", "2015-12-31": "3613.00000", "2015-09-30": "3109.00000", "2015-06-30": "2706.00000", "2015-03-31": "1992.00000", "2014-12-31": "3661.00000", "2014-09-30": "3317.00000", "2014-06-30": "2796.00000", "2014-03-31": "1930.00000", "2013-12-31": "2625.00000", "2013-09-30": "2950.00000", "2013-06-30": "2000.00000", "2013-03-31": "2045.00000", "2012-12-31": "2468.00000", "2012-09-30": "2972.00000", "2012-06-30": "2827.00000", "2012-03-31": "2738.00000", "2011-12-31": "3360.00000", "2011-09-30": "3468.00000", "2011-06-30": "2954.00000", "2011-03-31": "3160.00000", "2010-12-31": "3180.00000", "2010-09-30": "2955.00000", "2010-06-30": "2887.00000", "2010-03-31": "2442.00000", "2009-12-31": "2282.00000", "2009-09-30": "1856.00000", "2009-06-30": "-398.00000", "2009-03-31": "629.00000", "2008-12-31": "234.00000", "2008-09-30": "2014.00000", "2008-06-30": "1601.00000", "2008-03-31": "1443.00000", "2007-12-31": "2271.00000", "2007-09-30": "1791.00000", "2007-06-30": "1278.00000", "2007-03-31": "1636.00000", "2006-12-31": "1501.00000", "2006-09-30": "1301.00000", "2006-06-30": "885.00000", "2006-03-31": "1357.00000", "2005-12-31": "2453.00000", "2005-09-30": "1995.00000", "2005-06-30": "2038.00000", "2005-03-31": "2178.00000"}, "EBITDA": {"2020-12-31": "8887.00000", "2020-09-30": "8182.00000", "2020-06-30": "8760.00000", "2020-03-31": "10088.00000", "2019-12-31": "9765.00000", "2019-09-30": "9126.00000", "2019-06-30": "7171.00000", "2019-03-31": "6799.00000", "2018-12-31": "8717.00000", "2018-09-30": "9623.00000", "2018-06-30": "7395.00000", "2018-03-31": "6666.00000", "2017-12-31": "7575.00000", "2017-09-30": "7196.00000", "2017-06-30": "5830.00000", "2017-03-31": "5578.00000", "2016-12-31": "6715.00000", "2016-09-30": "6390.00000", "2016-06-30": "3235.00000", "2016-03-31": "4583.00000", "2015-12-31": "6445.00000", "2015-09-30": "6467.00000", "2015-06-30": "5087.00000", "2015-03-31": "4714.00000", "2014-12-31": "6627.00000", "2014-09-30": "6738.00000", "2014-06-30": "6014.00000", "2014-03-31": "4517.00000", "2013-12-31": "5505.00000", "2013-09-30": "5525.00000", "2013-06-30": "4710.00000", "2013-03-31": "4583.00000", "2012-12-31": "5160.00000", "2012-09-30": "5734.00000", "2012-06-30": "5671.00000", "2012-03-31": "5595.00000", "2011-12-31": "6188.00000", "2011-09-30": "6314.00000", "2011-06-30": "5439.00000", "2011-03-31": "5600.00000", "2010-12-31": "5229.00000", "2010-09-30": "5278.00000", "2010-06-30": "5130.00000", "2010-03-31": "4589.00000", "2009-12-31": "3758.00000", "2009-09-30": "3814.00000", "2009-06-30": "1274.00000", "2009-03-31": "1917.00000", "2008-12-31": "2758.00000", "2008-09-30": "4225.00000", "2008-06-30": "3360.00000", "2008-03-31": "3227.00000", "2007-12-31": "4218.00000", "2007-09-30": "3307.00000", "2007-06-30": "2563.00000", "2007-03-31": "2926.00000", "2006-12-31": "2715.00000", "2006-09-30": "2630.00000", "2006-06-30": "2287.00000", "2006-03-31": "2932.00000", "2005-12-31": "4417.00000", "2005-09-30": "4214.00000", "2005-06-30": "3766.00000", "2005-03-31": "4288.00000"}, "EBIT": {"2020-12-31": "5884.00000", "2020-09-30": "5059.00000", "2020-06-30": "5697.00000", "2020-03-31": "7038.00000", "2019-12-31": "6797.00000", "2019-09-30": "6447.00000", "2019-06-30": "4617.00000", "2019-03-31": "4174.00000", "2018-12-31": "6224.00000", "2018-09-30": "7349.00000", "2018-06-30": "5273.00000", "2018-03-31": "4470.00000", "2017-12-31": "5435.00000", "2017-09-30": "5141.00000", "2017-06-30": "3842.00000", "2017-03-31": "3632.00000", "2016-12-31": "4785.00000", "2016-09-30": "4462.00000", "2016-06-30": "1318.00000", "2016-03-31": "2568.00000", "2015-12-31": "4299.00000", "2015-09-30": "4192.00000", "2015-06-30": "2896.00000", "2015-03-31": "2615.00000", "2014-12-31": "4453.00000", "2014-09-30": "4540.00000", "2014-06-30": "3844.00000", "2014-03-31": "2510.00000", "2013-12-31": "3549.00000", "2013-09-30": "3504.00000", "2013-06-30": "2719.00000", "2013-03-31": "2519.00000", "2012-12-31": "3155.00000", "2012-09-30": "3841.00000", "2012-06-30": "3832.00000", "2012-03-31": "3810.00000", "2011-12-31": "4599.00000", "2011-09-30": "4785.00000", "2011-06-30": "3935.00000", "2011-03-31": "4158.00000", "2010-12-31": "4023.00000", "2010-09-30": "4136.00000", "2010-06-30": "3981.00000", "2010-03-31": "3448.00000", "2009-12-31": "2497.00000", "2009-09-30": "2579.00000", "2009-06-30": "-12.00000", "2009-03-31": "647.00000", "2008-12-31": "1539.00000", "2008-09-30": "3098.00000", "2008-06-30": "2255.00000", "2008-03-31": "2062.00000", "2007-12-31": "3047.00000", "2007-09-30": "2144.00000", "2007-06-30": "1350.00000", "2007-03-31": "1675.00000", "2006-12-31": "1488.00000", "2006-09-30": "1374.00000", "2006-06-30": "1072.00000", "2006-03-31": "1718.00000", "2005-12-31": "3309.00000", "2005-09-30": "3100.00000", "2005-06-30": "2649.00000", "2005-03-31": "3032.00000"}, "Basic Shares Outstanding": {"2020-12-31": "4199.00000", "2020-09-30": "4188.00000", "2020-06-30": "4246.00000", "2020-03-31": "4266.00000", "2019-12-31": "4417.00000", "2019-09-30": "4391.00000", "2019-06-30": "4466.00000", "2019-03-31": "4492.00000", "2018-12-31": "4611.00000", "2018-09-30": "4574.00000", "2018-06-30": "4649.00000", "2018-03-31": "4674.00000", "2017-12-31": "4701.00000", "2017-09-30": "4688.00000", "2017-06-30": "4710.00000", "2017-03-31": "4723.00000", "2016-12-31": "4730.00000", "2016-09-30": "4734.00000", "2016-06-30": "4729.00000", "2016-03-31": "4722.00000", "2015-12-31": "4742.00000", "2015-09-30": "4747.00000", "2015-06-30": "4759.00000", "2015-03-31": "4741.00000", "2014-12-31": "4901.00000", "2014-09-30": "4880.00000", "2014-06-30": "4981.00000", "2014-03-31": "4974.00000", "2013-12-31": "4970.00000", "2013-09-30": "4981.00000", "2013-06-30": "4978.00000", "2013-03-31": "4948.00000", "2012-12-31": "4996.00000", "2012-09-30": "4996.00000", "2012-06-30": "5022.00000", "2012-03-31": "4999.00000", "2011-12-31": "5256.00000", "2011-09-30": "5194.00000", "2011-06-30": "5294.00000", "2011-03-31": "5452.00000", "2010-12-31": "5555.00000", "2010-09-30": "5575.00000", "2010-06-30": "5563.00000", "2010-03-31": "5529.00000", "2009-12-31": "5557.00000", "2009-09-30": "5537.00000", "2009-06-30": "5595.00000", "2009-03-31": "5573.00000", "2008-12-31": "5663.00000", "2008-09-30": "5603.00000", "2008-06-30": "5699.00000", "2008-03-31": "5787.00000", "2007-12-31": "5816.00000", "2007-09-30": "5837.00000", "2007-06-30": "5809.00000", "2007-03-31": "5777.00000", "2006-12-31": "5797.00000", "2006-09-30": "5769.00000", "2006-06-30": "5801.00000", "2006-03-31": "5854.00000", "2005-12-31": "6106.00000", "2005-09-30": "6062.00000", "2005-06-30": "6144.00000", "2005-03-31": "6211.00000"}, "Shares Outstanding": {"2020-12-31": "4232.00000", "2020-09-30": "4211.00000", "2020-06-30": "4284.00000", "2020-03-31": "4312.00000", "2019-12-31": "4473.00000", "2019-09-30": "4433.00000", "2019-06-30": "4523.00000", "2019-03-31": "4564.00000", "2018-12-31": "4701.00000", "2018-09-30": "4648.00000", "2018-06-30": "4747.00000", "2018-03-31": "4790.00000", "2017-12-31": "4835.00000", "2017-09-30": "4821.00000", "2017-06-30": "4845.00000", "2017-03-31": "4881.00000", "2016-12-31": "4875.00000", "2016-09-30": "4877.00000", "2016-06-30": "4866.00000", "2016-03-31": "4875.00000", "2015-12-31": "4894.00000", "2015-09-30": "4876.00000", "2015-06-30": "4909.00000", "2015-03-31": "4914.00000", "2014-12-31": "5056.00000", "2014-09-30": "5045.00000", "2014-06-30": "5123.00000", "2014-03-31": "5117.00000", "2013-12-31": "5097.00000", "2013-09-30": "5100.00000", "2013-06-30": "5106.00000", "2013-03-31": "5080.00000", "2012-12-31": "5160.00000", "2012-09-30": "5153.00000", "2012-06-30": "5199.00000", "2012-03-31": "5192.00000", "2011-12-31": "5411.00000", "2011-09-30": "5340.00000", "2011-06-30": "5441.00000", "2011-03-31": "5606.00000", "2010-12-31": "5696.00000", "2010-09-30": "5694.00000", "2010-06-30": "5711.00000", "2010-03-31": "5681.00000", "2009-12-31": "5645.00000", "2009-09-30": "5616.00000", "2009-06-30": "5595.00000", "2009-03-31": "5634.00000", "2008-12-31": "5748.00000", "2008-09-30": "5692.00000", "2008-06-30": "5800.00000", "2008-03-31": "5879.00000", "2007-12-31": "5936.00000", "2007-09-30": "5967.00000", "2007-06-30": "5917.00000", "2007-03-31": "5874.00000", "2006-12-31": "5880.00000", "2006-09-30": "5832.00000", "2006-06-30": "5868.00000", "2006-03-31": "5954.00000", "2005-12-31": "6178.00000", "2005-09-30": "6144.00000", "2005-06-30": "6215.00000", "2005-03-31": "6273.00000"}, "Basic EPS": {"2020-12-31": "1.43000", "2020-09-30": "1.02000", "2020-06-30": "1.20000", "2020-03-31": "1.33000", "2019-12-31": "1.59000", "2019-09-30": "1.36000", "2019-06-30": "0.94000", "2019-03-31": "0.88000", "2018-12-31": "1.14000", "2018-09-30": "1.40000", "2018-06-30": "1.08000", "2018-03-31": "0.95000", "2017-12-31": "-0.15000", "2017-09-30": "0.96000", "2017-06-30": "0.60000", "2017-03-31": "0.63000", "2016-12-31": "0.76000", "2016-09-30": "0.71000", "2016-06-30": "0.28000", "2016-03-31": "0.43000", "2015-12-31": "0.77000", "2015-09-30": "0.65000", "2015-06-30": "0.57000", "2015-03-31": "0.42000", "2014-12-31": "0.76000", "2014-09-30": "0.68000", "2014-06-30": "0.56000", "2014-03-31": "0.39000", "2013-12-31": "0.54000", "2013-09-30": "0.59000", "2013-06-30": "0.40000", "2013-03-31": "0.41000", "2012-12-31": "0.50000", "2012-09-30": "0.59000", "2012-06-30": "0.56000", "2012-03-31": "0.55000", "2011-12-31": "0.65000", "2011-09-30": "0.67000", "2011-06-30": "0.56000", "2011-03-31": "0.58000", "2010-12-31": "0.57000", "2010-09-30": "0.53000", "2010-06-30": "0.52000", "2010-03-31": "0.44000", "2009-12-31": "0.41000", "2009-09-30": "0.34000", "2009-06-30": "-0.07000", "2009-03-31": "0.11000", "2008-12-31": "0.04000", "2008-09-30": "0.36000", "2008-06-30": "0.28000", "2008-03-31": "0.25000", "2007-12-31": "0.39000", "2007-09-30": "0.31000", "2007-06-30": "0.22000", "2007-03-31": "0.28000", "2006-12-31": "0.26000", "2006-09-30": "0.23000", "2006-06-30": "0.15000", "2006-03-31": "0.23000", "2005-12-31": "0.41000", "2005-09-30": "0.33000", "2005-06-30": "0.33000", "2005-03-31": "0.35000"}, "EPS - Earnings Per Share": {"2020-12-31": "1.42000", "2020-09-30": "1.02000", "2020-06-30": "1.19000", "2020-03-31": "1.31000", "2019-12-31": "1.57000", "2019-09-30": "1.35000", "2019-06-30": "0.92000", "2019-03-31": "0.87000", "2018-12-31": "1.12000", "2018-09-30": "1.38000", "2018-06-30": "1.05000", "2018-03-31": "0.93000", "2017-12-31": "-0.14000", "2017-09-30": "0.94000", "2017-06-30": "0.58000", "2017-03-31": "0.61000", "2016-12-31": "0.74000", "2016-09-30": "0.69000", "2016-06-30": "0.27000", "2016-03-31": "0.42000", "2015-12-31": "0.73000", "2015-09-30": "0.64000", "2015-06-30": "0.55000", "2015-03-31": "0.41000", "2014-12-31": "0.72000", "2014-09-30": "0.66000", "2014-06-30": "0.55000", "2014-03-31": "0.38000", "2013-12-31": "0.52000", "2013-09-30": "0.58000", "2013-06-30": "0.39000", "2013-03-31": "0.40000", "2012-12-31": "0.48000", "2012-09-30": "0.58000", "2012-06-30": "0.54000", "2012-03-31": "0.53000", "2011-12-31": "0.64000", "2011-09-30": "0.65000", "2011-06-30": "0.54000", "2011-03-31": "0.56000", "2010-12-31": "0.55000", "2010-09-30": "0.52000", "2010-06-30": "0.51000", "2010-03-31": "0.43000", "2009-12-31": "0.40000", "2009-09-30": "0.33000", "2009-06-30": "-0.07000", "2009-03-31": "0.11000", "2008-12-31": "0.04000", "2008-09-30": "0.35000", "2008-06-30": "0.28000", "2008-03-31": "0.25000", "2007-12-31": "0.38000", "2007-09-30": "0.30000", "2007-06-30": "0.22000", "2007-03-31": "0.28000", "2006-12-31": "0.26000", "2006-09-30": "0.22000", "2006-06-30": "0.15000", "2006-03-31": "0.23000", "2005-12-31": "0.40000", "2005-09-30": "0.32000", "2005-06-30": "0.33000", "2005-03-31": "0.35000"}}, "balance sheet": {"Cash On Hand": {"2020-12-31": "23895.00000", "2019-12-31": "13123.00000", "2018-12-31": "11650.00000", "2017-12-31": "14002.00000", "2016-12-31": "17099.00000", "2015-12-31": "25313.00000", "2014-12-31": "14054.00000", "2013-12-31": "20087.00000", "2012-12-31": "18162.00000", "2011-12-31": "14837.00000", "2010-12-31": "21885.00000", "2009-12-31": "13920.00000", "2008-12-31": "11843.00000", "2007-12-31": "15363.00000", "2006-12-31": "10002.00000", "2005-12-31": "12772.00000"}, "Receivables": {"2020-12-31": "6782.00000", "2019-12-31": "7659.00000", "2018-12-31": "6722.00000", "2017-12-31": "5607.00000", "2016-12-31": "4690.00000", "2015-12-31": "4787.00000", "2014-12-31": "4427.00000", "2013-12-31": "3582.00000", "2012-12-31": "3833.00000", "2011-12-31": "3650.00000", "2010-12-31": "2867.00000", "2009-12-31": "2273.00000", "2008-12-31": "1712.00000", "2007-12-31": "2576.00000", "2006-12-31": "2709.00000", "2005-12-31": "3914.00000"}, "Inventory": {"2020-12-31": "8427.00000", "2019-12-31": "8744.00000", "2018-12-31": "7253.00000", "2017-12-31": "6983.00000", "2016-12-31": "5553.00000", "2015-12-31": "5167.00000", "2014-12-31": "4273.00000", "2013-12-31": "4172.00000", "2012-12-31": "4734.00000", "2011-12-31": "4096.00000", "2010-12-31": "3757.00000", "2009-12-31": "2935.00000", "2008-12-31": "3744.00000", "2007-12-31": "3370.00000", "2006-12-31": "4314.00000", "2005-12-31": "3126.00000"}, "Pre-Paid Expenses": {"2020-12-31": "", "2019-12-31": "", "2018-12-31": "", "2017-12-31": "", "2016-12-31": "", "2015-12-31": "", "2014-12-31": "", "2013-12-31": "", "2012-12-31": "", "2011-12-31": "", "2010-12-31": "", "2009-12-31": "", "2008-12-31": "", "2007-12-31": "", "2006-12-31": "", "2005-12-31": ""}, "Other Current Assets": {"2020-12-31": "8145.00000", "2019-12-31": "1713.00000", "2018-12-31": "3162.00000", "2017-12-31": "2908.00000", "2016-12-31": "8166.00000", "2015-12-31": "3053.00000", "2014-12-31": "3018.00000", "2013-12-31": "1649.00000", "2012-12-31": "2512.00000", "2011-12-31": "1589.00000", "2010-12-31": "1614.00000", "2009-12-31": "813.00000", "2008-12-31": "1182.00000", "2007-12-31": "1390.00000", "2006-12-31": "258.00000", "2005-12-31": "233.00000"}, "Total Current Assets": {"2020-12-31": "47249.00000", "2019-12-31": "31239.00000", "2018-12-31": "28787.00000", "2017-12-31": "29500.00000", "2016-12-31": "35508.00000", "2015-12-31": "38320.00000", "2014-12-31": "27730.00000", "2013-12-31": "32084.00000", "2012-12-31": "31358.00000", "2011-12-31": "25872.00000", "2010-12-31": "31611.00000", "2009-12-31": "21157.00000", "2008-12-31": "19871.00000", "2007-12-31": "23885.00000", "2006-12-31": "18280.00000", "2005-12-31": "21194.00000"}, "Property, Plant, And Equipment": {"2020-12-31": "56584.00000", "2019-12-31": "55386.00000", "2018-12-31": "48976.00000", "2017-12-31": "41109.00000", "2016-12-31": "36171.00000", "2015-12-31": "31858.00000", "2014-12-31": "33238.00000", "2013-12-31": "31428.00000", "2012-12-31": "27983.00000", "2011-12-31": "23627.00000", "2010-12-31": "17899.00000", "2009-12-31": "17225.00000", "2008-12-31": "17574.00000", "2007-12-31": "16918.00000", "2006-12-31": "17602.00000", "2005-12-31": "17111.00000"}, "Long-Term Investments": {"2020-12-31": "7344.00000", "2019-12-31": "7243.00000", "2018-12-31": "9430.00000", "2017-12-31": "12291.00000", "2016-12-31": "10896.00000", "2015-12-31": "7851.00000", "2014-12-31": "9120.00000", "2013-12-31": "7694.00000", "2012-12-31": "4917.00000", "2011-12-31": "1451.00000", "2010-12-31": "4034.00000", "2009-12-31": "4952.00000", "2008-12-31": "3276.00000", "2007-12-31": "5385.00000", "2006-12-31": "4421.00000", "2005-12-31": "4672.00000"}, "Goodwill And Intangible Assets": {"2020-12-31": "35997.00000", "2019-12-31": "37103.00000", "2018-12-31": "36349.00000", "2017-12-31": "37134.00000", "2016-12-31": "23593.00000", "2015-12-31": "15265.00000", "2014-12-31": "15307.00000", "2013-12-31": "15663.00000", "2012-12-31": "15945.00000", "2011-12-31": "15521.00000", "2010-12-31": "5391.00000", "2009-12-31": "4421.00000", "2008-12-31": "3932.00000", "2007-12-31": "3916.00000", "2006-12-31": "3861.00000", "2005-12-31": "3873.00000"}, "Other Long-Term Assets": {"2020-12-31": "5917.00000", "2019-12-31": "5553.00000", "2018-12-31": "4421.00000", "2017-12-31": "3215.00000", "2016-12-31": "7159.00000", "2015-12-31": "8165.00000", "2014-12-31": "6505.00000", "2013-12-31": "5489.00000", "2012-12-31": "4148.00000", "2011-12-31": "4648.00000", "2010-12-31": "4251.00000", "2009-12-31": "5340.00000", "2008-12-31": "5819.00000", "2007-12-31": "5547.00000", "2006-12-31": "4204.00000", "2005-12-31": "1464.00000"}, "Total Long-Term Assets": {"2020-12-31": "105842.00000", "2019-12-31": "105285.00000", "2018-12-31": "99176.00000", "2017-12-31": "93749.00000", "2016-12-31": "77819.00000", "2015-12-31": "63139.00000", "2014-12-31": "64170.00000", "2013-12-31": "60274.00000", "2012-12-31": "52993.00000", "2011-12-31": "45247.00000", "2010-12-31": "31575.00000", "2009-12-31": "31938.00000", "2008-12-31": "30601.00000", "2007-12-31": "31766.00000", "2006-12-31": "30088.00000", "2005-12-31": "27120.00000"}, "Total Assets": {"2020-12-31": "153091.00000", "2019-12-31": "136524.00000", "2018-12-31": "127963.00000", "2017-12-31": "123249.00000", "2016-12-31": "113327.00000", "2015-12-31": "101459.00000", "2014-12-31": "91900.00000", "2013-12-31": "92358.00000", "2012-12-31": "84351.00000", "2011-12-31": "71119.00000", "2010-12-31": "63186.00000", "2009-12-31": "53095.00000", "2008-12-31": "50472.00000", "2007-12-31": "55651.00000", "2006-12-31": "48368.00000", "2005-12-31": "48314.00000"}, "Total Current Liabilities": {"2020-12-31": "24754.00000", "2019-12-31": "22310.00000", "2018-12-31": "16626.00000", "2017-12-31": "17421.00000", "2016-12-31": "20302.00000", "2015-12-31": "15646.00000", "2014-12-31": "16011.00000", "2013-12-31": "13568.00000", "2012-12-31": "12898.00000", "2011-12-31": "12028.00000", "2010-12-31": "9327.00000", "2009-12-31": "7591.00000", "2008-12-31": "7818.00000", "2007-12-31": "8571.00000", "2006-12-31": "8514.00000", "2005-12-31": "9234.00000"}, "Long Term Debt": {"2020-12-31": "33897.00000", "2019-12-31": "25308.00000", "2018-12-31": "25098.00000", "2017-12-31": "25037.00000", "2016-12-31": "20649.00000", "2015-12-31": "20036.00000", "2014-12-31": "12059.00000", "2013-12-31": "13165.00000", "2012-12-31": "13136.00000", "2011-12-31": "7084.00000", "2010-12-31": "2077.00000", "2009-12-31": "2049.00000", "2008-12-31": "1185.00000", "2007-12-31": "1980.00000", "2006-12-31": "1848.00000", "2005-12-31": "2106.00000"}, "Other Non-Current Liabilities": {"2020-12-31": "4981.00000", "2019-12-31": "4439.00000", "2018-12-31": "5114.00000", "2017-12-31": "4657.00000", "2016-12-31": "4420.00000", "2015-12-31": "3738.00000", "2014-12-31": "4190.00000", "2013-12-31": "2972.00000", "2012-12-31": "3702.00000", "2011-12-31": "3479.00000", "2010-12-31": "1426.00000", "2009-12-31": "1003.00000", "2008-12-31": "1141.00000", "2007-12-31": "1142.00000", "2006-12-31": "989.00000", "2005-12-31": "89.00000"}, "Total Long Term Liabilities": {"2020-12-31": "47299.00000", "2019-12-31": "36710.00000", "2018-12-31": "36774.00000", "2017-12-31": "36809.00000", "2016-12-31": "26799.00000", "2015-12-31": "24728.00000", "2014-12-31": "20024.00000", "2013-12-31": "20534.00000", "2012-12-31": "20250.00000", "2011-12-31": "13180.00000", "2010-12-31": "4429.00000", "2009-12-31": "3800.00000", "2008-12-31": "3108.00000", "2007-12-31": "4318.00000", "2006-12-31": "3102.00000", "2005-12-31": "2898.00000"}, "Total Liabilities": {"2020-12-31": "72053.00000", "2019-12-31": "59020.00000", "2018-12-31": "53400.00000", "2017-12-31": "54230.00000", "2016-12-31": "47101.00000", "2015-12-31": "40374.00000", "2014-12-31": "36035.00000", "2013-12-31": "34102.00000", "2012-12-31": "33148.00000", "2011-12-31": "25208.00000", "2010-12-31": "13756.00000", "2009-12-31": "11391.00000", "2008-12-31": "10926.00000", "2007-12-31": "12889.00000", "2006-12-31": "11616.00000", "2005-12-31": "12132.00000"}, "Common Stock Net": {"2020-12-31": "25556.00000", "2019-12-31": "25261.00000", "2018-12-31": "25365.00000", "2017-12-31": "26074.00000", "2016-12-31": "25373.00000", "2015-12-31": "23411.00000", "2014-12-31": "21781.00000", "2013-12-31": "21536.00000", "2012-12-31": "19464.00000", "2011-12-31": "17036.00000", "2010-12-31": "16178.00000", "2009-12-31": "14993.00000", "2008-12-31": "13402.00000", "2007-12-31": "11653.00000", "2006-12-31": "7825.00000", "2005-12-31": "6245.00000"}, "Retained Earnings (Accumulated Deficit)": {"2020-12-31": "56233.00000", "2019-12-31": "53523.00000", "2018-12-31": "50172.00000", "2017-12-31": "42083.00000", "2016-12-31": "40747.00000", "2015-12-31": "37614.00000", "2014-12-31": "33418.00000", "2013-12-31": "35477.00000", "2012-12-31": "32138.00000", "2011-12-31": "29656.00000", "2010-12-31": "32919.00000", "2009-12-31": "26318.00000", "2008-12-31": "26537.00000", "2007-12-31": "30848.00000", "2006-12-31": "28984.00000", "2005-12-31": "29810.00000"}, "Comprehensive Income": {"2020-12-31": "-751.00000", "2019-12-31": "-1280.00000", "2018-12-31": "-974.00000", "2017-12-31": "862.00000", "2016-12-31": "106.00000", "2015-12-31": "60.00000", "2014-12-31": "666.00000", "2013-12-31": "1243.00000", "2012-12-31": "-399.00000", "2011-12-31": "-781.00000", "2010-12-31": "333.00000", "2009-12-31": "393.00000", "2008-12-31": "-393.00000", "2007-12-31": "261.00000", "2006-12-31": "-57.00000", "2005-12-31": "127.00000"}, "Other Share Holders Equity": {"2020-12-31": "", "2019-12-31": "", "2018-12-31": "", "2017-12-31": "", "2016-12-31": "", "2015-12-31": "", "2014-12-31": "", "2013-12-31": "", "2012-12-31": "", "2011-12-31": "", "2010-12-31": "", "2009-12-31": "", "2008-12-31": "", "2007-12-31": "", "2006-12-31": "", "2005-12-31": ""}, "Share Holder Equity": {"2020-12-31": "81038.00000", "2019-12-31": "77504.00000", "2018-12-31": "74563.00000", "2017-12-31": "69019.00000", "2016-12-31": "66226.00000", "2015-12-31": "61085.00000", "2014-12-31": "55865.00000", "2013-12-31": "58256.00000", "2012-12-31": "51203.00000", "2011-12-31": "45911.00000", "2010-12-31": "49430.00000", "2009-12-31": "41704.00000", "2008-12-31": "39546.00000", "2007-12-31": "42762.00000", "2006-12-31": "36752.00000", "2005-12-31": "36182.00000"}, "Total Liabilities And Share Holders Equity": {"2020-12-31": "153091.00000", "2019-12-31": "136524.00000", "2018-12-31": "127963.00000", "2017-12-31": "123249.00000", "2016-12-31": "113327.00000", "2015-12-31": "101459.00000", "2014-12-31": "91900.00000", "2013-12-31": "92358.00000", "2012-12-31": "84351.00000", "2011-12-31": "71119.00000", "2010-12-31": "63186.00000", "2009-12-31": "53095.00000", "2008-12-31": "50472.00000", "2007-12-31": "55651.00000", "2006-12-31": "48368.00000", "2005-12-31": "48314.00000"}}, "balance sheet, quarterly": {"Cash On Hand": {"2020-12-31": "23895.00000", "2020-09-30": "18253.00000", "2020-06-30": "25815.00000", "2020-03-31": "20803.00000", "2019-12-31": "13123.00000", "2019-09-30": "12025.00000", "2019-06-30": "11944.00000", "2019-03-31": "12033.00000", "2018-12-31": "11650.00000", "2018-09-30": "13186.00000", "2018-06-30": "12225.00000", "2018-03-31": "16197.00000", "2017-12-31": "14002.00000", "2017-09-30": "17504.00000", "2017-06-30": "25929.00000", "2017-03-31": "17295.00000", "2016-12-31": "17099.00000", "2016-09-30": "17769.00000", "2016-06-30": "17689.00000", "2016-03-31": "15091.00000", "2015-12-31": "25313.00000", "2015-09-30": "20843.00000", "2015-06-30": "13870.00000", "2015-03-31": "14118.00000", "2014-12-31": "14054.00000", "2014-09-30": "15594.00000", "2014-06-30": "17311.00000", "2014-03-31": "19046.00000", "2013-12-31": "20087.00000", "2013-09-30": "19146.00000", "2013-06-30": "17350.00000", "2013-03-31": "17073.00000", "2012-12-31": "18162.00000", "2012-09-30": "10465.00000", "2012-06-30": "13648.00000", "2012-03-31": "13753.00000", "2011-12-31": "14837.00000", "2011-09-30": "15198.00000", "2011-06-30": "11547.00000", "2011-03-31": "11978.00000", "2010-12-31": "21885.00000", "2010-09-30": "20750.00000", "2010-06-30": "18303.00000", "2010-03-31": "16342.00000", "2009-12-31": "13920.00000", "2009-09-30": "12930.00000", "2009-06-30": "11624.00000", "2009-03-31": "10599.00000", "2008-12-31": "11843.00000", "2008-09-30": "12204.00000", "2008-06-30": "11961.00000", "2008-03-31": "13692.00000", "2007-12-31": "15363.00000", "2007-09-30": "13021.00000", "2007-06-30": "10661.00000", "2007-03-31": "9024.00000", "2006-12-31": "10002.00000", "2006-09-30": "8219.00000", "2006-06-30": "7643.00000", "2006-03-31": "9119.00000", "2005-12-31": "12772.00000", "2005-09-30": "13933.00000", "2005-06-30": "14824.00000", "2005-03-31": "16116.00000"}, "Receivables": {"2020-12-31": "6782.00000", "2020-09-30": "7140.00000", "2020-06-30": "7441.00000", "2020-03-31": "8455.00000", "2019-12-31": "7659.00000", "2019-09-30": "6880.00000", "2019-06-30": "6233.00000", "2019-03-31": "6957.00000", "2018-12-31": "6722.00000", "2018-09-30": "5457.00000", "2018-06-30": "4636.00000", "2018-03-31": "4879.00000", "2017-12-31": "5607.00000", "2017-09-30": "5954.00000", "2017-06-30": "5397.00000", "2017-03-31": "4921.00000", "2016-12-31": "4690.00000", "2016-09-30": "4952.00000", "2016-06-30": "4426.00000", "2016-03-31": "4216.00000", "2015-12-31": "4787.00000", "2015-09-30": "4101.00000", "2015-06-30": "3860.00000", "2015-03-31": "3246.00000", "2014-12-31": "4427.00000", "2014-09-30": "3647.00000", "2014-06-30": "3489.00000", "2014-03-31": "3505.00000", "2013-12-31": "3582.00000", "2013-09-30": "3719.00000", "2013-06-30": "3474.00000", "2013-03-31": "3536.00000", "2012-12-31": "3833.00000", "2012-09-30": "3938.00000", "2012-06-30": "3544.00000", "2012-03-31": "4037.00000", "2011-12-31": "3650.00000", "2011-09-30": "3821.00000", "2011-06-30": "3359.00000", "2011-03-31": "3542.00000", "2010-12-31": "2867.00000", "2010-09-30": "2911.00000", "2010-06-30": "2430.00000", "2010-03-31": "2192.00000", "2009-12-31": "2273.00000", "2009-09-30": "2025.00000", "2009-06-30": "1938.00000", "2009-03-31": "2086.00000", "2008-12-31": "1712.00000", "2008-09-30": "2737.00000", "2008-06-30": "2399.00000", "2008-03-31": "2725.00000", "2007-12-31": "2576.00000", "2007-09-30": "2933.00000", "2007-06-30": "2531.00000", "2007-03-31": "2780.00000", "2006-12-31": "2709.00000", "2006-09-30": "3358.00000", "2006-06-30": "3178.00000", "2006-03-31": "3912.00000", "2005-12-31": "3914.00000", "2005-09-30": "3748.00000", "2005-06-30": "3448.00000", "2005-03-31": "3226.00000"}, "Inventory": {"2020-12-31": "8427.00000", "2020-09-30": "9273.00000", "2020-06-30": "8969.00000", "2020-03-31": "9246.00000", "2019-12-31": "8744.00000", "2019-09-30": "8638.00000", "2019-06-30": "8696.00000", "2019-03-31": "7765.00000", "2018-12-31": "7253.00000", "2018-09-30": "7401.00000", "2018-06-30": "7344.00000", "2018-03-31": "7146.00000", "2017-12-31": "6983.00000", "2017-09-30": "6929.00000", "2017-06-30": "6324.00000", "2017-03-31": "5801.00000", "2016-12-31": "5553.00000", "2016-09-30": "5783.00000", "2016-06-30": "5800.00000", "2016-03-31": "5751.00000", "2015-12-31": "5167.00000", "2015-09-30": "4965.00000", "2015-06-30": "4818.00000", "2015-03-31": "4418.00000", "2014-12-31": "4273.00000", "2014-09-30": "4115.00000", "2014-06-30": "3943.00000", "2014-03-31": "3763.00000", "2013-12-31": "4172.00000", "2013-09-30": "4533.00000", "2013-06-30": "4542.00000", "2013-03-31": "4358.00000", "2012-12-31": "4734.00000", "2012-09-30": "5319.00000", "2012-06-30": "4904.00000", "2012-03-31": "4489.00000", "2011-12-31": "4096.00000", "2011-09-30": "3959.00000", "2011-06-30": "4030.00000", "2011-03-31": "4099.00000", "2010-12-31": "3757.00000", "2010-09-30": "3423.00000", "2010-06-30": "3345.00000", "2010-03-31": "2986.00000", "2009-12-31": "2935.00000", "2009-09-30": "2490.00000", "2009-06-30": "2805.00000", "2009-03-31": "3045.00000", "2008-12-31": "3744.00000", "2008-09-30": "3398.00000", "2008-06-30": "3265.00000", "2008-03-31": "3272.00000", "2007-12-31": "3370.00000", "2007-09-30": "3538.00000", "2007-06-30": "4127.00000", "2007-03-31": "4366.00000", "2006-12-31": "4314.00000", "2006-09-30": "4477.00000", "2006-06-30": "4332.00000", "2006-03-31": "3567.00000", "2005-12-31": "3126.00000", "2005-09-30": "2815.00000", "2005-06-30": "2739.00000", "2005-03-31": "2808.00000"}, "Pre-Paid Expenses": {"2020-12-31": "", "2020-09-30": "", "2020-06-30": "", "2020-03-31": "", "2019-12-31": "", "2019-09-30": "", "2019-06-30": "", "2019-03-31": "", "2018-12-31": "", "2018-09-30": "", "2018-06-30": "", "2018-03-31": "", "2017-12-31": "", "2017-09-30": "", "2017-06-30": "", "2017-03-31": "", "2016-12-31": "", "2016-09-30": "", "2016-06-30": "", "2016-03-31": "", "2015-12-31": "", "2015-09-30": "", "2015-06-30": "", "2015-03-31": "", "2014-12-31": "", "2014-09-30": "", "2014-06-30": "", "2014-03-31": "", "2013-12-31": "", "2013-09-30": "", "2013-06-30": "", "2013-03-31": "", "2012-12-31": "", "2012-09-30": "", "2012-06-30": "", "2012-03-31": "", "2011-12-31": "", "2011-09-30": "", "2011-06-30": "", "2011-03-31": "", "2010-12-31": "", "2010-09-30": "", "2010-06-30": "", "2010-03-31": "", "2009-12-31": "", "2009-09-30": "", "2009-06-30": "", "2009-03-31": "", "2008-12-31": "", "2008-09-30": "", "2008-06-30": "", "2008-03-31": "", "2007-12-31": "", "2007-09-30": "", "2007-06-30": "", "2007-03-31": "", "2006-12-31": "", "2006-09-30": "", "2006-06-30": "", "2006-03-31": "", "2005-12-31": "", "2005-09-30": "", "2005-06-30": "", "2005-03-31": ""}, "Other Current Assets": {"2020-12-31": "8145.00000", "2020-09-30": "2119.00000", "2020-06-30": "2165.00000", "2020-03-31": "2997.00000", "2019-12-31": "1713.00000", "2019-09-30": "2414.00000", "2019-06-30": "2366.00000", "2019-03-31": "2305.00000", "2018-12-31": "3162.00000", "2018-09-30": "3546.00000", "2018-06-30": "3398.00000", "2018-03-31": "3408.00000", "2017-12-31": "2908.00000", "2017-09-30": "2767.00000", "2017-06-30": "2967.00000", "2017-03-31": "8041.00000", "2016-12-31": "8166.00000", "2016-09-30": "7712.00000", "2016-06-30": "3273.00000", "2016-03-31": "2339.00000", "2015-12-31": "3053.00000", "2015-09-30": "4304.00000", "2015-06-30": "2267.00000", "2015-03-31": "2636.00000", "2014-12-31": "3018.00000", "2014-09-30": "2479.00000", "2014-06-30": "2008.00000", "2014-03-31": "1733.00000", "2013-12-31": "1649.00000", "2013-09-30": "1517.00000", "2013-06-30": "1561.00000", "2013-03-31": "1601.00000", "2012-12-31": "2512.00000", "2012-09-30": "1659.00000", "2012-06-30": "2172.00000", "2012-03-31": "1348.00000", "2011-12-31": "1589.00000", "2011-09-30": "1709.00000", "2011-06-30": "2193.00000", "2011-03-31": "1270.00000", "2010-12-31": "1614.00000", "2010-09-30": "1182.00000", "2010-06-30": "1180.00000", "2010-03-31": "781.00000", "2009-12-31": "813.00000", "2009-09-30": "542.00000", "2009-06-30": "883.00000", "2009-03-31": "1075.00000", "2008-12-31": "1182.00000", "2008-09-30": "1654.00000", "2008-06-30": "944.00000", "2008-03-31": "1232.00000", "2007-12-31": "1390.00000", "2007-09-30": "846.00000", "2007-06-30": "1269.00000", "2007-03-31": "464.00000", "2006-12-31": "258.00000", "2006-09-30": "412.00000", "2006-06-30": "381.00000", "2006-03-31": "397.00000", "2005-12-31": "233.00000", "2005-09-30": "261.00000", "2005-06-30": "279.00000", "2005-03-31": "353.00000"}, "Total Current Assets": {"2020-12-31": "47249.00000", "2020-09-30": "36785.00000", "2020-06-30": "44390.00000", "2020-03-31": "41501.00000", "2019-12-31": "31239.00000", "2019-09-30": "29957.00000", "2019-06-30": "29239.00000", "2019-03-31": "29060.00000", "2018-12-31": "28787.00000", "2018-09-30": "29590.00000", "2018-06-30": "27603.00000", "2018-03-31": "31630.00000", "2017-12-31": "29500.00000", "2017-09-30": "33154.00000", "2017-06-30": "40617.00000", "2017-03-31": "36058.00000", "2016-12-31": "35508.00000", "2016-09-30": "36216.00000", "2016-06-30": "31188.00000", "2016-03-31": "27397.00000", "2015-12-31": "38320.00000", "2015-09-30": "36205.00000", "2015-06-30": "26710.00000", "2015-03-31": "26466.00000", "2014-12-31": "27730.00000", "2014-09-30": "27509.00000", "2014-06-30": "29006.00000", "2014-03-31": "30554.00000", "2013-12-31": "32084.00000", "2013-09-30": "31350.00000", "2013-06-30": "29048.00000", "2013-03-31": "28677.00000", "2012-12-31": "31358.00000", "2012-09-30": "23014.00000", "2012-06-30": "25785.00000", "2012-03-31": "25421.00000", "2011-12-31": "25872.00000", "2011-09-30": "26698.00000", "2011-06-30": "23102.00000", "2011-03-31": "22795.00000", "2010-12-31": "31611.00000", "2010-09-30": "29499.00000", "2010-06-30": "26464.00000", "2010-03-31": "23724.00000", "2009-12-31": "21157.00000", "2009-09-30": "19247.00000", "2009-06-30": "18467.00000", "2009-03-31": "18142.00000", "2008-12-31": "19871.00000", "2008-09-30": "21423.00000", "2008-06-30": "19778.00000", "2008-03-31": "22064.00000", "2007-12-31": "23885.00000", "2007-09-30": "21426.00000", "2007-06-30": "19648.00000", "2007-03-31": "17694.00000", "2006-12-31": "18280.00000", "2006-09-30": "17604.00000", "2006-06-30": "16755.00000", "2006-03-31": "18027.00000", "2005-12-31": "21194.00000", "2005-09-30": "21724.00000", "2005-06-30": "22190.00000", "2005-03-31": "23478.00000"}, "Property, Plant, And Equipment": {"2020-12-31": "56584.00000", "2020-09-30": "59205.00000", "2020-06-30": "58036.00000", "2020-03-31": "56770.00000", "2019-12-31": "55386.00000", "2019-09-30": "53563.00000", "2019-06-30": "51377.00000", "2019-03-31": "50040.00000", "2018-12-31": "48976.00000", "2018-09-30": "47071.00000", "2018-06-30": "45914.00000", "2018-03-31": "43735.00000", "2017-12-31": "41109.00000", "2017-09-30": "39472.00000", "2017-06-30": "38130.00000", "2017-03-31": "36911.00000", "2016-12-31": "36171.00000", "2016-09-30": "34707.00000", "2016-06-30": "33804.00000", "2016-03-31": "32644.00000", "2015-12-31": "31858.00000", "2015-09-30": "31597.00000", "2015-06-30": "32683.00000", "2015-03-31": "33296.00000", "2014-12-31": "33238.00000", "2014-09-30": "33135.00000", "2014-06-30": "33115.00000", "2014-03-31": "32502.00000", "2013-12-31": "31428.00000", "2013-09-30": "30346.00000", "2013-06-30": "29345.00000", "2013-03-31": "28418.00000", "2012-12-31": "27983.00000", "2012-09-30": "27157.00000", "2012-06-30": "25976.00000", "2012-03-31": "25027.00000", "2011-12-31": "23627.00000", "2011-09-30": "22157.00000", "2011-06-30": "20778.00000", "2011-03-31": "19559.00000", "2010-12-31": "17899.00000", "2010-09-30": "17189.00000", "2010-06-30": "16946.00000", "2010-03-31": "17028.00000", "2009-12-31": "17225.00000", "2009-09-30": "17354.00000", "2009-06-30": "17515.00000", "2009-03-31": "17815.00000", "2008-12-31": "17574.00000", "2008-09-30": "17026.00000", "2008-06-30": "16723.00000", "2008-03-31": "16667.00000", "2007-12-31": "16918.00000", "2007-09-30": "16985.00000", "2007-06-30": "17143.00000", "2007-03-31": "17617.00000", "2006-12-31": "17602.00000", "2006-09-30": "18038.00000", "2006-06-30": "18098.00000", "2006-03-31": "17618.00000", "2005-12-31": "17111.00000", "2005-09-30": "16825.00000", "2005-06-30": "16624.00000", "2005-03-31": "16321.00000"}, "Long-Term Investments": {"2020-12-31": "7344.00000", "2020-09-30": "6399.00000", "2020-06-30": "6785.00000", "2020-03-31": "6823.00000", "2019-12-31": "7243.00000", "2019-09-30": "8247.00000", "2019-06-30": "8206.00000", "2019-03-31": "8719.00000", "2018-12-31": "9430.00000", "2018-09-30": "11113.00000", "2018-06-30": "12316.00000", "2018-03-31": "12916.00000", "2017-12-31": "12291.00000", "2017-09-30": "9903.00000", "2017-06-30": "10385.00000", "2017-03-31": "11980.00000", "2016-12-31": "10896.00000", "2016-09-30": "10211.00000", "2016-06-30": "8961.00000", "2016-03-31": "9474.00000", "2015-12-31": "7851.00000", "2015-09-30": "7447.00000", "2015-06-30": "8935.00000", "2015-03-31": "8224.00000", "2014-12-31": "9120.00000", "2014-09-30": "8667.00000", "2014-06-30": "8228.00000", "2014-03-31": "7850.00000", "2013-12-31": "7694.00000", "2013-09-30": "8097.00000", "2013-06-30": "7003.00000", "2013-03-31": "6007.00000", "2012-12-31": "4917.00000", "2012-09-30": "4393.00000", "2012-06-30": "1167.00000", "2012-03-31": "1317.00000", "2011-12-31": "1451.00000", "2011-09-30": "1374.00000", "2011-06-30": "1884.00000", "2011-03-31": "2843.00000", "2010-12-31": "4034.00000", "2010-09-30": "4536.00000", "2010-06-30": "4863.00000", "2010-03-31": "5252.00000", "2009-12-31": "4952.00000", "2009-09-30": "4377.00000", "2009-06-30": "3515.00000", "2009-03-31": "2925.00000", "2008-12-31": "3276.00000", "2008-09-30": "4221.00000", "2008-06-30": "5295.00000", "2008-03-31": "5003.00000", "2007-12-31": "5385.00000", "2007-09-30": "5142.00000", "2007-06-30": "4696.00000", "2007-03-31": "4855.00000", "2006-12-31": "4421.00000", "2006-09-30": "3473.00000", "2006-06-30": "4117.00000", "2006-03-31": "4515.00000", "2005-12-31": "4672.00000", "2005-09-30": "3567.00000", "2005-06-30": "2609.00000", "2005-03-31": "2726.00000"}, "Goodwill And Intangible Assets": {"2020-12-31": "35997.00000", "2020-09-30": "36836.00000", "2020-06-30": "37246.00000", "2020-03-31": "36705.00000", "2019-12-31": "37103.00000", "2019-09-30": "35746.00000", "2019-06-30": "35832.00000", "2019-03-31": "35978.00000", "2018-12-31": "36349.00000", "2018-09-30": "36513.00000", "2018-06-30": "36449.00000", "2018-03-31": "36701.00000", "2017-12-31": "37134.00000", "2017-09-30": "37447.00000", "2017-06-30": "22969.00000", "2017-03-31": "23256.00000", "2016-12-31": "23593.00000", "2016-09-30": "23392.00000", "2016-06-30": "27813.00000", "2016-03-31": "28082.00000", "2015-12-31": "15265.00000", "2015-09-30": "15048.00000", "2015-06-30": "15263.00000", "2015-03-31": "14977.00000", "2014-12-31": "15307.00000", "2014-09-30": "14935.00000", "2014-06-30": "15318.00000", "2014-03-31": "15580.00000", "2013-12-31": "15663.00000", "2013-09-30": "15901.00000", "2013-06-30": "15625.00000", "2013-03-31": "15563.00000", "2012-12-31": "15945.00000", "2012-09-30": "15844.00000", "2012-06-30": "15416.00000", "2012-03-31": "15452.00000", "2011-12-31": "15521.00000", "2011-09-30": "15583.00000", "2011-06-30": "15841.00000", "2011-03-31": "15941.00000", "2010-12-31": "5391.00000", "2010-09-30": "4481.00000", "2010-06-30": "4481.00000", "2010-03-31": "4452.00000", "2009-12-31": "4421.00000", "2009-09-30": "4421.00000", "2009-06-30": "3932.00000", "2009-03-31": "3932.00000", "2008-12-31": "3932.00000", "2008-09-30": "3924.00000", "2008-06-30": "3915.00000", "2008-03-31": "3916.00000", "2007-12-31": "3916.00000", "2007-09-30": "3917.00000", "2007-06-30": "3861.00000", "2007-03-31": "3861.00000", "2006-12-31": "3861.00000", "2006-09-30": "3861.00000", "2006-06-30": "3871.00000", "2006-03-31": "3873.00000", "2005-12-31": "3873.00000", "2005-09-30": "3814.00000", "2005-06-30": "3805.00000", "2005-03-31": "3716.00000"}, "Other Long-Term Assets": {"2020-12-31": "5917.00000", "2020-09-30": "6036.00000", "2020-06-30": "6082.00000", "2020-03-31": "5911.00000", "2019-12-31": "5553.00000", "2019-09-30": "6255.00000", "2019-06-30": "6105.00000", "2019-03-31": "5661.00000", "2018-12-31": "4421.00000", "2018-09-30": "3955.00000", "2018-06-30": "3690.00000", "2018-03-31": "3614.00000", "2017-12-31": "3215.00000", "2017-09-30": "7112.00000", "2017-06-30": "10006.00000", "2017-03-31": "7443.00000", "2016-12-31": "7159.00000", "2016-09-30": "7691.00000", "2016-06-30": "8065.00000", "2016-03-31": "7870.00000", "2015-12-31": "8165.00000", "2015-09-30": "8255.00000", "2015-06-30": "6901.00000", "2015-03-31": "6603.00000", "2014-12-31": "6505.00000", "2014-09-30": "6370.00000", "2014-06-30": "6126.00000", "2014-03-31": "5446.00000", "2013-12-31": "5489.00000", "2013-09-30": "4857.00000", "2013-06-30": "4640.00000", "2013-03-31": "4418.00000", "2012-12-31": "4148.00000", "2012-09-30": "4033.00000", "2012-06-30": "4008.00000", "2012-03-31": "4600.00000", "2011-12-31": "4648.00000", "2011-09-30": "4739.00000", "2011-06-30": "4484.00000", "2011-03-31": "4414.00000", "2010-12-31": "4251.00000", "2010-09-30": "4883.00000", "2010-06-30": "4937.00000", "2010-03-31": "5317.00000", "2009-12-31": "5340.00000", "2009-09-30": "5597.00000", "2009-06-30": "5632.00000", "2009-03-31": "5640.00000", "2008-12-31": "5819.00000", "2008-09-30": "6125.00000", "2008-06-30": "6681.00000", "2008-03-31": "5737.00000", "2007-12-31": "5547.00000", "2007-09-30": "5569.00000", "2007-06-30": "4946.00000", "2007-03-31": "4729.00000", "2006-12-31": "4204.00000", "2006-09-30": "3879.00000", "2006-06-30": "3247.00000", "2006-03-31": "3161.00000", "2005-12-31": "1464.00000", "2005-09-30": "1430.00000", "2005-06-30": "1285.00000", "2005-03-31": "1325.00000"}, "Total Long-Term Assets": {"2020-12-31": "105842.00000", "2020-09-30": "108476.00000", "2020-06-30": "108149.00000", "2020-03-31": "106209.00000", "2019-12-31": "105285.00000", "2019-09-30": "103811.00000", "2019-06-30": "101520.00000", "2019-03-31": "100398.00000", "2018-12-31": "99176.00000", "2018-09-30": "98652.00000", "2018-06-30": "98369.00000", "2018-03-31": "96966.00000", "2017-12-31": "93749.00000", "2017-09-30": "93934.00000", "2017-06-30": "81490.00000", "2017-03-31": "79590.00000", "2016-12-31": "77819.00000", "2016-09-30": "76001.00000", "2016-06-30": "78643.00000", "2016-03-31": "78070.00000", "2015-12-31": "63139.00000", "2015-09-30": "62347.00000", "2015-06-30": "63782.00000", "2015-03-31": "63100.00000", "2014-12-31": "64170.00000", "2014-09-30": "63107.00000", "2014-06-30": "62787.00000", "2014-03-31": "61378.00000", "2013-12-31": "60274.00000", "2013-09-30": "59201.00000", "2013-06-30": "56613.00000", "2013-03-31": "54406.00000", "2012-12-31": "52993.00000", "2012-09-30": "51427.00000", "2012-06-30": "46567.00000", "2012-03-31": "46396.00000", "2011-12-31": "45247.00000", "2011-09-30": "43853.00000", "2011-06-30": "42987.00000", "2011-03-31": "42757.00000", "2010-12-31": "31575.00000", "2010-09-30": "31089.00000", "2010-06-30": "31227.00000", "2010-03-31": "32049.00000", "2009-12-31": "31938.00000", "2009-09-30": "31749.00000", "2009-06-30": "30594.00000", "2009-03-31": "30312.00000", "2008-12-31": "30601.00000", "2008-09-30": "31296.00000", "2008-06-30": "32614.00000", "2008-03-31": "31323.00000", "2007-12-31": "31766.00000", "2007-09-30": "31613.00000", "2007-06-30": "30646.00000", "2007-03-31": "31062.00000", "2006-12-31": "30088.00000", "2006-09-30": "29251.00000", "2006-06-30": "29333.00000", "2006-03-31": "29167.00000", "2005-12-31": "27120.00000", "2005-09-30": "25636.00000", "2005-06-30": "24323.00000", "2005-03-31": "24088.00000"}, "Total Assets": {"2020-12-31": "153091.00000", "2020-09-30": "145261.00000", "2020-06-30": "152539.00000", "2020-03-31": "147710.00000", "2019-12-31": "136524.00000", "2019-09-30": "133768.00000", "2019-06-30": "130759.00000", "2019-03-31": "129458.00000", "2018-12-31": "127963.00000", "2018-09-30": "128242.00000", "2018-06-30": "125972.00000", "2018-03-31": "128596.00000", "2017-12-31": "123249.00000", "2017-09-30": "127088.00000", "2017-06-30": "122107.00000", "2017-03-31": "115648.00000", "2016-12-31": "113327.00000", "2016-09-30": "112217.00000", "2016-06-30": "109831.00000", "2016-03-31": "105467.00000", "2015-12-31": "101459.00000", "2015-09-30": "98552.00000", "2015-06-30": "90492.00000", "2015-03-31": "89566.00000", "2014-12-31": "91900.00000", "2014-09-30": "90616.00000", "2014-06-30": "91793.00000", "2014-03-31": "91932.00000", "2013-12-31": "92358.00000", "2013-09-30": "90551.00000", "2013-06-30": "85661.00000", "2013-03-31": "83083.00000", "2012-12-31": "84351.00000", "2012-09-30": "74441.00000", "2012-06-30": "72352.00000", "2012-03-31": "71817.00000", "2011-12-31": "71119.00000", "2011-09-30": "70551.00000", "2011-06-30": "66089.00000", "2011-03-31": "65552.00000", "2010-12-31": "63186.00000", "2010-09-30": "60588.00000", "2010-06-30": "57691.00000", "2010-03-31": "55773.00000", "2009-12-31": "53095.00000", "2009-09-30": "50996.00000", "2009-06-30": "49061.00000", "2009-03-31": "48454.00000", "2008-12-31": "50472.00000", "2008-09-30": "52719.00000", "2008-06-30": "52392.00000", "2008-03-31": "53387.00000", "2007-12-31": "55651.00000", "2007-09-30": "53039.00000", "2007-06-30": "50294.00000", "2007-03-31": "48756.00000", "2006-12-31": "48368.00000", "2006-09-30": "46855.00000", "2006-06-30": "46088.00000", "2006-03-31": "47194.00000", "2005-12-31": "48314.00000", "2005-09-30": "47360.00000", "2005-06-30": "46513.00000", "2005-03-31": "47566.00000"}, "Total Current Liabilities": {"2020-12-31": "24754.00000", "2020-09-30": "22112.00000", "2020-06-30": "22481.00000", "2020-03-31": "23895.00000", "2019-12-31": "22310.00000", "2019-09-30": "25064.00000", "2019-06-30": "19705.00000", "2019-03-31": "18911.00000", "2018-12-31": "16626.00000", "2018-09-30": "19574.00000", "2018-06-30": "17571.00000", "2018-03-31": "19961.00000", "2017-12-31": "17421.00000", "2017-09-30": "20689.00000", "2017-06-30": "18782.00000", "2017-03-31": "21305.00000", "2016-12-31": "20302.00000", "2016-09-30": "20093.00000", "2016-06-30": "18711.00000", "2016-03-31": "17526.00000", "2015-12-31": "15646.00000", "2015-09-30": "15080.00000", "2015-06-30": "13529.00000", "2015-03-31": "15035.00000", "2014-12-31": "16011.00000", "2014-09-30": "14904.00000", "2014-06-30": "12251.00000", "2014-03-31": "13552.00000", "2013-12-31": "13568.00000", "2013-09-30": "13875.00000", "2013-06-30": "11389.00000", "2013-03-31": "11798.00000", "2012-12-31": "12898.00000", "2012-09-30": "11953.00000", "2012-06-30": "10538.00000", "2012-03-31": "11941.00000", "2011-12-31": "12028.00000", "2011-09-30": "11909.00000", "2011-06-30": "10354.00000", "2011-03-31": "11565.00000", "2010-12-31": "9327.00000", "2010-09-30": "8837.00000", "2010-06-30": "7937.00000", "2010-03-31": "8912.00000", "2009-12-31": "7591.00000", "2009-09-30": "7749.00000", "2009-06-30": "7079.00000", "2009-03-31": "6341.00000", "2008-12-31": "7818.00000", "2008-09-30": "10068.00000", "2008-06-30": "8032.00000", "2008-03-31": "8668.00000", "2007-12-31": "8571.00000", "2007-09-30": "7763.00000", "2007-06-30": "6464.00000", "2007-03-31": "6626.00000", "2006-12-31": "8514.00000", "2006-09-30": "9057.00000", "2006-06-30": "8422.00000", "2006-03-31": "9843.00000", "2005-12-31": "9234.00000", "2005-09-30": "9499.00000", "2005-06-30": "7780.00000", "2005-03-31": "8573.00000"}, "Long Term Debt": {"2020-12-31": "33897.00000", "2020-09-30": "36059.00000", "2020-06-30": "36093.00000", "2020-03-31": "36455.00000", "2019-12-31": "25308.00000", "2019-09-30": "23707.00000", "2019-06-30": "25089.00000", "2019-03-31": "25737.00000", "2018-12-31": "25098.00000", "2018-09-30": "24823.00000", "2018-06-30": "24632.00000", "2018-03-31": "24770.00000", "2017-12-31": "25037.00000", "2017-09-30": "27498.00000", "2017-06-30": "27855.00000", "2017-03-31": "20678.00000", "2016-12-31": "20649.00000", "2016-09-30": "24043.00000", "2016-06-30": "24053.00000", "2016-03-31": "21775.00000", "2015-12-31": "20036.00000", "2015-09-30": "20059.00000", "2015-06-30": "12116.00000", "2015-03-31": "12112.00000", "2014-12-31": "12059.00000", "2014-09-30": "12103.00000", "2014-06-30": "13180.00000", "2014-03-31": "13172.00000", "2013-12-31": "13165.00000", "2013-09-30": "13157.00000", "2013-06-30": "13150.00000", "2013-03-31": "13143.00000", "2012-12-31": "13136.00000", "2012-09-30": "7100.00000", "2012-06-30": "7093.00000", "2012-03-31": "7088.00000", "2011-12-31": "7084.00000", "2011-09-30": "7076.00000", "2011-06-30": "2090.00000", "2011-03-31": "2083.00000", "2010-12-31": "2077.00000", "2010-09-30": "2073.00000", "2010-06-30": "2058.00000", "2010-03-31": "2052.00000", "2009-12-31": "2049.00000", "2009-09-30": "2201.00000", "2009-06-30": "1174.00000", "2009-03-31": "1170.00000", "2008-12-31": "1185.00000", "2008-09-30": "1889.00000", "2008-06-30": "1892.00000", "2008-03-31": "1990.00000", "2007-12-31": "1980.00000", "2007-09-30": "1853.00000", "2007-06-30": "1848.00000", "2007-03-31": "1848.00000", "2006-12-31": "1848.00000", "2006-09-30": "2060.00000", "2006-06-30": "2054.00000", "2006-03-31": "2040.00000", "2005-12-31": "2106.00000", "2005-09-30": "432.00000", "2005-06-30": "430.00000", "2005-03-31": "464.00000"}, "Other Non-Current Liabilities": {"2020-12-31": "4981.00000", "2020-09-30": "4730.00000", "2020-06-30": "4437.00000", "2020-03-31": "4328.00000", "2019-12-31": "4439.00000", "2019-09-30": "4085.00000", "2019-06-30": "4388.00000", "2019-03-31": "4847.00000", "2018-12-31": "5114.00000", "2018-09-30": "5998.00000", "2018-06-30": "6438.00000", "2018-03-31": "6362.00000", "2017-12-31": "4657.00000", "2017-09-30": "5022.00000", "2017-06-30": "4343.00000", "2017-03-31": "4536.00000", "2016-12-31": "4420.00000", "2016-09-30": "3755.00000", "2016-06-30": "4407.00000", "2016-03-31": "3745.00000", "2015-12-31": "3738.00000", "2015-09-30": "3814.00000", "2015-06-30": "3901.00000", "2015-03-31": "4033.00000", "2014-12-31": "4190.00000", "2014-09-30": "3985.00000", "2014-06-30": "2928.00000", "2014-03-31": "2868.00000", "2013-12-31": "2972.00000", "2013-09-30": "3683.00000", "2013-06-30": "3573.00000", "2013-03-31": "3521.00000", "2012-12-31": "3702.00000", "2012-09-30": "3215.00000", "2012-06-30": "3167.00000", "2012-03-31": "3235.00000", "2011-12-31": "3479.00000", "2011-09-30": "2495.00000", "2011-06-30": "2519.00000", "2011-03-31": "2505.00000", "2010-12-31": "1426.00000", "2010-09-30": "1127.00000", "2010-06-30": "1095.00000", "2010-03-31": "1028.00000", "2009-12-31": "1003.00000", "2009-09-30": "1627.00000", "2009-06-30": "1205.00000", "2009-03-31": "1217.00000", "2008-12-31": "1141.00000", "2008-09-30": "1033.00000", "2008-06-30": "1176.00000", "2008-03-31": "1088.00000", "2007-12-31": "1142.00000", "2007-09-30": "1253.00000", "2007-06-30": "1235.00000", "2007-03-31": "1202.00000", "2006-12-31": "989.00000", "2006-09-30": "346.00000", "2006-06-30": "346.00000", "2006-03-31": "346.00000", "2005-12-31": "89.00000", "2005-09-30": "", "2005-06-30": "", "2005-03-31": ""}, "Total Long Term Liabilities": {"2020-12-31": "47299.00000", "2020-09-30": "48595.00000", "2020-06-30": "48048.00000", "2020-03-31": "47461.00000", "2019-12-31": "36710.00000", "2019-09-30": "34462.00000", "2019-06-30": "36107.00000", "2019-03-31": "36886.00000", "2018-12-31": "36774.00000", "2018-09-30": "37185.00000", "2018-06-30": "38354.00000", "2018-03-31": "38470.00000", "2017-12-31": "36809.00000", "2017-09-30": "35463.00000", "2017-06-30": "34700.00000", "2017-03-31": "27499.00000", "2016-12-31": "26799.00000", "2016-09-30": "29009.00000", "2016-06-30": "29753.00000", "2016-03-31": "26767.00000", "2015-12-31": "24728.00000", "2015-09-30": "26375.00000", "2015-06-30": "19268.00000", "2015-03-31": "19607.00000", "2014-12-31": "20024.00000", "2014-09-30": "19639.00000", "2014-06-30": "20295.00000", "2014-03-31": "20342.00000", "2013-12-31": "20534.00000", "2013-09-30": "21224.00000", "2013-06-30": "20432.00000", "2013-03-31": "20091.00000", "2012-12-31": "20250.00000", "2012-09-30": "13219.00000", "2012-06-30": "13035.00000", "2012-03-31": "13116.00000", "2011-12-31": "13180.00000", "2011-09-30": "12525.00000", "2011-06-30": "7012.00000", "2011-03-31": "6638.00000", "2010-12-31": "4429.00000", "2010-09-30": "4055.00000", "2010-06-30": "3913.00000", "2010-03-31": "3961.00000", "2009-12-31": "3800.00000", "2009-09-30": "4214.00000", "2009-06-30": "2935.00000", "2009-03-31": "3049.00000", "2008-12-31": "3108.00000", "2008-09-30": "3740.00000", "2008-06-30": "3999.00000", "2008-03-31": "4059.00000", "2007-12-31": "4318.00000", "2007-09-30": "4374.00000", "2007-06-30": "4132.00000", "2007-03-31": "4604.00000", "2006-12-31": "3102.00000", "2006-09-30": "2781.00000", "2006-06-30": "2870.00000", "2006-03-31": "2993.00000", "2005-12-31": "2898.00000", "2005-09-30": "1185.00000", "2005-06-30": "1119.00000", "2005-03-31": "1282.00000"}, "Total Liabilities": {"2020-12-31": "72053.00000", "2020-09-30": "70707.00000", "2020-06-30": "70529.00000", "2020-03-31": "71356.00000", "2019-12-31": "59020.00000", "2019-09-30": "59526.00000", "2019-06-30": "55812.00000", "2019-03-31": "55797.00000", "2018-12-31": "53400.00000", "2018-09-30": "56759.00000", "2018-06-30": "55925.00000", "2018-03-31": "58431.00000", "2017-12-31": "54230.00000", "2017-09-30": "56152.00000", "2017-06-30": "53482.00000", "2017-03-31": "48804.00000", "2016-12-31": "47101.00000", "2016-09-30": "49102.00000", "2016-06-30": "48464.00000", "2016-03-31": "44293.00000", "2015-12-31": "40374.00000", "2015-09-30": "41455.00000", "2015-06-30": "32797.00000", "2015-03-31": "34642.00000", "2014-12-31": "36035.00000", "2014-09-30": "34543.00000", "2014-06-30": "32546.00000", "2014-03-31": "33894.00000", "2013-12-31": "34102.00000", "2013-09-30": "35099.00000", "2013-06-30": "31821.00000", "2013-03-31": "31889.00000", "2012-12-31": "33148.00000", "2012-09-30": "25172.00000", "2012-06-30": "23573.00000", "2012-03-31": "25057.00000", "2011-12-31": "25208.00000", "2011-09-30": "24434.00000", "2011-06-30": "17366.00000", "2011-03-31": "18203.00000", "2010-12-31": "13756.00000", "2010-09-30": "12892.00000", "2010-06-30": "11850.00000", "2010-03-31": "12873.00000", "2009-12-31": "11391.00000", "2009-09-30": "11963.00000", "2009-06-30": "10014.00000", "2009-03-31": "9390.00000", "2008-12-31": "10926.00000", "2008-09-30": "13808.00000", "2008-06-30": "12031.00000", "2008-03-31": "12727.00000", "2007-12-31": "12889.00000", "2007-09-30": "12137.00000", "2007-06-30": "10596.00000", "2007-03-31": "11230.00000", "2006-12-31": "11616.00000", "2006-09-30": "11838.00000", "2006-06-30": "11292.00000", "2006-03-31": "12836.00000", "2005-12-31": "12132.00000", "2005-09-30": "10684.00000", "2005-06-30": "8899.00000", "2005-03-31": "9855.00000"}, "Common Stock Net": {"2020-12-31": "25556.00000", "2020-09-30": "23335.00000", "2020-06-30": "25516.00000", "2020-03-31": "25251.00000", "2019-12-31": "25261.00000", "2019-09-30": "25290.00000", "2019-06-30": "25140.00000", "2019-03-31": "25346.00000", "2018-12-31": "25365.00000", "2018-09-30": "25492.00000", "2018-06-30": "25470.00000", "2018-03-31": "26430.00000", "2017-12-31": "26074.00000", "2017-09-30": "26547.00000", "2017-06-30": "25781.00000", "2017-03-31": "25890.00000", "2016-12-31": "25373.00000", "2016-09-30": "25070.00000", "2016-06-30": "24317.00000", "2016-03-31": "24088.00000", "2015-12-31": "23411.00000", "2015-09-30": "23001.00000", "2015-06-30": "22625.00000", "2015-03-31": "22395.00000", "2014-12-31": "21781.00000", "2014-09-30": "21894.00000", "2014-06-30": "22475.00000", "2014-03-31": "22166.00000", "2013-12-31": "21536.00000", "2013-09-30": "21113.00000", "2013-06-30": "20678.00000", "2013-03-31": "20098.00000", "2012-12-31": "19464.00000", "2012-09-30": "19278.00000", "2012-06-30": "18883.00000", "2012-03-31": "18381.00000", "2011-12-31": "17036.00000", "2011-09-30": "16247.00000", "2011-06-30": "16245.00000", "2011-03-31": "16271.00000", "2010-12-31": "16178.00000", "2010-09-30": "16096.00000", "2010-06-30": "15741.00000", "2010-03-31": "15466.00000", "2009-12-31": "14993.00000", "2009-09-30": "14763.00000", "2009-06-30": "13995.00000", "2009-03-31": "13845.00000", "2008-12-31": "13402.00000", "2008-09-30": "12744.00000", "2008-06-30": "12452.00000", "2008-03-31": "12118.00000", "2007-12-31": "11653.00000", "2007-09-30": "10695.00000", "2007-06-30": "9597.00000", "2007-03-31": "8598.00000", "2006-12-31": "7825.00000", "2006-09-30": "7348.00000", "2006-06-30": "6986.00000", "2006-03-31": "6662.00000", "2005-12-31": "6245.00000", "2005-09-30": "6223.00000", "2005-06-30": "6260.00000", "2005-03-31": "6220.00000"}, "Retained Earnings (Accumulated Deficit)": {"2020-12-31": "56233.00000", "2020-09-30": "52159.00000", "2020-06-30": "57646.00000", "2020-03-31": "52644.00000", "2019-12-31": "53523.00000", "2019-09-30": "49674.00000", "2019-06-30": "50429.00000", "2019-03-31": "49128.00000", "2018-12-31": "50172.00000", "2018-09-30": "47094.00000", "2018-06-30": "45666.00000", "2018-03-31": "44418.00000", "2017-12-31": "42083.00000", "2017-09-30": "42779.00000", "2017-06-30": "41670.00000", "2017-03-31": "40091.00000", "2016-12-31": "40747.00000", "2016-09-30": "37645.00000", "2016-06-30": "37130.00000", "2016-03-31": "36526.00000", "2015-12-31": "37614.00000", "2015-09-30": "34431.00000", "2015-06-30": "34425.00000", "2015-03-31": "32461.00000", "2014-12-31": "33418.00000", "2014-09-30": "33233.00000", "2014-06-30": "35652.00000", "2014-03-31": "34716.00000", "2013-12-31": "35477.00000", "2013-09-30": "33291.00000", "2013-06-30": "33017.00000", "2013-03-31": "31506.00000", "2012-12-31": "32138.00000", "2012-09-30": "30492.00000", "2012-06-30": "30753.00000", "2012-03-31": "28983.00000", "2011-12-31": "29656.00000", "2011-09-30": "29902.00000", "2011-06-30": "32012.00000", "2011-03-31": "30597.00000", "2010-12-31": "32919.00000", "2010-09-30": "31069.00000", "2010-06-30": "29869.00000", "2010-03-31": "27020.00000", "2009-12-31": "26318.00000", "2009-09-30": "24037.00000", "2009-06-30": "25205.00000", "2009-03-31": "25609.00000", "2008-12-31": "26537.00000", "2008-09-30": "26303.00000", "2008-06-30": "27780.00000", "2008-03-31": "28470.00000", "2007-12-31": "30848.00000", "2007-09-30": "29975.00000", "2007-06-30": "30197.00000", "2007-03-31": "29020.00000", "2006-12-31": "28984.00000", "2006-09-30": "27501.00000", "2006-06-30": "27619.00000", "2006-03-31": "27531.00000", "2005-12-31": "29810.00000", "2005-09-30": "30309.00000", "2005-06-30": "31301.00000", "2005-03-31": "31411.00000"}, "Comprehensive Income": {"2020-12-31": "-751.00000", "2020-09-30": "-940.00000", "2020-06-30": "-1152.00000", "2020-03-31": "-1541.00000", "2019-12-31": "-1280.00000", "2019-09-30": "-722.00000", "2019-06-30": "-622.00000", "2019-03-31": "-813.00000", "2018-12-31": "-974.00000", "2018-09-30": "-1103.00000", "2018-06-30": "-1089.00000", "2018-03-31": "-683.00000", "2017-12-31": "862.00000", "2017-09-30": "1610.00000", "2017-06-30": "1174.00000", "2017-03-31": "863.00000", "2016-12-31": "106.00000", "2016-09-30": "400.00000", "2016-06-30": "-80.00000", "2016-03-31": "560.00000", "2015-12-31": "60.00000", "2015-09-30": "-335.00000", "2015-06-30": "645.00000", "2015-03-31": "68.00000", "2014-12-31": "666.00000", "2014-09-30": "946.00000", "2014-06-30": "1120.00000", "2014-03-31": "1156.00000", "2013-12-31": "1243.00000", "2013-09-30": "1048.00000", "2013-06-30": "145.00000", "2013-03-31": "-410.00000", "2012-12-31": "-399.00000", "2012-09-30": "-501.00000", "2012-06-30": "-857.00000", "2012-03-31": "-604.00000", "2011-12-31": "-781.00000", "2011-09-30": "-32.00000", "2011-06-30": "466.00000", "2011-03-31": "481.00000", "2010-12-31": "333.00000", "2010-09-30": "531.00000", "2010-06-30": "231.00000", "2010-03-31": "414.00000", "2009-12-31": "393.00000", "2009-09-30": "233.00000", "2009-06-30": "-153.00000", "2009-03-31": "-390.00000", "2008-12-31": "-393.00000", "2008-09-30": "-136.00000", "2008-06-30": "129.00000", "2008-03-31": "72.00000", "2007-12-31": "261.00000", "2007-09-30": "232.00000", "2007-06-30": "-96.00000", "2007-03-31": "-92.00000", "2006-12-31": "-57.00000", "2006-09-30": "168.00000", "2006-06-30": "191.00000", "2006-03-31": "165.00000", "2005-12-31": "127.00000", "2005-09-30": "146.00000", "2005-06-30": "56.00000", "2005-03-31": "81.00000"}, "Other Share Holders Equity": {"2020-12-31": "", "2020-09-30": "", "2020-06-30": "", "2020-03-31": "", "2019-12-31": "", "2019-09-30": "", "2019-06-30": "", "2019-03-31": "", "2018-12-31": "", "2018-09-30": "", "2018-06-30": "", "2018-03-31": "", "2017-12-31": "", "2017-09-30": "", "2017-06-30": "", "2017-03-31": "", "2016-12-31": "", "2016-09-30": "", "2016-06-30": "", "2016-03-31": "", "2015-12-31": "", "2015-09-30": "", "2015-06-30": "", "2015-03-31": "", "2014-12-31": "", "2014-09-30": "0.00000", "2014-06-30": "", "2014-03-31": "", "2013-12-31": "", "2013-09-30": "", "2013-06-30": "", "2013-03-31": "", "2012-12-31": "", "2012-09-30": "", "2012-06-30": "", "2012-03-31": "", "2011-12-31": "", "2011-09-30": "", "2011-06-30": "", "2011-03-31": "", "2010-12-31": "", "2010-09-30": "", "2010-06-30": "", "2010-03-31": "", "2009-12-31": "", "2009-09-30": "", "2009-06-30": "", "2009-03-31": "", "2008-12-31": "", "2008-09-30": "", "2008-06-30": "", "2008-03-31": "", "2007-12-31": "", "2007-09-30": "", "2007-06-30": "", "2007-03-31": "", "2006-12-31": "", "2006-09-30": "", "2006-06-30": "", "2006-03-31": "", "2005-12-31": "", "2005-09-30": "-2.00000", "2005-06-30": "-3.00000", "2005-03-31": "-1.00000"}, "Share Holder Equity": {"2020-12-31": "81038.00000", "2020-09-30": "74554.00000", "2020-06-30": "82010.00000", "2020-03-31": "76354.00000", "2019-12-31": "77504.00000", "2019-09-30": "74242.00000", "2019-06-30": "74947.00000", "2019-03-31": "73661.00000", "2018-12-31": "74563.00000", "2018-09-30": "71483.00000", "2018-06-30": "70047.00000", "2018-03-31": "70165.00000", "2017-12-31": "69019.00000", "2017-09-30": "70936.00000", "2017-06-30": "68625.00000", "2017-03-31": "66844.00000", "2016-12-31": "66226.00000", "2016-09-30": "63115.00000", "2016-06-30": "61367.00000", "2016-03-31": "61174.00000", "2015-12-31": "61085.00000", "2015-09-30": "57097.00000", "2015-06-30": "57695.00000", "2015-03-31": "54924.00000", "2014-12-31": "55865.00000", "2014-09-30": "56073.00000", "2014-06-30": "59247.00000", "2014-03-31": "58038.00000", "2013-12-31": "58256.00000", "2013-09-30": "55452.00000", "2013-06-30": "53840.00000", "2013-03-31": "51194.00000", "2012-12-31": "51203.00000", "2012-09-30": "49269.00000", "2012-06-30": "48779.00000", "2012-03-31": "46760.00000", "2011-12-31": "45911.00000", "2011-09-30": "46117.00000", "2011-06-30": "48723.00000", "2011-03-31": "47349.00000", "2010-12-31": "49430.00000", "2010-09-30": "47696.00000", "2010-06-30": "45841.00000", "2010-03-31": "42900.00000", "2009-12-31": "41704.00000", "2009-09-30": "39033.00000", "2009-06-30": "39047.00000", "2009-03-31": "39064.00000", "2008-12-31": "39546.00000", "2008-09-30": "38911.00000", "2008-06-30": "40361.00000", "2008-03-31": "40660.00000", "2007-12-31": "42762.00000", "2007-09-30": "40902.00000", "2007-06-30": "39698.00000", "2007-03-31": "37526.00000", "2006-12-31": "36752.00000", "2006-09-30": "35017.00000", "2006-06-30": "34796.00000", "2006-03-31": "34358.00000", "2005-12-31": "36182.00000", "2005-09-30": "36676.00000", "2005-06-30": "37614.00000", "2005-03-31": "37711.00000"}, "Total Liabilities And Share Holders Equity": {"2020-12-31": "153091.00000", "2020-09-30": "145261.00000", "2020-06-30": "152539.00000", "2020-03-31": "147710.00000", "2019-12-31": "136524.00000", "2019-09-30": "133768.00000", "2019-06-30": "130759.00000", "2019-03-31": "129458.00000", "2018-12-31": "127963.00000", "2018-09-30": "128242.00000", "2018-06-30": "125972.00000", "2018-03-31": "128596.00000", "2017-12-31": "123249.00000", "2017-09-30": "127088.00000", "2017-06-30": "122107.00000", "2017-03-31": "115648.00000", "2016-12-31": "113327.00000", "2016-09-30": "112217.00000", "2016-06-30": "109831.00000", "2016-03-31": "105467.00000", "2015-12-31": "101459.00000", "2015-09-30": "98552.00000", "2015-06-30": "90492.00000", "2015-03-31": "89566.00000", "2014-12-31": "91900.00000", "2014-09-30": "90616.00000", "2014-06-30": "91793.00000", "2014-03-31": "91932.00000", "2013-12-31": "92358.00000", "2013-09-30": "90551.00000", "2013-06-30": "85661.00000", "2013-03-31": "83083.00000", "2012-12-31": "84351.00000", "2012-09-30": "74441.00000", "2012-06-30": "72352.00000", "2012-03-31": "71817.00000", "2011-12-31": "71119.00000", "2011-09-30": "70551.00000", "2011-06-30": "66089.00000", "2011-03-31": "65552.00000", "2010-12-31": "63186.00000", "2010-09-30": "60588.00000", "2010-06-30": "57691.00000", "2010-03-31": "55773.00000", "2009-12-31": "53095.00000", "2009-09-30": "50996.00000", "2009-06-30": "49061.00000", "2009-03-31": "48454.00000", "2008-12-31": "50472.00000", "2008-09-30": "52719.00000", "2008-06-30": "52392.00000", "2008-03-31": "53387.00000", "2007-12-31": "55651.00000", "2007-09-30": "53039.00000", "2007-06-30": "50294.00000", "2007-03-31": "48756.00000", "2006-12-31": "48368.00000", "2006-09-30": "46855.00000", "2006-06-30": "46088.00000", "2006-03-31": "47194.00000", "2005-12-31": "48314.00000", "2005-09-30": "47360.00000", "2005-06-30": "46513.00000", "2005-03-31": "47566.00000"}}, "cash flow statement": {"Net Income/Loss": {"2020-12-31": "20899.00000", "2019-12-31": "21048.00000", "2018-12-31": "21053.00000", "2017-12-31": "9601.00000", "2016-12-31": "10316.00000", "2015-12-31": "11420.00000", "2014-12-31": "11704.00000", "2013-12-31": "9620.00000", "2012-12-31": "11005.00000", "2011-12-31": "12942.00000", "2010-12-31": "11464.00000", "2009-12-31": "4369.00000", "2008-12-31": "5292.00000", "2007-12-31": "6976.00000", "2006-12-31": "5044.00000", "2005-12-31": "8664.00000"}, "Total Depreciation And Amortization - Cash Flow": {"2020-12-31": "12239.00000", "2019-12-31": "10826.00000", "2018-12-31": "9085.00000", "2017-12-31": "8129.00000", "2016-12-31": "7790.00000", "2015-12-31": "8711.00000", "2014-12-31": "8549.00000", "2013-12-31": "8032.00000", "2012-12-31": "7522.00000", "2011-12-31": "6064.00000", "2010-12-31": "4638.00000", "2009-12-31": "5052.00000", "2008-12-31": "4616.00000", "2007-12-31": "4798.00000", "2006-12-31": "4912.00000", "2005-12-31": "4595.00000"}, "Other Non-Cash Items": {"2020-12-31": "67.00000", "2019-12-31": "123.00000", "2018-12-31": "1204.00000", "2017-12-31": "-1612.00000", "2016-12-31": "1269.00000", "2015-12-31": "126.00000", "2014-12-31": "264.00000", "2013-12-31": "-16.00000", "2012-12-31": "577.00000", "2011-12-31": "1530.00000", "2010-12-31": "458.00000", "2009-12-31": "1689.00000", "2008-12-31": "2523.00000", "2007-12-31": "777.00000", "2006-12-31": "736.00000", "2005-12-31": "57.00000"}, "Total Non-Cash Items": {"2020-12-31": "12306.00000", "2019-12-31": "10949.00000", "2018-12-31": "10289.00000", "2017-12-31": "6517.00000", "2016-12-31": "9059.00000", "2015-12-31": "8837.00000", "2014-12-31": "8813.00000", "2013-12-31": "8016.00000", "2012-12-31": "8099.00000", "2011-12-31": "7594.00000", "2010-12-31": "5096.00000", "2009-12-31": "6741.00000", "2008-12-31": "7139.00000", "2007-12-31": "5575.00000", "2006-12-31": "5648.00000", "2005-12-31": "4652.00000"}, "Change In Accounts Receivable": {"2020-12-31": "883.00000", "2019-12-31": "-935.00000", "2018-12-31": "-1714.00000", "2017-12-31": "-781.00000", "2016-12-31": "65.00000", "2015-12-31": "-355.00000", "2014-12-31": "-861.00000", "2013-12-31": "271.00000", "2012-12-31": "-176.00000", "2011-12-31": "-678.00000", "2010-12-31": "-584.00000", "2009-12-31": "-535.00000", "2008-12-31": "260.00000", "2007-12-31": "316.00000", "2006-12-31": "1229.00000", "2005-12-31": "-912.00000"}, "Change In Inventories": {"2020-12-31": "-687.00000", "2019-12-31": "-1481.00000", "2018-12-31": "-214.00000", "2017-12-31": "-1300.00000", "2016-12-31": "119.00000", "2015-12-31": "-764.00000", "2014-12-31": "-98.00000", "2013-12-31": "563.00000", "2012-12-31": "-626.00000", "2011-12-31": "-243.00000", "2010-12-31": "-806.00000", "2009-12-31": "796.00000", "2008-12-31": "-395.00000", "2007-12-31": "700.00000", "2006-12-31": "-1116.00000", "2005-12-31": "-500.00000"}, "Change In Accounts Payable": {"2020-12-31": "412.00000", "2019-12-31": "696.00000", "2018-12-31": "211.00000", "2017-12-31": "191.00000", "2016-12-31": "182.00000", "2015-12-31": "-312.00000", "2014-12-31": "-249.00000", "2013-12-31": "267.00000", "2012-12-31": "67.00000", "2011-12-31": "596.00000", "2010-12-31": "407.00000", "2009-12-31": "-506.00000", "2008-12-31": "29.00000", "2007-12-31": "102.00000", "2006-12-31": "7.00000", "2005-12-31": "303.00000"}, "Change In Assets/Liabilities": {"2020-12-31": "-512.00000", "2019-12-31": "1892.00000", "2018-12-31": "1668.00000", "2017-12-31": "793.00000", "2016-12-31": "394.00000", "2015-12-31": "517.00000", "2014-12-31": "1391.00000", "2013-12-31": "865.00000", "2012-12-31": "94.00000", "2011-12-31": "187.00000", "2010-12-31": "901.00000", "2009-12-31": "-52.00000", "2008-12-31": "4.00000", "2007-12-31": "-1150.00000", "2006-12-31": "315.00000", "2005-12-31": "1847.00000"}, "Total Change In Assets/Liabilities": {"2020-12-31": "2179.00000", "2019-12-31": "1148.00000", "2018-12-31": "-1910.00000", "2017-12-31": "5992.00000", "2016-12-31": "2433.00000", "2015-12-31": "-1239.00000", "2014-12-31": "-99.00000", "2013-12-31": "3140.00000", "2012-12-31": "-220.00000", "2011-12-31": "427.00000", "2010-12-31": "132.00000", "2009-12-31": "60.00000", "2008-12-31": "-1505.00000", "2007-12-31": "74.00000", "2006-12-31": "-60.00000", "2005-12-31": "1535.00000"}, "Cash Flow From Operating Activities": {"2020-12-31": "35384.00000", "2019-12-31": "33145.00000", "2018-12-31": "29432.00000", "2017-12-31": "22110.00000", "2016-12-31": "21808.00000", "2015-12-31": "19018.00000", "2014-12-31": "20418.00000", "2013-12-31": "20776.00000", "2012-12-31": "18884.00000", "2011-12-31": "20963.00000", "2010-12-31": "16692.00000", "2009-12-31": "11170.00000", "2008-12-31": "10926.00000", "2007-12-31": "12625.00000", "2006-12-31": "10632.00000", "2005-12-31": "14851.00000"}, "Net Change In Property, Plant, And Equipment": {"2020-12-31": "-14453.00000", "2019-12-31": "-16213.00000", "2018-12-31": "-15181.00000", "2017-12-31": "-11778.00000", "2016-12-31": "-9625.00000", "2015-12-31": "-7326.00000", "2014-12-31": "-10105.00000", "2013-12-31": "-10711.00000", "2012-12-31": "-11027.00000", "2011-12-31": "-10764.00000", "2010-12-31": "-5207.00000", "2009-12-31": "-4515.00000", "2008-12-31": "-5197.00000", "2007-12-31": "-5000.00000", "2006-12-31": "-5860.00000", "2005-12-31": "-5871.00000"}, "Net Change In Intangible Assets": {"2020-12-31": "", "2019-12-31": "", "2018-12-31": "", "2017-12-31": "", "2016-12-31": "", "2015-12-31": "", "2014-12-31": "", "2013-12-31": "-36.00000", "2012-12-31": "-815.00000", "2011-12-31": "-66.00000", "2010-12-31": "-14.00000", "2009-12-31": "", "2008-12-31": "", "2007-12-31": "", "2006-12-31": "", "2005-12-31": ""}, "Net Acquisitions/Divestitures": {"2020-12-31": "-714.00000", "2019-12-31": "-1047.00000", "2018-12-31": "358.00000", "2017-12-31": "-11375.00000", "2016-12-31": "-15470.00000", "2015-12-31": "-913.00000", "2014-12-31": "-934.00000", "2013-12-31": "-925.00000", "2012-12-31": "-638.00000", "2011-12-31": "-8671.00000", "2010-12-31": "-218.00000", "2009-12-31": "-853.00000", "2008-12-31": "69.00000", "2007-12-31": "-44.00000", "2006-12-31": "752.00000", "2005-12-31": "-191.00000"}, "Net Change In Short-term Investments": {"2020-12-31": "-7000.00000", "2019-12-31": "-1984.00000", "2018-12-31": "2608.00000", "2017-12-31": "3957.00000", "2016-12-31": "4315.00000", "2015-12-31": "8055.00000", "2014-12-31": "7712.00000", "2013-12-31": "5295.00000", "2012-12-31": "4263.00000", "2011-12-31": "11486.00000", "2010-12-31": "12529.00000", "2009-12-31": "5893.00000", "2008-12-31": "-910.00000", "2007-12-31": "", "2006-12-31": "", "2005-12-31": ""}, "Net Change In Long-Term Investments": {"2020-12-31": "109.00000", "2019-12-31": "4124.00000", "2018-12-31": "1248.00000", "2017-12-31": "2704.00000", "2016-12-31": "-6305.00000", "2015-12-31": "-8180.00000", "2014-12-31": "-7157.00000", "2013-12-31": "-11999.00000", "2012-12-31": "-6282.00000", "2011-12-31": "-2584.00000", "2010-12-31": "-17363.00000", "2009-12-31": "-8236.00000", "2008-12-31": "139.00000", "2007-12-31": "-5176.00000", "2006-12-31": "153.00000", "2005-12-31": "-235.00000"}, "Net Change In Investments - Total": {"2020-12-31": "-6891.00000", "2019-12-31": "2140.00000", "2018-12-31": "3856.00000", "2017-12-31": "6661.00000", "2016-12-31": "-1990.00000", "2015-12-31": "-125.00000", "2014-12-31": "555.00000", "2013-12-31": "-6704.00000", "2012-12-31": "-2019.00000", "2011-12-31": "8902.00000", "2010-12-31": "-4834.00000", "2009-12-31": "-2343.00000", "2008-12-31": "-771.00000", "2007-12-31": "-5176.00000", "2006-12-31": "153.00000", "2005-12-31": "-235.00000"}, "Investing Activities - Other": {"2020-12-31": "1262.00000", "2019-12-31": "715.00000", "2018-12-31": "-272.00000", "2017-12-31": "730.00000", "2016-12-31": "1268.00000", "2015-12-31": "181.00000", "2014-12-31": "579.00000", "2013-12-31": "303.00000", "2012-12-31": "439.00000", "2011-12-31": "298.00000", "2010-12-31": "-266.00000", "2009-12-31": "-254.00000", "2008-12-31": "34.00000", "2007-12-31": "294.00000", "2006-12-31": "-33.00000", "2005-12-31": "-118.00000"}, "Cash Flow From Investing Activities": {"2020-12-31": "-20796.00000", "2019-12-31": "-14405.00000", "2018-12-31": "-11239.00000", "2017-12-31": "-15762.00000", "2016-12-31": "-25817.00000", "2015-12-31": "-8183.00000", "2014-12-31": "-9905.00000", "2013-12-31": "-18073.00000", "2012-12-31": "-14060.00000", "2011-12-31": "-10301.00000", "2010-12-31": "-10539.00000", "2009-12-31": "-7965.00000", "2008-12-31": "-5865.00000", "2007-12-31": "-9926.00000", "2006-12-31": "-4988.00000", "2005-12-31": "-6415.00000"}, "Net Long-Term Debt": {"2020-12-31": "5722.00000", "2019-12-31": "765.00000", "2018-12-31": "-2603.00000", "2017-12-31": "-364.00000", "2016-12-31": "1234.00000", "2015-12-31": "9476.00000", "2014-12-31": "", "2013-12-31": "", "2012-12-31": "6124.00000", "2011-12-31": "4962.00000", "2010-12-31": "-157.00000", "2009-12-31": "1980.00000", "2008-12-31": "", "2007-12-31": "125.00000", "2006-12-31": "", "2005-12-31": "1723.00000"}, "Net Current Debt": {"2020-12-31": "", "2019-12-31": "", "2018-12-31": "", "2017-12-31": "", "2016-12-31": "-15.00000", "2015-12-31": "", "2014-12-31": "235.00000", "2013-12-31": "-31.00000", "2012-12-31": "65.00000", "2011-12-31": "209.00000", "2010-12-31": "23.00000", "2009-12-31": "-87.00000", "2008-12-31": "-40.00000", "2007-12-31": "-39.00000", "2006-12-31": "-695.00000", "2005-12-31": "126.00000"}, "Debt Issuance/Retirement Net - Total": {"2020-12-31": "5722.00000", "2019-12-31": "765.00000", "2018-12-31": "-2603.00000", "2017-12-31": "-364.00000", "2016-12-31": "1219.00000", "2015-12-31": "9476.00000", "2014-12-31": "235.00000", "2013-12-31": "-31.00000", "2012-12-31": "6189.00000", "2011-12-31": "5171.00000", "2010-12-31": "-134.00000", "2009-12-31": "1893.00000", "2008-12-31": "-40.00000", "2007-12-31": "86.00000", "2006-12-31": "-695.00000", "2005-12-31": "1849.00000"}, "Net Common Equity Issued/Repurchased": {"2020-12-31": "-13332.00000", "2019-12-31": "-12826.00000", "2018-12-31": "-10175.00000", "2017-12-31": "-2845.00000", "2016-12-31": "-1479.00000", "2015-12-31": "-2135.00000", "2014-12-31": "-9132.00000", "2013-12-31": "-559.00000", "2012-12-31": "-2654.00000", "2011-12-31": "-12295.00000", "2010-12-31": "-1149.00000", "2009-12-31": "-1362.00000", "2008-12-31": "-6090.00000", "2007-12-31": "264.00000", "2006-12-31": "-3547.00000", "2005-12-31": "-9435.00000"}, "Net Total Equity Issued/Repurchased": {"2020-12-31": "-13332.00000", "2019-12-31": "-12826.00000", "2018-12-31": "-10175.00000", "2017-12-31": "-2845.00000", "2016-12-31": "-1479.00000", "2015-12-31": "-2135.00000", "2014-12-31": "-9132.00000", "2013-12-31": "-559.00000", "2012-12-31": "-2654.00000", "2011-12-31": "-12295.00000", "2010-12-31": "-1149.00000", "2009-12-31": "-1362.00000", "2008-12-31": "-6090.00000", "2007-12-31": "264.00000", "2006-12-31": "-3547.00000", "2005-12-31": "-9435.00000"}, "Total Common And Preferred Stock Dividends Paid": {"2020-12-31": "-5568.00000", "2019-12-31": "-5576.00000", "2018-12-31": "-5541.00000", "2017-12-31": "-5072.00000", "2016-12-31": "-4925.00000", "2015-12-31": "-4556.00000", "2014-12-31": "-4409.00000", "2013-12-31": "-4479.00000", "2012-12-31": "-4350.00000", "2011-12-31": "-4127.00000", "2010-12-31": "-3503.00000", "2009-12-31": "-3108.00000", "2008-12-31": "-3100.00000", "2007-12-31": "-2618.00000", "2006-12-31": "-2320.00000", "2005-12-31": "-1958.00000"}, "Financial Activities - Other": {"2020-12-31": "261.00000", "2019-12-31": "72.00000", "2018-12-31": "-288.00000", "2017-12-31": "-194.00000", "2016-12-31": "-554.00000", "2015-12-31": "-873.00000", "2014-12-31": "-305.00000", "2013-12-31": "-429.00000", "2012-12-31": "-593.00000", "2011-12-31": "151.00000", "2010-12-31": "144.00000", "2009-12-31": "9.00000", "2008-12-31": "212.00000", "2007-12-31": "278.00000", "2006-12-31": "192.00000", "2005-12-31": "25.00000"}, "Cash Flow From Financial Activities": {"2020-12-31": "-12917.00000", "2019-12-31": "-17565.00000", "2018-12-31": "-18607.00000", "2017-12-31": "-8475.00000", "2016-12-31": "-5739.00000", "2015-12-31": "1912.00000", "2014-12-31": "-13611.00000", "2013-12-31": "-5498.00000", "2012-12-31": "-1408.00000", "2011-12-31": "-11100.00000", "2010-12-31": "-4642.00000", "2009-12-31": "-2568.00000", "2008-12-31": "-9018.00000", "2007-12-31": "-1990.00000", "2006-12-31": "-6370.00000", "2005-12-31": "-9519.00000"}, "Net Cash Flow": {"2020-12-31": "1671.00000", "2019-12-31": "1175.00000", "2018-12-31": "-414.00000", "2017-12-31": "-2127.00000", "2016-12-31": "-9748.00000", "2015-12-31": "12747.00000", "2014-12-31": "-3113.00000", "2013-12-31": "-2804.00000", "2012-12-31": "3413.00000", "2011-12-31": "-433.00000", "2010-12-31": "1511.00000", "2009-12-31": "637.00000", "2008-12-31": "-3957.00000", "2007-12-31": "709.00000", "2006-12-31": "-726.00000", "2005-12-31": "-1083.00000"}, "Stock-Based Compensation": {"2020-12-31": "1854.00000", "2019-12-31": "1705.00000", "2018-12-31": "1546.00000", "2017-12-31": "1358.00000", "2016-12-31": "1444.00000", "2015-12-31": "1305.00000", "2014-12-31": "1148.00000", "2013-12-31": "1118.00000", "2012-12-31": "1102.00000", "2011-12-31": "1053.00000", "2010-12-31": "917.00000", "2009-12-31": "889.00000", "2008-12-31": "851.00000", "2007-12-31": "952.00000", "2006-12-31": "1375.00000", "2005-12-31": ""}, "Common Stock Dividends Paid": {"2020-12-31": "-5568.00000", "2019-12-31": "-5576.00000", "2018-12-31": "-5541.00000", "2017-12-31": "-5072.00000", "2016-12-31": "-4925.00000", "2015-12-31": "-4556.00000", "2014-12-31": "-4409.00000", "2013-12-31": "-4479.00000", "2012-12-31": "-4350.00000", "2011-12-31": "-4127.00000", "2010-12-31": "-3503.00000", "2009-12-31": "-3108.00000", "2008-12-31": "-3100.00000", "2007-12-31": "-2618.00000", "2006-12-31": "-2320.00000", "2005-12-31": "-1958.00000"}}, "cash flow statement, quarterly": {"Net Income/Loss": {"2020-12-31": 5857, "2020-09-30": 4276, "2020-06-30": 5105, "2020-03-31": "5661.00000", "2019-12-31": 6905, "2019-09-30": 5990, "2019-06-30": 4179, "2019-03-31": "3974.00000", "2018-12-31": 5195, "2018-09-30": 6398, "2018-06-30": 5006, "2018-03-31": "4454.00000", "2017-12-31": -687, "2017-09-30": 4516, "2017-06-30": 2808, "2017-03-31": "2964.00000", "2016-12-31": 3562, "2016-09-30": 3378, "2016-06-30": 1330, "2016-03-31": "2046.00000", "2015-12-31": 3613, "2015-09-30": 3109, "2015-06-30": 2706, "2015-03-31": "1992.00000", "2014-12-31": 3661, "2014-09-30": 3317, "2014-06-30": 2796, "2014-03-31": "1930.00000", "2013-12-31": 2625, "2013-09-30": 2950, "2013-06-30": 2000, "2013-03-31": "2045.00000", "2012-12-31": 2468, "2012-09-30": 2972, "2012-06-30": 2827, "2012-03-31": "2738.00000", "2011-12-31": 3360, "2011-09-30": 3468, "2011-06-30": 2954, "2011-03-31": "3160.00000", "2010-12-31": 3180, "2010-09-30": 2955, "2010-06-30": 2887, "2010-03-31": "2442.00000", "2009-12-31": 2282, "2009-09-30": 1856, "2009-06-30": -398, "2009-03-31": "629.00000", "2008-12-31": 234, "2008-09-30": 2014, "2008-06-30": 1601, "2008-03-31": "1443.00000", "2007-12-31": 2271, "2007-09-30": 1791, "2007-06-30": 1278, "2007-03-31": "1636.00000", "2006-12-31": 1501, "2006-09-30": 1301, "2006-06-30": 885, "2006-03-31": "1357.00000", "2005-12-31": 2453, "2005-09-30": 1995, "2005-06-30": 2038, "2005-03-31": "2178.00000"}, "Total Depreciation And Amortization - Cash Flow": {"2020-12-31": 3003, "2020-09-30": 3123, "2020-06-30": 3063, "2020-03-31": "3050.00000", "2019-12-31": 2968, "2019-09-30": 2679, "2019-06-30": 2554, "2019-03-31": "2625.00000", "2018-12-31": 2493, "2018-09-30": 2274, "2018-06-30": 2122, "2018-03-31": "2196.00000", "2017-12-31": 2140, "2017-09-30": 2055, "2017-06-30": 1988, "2017-03-31": "1946.00000", "2016-12-31": 1930, "2016-09-30": 1928, "2016-06-30": 1917, "2016-03-31": "2015.00000", "2015-12-31": 2146, "2015-09-30": 2275, "2015-06-30": 2191, "2015-03-31": "2099.00000", "2014-12-31": 2174, "2014-09-30": 2198, "2014-06-30": 2170, "2014-03-31": "2007.00000", "2013-12-31": 1956, "2013-09-30": 2021, "2013-06-30": 1991, "2013-03-31": "2064.00000", "2012-12-31": 2005, "2012-09-30": 1893, "2012-06-30": 1839, "2012-03-31": "1785.00000", "2011-12-31": 1589, "2011-09-30": 1529, "2011-06-30": 1504, "2011-03-31": "1442.00000", "2010-12-31": 1206, "2010-09-30": 1142, "2010-06-30": 1149, "2010-03-31": "1141.00000", "2009-12-31": 1261, "2009-09-30": 1235, "2009-06-30": 1286, "2009-03-31": "1270.00000", "2008-12-31": 1219, "2008-09-30": 1127, "2008-06-30": 1105, "2008-03-31": "1165.00000", "2007-12-31": 1171, "2007-09-30": 1163, "2007-06-30": 1213, "2007-03-31": "1251.00000", "2006-12-31": 1227, "2006-09-30": 1256, "2006-06-30": 1215, "2006-03-31": "1214.00000", "2005-12-31": 1108, "2005-09-30": 1114, "2005-06-30": 1117, "2005-03-31": "1256.00000"}, "Other Non-Cash Items": {"2020-12-31": -1221, "2020-09-30": 439, "2020-06-30": 266, "2020-03-31": "583.00000", "2019-12-31": -772, "2019-09-30": 136, "2019-06-30": 644, "2019-03-31": "115.00000", "2018-12-31": 330, "2018-09-30": 455, "2018-06-30": 629, "2018-03-31": "-210.00000", "2017-12-31": -1474, "2017-09-30": -942, "2017-06-30": 365, "2017-03-31": "439.00000", "2016-12-31": -1051, "2016-09-30": 449, "2016-06-30": 1488, "2016-03-31": "383.00000", "2015-12-31": 227, "2015-09-30": -211, "2015-06-30": -138, "2015-03-31": "248.00000", "2014-12-31": -261, "2014-09-30": 82, "2014-06-30": 103, "2014-03-31": "340.00000", "2013-12-31": -49, "2013-09-30": -225, "2013-06-30": -6, "2013-03-31": "264.00000", "2012-12-31": 9, "2012-09-30": 121, "2012-06-30": 218, "2012-03-31": "229.00000", "2011-12-31": 416, "2011-09-30": 714, "2011-06-30": 402, "2011-03-31": "-2.00000", "2010-12-31": 66, "2010-09-30": 118, "2010-06-30": -30, "2010-03-31": "304.00000", "2009-12-31": 233, "2009-09-30": 475, "2009-06-30": 509, "2009-03-31": "472.00000", "2008-12-31": 1288, "2008-09-30": 537, "2008-06-30": 260, "2008-03-31": "438.00000", "2007-12-31": 250, "2007-09-30": 120, "2007-06-30": 239, "2007-03-31": "168.00000", "2006-12-31": 331, "2006-09-30": 159, "2006-06-30": -108, "2006-03-31": "354.00000", "2005-12-31": -134, "2005-09-30": 69, "2005-06-30": 0, "2005-03-31": "122.00000"}, "Total Non-Cash Items": {"2020-12-31": 1782, "2020-09-30": 3562, "2020-06-30": 3329, "2020-03-31": "3633.00000", "2019-12-31": 2196, "2019-09-30": 2815, "2019-06-30": 3198, "2019-03-31": "2740.00000", "2018-12-31": 2823, "2018-09-30": 2729, "2018-06-30": 2751, "2018-03-31": "1986.00000", "2017-12-31": 666, "2017-09-30": 1113, "2017-06-30": 2353, "2017-03-31": "2385.00000", "2016-12-31": 879, "2016-09-30": 2377, "2016-06-30": 3405, "2016-03-31": "2398.00000", "2015-12-31": 2373, "2015-09-30": 2064, "2015-06-30": 2053, "2015-03-31": "2347.00000", "2014-12-31": 1913, "2014-09-30": 2280, "2014-06-30": 2273, "2014-03-31": "2347.00000", "2013-12-31": 1907, "2013-09-30": 1796, "2013-06-30": 1985, "2013-03-31": "2328.00000", "2012-12-31": 2014, "2012-09-30": 2014, "2012-06-30": 2057, "2012-03-31": "2014.00000", "2011-12-31": 2005, "2011-09-30": 2243, "2011-06-30": 1906, "2011-03-31": "1440.00000", "2010-12-31": 1272, "2010-09-30": 1260, "2010-06-30": 1119, "2010-03-31": "1445.00000", "2009-12-31": 1494, "2009-09-30": 1710, "2009-06-30": 1795, "2009-03-31": "1742.00000", "2008-12-31": 2507, "2008-09-30": 1664, "2008-06-30": 1365, "2008-03-31": "1603.00000", "2007-12-31": 1421, "2007-09-30": 1283, "2007-06-30": 1452, "2007-03-31": "1419.00000", "2006-12-31": 1558, "2006-09-30": 1415, "2006-06-30": 1107, "2006-03-31": "1568.00000", "2005-12-31": 974, "2005-09-30": 1183, "2005-06-30": 1117, "2005-03-31": "1378.00000"}, "Change In Accounts Receivable": {"2020-12-31": 358, "2020-09-30": 301, "2020-06-30": 1020, "2020-03-31": "-796.00000", "2019-12-31": -779, "2019-09-30": -646, "2019-06-30": 725, "2019-03-31": "-235.00000", "2018-12-31": -1265, "2018-09-30": -818, "2018-06-30": 267, "2018-03-31": "102.00000", "2017-12-31": 347, "2017-09-30": -510, "2017-06-30": -513, "2017-03-31": "-105.00000", "2016-12-31": 165, "2016-09-30": -834, "2016-06-30": -208, "2016-03-31": "942.00000", "2015-12-31": -687, "2015-09-30": -241, "2015-06-30": -594, "2015-03-31": "1167.00000", "2014-12-31": -785, "2014-09-30": -165, "2014-06-30": 11, "2014-03-31": "78.00000", "2013-12-31": 140, "2013-09-30": -237, "2013-06-30": 75, "2013-03-31": "293.00000", "2012-12-31": 107, "2012-09-30": -386, "2012-06-30": 490, "2012-03-31": "-387.00000", "2011-12-31": 178, "2011-09-30": -468, "2011-06-30": 116, "2011-03-31": "-504.00000", "2010-12-31": 44, "2010-09-30": -481, "2010-06-30": -235, "2010-03-31": "88.00000", "2009-12-31": -248, "2009-09-30": -61, "2009-06-30": 148, "2009-03-31": "-374.00000", "2008-12-31": 731, "2008-09-30": -611, "2008-06-30": 312, "2008-03-31": "-172.00000", "2007-12-31": 294, "2007-09-30": -329, "2007-06-30": 334, "2007-03-31": "17.00000", "2006-12-31": 630, "2006-09-30": -147, "2006-06-30": 744, "2006-03-31": "2.00000", "2005-12-31": -164, "2005-09-30": -300, "2005-06-30": -221, "2005-03-31": "-227.00000"}, "Change In Inventories": {"2020-12-31": -117, "2020-09-30": -299, "2020-06-30": 277, "2020-03-31": "-548.00000", "2019-12-31": -105, "2019-09-30": 67, "2019-06-30": -931, "2019-03-31": "-512.00000", "2018-12-31": 148, "2018-09-30": -59, "2018-06-30": -207, "2018-03-31": "-96.00000", "2017-12-31": -55, "2017-09-30": -485, "2017-06-30": -528, "2017-03-31": "-232.00000", "2016-12-31": 237, "2016-09-30": -14, "2016-06-30": -47, "2016-03-31": "-57.00000", "2015-12-31": -124, "2015-09-30": -151, "2015-06-30": -352, "2015-03-31": "-137.00000", "2014-12-31": -157, "2014-09-30": -176, "2014-06-30": -170, "2014-03-31": "405.00000", "2013-12-31": 358, "2013-09-30": 10, "2013-06-30": -177, "2013-03-31": "372.00000", "2012-12-31": 572, "2012-09-30": -416, "2012-06-30": -401, "2012-03-31": "-381.00000", "2011-12-31": -133, "2011-09-30": 74, "2011-06-30": 67, "2011-03-31": "-251.00000", "2010-12-31": -327, "2010-09-30": -84, "2010-06-30": -344, "2010-03-31": "-51.00000", "2009-12-31": -440, "2009-09-30": 309, "2009-06-30": 241, "2009-03-31": "686.00000", "2008-12-31": -335, "2008-09-30": -131, "2008-06-30": -4, "2008-03-31": "75.00000", "2007-12-31": -44, "2007-09-30": 582, "2007-06-30": 227, "2007-03-31": "-65.00000", "2006-12-31": 147, "2006-09-30": -167, "2006-06-30": -737, "2006-03-31": "-359.00000", "2005-12-31": -307, "2005-09-30": -76, "2005-06-30": 70, "2005-03-31": "-187.00000"}, "Change In Accounts Payable": {"2020-12-31": 57, "2020-09-30": 147, "2020-06-30": 91, "2020-03-31": "117.00000", "2019-12-31": -32, "2019-09-30": 297, "2019-06-30": 235, "2019-03-31": "196.00000", "2018-12-31": -219, "2018-09-30": 156, "2018-06-30": 201, "2018-03-31": "73.00000", "2017-12-31": 20, "2017-09-30": -254, "2017-06-30": 237, "2017-03-31": "188.00000", "2016-12-31": -6, "2016-09-30": -187, "2016-06-30": -59, "2016-03-31": "434.00000", "2015-12-31": -226, "2015-09-30": 218, "2015-06-30": -233, "2015-03-31": "-71.00000", "2014-12-31": 43, "2014-09-30": -189, "2014-06-30": -8, "2014-03-31": "-95.00000", "2013-12-31": -45, "2013-09-30": 128, "2013-06-30": 201, "2013-03-31": "-17.00000", "2012-12-31": -165, "2012-09-30": -80, "2012-06-30": 275, "2012-03-31": "37.00000", "2011-12-31": -49, "2011-09-30": 257, "2011-06-30": -16, "2011-03-31": "404.00000", "2010-12-31": 387, "2010-09-30": -223, "2010-06-30": 214, "2010-03-31": "29.00000", "2009-12-31": -24, "2009-09-30": 182, "2009-06-30": 57, "2009-03-31": "-721.00000", "2008-12-31": -117, "2008-09-30": 128, "2008-06-30": 41, "2008-03-31": "-23.00000", "2007-12-31": 22, "2007-09-30": 157, "2007-06-30": -94, "2007-03-31": "17.00000", "2006-12-31": -145, "2006-09-30": -77, "2006-06-30": 67, "2006-03-31": "162.00000", "2005-12-31": 172, "2005-09-30": 84, "2005-06-30": -91, "2005-03-31": "138.00000"}, "Change In Assets/Liabilities": {"2020-12-31": -125, "2020-09-30": 471, "2020-06-30": 304, "2020-03-31": "-1162.00000", "2019-12-31": 797, "2019-09-30": 1091, "2019-06-30": 28, "2019-03-31": "-24.00000", "2018-12-31": 221, "2018-09-30": 270, "2018-06-30": 400, "2018-03-31": "777.00000", "2017-12-31": 478, "2017-09-30": 728, "2017-06-30": 39, "2017-03-31": "-452.00000", "2016-12-31": 727, "2016-09-30": 213, "2016-06-30": 352, "2016-03-31": "-898.00000", "2015-12-31": 361, "2015-09-30": -184, "2015-06-30": -215, "2015-03-31": "555.00000", "2014-12-31": 780, "2014-09-30": 499, "2014-06-30": 247, "2014-03-31": "-135.00000", "2013-12-31": 530, "2013-09-30": -58, "2013-06-30": 16, "2013-03-31": "377.00000", "2012-12-31": 315, "2012-09-30": 322, "2012-06-30": -184, "2012-03-31": "-359.00000", "2011-12-31": 247, "2011-09-30": -66, "2011-06-30": -127, "2011-03-31": "133.00000", "2010-12-31": 754, "2010-09-30": -360, "2010-06-30": 202, "2010-03-31": "305.00000", "2009-12-31": 371, "2009-09-30": -1114, "2009-06-30": 1124, "2009-03-31": "-433.00000", "2008-12-31": 74, "2008-09-30": -210, "2008-06-30": 93, "2008-03-31": "47.00000", "2007-12-31": -159, "2007-09-30": -394, "2007-06-30": -324, "2007-03-31": "-273.00000", "2006-12-31": -87, "2006-09-30": 66, "2006-06-30": 0, "2006-03-31": "336.00000", "2005-12-31": 570, "2005-09-30": 539, "2005-06-30": 369, "2005-03-31": "369.00000"}, "Total Change In Assets/Liabilities": {"2020-12-31": 2251, "2020-09-30": 341, "2020-06-30": 2723, "2020-03-31": "-3136.00000", "2019-12-31": 787, "2019-09-30": 1906, "2019-06-30": 210, "2019-03-31": "-1755.00000", "2018-12-31": -1118, "2018-09-30": -292, "2018-06-30": -344, "2018-03-31": "-156.00000", "2017-12-31": 7262, "2017-09-30": 635, "2017-06-30": -454, "2017-03-31": "-1451.00000", "2016-12-31": 3709, "2016-09-30": 3, "2016-06-30": -890, "2016-03-31": "-389.00000", "2015-12-31": -558, "2015-09-30": 562, "2015-06-30": -1319, "2015-03-31": "76.00000", "2014-12-31": 197, "2014-09-30": 96, "2014-06-30": 384, "2014-03-31": "-776.00000", "2013-12-31": 1506, "2013-09-30": 985, "2013-06-30": 737, "2013-03-31": "-88.00000", "2012-12-31": 1544, "2012-09-30": 161, "2012-06-30": -145, "2012-03-31": "-1780.00000", "2011-12-31": 1265, "2011-09-30": 638, "2011-06-30": -889, "2011-03-31": "-587.00000", "2010-12-31": 1098, "2010-09-30": -638, "2010-06-30": -520, "2010-03-31": "192.00000", "2009-12-31": -371, "2009-09-30": 437, "2009-06-30": 1987, "2009-03-31": "-1993.00000", "2008-12-31": -145, "2008-09-30": -391, "2008-06-30": -138, "2008-03-31": "-831.00000", "2007-12-31": 1042, "2007-09-30": 810, "2007-06-30": -275, "2007-03-31": "-1503.00000", "2006-12-31": 1124, "2006-09-30": 95, "2006-06-30": -450, "2006-03-31": "-829.00000", "2005-12-31": 330, "2005-09-30": 1188, "2005-06-30": -183, "2005-03-31": "200.00000"}, "Cash Flow From Operating Activities": {"2020-12-31": 9890, "2020-09-30": 8179, "2020-06-30": 11157, "2020-03-31": "6158.00000", "2019-12-31": 9888, "2019-09-30": 10711, "2019-06-30": 7587, "2019-03-31": "4959.00000", "2018-12-31": 6900, "2018-09-30": 8835, "2018-06-30": 7413, "2018-03-31": "6284.00000", "2017-12-31": 7241, "2017-09-30": 6264, "2017-06-30": 4707, "2017-03-31": "3898.00000", "2016-12-31": 8150, "2016-09-30": 5758, "2016-06-30": 3845, "2016-03-31": "4055.00000", "2015-12-31": 5428, "2015-09-30": 5735, "2015-06-30": 3440, "2015-03-31": "4415.00000", "2014-12-31": 5771, "2014-09-30": 5693, "2014-06-30": 5453, "2014-03-31": "3501.00000", "2013-12-31": 6038, "2013-09-30": 5731, "2013-06-30": 4722, "2013-03-31": "4285.00000", "2012-12-31": 6026, "2012-09-30": 5147, "2012-06-30": 4739, "2012-03-31": "2972.00000", "2011-12-31": 6630, "2011-09-30": 6349, "2011-06-30": 3971, "2011-03-31": "4013.00000", "2010-12-31": 5550, "2010-09-30": 3577, "2010-06-30": 3486, "2010-03-31": "4079.00000", "2009-12-31": 3405, "2009-09-30": 4003, "2009-06-30": 3384, "2009-03-31": "378.00000", "2008-12-31": 2596, "2008-09-30": 3287, "2008-06-30": 2828, "2008-03-31": "2215.00000", "2007-12-31": 4734, "2007-09-30": 3884, "2007-06-30": 2455, "2007-03-31": "1552.00000", "2006-12-31": 4183, "2006-09-30": 2811, "2006-06-30": 1542, "2006-03-31": "2096.00000", "2005-12-31": 3757, "2005-09-30": 4366, "2005-06-30": 2972, "2005-03-31": "3756.00000"}, "Net Change In Property, Plant, And Equipment": {"2020-12-31": -4061, "2020-09-30": -3716, "2020-06-30": -3408, "2020-03-31": "-3268.00000", "2019-12-31": -4666, "2019-09-30": -4672, "2019-06-30": -3554, "2019-03-31": "-3321.00000", "2018-12-31": -3890, "2018-09-30": -3851, "2018-06-30": -4530, "2018-03-31": "-2910.00000", "2017-12-31": -4069, "2017-09-30": -2979, "2017-06-30": -2778, "2017-03-31": "-1952.00000", "2016-12-31": -3530, "2016-09-30": -2463, "2016-06-30": -2286, "2016-03-31": "-1346.00000", "2015-12-31": -2328, "2015-09-30": -1206, "2015-06-30": -1767, "2015-03-31": "-2025.00000", "2014-12-31": -2143, "2014-09-30": -2445, "2014-06-30": -2828, "2014-03-31": "-2689.00000", "2013-12-31": -2948, "2013-09-30": -2866, "2013-06-30": -2723, "2013-03-31": "-2174.00000", "2012-12-31": -2504, "2012-09-30": -2887, "2012-06-30": -2662, "2012-03-31": "-2974.00000", "2011-12-31": -2844, "2011-09-30": -2713, "2011-06-30": -2484, "2011-03-31": "-2723.00000", "2010-12-31": -1869, "2010-09-30": -1362, "2010-06-30": -1048, "2010-03-31": "-928.00000", "2009-12-31": -1081, "2009-09-30": -944, "2009-06-30": -981, "2009-03-31": "-1509.00000", "2008-12-31": -1765, "2008-09-30": -1374, "2008-06-30": -1151, "2008-03-31": "-907.00000", "2007-12-31": -1273, "2007-09-30": -1088, "2007-06-30": -1278, "2007-03-31": "-1361.00000", "2006-12-31": -1148, "2006-09-30": -1188, "2006-06-30": -1762, "2006-03-31": "-1762.00000", "2005-12-31": -1412, "2005-09-30": -1282, "2005-06-30": -1389, "2005-03-31": "-1788.00000"}, "Net Change In Intangible Assets": {"2020-12-31": 0, "2020-09-30": 0, "2020-06-30": 0, "2020-03-31": "", "2019-12-31": 0, "2019-09-30": 0, "2019-06-30": 0, "2019-03-31": "", "2018-12-31": 0, "2018-09-30": 0, "2018-06-30": 0, "2018-03-31": "", "2017-12-31": 0, "2017-09-30": 0, "2017-06-30": 0, "2017-03-31": "", "2016-12-31": 0, "2016-09-30": 0, "2016-06-30": 0, "2016-03-31": "0.00000", "2015-12-31": 0, "2015-09-30": 0, "2015-06-30": 0, "2015-03-31": "", "2014-12-31": 0, "2014-09-30": 0, "2014-06-30": 0, "2014-03-31": "", "2013-12-31": -36, "2013-09-30": 0, "2013-06-30": 33, "2013-03-31": "-33.00000", "2012-12-31": -250, "2012-09-30": -477, "2012-06-30": -85, "2012-03-31": "-3.00000", "2011-12-31": -21, "2011-09-30": -45, "2011-06-30": 0, "2011-03-31": "", "2010-12-31": -14, "2010-09-30": 0, "2010-06-30": 0, "2010-03-31": "", "2009-12-31": 0, "2009-09-30": 0, "2009-06-30": 0, "2009-03-31": "", "2008-12-31": 0, "2008-09-30": 0, "2008-06-30": 0, "2008-03-31": "", "2007-12-31": 0, "2007-09-30": 0, "2007-06-30": 0, "2007-03-31": "", "2006-12-31": 0, "2006-09-30": 0, "2006-06-30": 0, "2006-03-31": "", "2005-12-31": 0, "2005-09-30": 0, "2005-06-30": 0, "2005-03-31": ""}, "Net Acquisitions/Divestitures": {"2020-12-31": -714, "2020-09-30": 0, "2020-06-30": 0, "2020-03-31": "", "2019-12-31": -1047, "2019-09-30": 0, "2019-06-30": 0, "2019-03-31": "", "2018-12-31": 358, "2018-09-30": 0, "2018-06-30": 0, "2018-03-31": "", "2017-12-31": 0, "2017-09-30": -12299, "2017-06-30": 924, "2017-03-31": "", "2016-12-31": -319, "2016-09-30": -532, "2016-06-30": -50, "2016-03-31": "-14569.00000", "2015-12-31": -375, "2015-09-30": -14, "2015-06-30": -467, "2015-03-31": "-57.00000", "2014-12-31": -741, "2014-09-30": -56, "2014-06-30": -29, "2014-03-31": "-108.00000", "2013-12-31": -43, "2013-09-30": -498, "2013-06-30": -286, "2013-03-31": "-98.00000", "2012-12-31": -70, "2012-09-30": -110, "2012-06-30": -282, "2012-03-31": "-176.00000", "2011-12-31": -244, "2011-09-30": -186, "2011-06-30": -75, "2011-03-31": "-8166.00000", "2010-12-31": -148, "2010-09-30": 0, "2010-06-30": -33, "2010-03-31": "-37.00000", "2009-12-31": 0, "2009-09-30": -853, "2009-06-30": 0, "2009-03-31": "", "2008-12-31": 3, "2008-09-30": -9, "2008-06-30": 0, "2008-03-31": "75.00000", "2007-12-31": -2, "2007-09-30": -42, "2007-06-30": 0, "2007-03-31": "", "2006-12-31": 600, "2006-09-30": 152, "2006-06-30": 0, "2006-03-31": "", "2005-12-31": -88, "2005-09-30": -22, "2005-06-30": -81, "2005-03-31": ""}, "Net Change In Short-term Investments": {"2020-12-31": -3483, "2020-09-30": 482, "2020-06-30": -4387, "2020-03-31": "388.00000", "2019-12-31": -1682, "2019-09-30": 388, "2019-06-30": -1323, "2019-03-31": "633.00000", "2018-12-31": -1013, "2018-09-30": 2431, "2018-06-30": 1935, "2018-03-31": "-745.00000", "2017-12-31": -1545, "2017-09-30": 7486, "2017-06-30": -2850, "2017-03-31": "866.00000", "2016-12-31": 1473, "2016-09-30": 2341, "2016-06-30": 537, "2016-03-31": "-36.00000", "2015-12-31": 3380, "2015-09-30": 668, "2015-06-30": 2005, "2015-03-31": "2002.00000", "2014-12-31": 8518, "2014-09-30": -5080, "2014-06-30": 1893, "2014-03-31": "2381.00000", "2013-12-31": 1853, "2013-09-30": 2339, "2013-06-30": 1025, "2013-03-31": "78.00000", "2012-12-31": -498, "2012-09-30": 1718, "2012-06-30": 952, "2012-03-31": "2091.00000", "2011-12-31": 1948, "2011-09-30": 1013, "2011-06-30": 2315, "2011-03-31": "6210.00000", "2010-12-31": 4978, "2010-09-30": 3146, "2010-06-30": 2851, "2010-03-31": "1554.00000", "2009-12-31": 1435, "2009-09-30": 3794, "2009-06-30": -1761, "2009-03-31": "2425.00000", "2008-12-31": -5898, "2008-09-30": 1307, "2008-06-30": 1315, "2008-03-31": "2366.00000", "2007-12-31": -5671, "2007-09-30": 2455, "2007-06-30": 1683, "2007-03-31": "1533.00000", "2006-12-31": -6092, "2006-09-30": 1756, "2006-06-30": 4336, "2006-03-31": "", "2005-12-31": -7439, "2005-09-30": 1494, "2005-06-30": 2326, "2005-03-31": "3619.00000"}, "Net Change In Long-Term Investments": {"2020-12-31": 1056, "2020-09-30": 2122, "2020-06-30": -2576, "2020-03-31": "-493.00000", "2019-12-31": 1620, "2019-09-30": 863, "2019-06-30": 1436, "2019-03-31": "205.00000", "2018-12-31": 2557, "2018-09-30": -1666, "2018-06-30": 1053, "2018-03-31": "-696.00000", "2017-12-31": 723, "2017-09-30": 552, "2017-06-30": 3175, "2017-03-31": "-1746.00000", "2016-12-31": -1243, "2016-09-30": -2391, "2016-06-30": -2452, "2016-03-31": "-219.00000", "2015-12-31": 166, "2015-09-30": -6642, "2015-06-30": -1330, "2015-03-31": "-374.00000", "2014-12-31": -7932, "2014-09-30": 6594, "2014-06-30": -3340, "2014-03-31": "-2479.00000", "2013-12-31": -2498, "2013-09-30": -2652, "2013-06-30": -3656, "2013-03-31": "-3193.00000", "2012-12-31": -2165, "2012-09-30": -3199, "2012-06-30": 327, "2012-03-31": "-1245.00000", "2011-12-31": -3813, "2011-09-30": -2130, "2011-06-30": -543, "2011-03-31": "3902.00000", "2010-12-31": -5867, "2010-09-30": -4900, "2010-06-30": -3580, "2010-03-31": "-3016.00000", "2009-12-31": -3044, "2009-09-30": -5417, "2009-06-30": 749, "2009-03-31": "-524.00000", "2008-12-31": 5662, "2008-09-30": -1321, "2008-06-30": -1790, "2008-03-31": "-2412.00000", "2007-12-31": 4616, "2007-09-30": -3570, "2007-06-30": -2809, "2007-03-31": "-3413.00000", "2006-12-31": 4973, "2006-09-30": -1387, "2006-06-30": -3087, "2006-03-31": "-346.00000", "2005-12-31": 5306, "2005-09-30": -1874, "2005-06-30": -1499, "2005-03-31": "-2168.00000"}, "Net Change In Investments - Total": {"2020-12-31": -2427, "2020-09-30": 2604, "2020-06-30": -6963, "2020-03-31": "-105.00000", "2019-12-31": -62, "2019-09-30": 1251, "2019-06-30": 113, "2019-03-31": "838.00000", "2018-12-31": 1544, "2018-09-30": 765, "2018-06-30": 2988, "2018-03-31": "-1441.00000", "2017-12-31": -822, "2017-09-30": 8038, "2017-06-30": 325, "2017-03-31": "-880.00000", "2016-12-31": 230, "2016-09-30": -50, "2016-06-30": -1915, "2016-03-31": "-255.00000", "2015-12-31": 3546, "2015-09-30": -5974, "2015-06-30": 675, "2015-03-31": "1628.00000", "2014-12-31": 586, "2014-09-30": 1514, "2014-06-30": -1447, "2014-03-31": "-98.00000", "2013-12-31": -645, "2013-09-30": -313, "2013-06-30": -2631, "2013-03-31": "-3115.00000", "2012-12-31": -2663, "2012-09-30": -1481, "2012-06-30": 1279, "2012-03-31": "846.00000", "2011-12-31": -1865, "2011-09-30": -1117, "2011-06-30": 1772, "2011-03-31": "10112.00000", "2010-12-31": -889, "2010-09-30": -1754, "2010-06-30": -729, "2010-03-31": "-1462.00000", "2009-12-31": -1609, "2009-09-30": -1623, "2009-06-30": -1012, "2009-03-31": "1901.00000", "2008-12-31": -236, "2008-09-30": -14, "2008-06-30": -475, "2008-03-31": "-46.00000", "2007-12-31": -1055, "2007-09-30": -1115, "2007-06-30": -1126, "2007-03-31": "-1880.00000", "2006-12-31": -1119, "2006-09-30": 369, "2006-06-30": 1249, "2006-03-31": "-346.00000", "2005-12-31": -2133, "2005-09-30": -380, "2005-06-30": 827, "2005-03-31": "1451.00000"}, "Investing Activities - Other": {"2020-12-31": 1518, "2020-09-30": 346, "2020-06-30": -239, "2020-03-31": "-363.00000", "2019-12-31": 1290, "2019-09-30": -489, "2019-06-30": 153, "2019-03-31": "-239.00000", "2018-12-31": 168, "2018-09-30": -349, "2018-06-30": 349, "2018-03-31": "-440.00000", "2017-12-31": -339, "2017-09-30": 924, "2017-06-30": 91, "2017-03-31": "54.00000", "2016-12-31": 175, "2016-09-30": 362, "2016-06-30": 81, "2016-03-31": "650.00000", "2015-12-31": 1885, "2015-09-30": -1973, "2015-06-30": 264, "2015-03-31": "5.00000", "2014-12-31": 394, "2014-09-30": 1, "2014-06-30": 38, "2014-03-31": "146.00000", "2013-12-31": -249, "2013-09-30": 354, "2013-06-30": 95, "2013-03-31": "103.00000", "2012-12-31": 155, "2012-09-30": 103, "2012-06-30": -15, "2012-03-31": "196.00000", "2011-12-31": 207, "2011-09-30": -46, "2011-06-30": 4, "2011-03-31": "133.00000", "2010-12-31": -52, "2010-09-30": 191, "2010-06-30": -160, "2010-03-31": "-245.00000", "2009-12-31": -79, "2009-09-30": 40, "2009-06-30": -232, "2009-03-31": "17.00000", "2008-12-31": 9, "2008-09-30": 65, "2008-06-30": 3, "2008-03-31": "-43.00000", "2007-12-31": 168, "2007-09-30": 77, "2007-06-30": 24, "2007-03-31": "25.00000", "2006-12-31": 2, "2006-09-30": 67, "2006-06-30": 91, "2006-03-31": "-193.00000", "2005-12-31": 8, "2005-09-30": -105, "2005-06-30": -27, "2005-03-31": "6.00000"}, "Cash Flow From Investing Activities": {"2020-12-31": -5684, "2020-09-30": -766, "2020-06-30": -10610, "2020-03-31": "-3736.00000", "2019-12-31": -4485, "2019-09-30": -3910, "2019-06-30": -3288, "2019-03-31": "-2722.00000", "2018-12-31": -1820, "2018-09-30": -3435, "2018-06-30": -1193, "2018-03-31": "-4791.00000", "2017-12-31": -5230, "2017-09-30": -6316, "2017-06-30": -1438, "2017-03-31": "-2778.00000", "2016-12-31": -3444, "2016-09-30": -2683, "2016-06-30": -4170, "2016-03-31": "-15520.00000", "2015-12-31": 2728, "2015-09-30": -9167, "2015-06-30": -1295, "2015-03-31": "-449.00000", "2014-12-31": -1904, "2014-09-30": -986, "2014-06-30": -4266, "2014-03-31": "-2749.00000", "2013-12-31": -3921, "2013-09-30": -3323, "2013-06-30": -5512, "2013-03-31": "-5317.00000", "2012-12-31": -5332, "2012-09-30": -4852, "2012-06-30": -1765, "2012-03-31": "-2111.00000", "2011-12-31": -4767, "2011-09-30": -4107, "2011-06-30": -783, "2011-03-31": "-644.00000", "2010-12-31": -2972, "2010-09-30": -2925, "2010-06-30": -1970, "2010-03-31": "-2672.00000", "2009-12-31": -2769, "2009-09-30": -3380, "2009-06-30": -2225, "2009-03-31": "409.00000", "2008-12-31": -1989, "2008-09-30": -1332, "2008-06-30": -1623, "2008-03-31": "-921.00000", "2007-12-31": -2162, "2007-09-30": -2168, "2007-06-30": -2380, "2007-03-31": "-3216.00000", "2006-12-31": -1665, "2006-09-30": -600, "2006-06-30": -422, "2006-03-31": "-2301.00000", "2005-12-31": -3625, "2005-09-30": -1789, "2005-06-30": -670, "2005-03-31": "-331.00000"}, "Net Long-Term Debt": {"2020-12-31": 0, "2020-09-30": -1750, "2020-06-30": -1700, "2020-03-31": "9172.00000", "2019-12-31": 1593, "2019-09-30": -396, "2019-06-30": 294, "2019-03-31": "-726.00000", "2018-12-31": -1098, "2018-09-30": -336, "2018-06-30": -842, "2018-03-31": "-327.00000", "2017-12-31": -6578, "2017-09-30": -364, "2017-06-30": 6578, "2017-03-31": "", "2016-12-31": -1500, "2016-09-30": 0, "2016-06-30": 2734, "2016-03-31": "", "2015-12-31": 1490, "2015-09-30": 7986, "2015-06-30": 0, "2015-03-31": "", "2014-12-31": 0, "2014-09-30": 0, "2014-06-30": 0, "2014-03-31": "", "2013-12-31": 0, "2013-09-30": 0, "2013-06-30": 0, "2013-03-31": "", "2012-12-31": 6124, "2012-09-30": 0, "2012-06-30": 0, "2012-03-31": "", "2011-12-31": 0, "2011-09-30": 4962, "2011-06-30": 0, "2011-03-31": "", "2010-12-31": -157, "2010-09-30": 0, "2010-06-30": 0, "2010-03-31": "", "2009-12-31": 0, "2009-09-30": 1980, "2009-06-30": 0, "2009-03-31": "", "2008-12-31": 0, "2008-09-30": 0, "2008-06-30": 0, "2008-03-31": "", "2007-12-31": 125, "2007-09-30": 0, "2007-06-30": 0, "2007-03-31": "", "2006-12-31": 0, "2006-09-30": 0, "2006-06-30": 0, "2006-03-31": "", "2005-12-31": 1723, "2005-09-30": 0, "2005-06-30": 0, "2005-03-31": ""}, "Net Current Debt": {"2020-12-31": -897, "2020-09-30": 897, "2020-06-30": 0, "2020-03-31": "", "2019-12-31": -1632, "2019-09-30": 636, "2019-06-30": -686, "2019-03-31": "1682.00000", "2018-12-31": -1707, "2018-09-30": -284, "2018-06-30": -151, "2018-03-31": "2142.00000", "2017-12-31": 5, "2017-09-30": 7, "2017-06-30": -447, "2017-03-31": "435.00000", "2016-12-31": -441, "2016-09-30": -990, "2016-06-30": 460, "2016-03-31": "956.00000", "2015-12-31": 473, "2015-09-30": 19, "2015-06-30": -6, "2015-03-31": "-486.00000", "2014-12-31": 437, "2014-09-30": 65, "2014-06-30": -22, "2014-03-31": "-245.00000", "2013-12-31": -69, "2013-09-30": 87, "2013-06-30": 175, "2013-03-31": "-224.00000", "2012-12-31": 256, "2012-09-30": -36, "2012-06-30": -270, "2012-03-31": "115.00000", "2011-12-31": 181, "2011-09-30": -5, "2011-06-30": 17, "2011-03-31": "16.00000", "2010-12-31": -64, "2010-09-30": 44, "2010-06-30": -115, "2010-03-31": "158.00000", "2009-12-31": -10, "2009-09-30": -1, "2009-06-30": -7, "2009-03-31": "-69.00000", "2008-12-31": -365, "2008-09-30": 292, "2008-06-30": -14, "2008-03-31": "47.00000", "2007-12-31": 5, "2007-09-30": -84, "2007-06-30": 82, "2007-03-31": "-42.00000", "2006-12-31": -2, "2006-09-30": -382, "2006-06-30": -227, "2006-03-31": "-84.00000", "2005-12-31": 62, "2005-09-30": -65, "2005-06-30": 95, "2005-03-31": "34.00000"}, "Debt Issuance/Retirement Net - Total": {"2020-12-31": -897, "2020-09-30": -853, "2020-06-30": -1700, "2020-03-31": "9172.00000", "2019-12-31": -39, "2019-09-30": 240, "2019-06-30": -392, "2019-03-31": "956.00000", "2018-12-31": -2805, "2018-09-30": -620, "2018-06-30": -993, "2018-03-31": "1815.00000", "2017-12-31": -6573, "2017-09-30": -357, "2017-06-30": 6131, "2017-03-31": "435.00000", "2016-12-31": -1941, "2016-09-30": -990, "2016-06-30": 3194, "2016-03-31": "956.00000", "2015-12-31": 1963, "2015-09-30": 8005, "2015-06-30": -6, "2015-03-31": "-486.00000", "2014-12-31": 437, "2014-09-30": 65, "2014-06-30": -22, "2014-03-31": "-245.00000", "2013-12-31": -69, "2013-09-30": 87, "2013-06-30": 175, "2013-03-31": "-224.00000", "2012-12-31": 6380, "2012-09-30": -36, "2012-06-30": -270, "2012-03-31": "115.00000", "2011-12-31": 181, "2011-09-30": 4957, "2011-06-30": 17, "2011-03-31": "16.00000", "2010-12-31": -221, "2010-09-30": 44, "2010-06-30": -115, "2010-03-31": "158.00000", "2009-12-31": -10, "2009-09-30": 1979, "2009-06-30": -7, "2009-03-31": "-69.00000", "2008-12-31": -365, "2008-09-30": 292, "2008-06-30": -14, "2008-03-31": "47.00000", "2007-12-31": 130, "2007-09-30": -84, "2007-06-30": 82, "2007-03-31": "-42.00000", "2006-12-31": -2, "2006-09-30": -382, "2006-06-30": -227, "2006-03-31": "-84.00000", "2005-12-31": 1785, "2005-09-30": -65, "2005-06-30": 95, "2005-03-31": "34.00000"}, "Net Common Equity Issued/Repurchased": {"2020-12-31": 897, "2020-09-30": -10512, "2020-06-30": 9, "2020-03-31": "-3726.00000", "2019-12-31": -2726, "2019-09-30": -4826, "2019-06-30": -3034, "2019-03-31": "-2240.00000", "2018-12-31": -2256, "2018-09-30": -2432, "2018-06-30": -3862, "2018-03-31": "-1625.00000", "2017-12-31": 129, "2017-09-30": -862, "2017-06-30": -1199, "2017-03-31": "-913.00000", "2016-12-31": -449, "2016-09-30": 40, "2016-06-30": -620, "2016-03-31": "-450.00000", "2015-12-31": -355, "2015-09-30": -807, "2015-06-30": -564, "2015-03-31": "-409.00000", "2014-12-31": -3906, "2014-09-30": -3606, "2014-06-30": -1554, "2014-03-31": "-66.00000", "2013-12-31": 32, "2013-09-30": -276, "2013-06-30": -221, "2013-03-31": "-94.00000", "2012-12-31": -539, "2012-09-30": -881, "2012-06-30": -959, "2012-03-31": "-275.00000", "2011-12-31": -3033, "2011-09-30": -3669, "2011-06-30": -1826, "2011-03-31": "-3767.00000", "2010-12-31": -1462, "2010-09-30": 146, "2010-06-30": -58, "2010-03-31": "225.00000", "2009-12-31": 23, "2009-09-30": -1554, "2009-06-30": -78, "2009-03-31": "247.00000", "2008-12-31": 2, "2008-09-30": -1843, "2008-06-30": -2216, "2008-03-31": "-2033.00000", "2007-12-31": -695, "2007-09-30": 134, "2007-06-30": 639, "2007-03-31": "186.00000", "2006-12-31": 129, "2006-09-30": -227, "2006-06-30": -882, "2006-03-31": "-2567.00000", "2005-12-31": -2993, "2005-09-30": -2144, "2005-06-30": -2208, "2005-03-31": "-2090.00000"}, "Net Total Equity Issued/Repurchased": {"2020-12-31": 897, "2020-09-30": -10512, "2020-06-30": 9, "2020-03-31": "-3726.00000", "2019-12-31": -2726, "2019-09-30": -4826, "2019-06-30": -3034, "2019-03-31": "-2240.00000", "2018-12-31": -2256, "2018-09-30": -2432, "2018-06-30": -3862, "2018-03-31": "-1625.00000", "2017-12-31": 129, "2017-09-30": -862, "2017-06-30": -1199, "2017-03-31": "-913.00000", "2016-12-31": -449, "2016-09-30": 40, "2016-06-30": -620, "2016-03-31": "-450.00000", "2015-12-31": -355, "2015-09-30": -807, "2015-06-30": -564, "2015-03-31": "-409.00000", "2014-12-31": -3906, "2014-09-30": -3606, "2014-06-30": -1554, "2014-03-31": "-66.00000", "2013-12-31": 32, "2013-09-30": -276, "2013-06-30": -221, "2013-03-31": "-94.00000", "2012-12-31": -539, "2012-09-30": -881, "2012-06-30": -959, "2012-03-31": "-275.00000", "2011-12-31": -3033, "2011-09-30": -3669, "2011-06-30": -1826, "2011-03-31": "-3767.00000", "2010-12-31": -1462, "2010-09-30": 146, "2010-06-30": -58, "2010-03-31": "225.00000", "2009-12-31": 23, "2009-09-30": -1554, "2009-06-30": -78, "2009-03-31": "247.00000", "2008-12-31": 2, "2008-09-30": -1843, "2008-06-30": -2216, "2008-03-31": "-2033.00000", "2007-12-31": -695, "2007-09-30": 134, "2007-06-30": 639, "2007-03-31": "186.00000", "2006-12-31": 129, "2006-09-30": -227, "2006-06-30": -882, "2006-03-31": "-2567.00000", "2005-12-31": -2993, "2005-09-30": -2144, "2005-06-30": -2208, "2005-03-31": "-2090.00000"}, "Total Common And Preferred Stock Dividends Paid": {"2020-12-31": -1353, "2020-09-30": -1404, "2020-06-30": -1403, "2020-03-31": "-1408.00000", "2019-12-31": -1362, "2019-09-30": -1386, "2019-06-30": -1414, "2019-03-31": "-1414.00000", "2018-12-31": -1368, "2018-09-30": -1373, "2018-06-30": -1400, "2018-03-31": "-1400.00000", "2017-12-31": -1278, "2017-09-30": -1278, "2017-06-30": -1287, "2017-03-31": "-1229.00000", "2016-12-31": -1233, "2016-09-30": -1231, "2016-06-30": -1233, "2016-03-31": "-1228.00000", "2015-12-31": -1133, "2015-09-30": -1140, "2015-06-30": -1146, "2015-03-31": "-1137.00000", "2014-12-31": -1069, "2014-09-30": -1095, "2014-06-30": -1126, "2014-03-31": "-1119.00000", "2013-12-31": -1121, "2013-09-30": -1121, "2013-06-30": -1123, "2013-03-31": "-1114.00000", "2012-12-31": -1119, "2012-09-30": -1125, "2012-06-30": -1057, "2012-03-31": "-1049.00000", "2011-12-31": -1070, "2011-09-30": -1102, "2011-06-30": -961, "2011-03-31": "-994.00000", "2010-12-31": -879, "2010-09-30": -877, "2010-06-30": -877, "2010-03-31": "-870.00000", "2009-12-31": -774, "2009-09-30": -771, "2009-06-30": -784, "2009-03-31": "-779.00000", "2008-12-31": -778, "2008-09-30": -783, "2008-06-30": -800, "2008-03-31": "-739.00000", "2007-12-31": -658, "2007-09-30": -657, "2007-06-30": -653, "2007-03-31": "-650.00000", "2006-12-31": -576, "2006-09-30": -577, "2006-06-30": -582, "2006-03-31": "-585.00000", "2005-12-31": -482, "2005-09-30": -486, "2005-06-30": -493, "2005-03-31": "-497.00000"}, "Financial Activities - Other": {"2020-12-31": -344, "2020-09-30": -24, "2020-06-30": -97, "2020-03-31": "726.00000", "2019-12-31": -1017, "2019-09-30": 239, "2019-06-30": 254, "2019-03-31": "596.00000", "2018-12-31": 961, "2018-09-30": -182, "2018-06-30": -905, "2018-03-31": "-162.00000", "2017-12-31": 69, "2017-09-30": -63, "2017-06-30": -161, "2017-03-31": "-39.00000", "2016-12-31": -275, "2016-09-30": -27, "2016-06-30": -192, "2016-03-31": "-60.00000", "2015-12-31": -387, "2015-09-30": -15, "2015-06-30": -229, "2015-03-31": "-242.00000", "2014-12-31": 99, "2014-09-30": 29, "2014-06-30": -213, "2014-03-31": "-220.00000", "2013-12-31": -164, "2013-09-30": 4, "2013-06-30": 37, "2013-03-31": "-306.00000", "2012-12-31": -455, "2012-09-30": 38, "2012-06-30": 110, "2012-03-31": "-286.00000", "2011-12-31": 72, "2011-09-30": -3, "2011-06-30": 25, "2011-03-31": "57.00000", "2010-12-31": -35, "2010-09-30": 38, "2010-06-30": 60, "2010-03-31": "81.00000", "2009-12-31": 3, "2009-09-30": 6, "2009-06-30": 0, "2009-03-31": "", "2008-12-31": 180, "2008-09-30": 4, "2008-06-30": 21, "2008-03-31": "7.00000", "2007-12-31": 114, "2007-09-30": 26, "2007-06-30": 94, "2007-03-31": "44.00000", "2006-12-31": 60, "2006-09-30": 8, "2006-06-30": 59, "2006-03-31": "65.00000", "2005-12-31": 25, "2005-09-30": 0, "2005-06-30": 0, "2005-03-31": ""}, "Cash Flow From Financial Activities": {"2020-12-31": -1697, "2020-09-30": -12793, "2020-06-30": -3191, "2020-03-31": "4764.00000", "2019-12-31": -5144, "2019-09-30": -5733, "2019-06-30": -4586, "2019-03-31": "-2102.00000", "2018-12-31": -5468, "2018-09-30": -4607, "2018-06-30": -7160, "2018-03-31": "-1372.00000", "2017-12-31": -7653, "2017-09-30": -2560, "2017-06-30": 3484, "2017-03-31": "-1746.00000", "2016-12-31": -3898, "2016-09-30": -2208, "2016-06-30": 1149, "2016-03-31": "-782.00000", "2015-12-31": 88, "2015-09-30": 6043, "2015-06-30": -1945, "2015-03-31": "-2274.00000", "2014-12-31": -4439, "2014-09-30": -4607, "2014-06-30": -2915, "2014-03-31": "-1650.00000", "2013-12-31": -1322, "2013-09-30": -1306, "2013-06-30": -1132, "2013-03-31": "-1738.00000", "2012-12-31": 4267, "2012-09-30": -2004, "2012-06-30": -2176, "2012-03-31": "-1495.00000", "2011-12-31": -3850, "2011-09-30": 183, "2011-06-30": -2745, "2011-03-31": "-4688.00000", "2010-12-31": -2597, "2010-09-30": -649, "2010-06-30": -990, "2010-03-31": "-406.00000", "2009-12-31": -758, "2009-09-30": -340, "2009-06-30": -869, "2009-03-31": "-601.00000", "2008-12-31": -961, "2008-09-30": -2330, "2008-06-30": -3009, "2008-03-31": "-2718.00000", "2007-12-31": -1109, "2007-09-30": -581, "2007-06-30": 162, "2007-03-31": "-462.00000", "2006-12-31": -389, "2006-09-30": -1178, "2006-06-30": -1632, "2006-03-31": "-3171.00000", "2005-12-31": -1665, "2005-09-30": -2695, "2005-06-30": -2606, "2005-03-31": "-2553.00000"}, "Net Cash Flow": {"2020-12-31": 2509, "2020-09-30": -5380, "2020-06-30": -2644, "2020-03-31": "7186.00000", "2019-12-31": 259, "2019-09-30": 1068, "2019-06-30": -287, "2019-03-31": "135.00000", "2018-12-31": -388, "2018-09-30": 793, "2018-06-30": -940, "2018-03-31": "121.00000", "2017-12-31": -5642, "2017-09-30": -2612, "2017-06-30": 6753, "2017-03-31": "-626.00000", "2016-12-31": 808, "2016-09-30": 867, "2016-06-30": 824, "2016-03-31": "-12247.00000", "2015-12-31": 8243, "2015-09-30": 2611, "2015-06-30": 210, "2015-03-31": "1683.00000", "2014-12-31": -582, "2014-09-30": 94, "2014-06-30": -1728, "2014-03-31": "-897.00000", "2013-12-31": 793, "2013-09-30": 1103, "2013-06-30": -1920, "2013-03-31": "-2780.00000", "2012-12-31": 4958, "2012-09-30": -1703, "2012-06-30": 794, "2012-03-31": "-636.00000", "2011-12-31": -1992, "2011-09-30": 2422, "2011-06-30": 447, "2011-03-31": "-1310.00000", "2010-12-31": -19, "2010-09-30": 3, "2010-06-30": 526, "2010-03-31": "1001.00000", "2009-12-31": -122, "2009-09-30": 283, "2009-06-30": 290, "2009-03-31": "186.00000", "2008-12-31": -354, "2008-09-30": -375, "2008-06-30": -1804, "2008-03-31": "-1424.00000", "2007-12-31": 1463, "2007-09-30": 1135, "2007-06-30": 237, "2007-03-31": "-2126.00000", "2006-12-31": 2129, "2006-09-30": 1033, "2006-06-30": -512, "2006-03-31": "-3376.00000", "2005-12-31": -1533, "2005-09-30": -118, "2005-06-30": -304, "2005-03-31": "872.00000"}, "Stock-Based Compensation": {"2020-12-31": 461, "2020-09-30": 452, "2020-06-30": 492, "2020-03-31": "449.00000", "2019-12-31": 415, "2019-09-30": 431, "2019-06-30": 470, "2019-03-31": "389.00000", "2018-12-31": 343, "2018-09-30": 383, "2018-06-30": 387, "2018-03-31": "433.00000", "2017-12-31": 307, "2017-09-30": 326, "2017-06-30": 328, "2017-03-31": "397.00000", "2016-12-31": 308, "2016-09-30": 324, "2016-06-30": 364, "2016-03-31": "448.00000", "2015-12-31": 296, "2015-09-30": 309, "2015-06-30": 332, "2015-03-31": "368.00000", "2014-12-31": 281, "2014-09-30": 281, "2014-06-30": 303, "2014-03-31": "283.00000", "2013-12-31": 263, "2013-09-30": 268, "2013-06-30": 292, "2013-03-31": "295.00000", "2012-12-31": 272, "2012-09-30": 276, "2012-06-30": 280, "2012-03-31": "274.00000", "2011-12-31": 241, "2011-09-30": 250, "2011-06-30": 262, "2011-03-31": "300.00000", "2010-12-31": 213, "2010-09-30": 224, "2010-06-30": 232, "2010-03-31": "248.00000", "2009-12-31": 200, "2009-09-30": 218, "2009-06-30": 258, "2009-03-31": "213.00000", "2008-12-31": 192, "2008-09-30": 197, "2008-06-30": 243, "2008-03-31": "219.00000", "2007-12-31": 204, "2007-09-30": 227, "2007-06-30": 237, "2007-03-31": "284.00000", "2006-12-31": 334, "2006-09-30": 335, "2006-06-30": 332, "2006-03-31": "374.00000", "2005-12-31": 0, "2005-09-30": 0, "2005-06-30": 0, "2005-03-31": ""}, "Common Stock Dividends Paid": {"2020-12-31": -1353, "2020-09-30": -1404, "2020-06-30": -1403, "2020-03-31": "-1408.00000", "2019-12-31": -1362, "2019-09-30": -1386, "2019-06-30": -1414, "2019-03-31": "-1414.00000", "2018-12-31": -1368, "2018-09-30": -1373, "2018-06-30": -1400, "2018-03-31": "-1400.00000", "2017-12-31": -1278, "2017-09-30": -1278, "2017-06-30": -1287, "2017-03-31": "-1229.00000", "2016-12-31": -1233, "2016-09-30": -1231, "2016-06-30": -1233, "2016-03-31": "-1228.00000", "2015-12-31": -1133, "2015-09-30": -1140, "2015-06-30": -1146, "2015-03-31": "-1137.00000", "2014-12-31": -1069, "2014-09-30": -1095, "2014-06-30": -1126, "2014-03-31": "-1119.00000", "2013-12-31": -1121, "2013-09-30": -1121, "2013-06-30": -1123, "2013-03-31": "-1114.00000", "2012-12-31": -1119, "2012-09-30": -1125, "2012-06-30": -1057, "2012-03-31": "-1049.00000", "2011-12-31": -1070, "2011-09-30": -1102, "2011-06-30": -961, "2011-03-31": "-994.00000", "2010-12-31": -879, "2010-09-30": -877, "2010-06-30": -877, "2010-03-31": "-870.00000", "2009-12-31": -774, "2009-09-30": -771, "2009-06-30": -784, "2009-03-31": "-779.00000", "2008-12-31": -778, "2008-09-30": -783, "2008-06-30": -800, "2008-03-31": "-739.00000", "2007-12-31": -658, "2007-09-30": -657, "2007-06-30": -653, "2007-03-31": "-650.00000", "2006-12-31": -576, "2006-09-30": -577, "2006-06-30": -582, "2006-03-31": "-585.00000", "2005-12-31": -482, "2005-09-30": -486, "2005-06-30": -493, "2005-03-31": "-497.00000"}}, "financial ratios": {"Current Ratio": {"2020-12-31": "1.90870", "2019-12-31": "1.40020", "2018-12-31": "1.73140", "2017-12-31": "1.69340", "2016-12-31": "1.74900", "2015-12-31": "2.44920", "2014-12-31": "1.73190", "2013-12-31": "2.36470", "2012-12-31": "2.43120", "2011-12-31": "2.15100", "2010-12-31": "3.38920", "2009-12-31": "2.78710", "2008-12-31": "2.54170", "2007-12-31": "2.78670", "2006-12-31": "2.14710", "2005-12-31": "2.29520"}, "Long-term Debt / Capital": {"2020-12-31": "0.29490", "2019-12-31": "0.24620", "2018-12-31": "0.25180", "2017-12-31": "0.26620", "2016-12-31": "0.23770", "2015-12-31": "0.24700", "2014-12-31": "0.17750", "2013-12-31": "0.18430", "2012-12-31": "0.20420", "2011-12-31": "0.13370", "2010-12-31": "0.04030", "2009-12-31": "0.04680", "2008-12-31": "0.02910", "2007-12-31": "0.04430", "2006-12-31": "0.04790", "2005-12-31": "0.05500"}, "Debt/Equity Ratio": {"2020-12-31": "0.44920", "2019-12-31": "0.37420", "2018-12-31": "0.35350", "2017-12-31": "0.38850", "2016-12-31": "0.38180", "2015-12-31": "0.37110", "2014-12-31": "0.24440", "2013-12-31": "0.23080", "2012-12-31": "0.26260", "2011-12-31": "0.15970", "2010-12-31": "0.04280", "2009-12-31": "0.05330", "2008-12-31": "0.03250", "2007-12-31": "0.04960", "2006-12-31": "0.05520", "2005-12-31": "0.06690"}, "Gross Margin": {"2020-12-31": "56.00830", "2019-12-31": "58.55620", "2018-12-31": "61.73360", "2017-12-31": "62.29670", "2016-12-31": "61.01170", "2015-12-31": "62.64840", "2014-12-31": "63.73550", "2013-12-31": "59.80310", "2012-12-31": "62.14920", "2011-12-31": "62.51410", "2010-12-31": "65.31190", "2009-12-31": "55.68650", "2008-12-31": "55.45680", "2007-12-31": "51.92260", "2006-12-31": "51.48950", "2005-12-31": "59.36490"}, "Operating Margin": {"2020-12-31": "30.40830", "2019-12-31": "30.61910", "2018-12-31": "32.90990", "2017-12-31": "28.75990", "2016-12-31": "22.11430", "2015-12-31": "25.29490", "2014-12-31": "27.46910", "2013-12-31": "23.31900", "2012-12-31": "27.44230", "2011-12-31": "32.36540", "2010-12-31": "35.73340", "2009-12-31": "16.25820", "2008-12-31": "23.82270", "2007-12-31": "21.43270", "2006-12-31": "15.97420", "2005-12-31": "31.13890"}, "EBIT Margin": {"2020-12-31": "30.40830", "2019-12-31": "30.61910", "2018-12-31": "32.90990", "2017-12-31": "28.75990", "2016-12-31": "22.11430", "2015-12-31": "25.29490", "2014-12-31": "27.46910", "2013-12-31": "23.31900", "2012-12-31": "27.44230", "2011-12-31": "32.36540", "2010-12-31": "35.73340", "2009-12-31": "16.25820", "2008-12-31": "23.82270", "2007-12-31": "21.43270", "2006-12-31": "15.97420", "2005-12-31": "31.13890"}, "EBITDA Margin": {"2020-12-31": "46.12610", "2019-12-31": "45.66250", "2018-12-31": "45.73310", "2017-12-31": "41.71220", "2016-12-31": "35.23160", "2015-12-31": "41.03150", "2014-12-31": "42.77070", "2013-12-31": "38.55770", "2012-12-31": "41.54400", "2011-12-31": "43.59530", "2010-12-31": "46.36550", "2009-12-31": "30.64030", "2008-12-31": "36.10390", "2007-12-31": "33.94900", "2006-12-31": "29.85700", "2005-12-31": "42.97380"}, "Pre-Tax Profit Margin": {"2020-12-31": "32.20620", "2019-12-31": "33.43010", "2018-12-31": "32.91130", "2017-12-31": "32.42780", "2016-12-31": "21.78260", "2015-12-31": "25.67430", "2014-12-31": "28.28170", "2013-12-31": "23.92620", "2012-12-31": "27.88290", "2011-12-31": "32.92840", "2010-12-31": "36.78110", "2009-12-31": "16.23820", "2008-12-31": "20.44910", "2007-12-31": "23.91090", "2006-12-31": "19.97630", "2005-12-31": "32.47820"}, "Net Profit Margin": {"2020-12-31": "26.83940", "2019-12-31": "29.24760", "2018-12-31": "29.71570", "2017-12-31": "15.29770", "2016-12-31": "17.37080", "2015-12-31": "20.63050", "2014-12-31": "20.94860", "2013-12-31": "18.25150", "2012-12-31": "20.63140", "2011-12-31": "23.96710", "2010-12-31": "26.27970", "2009-12-31": "12.43770", "2008-12-31": "14.07970", "2007-12-31": "18.19790", "2006-12-31": "14.25580", "2005-12-31": "22.31490"}, "Asset Turnover": {"2020-12-31": "0.50860", "2019-12-31": "0.52710", "2018-12-31": "0.55370", "2017-12-31": "0.50920", "2016-12-31": "0.52400", "2015-12-31": "0.54560", "2014-12-31": "0.60790", "2013-12-31": "0.57070", "2012-12-31": "0.63240", "2011-12-31": "0.75930", "2010-12-31": "0.69040", "2009-12-31": "0.66160", "2008-12-31": "0.74470", "2007-12-31": "0.68880", "2006-12-31": "0.73150", "2005-12-31": "0.80360"}, "Inventory Turnover Ratio": {"2020-12-31": "4.06490", "2019-12-31": "3.41090", "2018-12-31": "3.73790", "2017-12-31": "3.38870", "2016-12-31": "4.16960", "2015-12-31": "4.00150", "2014-12-31": "4.74160", "2013-12-31": "5.07840", "2012-12-31": "4.26490", "2011-12-31": "4.94190", "2010-12-31": "4.02770", "2009-12-31": "5.30360", "2008-12-31": "4.47170", "2007-12-31": "5.46880", "2006-12-31": "3.97870", "2005-12-31": "5.04700"}, "Receiveable Turnover": {"2020-12-31": "11.48140", "2019-12-31": "9.39610", "2018-12-31": "10.53970", "2017-12-31": "11.19330", "2016-12-31": "12.66250", "2015-12-31": "11.56360", "2014-12-31": "12.62030", "2013-12-31": "14.71470", "2012-12-31": "13.91630", "2011-12-31": "14.79430", "2010-12-31": "15.21560", "2009-12-31": "15.45400", "2008-12-31": "21.95440", "2007-12-31": "14.88120", "2006-12-31": "13.06090", "2005-12-31": "9.91980"}, "Days Sales In Receivables": {"2020-12-31": "31.79050", "2019-12-31": "38.84580", "2018-12-31": "34.63090", "2017-12-31": "32.60870", "2016-12-31": "28.82530", "2015-12-31": "31.56450", "2014-12-31": "28.92170", "2013-12-31": "24.80520", "2012-12-31": "26.22830", "2011-12-31": "24.67180", "2010-12-31": "23.98860", "2009-12-31": "23.61840", "2008-12-31": "16.62530", "2007-12-31": "24.52760", "2006-12-31": "27.94600", "2005-12-31": "36.79520"}, "ROE - Return On Equity": {"2020-12-31": "25.78910", "2019-12-31": "27.15730", "2018-12-31": "28.23520", "2017-12-31": "13.91070", "2016-12-31": "15.57700", "2015-12-31": "18.69530", "2014-12-31": "20.95050", "2013-12-31": "16.51330", "2012-12-31": "21.49290", "2011-12-31": "28.18930", "2010-12-31": "23.19240", "2009-12-31": "10.47620", "2008-12-31": "13.38190", "2007-12-31": "16.31360", "2006-12-31": "13.72440", "2005-12-31": "23.94560"}, "Return On Tangible Equity": {"2020-12-31": "46.40000", "2019-12-31": "52.09770", "2018-12-31": "55.09240", "2017-12-31": "30.11130", "2016-12-31": "24.19720", "2015-12-31": "24.92360", "2014-12-31": "28.85740", "2013-12-31": "22.58590", "2012-12-31": "31.21280", "2011-12-31": "42.58640", "2010-12-31": "26.03150", "2009-12-31": "11.71850", "2008-12-31": "14.85930", "2007-12-31": "17.95810", "2006-12-31": "15.33550", "2005-12-31": "26.81610"}, "ROA - Return On Assets": {"2020-12-31": "13.65140", "2019-12-31": "15.41710", "2018-12-31": "16.45240", "2017-12-31": "7.78990", "2016-12-31": "9.10290", "2015-12-31": "11.25580", "2014-12-31": "12.73560", "2013-12-31": "10.41600", "2012-12-31": "13.04670", "2011-12-31": "18.19770", "2010-12-31": "18.14330", "2009-12-31": "8.22860", "2008-12-31": "10.48500", "2007-12-31": "12.53530", "2006-12-31": "10.42840", "2005-12-31": "17.93270"}, "ROI - Return On Investment": {"2020-12-31": "18.18330", "2019-12-31": "20.47230", "2018-12-31": "21.12460", "2017-12-31": "10.20780", "2016-12-31": "11.87450", "2015-12-31": "14.07770", "2014-12-31": "17.23100", "2013-12-31": "13.46940", "2012-12-31": "17.10470", "2011-12-31": "24.42120", "2010-12-31": "22.25720", "2009-12-31": "9.98560", "2008-12-31": "12.99260", "2007-12-31": "15.59160", "2006-12-31": "13.06740", "2005-12-31": "22.62850"}, "Book Value Per Share": {"2020-12-31": "19.95030", "2019-12-31": "18.06620", "2018-12-31": "16.51090", "2017-12-31": "14.72560", "2016-12-31": "14.00130", "2015-12-31": "12.92800", "2014-12-31": "11.76600", "2013-12-31": "11.72860", "2012-12-31": "10.35660", "2011-12-31": "9.18220", "2010-12-31": "8.96930", "2009-12-31": "7.55100", "2008-12-31": "7.11000", "2007-12-31": "7.34990", "2006-12-31": "6.37390", "2005-12-31": "6.11290"}, "Operating Cash Flow Per Share": {"2020-12-31": 0.9511, "2019-12-31": 1.1492, "2018-12-31": 1.6879, "2017-12-31": 0.0995, "2016-12-31": 0.5874, "2015-12-31": -0.1524, "2014-12-31": -0.0377, "2013-12-31": 0.4164, "2012-12-31": -0.2144, "2011-12-31": 0.9436, "2010-12-31": 0.9518, "2009-12-31": 0.0779, "2008-12-31": -0.2261, "2007-12-31": 0.3187, "2006-12-31": -0.5957, "2005-12-31": 2.4039}, "Free Cash Flow Per Share": {"2020-12-31": 1.1605, "2019-12-31": 0.7539, "2018-12-31": 0.8946, "2017-12-31": -0.3622, "2016-12-31": 0.1101, "2015-12-31": 0.3492, "2014-12-31": 0.0651, "2013-12-31": 0.452, "2012-12-31": -0.3622, "2011-12-31": -0.1314, "2010-12-31": 0.8374, "2009-12-31": 0.1822, "2008-12-31": -0.2878, "2007-12-31": 0.4729, "2006-12-31": -0.6419, "2005-12-31": 1.4535}}, "financial ratios, quarterly": {"Current Ratio": {"2020-12-31": "1.90870", "2020-09-30": "1.66360", "2020-06-30": "1.97460", "2020-03-31": "1.73680", "2019-12-31": "1.40020", "2019-09-30": "1.19520", "2019-06-30": "1.48380", "2019-03-31": "1.53670", "2018-12-31": "1.73140", "2018-09-30": "1.51170", "2018-06-30": "1.57090", "2018-03-31": "1.58460", "2017-12-31": "1.69340", "2017-09-30": "1.60250", "2017-06-30": "2.16250", "2017-03-31": "1.69250", "2016-12-31": "1.74900", "2016-09-30": "1.80240", "2016-06-30": "1.66680", "2016-03-31": "1.56320", "2015-12-31": "2.44920", "2015-09-30": "2.40090", "2015-06-30": "1.97430", "2015-03-31": "1.76030", "2014-12-31": "1.73190", "2014-09-30": "1.84570", "2014-06-30": "2.36760", "2014-03-31": "2.25460", "2013-12-31": "2.36470", "2013-09-30": "2.25950", "2013-06-30": "2.55050", "2013-03-31": "2.43070", "2012-12-31": "2.43120", "2012-09-30": "1.92540", "2012-06-30": "2.44690", "2012-03-31": "2.12890", "2011-12-31": "2.15100", "2011-09-30": "2.24180", "2011-06-30": "2.23120", "2011-03-31": "1.97100", "2010-12-31": "3.38920", "2010-09-30": "3.33810", "2010-06-30": "3.33430", "2010-03-31": "2.66200", "2009-12-31": "2.78710", "2009-09-30": "2.48380", "2009-06-30": "2.60870", "2009-03-31": "2.86110", "2008-12-31": "2.54170", "2008-09-30": "2.12780", "2008-06-30": "2.46240", "2008-03-31": "2.54550", "2007-12-31": "2.78670", "2007-09-30": "2.76000", "2007-06-30": "3.03960", "2007-03-31": "2.67040", "2006-12-31": "2.14710", "2006-09-30": "1.94370", "2006-06-30": "1.98940", "2006-03-31": "1.83150", "2005-12-31": "2.29520", "2005-09-30": "2.28700", "2005-06-30": "2.85220", "2005-03-31": "2.73860"}, "Long-term Debt / Capital": {"2020-12-31": "0.29490", "2020-09-30": "0.32600", "2020-06-30": "0.30560", "2020-03-31": "0.32320", "2019-12-31": "0.24620", "2019-09-30": "0.24200", "2019-06-30": "0.25080", "2019-03-31": "0.25890", "2018-12-31": "0.25180", "2018-09-30": "0.25780", "2018-06-30": "0.26020", "2018-03-31": "0.26090", "2017-12-31": "0.26620", "2017-09-30": "0.27940", "2017-06-30": "0.28870", "2017-03-31": "0.23630", "2016-12-31": "0.23770", "2016-09-30": "0.27590", "2016-06-30": "0.28160", "2016-03-31": "0.26250", "2015-12-31": "0.24700", "2015-09-30": "0.26000", "2015-06-30": "0.17360", "2015-03-31": "0.18070", "2014-12-31": "0.17750", "2014-09-30": "0.17750", "2014-06-30": "0.18200", "2014-03-31": "0.18500", "2013-12-31": "0.18430", "2013-09-30": "0.19180", "2013-06-30": "0.19630", "2013-03-31": "0.20430", "2012-12-31": "0.20420", "2012-09-30": "0.12600", "2012-06-30": "0.12700", "2012-03-31": "0.13160", "2011-12-31": "0.13370", "2011-09-30": "0.13300", "2011-06-30": "0.04110", "2011-03-31": "0.04210", "2010-12-31": "0.04030", "2010-09-30": "0.04170", "2010-06-30": "0.04300", "2010-03-31": "0.04560", "2009-12-31": "0.04680", "2009-09-30": "0.05340", "2009-06-30": "0.02920", "2009-03-31": "0.02910", "2008-12-31": "0.02910", "2008-09-30": "0.04630", "2008-06-30": "0.04480", "2008-03-31": "0.04670", "2007-12-31": "0.04430", "2007-09-30": "0.04330", "2007-06-30": "0.04450", "2007-03-31": "0.04690", "2006-12-31": "0.04790", "2006-09-30": "0.05560", "2006-06-30": "0.05570", "2006-03-31": "0.05600", "2005-12-31": "0.05500", "2005-09-30": "0.01160", "2005-06-30": "0.01130", "2005-03-31": "0.01220"}, "Debt/Equity Ratio": {"2020-12-31": "0.44920", "2020-09-30": "0.49040", "2020-06-30": "0.46760", "2020-03-31": "0.52280", "2019-12-31": "0.37420", "2019-09-30": "0.38940", "2019-06-30": "0.38450", "2019-03-31": "0.38670", "2018-12-31": "0.35350", "2018-09-30": "0.38990", "2018-06-30": "0.40180", "2018-03-31": "0.40780", "2017-12-31": "0.38850", "2017-09-30": "0.44600", "2017-06-30": "0.46610", "2017-03-31": "0.38520", "2016-12-31": "0.38180", "2016-09-30": "0.43760", "2016-06-30": "0.46630", "2016-03-31": "0.41470", "2015-12-31": "0.37110", "2015-09-30": "0.37110", "2015-06-30": "0.22940", "2015-03-31": "0.24090", "2014-12-31": "0.24440", "2014-09-30": "0.23660", "2014-06-30": "0.22270", "2014-03-31": "0.22760", "2013-12-31": "0.23080", "2013-09-30": "0.24360", "2013-06-30": "0.24910", "2013-03-31": "0.25840", "2012-12-31": "0.26260", "2012-09-30": "0.14520", "2012-06-30": "0.14730", "2012-03-31": "0.15930", "2011-12-31": "0.15970", "2011-09-30": "0.15490", "2011-06-30": "0.04440", "2011-03-31": "0.04510", "2010-12-31": "0.04280", "2010-09-30": "0.04890", "2010-06-30": "0.04960", "2010-03-31": "0.05550", "2009-12-31": "0.05330", "2009-09-30": "0.05700", "2009-06-30": "0.03070", "2009-03-31": "0.03070", "2008-12-31": "0.03250", "2008-09-30": "0.06050", "2008-06-30": "0.05120", "2008-03-31": "0.05360", "2007-12-31": "0.04960", "2007-09-30": "0.04870", "2007-06-30": "0.05210", "2007-03-31": "0.05290", "2006-12-31": "0.05520", "2006-09-30": "0.06440", "2006-06-30": "0.06730", "2006-03-31": "0.06590", "2005-12-31": "0.06690", "2005-09-30": "0.01860", "2005-06-30": "0.01990", "2005-03-31": "0.01820"}, "Gross Margin": {"2020-12-31": "56.80250", "2020-09-30": "53.13370", "2020-06-30": "53.25930", "2020-03-31": "60.60120", "2019-12-31": "58.77580", "2019-09-30": "58.85880", "2019-06-30": "59.84850", "2019-03-31": "56.59050", "2018-12-31": "60.17580", "2018-09-30": "64.49930", "2018-06-30": "61.42550", "2018-03-31": "60.56890", "2017-12-31": "63.20300", "2017-09-30": "62.31970", "2017-06-30": "61.61350", "2017-03-31": "61.90860", "2016-12-31": "61.97020", "2016-09-30": "63.27160", "2016-06-30": "58.91530", "2016-03-31": "59.33440", "2015-12-31": "64.30200", "2015-09-30": "62.98650", "2015-06-30": "62.50850", "2015-03-31": "60.48040", "2014-12-31": "65.35560", "2014-09-30": "64.98560", "2014-06-30": "64.47110", "2014-03-31": "59.64430", "2013-12-31": "61.95610", "2013-09-30": "62.40450", "2013-06-30": "58.30930", "2013-03-31": "56.16850", "2012-12-31": "58.00250", "2012-09-30": "63.27560", "2012-06-30": "63.35830", "2012-03-31": "64.04000", "2011-12-31": "64.46320", "2011-09-30": "63.35980", "2011-06-30": "60.63540", "2011-03-31": "61.37620", "2010-12-31": "64.64170", "2010-09-30": "65.94310", "2010-06-30": "67.20860", "2010-03-31": "63.39450", "2009-12-31": "64.71760", "2009-09-30": "57.55670", "2009-06-30": "50.83500", "2009-03-31": "45.31840", "2008-12-31": "53.11210", "2008-09-30": "58.91160", "2008-06-30": "55.42770", "2008-03-31": "53.83030", "2007-12-31": "58.12170", "2007-09-30": "51.24880", "2007-06-30": "46.94700", "2007-03-31": "50.06780", "2006-12-31": "49.61830", "2006-09-30": "49.13610", "2006-06-30": "52.07890", "2006-03-31": "55.29080", "2005-12-31": "61.75870", "2005-09-30": "59.71890", "2005-06-30": "56.36440", "2005-03-31": "59.33860"}, "Operating Margin": {"2020-12-31": "29.45240", "2020-09-30": "27.59510", "2020-06-30": "28.87770", "2020-03-31": "35.49530", "2019-12-31": "33.63350", "2019-09-30": "33.59560", "2019-06-30": "27.97330", "2019-03-31": "25.98840", "2018-12-31": "33.36010", "2018-09-30": "38.35000", "2018-06-30": "31.08710", "2018-03-31": "27.82270", "2017-12-31": "31.87120", "2017-09-30": "31.83480", "2017-06-30": "26.02450", "2017-03-31": "24.54720", "2016-12-31": "29.22320", "2016-09-30": "28.27990", "2016-06-30": "9.73920", "2016-03-31": "18.74180", "2015-12-31": "28.82530", "2015-09-30": "28.98030", "2015-06-30": "21.94770", "2015-03-31": "20.46010", "2014-12-31": "30.24930", "2014-09-30": "31.19420", "2014-06-30": "27.79260", "2014-03-31": "19.66470", "2013-12-31": "25.65420", "2013-09-30": "25.98830", "2013-06-30": "21.22400", "2013-03-31": "20.02390", "2012-12-31": "23.41030", "2012-09-30": "28.54280", "2012-06-30": "28.38310", "2012-03-31": "29.52120", "2011-12-31": "33.11730", "2011-09-30": "33.61910", "2011-06-30": "30.19490", "2011-03-31": "32.36550", "2010-12-31": "35.11390", "2010-09-30": "37.25460", "2010-06-30": "36.98100", "2010-03-31": "33.47900", "2009-12-31": "23.62570", "2009-09-30": "27.46830", "2009-06-30": "-0.14960", "2009-03-31": "9.05530", "2008-12-31": "18.70900", "2008-09-30": "30.32200", "2008-06-30": "23.81200", "2008-03-31": "21.31710", "2007-12-31": "28.44470", "2007-09-30": "21.24880", "2007-06-30": "15.55300", "2007-03-31": "18.92230", "2006-12-31": "15.34970", "2006-09-30": "15.72260", "2006-06-30": "13.38490", "2006-03-31": "19.21700", "2005-12-31": "32.43800", "2005-09-30": "31.12450", "2005-06-30": "28.69680", "2005-03-31": "32.13910"}, "EBIT Margin": {"2020-12-31": "29.45240", "2020-09-30": "27.59510", "2020-06-30": "28.87770", "2020-03-31": "35.49530", "2019-12-31": "33.63350", "2019-09-30": "33.59560", "2019-06-30": "27.97330", "2019-03-31": "25.98840", "2018-12-31": "33.36010", "2018-09-30": "38.35000", "2018-06-30": "31.08710", "2018-03-31": "27.82270", "2017-12-31": "31.87120", "2017-09-30": "31.83480", "2017-06-30": "26.02450", "2017-03-31": "24.54720", "2016-12-31": "29.22320", "2016-09-30": "28.27990", "2016-06-30": "9.73920", "2016-03-31": "18.74180", "2015-12-31": "28.82530", "2015-09-30": "28.98030", "2015-06-30": "21.94770", "2015-03-31": "20.46010", "2014-12-31": "30.24930", "2014-09-30": "31.19420", "2014-06-30": "27.79260", "2014-03-31": "19.66470", "2013-12-31": "25.65420", "2013-09-30": "25.98830", "2013-06-30": "21.22400", "2013-03-31": "20.02390", "2012-12-31": "23.41030", "2012-09-30": "28.54280", "2012-06-30": "28.38310", "2012-03-31": "29.52120", "2011-12-31": "33.11730", "2011-09-30": "33.61910", "2011-06-30": "30.19490", "2011-03-31": "32.36550", "2010-12-31": "35.11390", "2010-09-30": "37.25460", "2010-06-30": "36.98100", "2010-03-31": "33.47900", "2009-12-31": "23.62570", "2009-09-30": "27.46830", "2009-06-30": "-0.14960", "2009-03-31": "9.05530", "2008-12-31": "18.70900", "2008-09-30": "30.32200", "2008-06-30": "23.81200", "2008-03-31": "21.31710", "2007-12-31": "28.44470", "2007-09-30": "21.24880", "2007-06-30": "15.55300", "2007-03-31": "18.92230", "2006-12-31": "15.34970", "2006-09-30": "15.72260", "2006-06-30": "13.38490", "2006-03-31": "19.21700", "2005-12-31": "32.43800", "2005-09-30": "31.12450", "2005-06-30": "28.69680", "2005-03-31": "32.13910"}, "EBITDA Margin": {"2020-12-31": "", "2020-09-30": "", "2020-06-30": "", "2020-03-31": "", "2019-12-31": "", "2019-09-30": "", "2019-06-30": "", "2019-03-31": "", "2018-12-31": "", "2018-09-30": "", "2018-06-30": "", "2018-03-31": "", "2017-12-31": "", "2017-09-30": "", "2017-06-30": "", "2017-03-31": "", "2016-12-31": "", "2016-09-30": "", "2016-06-30": "", "2016-03-31": "", "2015-12-31": "", "2015-09-30": "", "2015-06-30": "", "2015-03-31": "", "2014-12-31": "", "2014-09-30": "", "2014-06-30": "", "2014-03-31": "", "2013-12-31": "", "2013-09-30": "", "2013-06-30": "", "2013-03-31": "", "2012-12-31": "", "2012-09-30": "", "2012-06-30": "", "2012-03-31": "", "2011-12-31": "", "2011-09-30": "", "2011-06-30": "", "2011-03-31": "", "2010-12-31": "", "2010-09-30": "", "2010-06-30": "", "2010-03-31": "", "2009-12-31": "", "2009-09-30": "", "2009-06-30": "", "2009-03-31": "", "2008-12-31": "", "2008-09-30": "", "2008-06-30": "", "2008-03-31": "", "2007-12-31": "", "2007-09-30": "", "2007-06-30": "", "2007-03-31": "", "2006-12-31": "", "2006-09-30": "", "2006-06-30": "", "2006-03-31": "", "2005-12-31": "", "2005-09-30": "", "2005-06-30": "", "2005-03-31": ""}, "Pre-Tax Profit Margin": {"2020-12-31": "37.48120", "2020-09-30": "27.49690", "2020-06-30": "30.08410", "2020-03-31": "33.35690", "2019-12-31": "39.92280", "2019-09-30": "35.01300", "2019-06-30": "28.62160", "2019-03-31": "28.31080", "2018-12-31": "30.20310", "2018-09-30": "37.26970", "2018-06-30": "32.59640", "2018-03-31": "31.19010", "2017-12-31": "35.38970", "2017-09-30": "36.72050", "2017-06-30": "30.96930", "2017-03-31": "25.78400", "2016-12-31": "27.11620", "2016-09-30": "27.36720", "2016-06-30": "12.34020", "2016-03-31": "18.30390", "2015-12-31": "28.85210", "2015-09-30": "29.40200", "2015-06-30": "22.60710", "2015-03-31": "20.91390", "2014-12-31": "31.64870", "2014-09-30": "31.26290", "2014-06-30": "28.35660", "2014-03-31": "20.91820", "2013-12-31": "25.66860", "2013-09-30": "29.10330", "2013-06-30": "21.02100", "2013-03-31": "19.41970", "2012-12-31": "23.77380", "2012-09-30": "29.13730", "2012-06-30": "29.13860", "2012-03-31": "29.55220", "2011-12-31": "33.03090", "2011-09-30": "34.37080", "2011-06-30": "30.16420", "2011-03-31": "34.02350", "2010-12-31": "36.33590", "2010-09-30": "38.29040", "2010-06-30": "38.87600", "2010-03-31": "33.45960", "2009-12-31": "24.53400", "2009-09-30": "26.96770", "2009-06-30": "-0.62310", "2009-03-31": "8.80340", "2008-12-31": "4.48580", "2008-09-30": "27.72830", "2008-06-30": "24.42450", "2008-03-31": "22.44390", "2007-12-31": "30.44250", "2007-09-30": "24.80670", "2007-06-30": "17.61520", "2007-03-31": "21.15910", "2006-12-31": "21.94140", "2006-09-30": "20.75750", "2006-06-30": "15.64490", "2006-03-31": "20.96200", "2005-12-31": "33.93790", "2005-09-30": "32.56020", "2005-06-30": "29.83430", "2005-03-31": "33.40050"}, "Net Profit Margin": {"2020-12-31": "29.31730", "2020-09-30": "23.32410", "2020-06-30": "25.87690", "2020-03-31": "28.55050", "2019-12-31": "34.16800", "2019-09-30": "31.21420", "2019-06-30": "25.31960", "2019-03-31": "24.74320", "2018-12-31": "27.84480", "2018-09-30": "33.38730", "2018-06-30": "29.51300", "2018-03-31": "27.72310", "2017-12-31": "-4.02860", "2017-09-30": "27.96460", "2017-06-30": "19.02050", "2017-03-31": "20.03240", "2016-12-31": "21.75400", "2016-09-30": "21.40960", "2016-06-30": "9.82780", "2016-03-31": "14.93210", "2015-12-31": "24.22560", "2015-09-30": "21.49330", "2015-06-30": "20.50780", "2015-03-31": "15.58560", "2014-12-31": "24.86920", "2014-09-30": "22.79100", "2014-06-30": "20.21550", "2014-03-31": "15.12070", "2013-12-31": "18.97500", "2013-09-30": "21.87940", "2013-06-30": "15.61160", "2013-03-31": "16.25600", "2012-12-31": "18.31270", "2012-09-30": "22.08520", "2012-06-30": "20.93920", "2012-03-31": "21.21490", "2011-12-31": "24.19530", "2011-09-30": "24.36590", "2011-06-30": "22.66730", "2011-03-31": "24.59720", "2010-12-31": "27.75600", "2010-09-30": "26.61680", "2010-06-30": "26.81840", "2010-03-31": "23.71100", "2009-12-31": "21.59150", "2009-09-30": "19.76780", "2009-06-30": "-4.96010", "2009-03-31": "8.80340", "2008-12-31": "2.84460", "2008-09-30": "19.71220", "2008-06-30": "16.90600", "2008-03-31": "14.91780", "2007-12-31": "21.20050", "2007-09-30": "17.75030", "2007-06-30": "14.72350", "2007-03-31": "18.48170", "2006-12-31": "15.48380", "2006-09-30": "14.88730", "2006-06-30": "11.05010", "2006-03-31": "15.17900", "2005-12-31": "24.04670", "2005-09-30": "20.03010", "2005-06-30": "22.07780", "2005-03-31": "23.08670"}, "Asset Turnover": {"2020-12-31": "0.13050", "2020-09-30": "0.12620", "2020-06-30": "0.12930", "2020-03-31": "0.13420", "2019-12-31": "0.14800", "2019-09-30": "0.14350", "2019-06-30": "0.12620", "2019-03-31": "0.12410", "2018-12-31": "0.14580", "2018-09-30": "0.14940", "2018-06-30": "0.13460", "2018-03-31": "0.12490", "2017-12-31": "0.13840", "2017-09-30": "0.12710", "2017-06-30": "0.12090", "2017-03-31": "0.12790", "2016-12-31": "0.14450", "2016-09-30": "0.14060", "2016-06-30": "0.12320", "2016-03-31": "0.12990", "2015-12-31": "0.14700", "2015-09-30": "0.14680", "2015-06-30": "0.14580", "2015-03-31": "0.14270", "2014-12-31": "0.16020", "2014-09-30": "0.16060", "2014-06-30": "0.15070", "2014-03-31": "0.13880", "2013-12-31": "0.14980", "2013-09-30": "0.14890", "2013-06-30": "0.14960", "2013-03-31": "0.15140", "2012-12-31": "0.15980", "2012-09-30": "0.18080", "2012-06-30": "0.18660", "2012-03-31": "0.17970", "2011-12-31": "0.19530", "2011-09-30": "0.20170", "2011-06-30": "0.19720", "2011-03-31": "0.19600", "2010-12-31": "0.18130", "2010-09-30": "0.18320", "2010-06-30": "0.18660", "2010-03-31": "0.18470", "2009-12-31": "0.19910", "2009-09-30": "0.18410", "2009-06-30": "0.16360", "2009-03-31": "0.14750", "2008-12-31": "0.16300", "2008-09-30": "0.19380", "2008-06-30": "0.18080", "2008-03-31": "0.18120", "2007-12-31": "0.19250", "2007-09-30": "0.19020", "2007-06-30": "0.17260", "2007-03-31": "0.18160", "2006-12-31": "0.20040", "2006-09-30": "0.18650", "2006-06-30": "0.17380", "2006-03-31": "0.18940", "2005-12-31": "0.21110", "2005-09-30": "0.21030", "2005-06-30": "0.19850", "2005-03-31": "0.19830"}, "Inventory Turnover Ratio": {"2020-12-31": "1.02410", "2020-09-30": "0.92660", "2020-06-30": "1.02810", "2020-03-31": "0.84490", "2019-12-31": "0.95280", "2019-09-30": "0.91400", "2019-06-30": "0.76210", "2019-03-31": "0.89790", "2018-12-31": "1.02440", "2018-09-30": "0.91920", "2018-06-30": "0.89090", "2018-03-31": "0.88650", "2017-12-31": "0.89860", "2017-09-30": "0.87820", "2017-06-30": "0.89610", "2017-03-31": "0.97160", "2016-12-31": "1.12140", "2016-09-30": "1.00210", "2016-06-30": "0.95860", "2016-03-31": "0.96890", "2015-12-31": "1.03040", "2015-09-30": "1.07830", "2015-06-30": "1.02680", "2015-03-31": "1.14330", "2014-12-31": "1.19350", "2014-09-30": "1.23840", "2014-06-30": "1.24630", "2014-03-31": "1.36890", "2013-12-31": "1.26150", "2013-09-30": "1.11820", "2013-06-30": "1.17590", "2013-03-31": "1.26530", "2012-12-31": "1.19560", "2012-09-30": "0.92910", "2012-06-30": "1.00880", "2012-03-31": "1.03390", "2011-12-31": "1.20480", "2011-09-30": "1.31730", "2011-06-30": "1.27300", "2011-03-31": "1.21050", "2010-12-31": "1.07830", "2010-09-30": "1.10460", "2010-06-30": "1.05530", "2010-03-31": "1.26260", "2009-12-31": "1.27050", "2009-09-30": "1.60040", "2009-06-30": "1.40640", "2009-03-31": "1.28310", "2008-12-31": "1.03020", "2008-09-30": "1.23540", "2008-06-30": "1.29280", "2008-03-31": "1.36490", "2007-12-31": "1.33120", "2007-09-30": "1.39030", "2007-06-30": "1.11580", "2007-03-31": "1.01240", "2006-12-31": "1.13210", "2006-09-30": "0.99290", "2006-06-30": "0.88600", "2006-03-31": "1.12050", "2005-12-31": "1.24790", "2005-09-30": "1.42520", "2005-06-30": "1.47060", "2005-03-31": "1.36610"}, "Receiveable Turnover": {"2020-12-31": "2.94570", "2020-09-30": "2.56760", "2020-06-30": "2.65130", "2020-03-31": "2.34510", "2019-12-31": "2.63860", "2019-09-30": "2.78920", "2019-06-30": "2.64800", "2019-03-31": "2.30860", "2018-12-31": "2.77550", "2018-09-30": "3.51160", "2018-06-30": "3.65880", "2018-03-31": "3.29290", "2017-12-31": "3.04140", "2017-09-30": "2.71230", "2017-06-30": "2.73540", "2017-03-31": "3.00670", "2016-12-31": "3.49130", "2016-09-30": "3.18620", "2016-06-30": "3.05760", "2016-03-31": "3.25000", "2015-12-31": "3.11550", "2015-09-30": "3.52720", "2015-06-30": "3.41840", "2015-03-31": "3.93750", "2014-12-31": "3.32530", "2014-09-30": "3.99070", "2014-06-30": "3.96420", "2014-03-31": "3.64170", "2013-12-31": "3.86210", "2013-09-30": "3.62540", "2013-06-30": "3.68770", "2013-03-31": "3.55770", "2012-12-31": "3.51600", "2012-09-30": "3.41720", "2012-06-30": "3.80950", "2012-03-31": "3.19690", "2011-12-31": "3.80470", "2011-09-30": "3.72490", "2011-06-30": "3.87970", "2011-03-31": "3.62700", "2010-12-31": "3.99620", "2010-09-30": "3.81380", "2010-06-30": "4.43000", "2010-03-31": "4.69840", "2009-12-31": "4.64980", "2009-09-30": "4.63650", "2009-06-30": "4.14040", "2009-03-31": "3.42520", "2008-12-31": "4.80490", "2008-09-30": "3.73290", "2008-06-30": "3.94750", "2008-03-31": "3.54970", "2007-12-31": "4.15840", "2007-09-30": "3.44020", "2007-06-30": "3.42950", "2007-03-31": "3.18420", "2006-12-31": "3.57840", "2006-09-30": "2.60240", "2006-06-30": "2.52010", "2006-03-31": "2.28530", "2005-12-31": "2.60630", "2005-09-30": "2.65740", "2005-06-30": "2.67720", "2005-03-31": "2.92440"}, "Days Sales In Receivables": {"2020-12-31": "30.55260", "2020-09-30": "35.05160", "2020-06-30": "33.94620", "2020-03-31": "38.37760", "2019-12-31": "34.10910", "2019-09-30": "32.26680", "2019-06-30": "33.98790", "2019-03-31": "38.98450", "2018-12-31": "32.42640", "2018-09-30": "25.62910", "2018-06-30": "24.59850", "2018-03-31": "27.33160", "2017-12-31": "29.59190", "2017-09-30": "33.18220", "2017-06-30": "32.90190", "2017-03-31": "29.93310", "2016-12-31": "25.77870", "2016-09-30": "28.24690", "2016-06-30": "29.43470", "2016-03-31": "27.69230", "2015-12-31": "28.88760", "2015-09-30": "25.51610", "2015-06-30": "26.32820", "2015-03-31": "22.85740", "2014-12-31": "27.06540", "2014-09-30": "22.55260", "2014-06-30": "22.70340", "2014-03-31": "24.71400", "2013-12-31": "23.30350", "2013-09-30": "24.82460", "2013-06-30": "24.40560", "2013-03-31": "25.29730", "2012-12-31": "25.59690", "2012-09-30": "26.33720", "2012-06-30": "23.62490", "2012-03-31": "28.15200", "2011-12-31": "23.65520", "2011-09-30": "24.16150", "2011-06-30": "23.19750", "2011-03-31": "24.81360", "2010-12-31": "22.52160", "2010-09-30": "23.59850", "2010-06-30": "20.31580", "2010-03-31": "19.15530", "2009-12-31": "19.35570", "2009-09-30": "19.41100", "2009-06-30": "21.73730", "2009-03-31": "26.27570", "2008-12-31": "18.73090", "2008-09-30": "24.10980", "2008-06-30": "22.79940", "2008-03-31": "25.35410", "2007-12-31": "21.64300", "2007-09-30": "26.16160", "2007-06-30": "26.24310", "2007-03-31": "28.26480", "2006-12-31": "25.15060", "2006-09-30": "34.58290", "2006-06-30": "35.71230", "2006-03-31": "39.38260", "2005-12-31": "34.53190", "2005-09-30": "33.86750", "2005-06-30": "33.61720", "2005-03-31": "30.77590"}, "ROE - Return On Equity": {"2020-12-31": "7.22750", "2020-09-30": "5.73540", "2020-06-30": "6.22490", "2020-03-31": "7.41420", "2019-12-31": "8.90920", "2019-09-30": "8.06820", "2019-06-30": "5.57590", "2019-03-31": "5.39500", "2018-12-31": "6.96730", "2018-09-30": "8.95040", "2018-06-30": "7.14660", "2018-03-31": "6.34790", "2017-12-31": "-0.99540", "2017-09-30": "6.36630", "2017-06-30": "4.09180", "2017-03-31": "4.43420", "2016-12-31": "5.37860", "2016-09-30": "5.35210", "2016-06-30": "2.16730", "2016-03-31": "3.34460", "2015-12-31": "5.91470", "2015-09-30": "5.44510", "2015-06-30": "4.69020", "2015-03-31": "3.62680", "2014-12-31": "6.55330", "2014-09-30": "5.91550", "2014-06-30": "4.71920", "2014-03-31": "3.32540", "2013-12-31": "4.50600", "2013-09-30": "5.31990", "2013-06-30": "3.71470", "2013-03-31": "3.99460", "2012-12-31": "4.82000", "2012-09-30": "6.03220", "2012-06-30": "5.79550", "2012-03-31": "5.85540", "2011-12-31": "7.31850", "2011-09-30": "7.52000", "2011-06-30": "6.06280", "2011-03-31": "6.67380", "2010-12-31": "6.43330", "2010-09-30": "6.19550", "2010-06-30": "6.29790", "2010-03-31": "5.69230", "2009-12-31": "5.47190", "2009-09-30": "4.75500", "2009-06-30": "-1.01930", "2009-03-31": "1.61020", "2008-12-31": "0.59170", "2008-09-30": "5.17590", "2008-06-30": "3.96670", "2008-03-31": "3.54890", "2007-12-31": "5.31080", "2007-09-30": "4.37880", "2007-06-30": "3.21930", "2007-03-31": "4.35960", "2006-12-31": "4.08410", "2006-09-30": "3.71530", "2006-06-30": "2.54340", "2006-03-31": "3.94960", "2005-12-31": "6.77960", "2005-09-30": "5.43950", "2005-06-30": "5.41820", "2005-03-31": "5.77550"}, "Return On Tangible Equity": {"2020-12-31": "13.00370", "2020-09-30": "11.33680", "2020-06-30": "11.40430", "2020-03-31": "14.27780", "2019-12-31": "17.09120", "2019-09-30": "15.56010", "2019-06-30": "10.68390", "2019-03-31": "10.54590", "2018-12-31": "13.59450", "2018-09-30": "18.29570", "2018-06-30": "14.89970", "2018-03-31": "13.30980", "2017-12-31": "-2.15460", "2017-09-30": "13.48500", "2017-06-30": "6.15030", "2017-03-31": "6.80000", "2016-12-31": "8.35500", "2016-09-30": "8.50390", "2016-06-30": "3.96380", "2016-03-31": "6.18280", "2015-12-31": "7.88520", "2015-09-30": "7.39380", "2015-06-30": "6.37730", "2015-03-31": "4.98660", "2014-12-31": "9.02660", "2014-09-30": "8.06310", "2014-06-30": "6.36480", "2014-03-31": "4.54570", "2013-12-31": "6.16300", "2013-09-30": "7.45870", "2013-06-30": "5.23350", "2013-03-31": "5.73940", "2012-12-31": "6.99980", "2012-09-30": "8.89150", "2012-06-30": "8.47350", "2012-03-31": "8.74540", "2011-12-31": "11.05630", "2011-09-30": "11.35780", "2011-06-30": "8.98360", "2011-03-31": "10.06110", "2010-12-31": "7.22090", "2010-09-30": "6.83790", "2010-06-30": "6.98020", "2010-03-31": "6.35140", "2009-12-31": "6.12080", "2009-09-30": "5.36230", "2009-06-30": "-1.13340", "2009-03-31": "1.79040", "2008-12-31": "0.65700", "2008-09-30": "5.75640", "2008-06-30": "4.39280", "2008-03-31": "3.92720", "2007-12-31": "5.84620", "2007-09-30": "4.84250", "2007-06-30": "3.56610", "2007-03-31": "4.85960", "2006-12-31": "4.56360", "2006-09-30": "4.17580", "2006-06-30": "2.86180", "2006-03-31": "4.45140", "2005-12-31": "7.59230", "2005-09-30": "6.07080", "2005-06-30": "6.02800", "2005-03-31": "6.40680"}, "ROA - Return On Assets": {"2020-12-31": "3.82580", "2020-09-30": "2.94370", "2020-06-30": "3.34670", "2020-03-31": "3.83250", "2019-12-31": "5.05770", "2019-09-30": "4.47790", "2019-06-30": "3.19600", "2019-03-31": "3.06970", "2018-12-31": "4.05980", "2018-09-30": "4.98900", "2018-06-30": "3.97390", "2018-03-31": "3.46360", "2017-12-31": "-0.55740", "2017-09-30": "3.55340", "2017-06-30": "2.29960", "2017-03-31": "2.56300", "2016-12-31": "3.14310", "2016-09-30": "3.01020", "2016-06-30": "1.21100", "2016-03-31": "1.93990", "2015-12-31": "3.56100", "2015-09-30": "3.15470", "2015-06-30": "2.99030", "2015-03-31": "2.22410", "2014-12-31": "3.98370", "2014-09-30": "3.66050", "2014-06-30": "3.04600", "2014-03-31": "2.09940", "2013-12-31": "2.84220", "2013-09-30": "3.25780", "2013-06-30": "2.33480", "2013-03-31": "2.46140", "2012-12-31": "2.92590", "2012-09-30": "3.99240", "2012-06-30": "3.90730", "2012-03-31": "3.81250", "2011-12-31": "4.72450", "2011-09-30": "4.91560", "2011-06-30": "4.46970", "2011-03-31": "4.82060", "2010-12-31": "5.03280", "2010-09-30": "4.87720", "2010-06-30": "5.00420", "2010-03-31": "4.37850", "2009-12-31": "4.29800", "2009-09-30": "3.63950", "2009-06-30": "-0.81120", "2009-03-31": "1.29810", "2008-12-31": "0.46360", "2008-09-30": "3.82030", "2008-06-30": "3.05580", "2008-03-31": "2.70290", "2007-12-31": "4.08080", "2007-09-30": "3.37680", "2007-06-30": "2.54110", "2007-03-31": "3.35550", "2006-12-31": "3.10330", "2006-09-30": "2.77670", "2006-06-30": "1.92020", "2006-03-31": "2.87540", "2005-12-31": "5.07720", "2005-09-30": "4.21240", "2005-06-30": "4.38160", "2005-03-31": "4.57890"}, "ROI - Return On Investment": {"2020-12-31": "5.09590", "2020-09-30": "3.86570", "2020-06-30": "4.32250", "2020-03-31": "5.01820", "2019-12-31": "6.71610", "2019-09-30": "6.11540", "2019-06-30": "4.17750", "2019-03-31": "3.99810", "2018-12-31": "5.21270", "2018-09-30": "6.64340", "2018-06-30": "5.28730", "2018-03-31": "4.69160", "2017-12-31": "-0.73040", "2017-09-30": "4.58780", "2017-06-30": "2.91040", "2017-03-31": "3.38660", "2016-12-31": "4.10010", "2016-09-30": "3.87570", "2016-06-30": "1.55700", "2016-03-31": "2.46660", "2015-12-31": "4.45380", "2015-09-30": "4.02950", "2015-06-30": "3.87620", "2015-03-31": "2.97150", "2014-12-31": "5.38980", "2014-09-30": "4.86530", "2014-06-30": "3.86040", "2014-03-31": "2.71030", "2013-12-31": "3.67540", "2013-09-30": "4.29970", "2013-06-30": "2.98550", "2013-03-31": "3.17860", "2012-12-31": "3.83590", "2012-09-30": "5.27240", "2012-06-30": "5.05980", "2012-03-31": "5.08470", "2011-12-31": "6.34020", "2011-09-30": "6.51970", "2011-06-30": "5.81350", "2011-03-31": "6.39260", "2010-12-31": "6.17390", "2010-09-30": "5.93740", "2010-06-30": "6.02730", "2010-03-31": "5.43250", "2009-12-31": "5.21560", "2009-09-30": "4.50110", "2009-06-30": "-0.98950", "2009-03-31": "1.56340", "2008-12-31": "0.57450", "2008-09-30": "4.93630", "2008-06-30": "3.78910", "2008-03-31": "3.38340", "2007-12-31": "5.07580", "2007-09-30": "4.18900", "2007-06-30": "3.07610", "2007-03-31": "4.15500", "2006-12-31": "3.88860", "2006-09-30": "3.50890", "2006-06-30": "2.40160", "2006-03-31": "3.72820", "2005-12-31": "6.40670", "2005-09-30": "5.37620", "2005-06-30": "5.35700", "2005-03-31": "5.70530"}, "Book Value Per Share": {"2020-12-31": "19.95030", "2020-09-30": "18.19280", "2020-06-30": "19.28290", "2020-03-31": "18.03350", "2019-12-31": "18.06620", "2019-09-30": "17.06710", "2019-06-30": "16.91810", "2019-03-31": "16.45320", "2018-12-31": "16.51090", "2018-09-30": "15.66240", "2018-06-30": "15.19130", "2018-03-31": "15.05690", "2017-12-31": "14.72560", "2017-09-30": "15.15730", "2017-06-30": "14.60420", "2017-03-31": "14.19500", "2016-12-31": "14.00130", "2016-09-30": "13.31820", "2016-06-30": "12.97950", "2016-03-31": "12.97160", "2015-12-31": "12.92800", "2015-09-30": "12.07130", "2015-06-30": "12.13870", "2015-03-31": "11.58250", "2014-12-31": "11.76600", "2014-09-30": "11.54480", "2014-06-30": "11.97390", "2014-03-31": "11.67300", "2013-12-31": "11.72860", "2013-09-30": "11.15060", "2013-06-30": "10.80910", "2013-03-31": "10.34640", "2012-12-31": "10.35660", "2012-09-30": "9.88940", "2012-06-30": "9.73050", "2012-03-31": "9.34080", "2011-12-31": "9.18220", "2011-09-30": "9.01070", "2011-06-30": "9.21910", "2011-03-31": "8.87350", "2010-12-31": "8.96930", "2010-09-30": "8.55380", "2010-06-30": "8.23440", "2010-03-31": "7.74790", "2009-12-31": "7.55100", "2009-09-30": "7.07120", "2009-06-30": "6.97640", "2009-03-31": "6.99450", "2008-12-31": "7.11000", "2008-09-30": "6.99590", "2008-06-30": "7.15620", "2008-03-31": "7.10590", "2007-12-31": "7.34990", "2007-09-30": "7.00740", "2007-06-30": "6.81740", "2007-03-31": "6.49130", "2006-12-31": "6.37390", "2006-09-30": "6.08150", "2006-06-30": "6.03360", "2006-03-31": "5.91560", "2005-12-31": "6.11290", "2005-09-30": "6.08430", "2005-06-30": "6.17330", "2005-03-31": "6.10900"}, "Operating Cash Flow Per Share": {"2020-12-31": 2.307, "2020-09-30": 2.0123, "2020-06-30": 2.6137, "2020-03-31": "1.42810", "2019-12-31": 2.1637, "2019-09-30": 2.4725, "2019-06-30": 1.6873, "2019-03-31": "1.08650", "2018-12-31": 1.4131, "2018-09-30": 1.9623, "2018-06-30": 1.5735, "2018-03-31": "1.31190", "2017-12-31": 1.4887, "2017-09-30": 1.3081, "2017-06-30": 0.9775, "2017-03-31": "0.79860", "2016-12-31": 1.6729, "2016-09-30": 1.177, "2016-06-30": 0.7917, "2016-03-31": "0.83180", "2015-12-31": 1.0989, "2015-09-30": 1.187, "2015-06-30": 0.7016, "2015-03-31": "0.89850", "2014-12-31": 1.1351, "2014-09-30": 1.1555, "2014-06-30": 1.0636, "2014-03-31": "0.68420", "2013-12-31": 1.1863, "2013-09-30": 1.1258, "2013-06-30": 0.9205, "2013-03-31": "0.84350", "2012-12-31": 1.1645, "2012-09-30": 1.012, "2012-06-30": 0.9108, "2012-03-31": "0.57240", "2011-12-31": 1.19, "2011-09-30": 1.2167, "2011-06-30": 0.7516, "2011-03-31": "0.71580", "2010-12-31": 0.9737, "2010-09-30": 0.6322, "2010-06-30": 0.6066, "2010-03-31": "0.71800", "2009-12-31": 0.596, "2009-09-30": 0.7103, "2009-06-30": 0.6053, "2009-03-31": "0.06710", "2008-12-31": 0.4373, "2008-09-30": 0.594, "2008-06-30": 0.4927, "2008-03-31": "0.37680", "2007-12-31": 0.8045, "2007-09-30": 0.6452, "2007-06-30": 0.413, "2007-03-31": "0.26420", "2006-12-31": 0.7024, "2006-09-30": 0.4858, "2006-06-30": 0.268, "2006-03-31": "0.35200", "2005-12-31": 0.5982, "2005-09-30": 0.7232, "2005-06-30": 0.4837, "2005-03-31": "0.59880"}, "Free Cash Flow Per Share": {"2020-12-31": 1.3596, "2020-09-30": 1.1029, "2020-06-30": 1.8132, "2020-03-31": "0.67020", "2019-12-31": 1.1438, "2019-09-30": 1.3878, "2019-06-30": 0.8949, "2019-03-31": "0.35890", "2018-12-31": 0.613, "2018-09-30": 1.1004, "2018-06-30": 0.6137, "2018-03-31": "0.70440", "2017-12-31": 0.6517, "2017-09-30": 0.6854, "2017-06-30": 0.4011, "2017-03-31": "0.39870", "2016-12-31": 0.9484, "2016-09-30": 0.6736, "2016-06-30": 0.3214, "2016-03-31": "0.55570", "2015-12-31": 0.6269, "2015-09-30": 0.9344, "2015-06-30": 0.3413, "2015-03-31": "0.48640", "2014-12-31": 0.7147, "2014-09-30": 0.6542, "2014-06-30": 0.5122, "2014-03-31": "0.15870", "2013-12-31": 0.6071, "2013-09-30": 0.5627, "2013-06-30": 0.3893, "2013-03-31": "0.41560", "2012-12-31": 0.6814, "2012-09-30": 0.4422, "2012-06-30": 0.3995, "2012-03-31": "-0.00040", "2011-12-31": 0.684, "2011-09-30": 0.6905, "2011-06-30": 0.2803, "2011-03-31": "0.23010", "2010-12-31": 0.6457, "2010-09-30": 0.392, "2010-06-30": 0.4239, "2010-03-31": "0.55470", "2009-12-31": 0.4077, "2009-09-30": 0.5439, "2009-06-30": 0.428, "2009-03-31": "-0.20070", "2008-12-31": 0.1362, "2008-09-30": 0.3458, "2008-06-30": 0.2922, "2008-03-31": "0.22250", "2007-12-31": 0.5867, "2007-09-30": 0.4666, "2007-06-30": 0.1987, "2007-03-31": "0.03250", "2006-12-31": 0.5138, "2006-09-30": 0.2784, "2006-06-30": -0.0367, "2006-03-31": "0.05610", "2005-12-31": 0.3736, "2005-09-30": 0.5085, "2005-06-30": 0.2577, "2005-03-31": "0.31370"}}, "revenue": {"Intel Annual Revenue (Millions of US $)": {"2020": "$77,867", "2019": "$71,965", "2018": "$70,848", "2017": "$62,761", "2016": "$59,387", "2015": "$55,355", "2014": "$55,870", "2013": "$52,708", "2012": "$53,341", "2011": "$53,999", "2010": "$43,623", "2009": "$35,127", "2008": "$37,586", "2007": "$38,334", "2006": "$35,382", "2005": "$38,826"}, "Intel Quarterly Revenue (Millions of US $)": {"2020-12-31": "$19,978", "2020-09-30": "$18,333", "2020-06-30": "$19,728", "2020-03-31": "$19,828", "2019-12-31": "$20,209", "2019-09-30": "$19,190", "2019-06-30": "$16,505", "2019-03-31": "$16,061", "2018-12-31": "$18,657", "2018-09-30": "$19,163", "2018-06-30": "$16,962", "2018-03-31": "$16,066", "2017-12-31": "$17,053", "2017-09-30": "$16,149", "2017-06-30": "$14,763", "2017-03-31": "$14,796", "2016-12-31": "$16,374", "2016-09-30": "$15,778", "2016-06-30": "$13,533", "2016-03-31": "$13,702", "2015-12-31": "$14,914", "2015-09-30": "$14,465", "2015-06-30": "$13,195", "2015-03-31": "$12,781", "2014-12-31": "$14,721", "2014-09-30": "$14,554", "2014-06-30": "$13,831", "2014-03-31": "$12,764", "2013-12-31": "$13,834", "2013-09-30": "$13,483", "2013-06-30": "$12,811", "2013-03-31": "$12,580", "2012-12-31": "$13,477", "2012-09-30": "$13,457", "2012-06-30": "$13,501", "2012-03-31": "$12,906", "2011-12-31": "$13,887", "2011-09-30": "$14,233", "2011-06-30": "$13,032", "2011-03-31": "$12,847", "2010-12-31": "$11,457", "2010-09-30": "$11,102", "2010-06-30": "$10,765", "2010-03-31": "$10,299", "2009-12-31": "$10,569", "2009-09-30": "$9,389", "2009-06-30": "$8,024", "2009-03-31": "$7,145", "2008-12-31": "$8,226", "2008-09-30": "$10,217", "2008-06-30": "$9,470", "2008-03-31": "$9,673", "2007-12-31": "$10,712", "2007-09-30": "$10,090", "2007-06-30": "$8,680", "2007-03-31": "$8,852", "2006-12-31": "$9,694", "2006-09-30": "$8,739", "2006-06-30": "$8,009", "2006-03-31": "$8,940", "2005-12-31": "$10,201", "2005-09-30": "$9,960", "2005-06-30": "$9,231", "2005-03-31": "$9,434"}}, "gross-profit": {"Intel Annual Gross Profit (Millions of US $)": {"2020": "$43,612", "2019": "$42,140", "2018": "$43,737", "2017": "$39,098", "2016": "$36,233", "2015": "$34,679", "2014": "$35,609", "2013": "$31,521", "2012": "$33,151", "2011": "$33,757", "2010": "$28,491", "2009": "$19,561", "2008": "$20,844", "2007": "$19,904", "2006": "$18,218", "2005": "$23,049"}, "Intel Quarterly Gross Profit (Millions of US $)": {"2020-12-31": "$11,348", "2020-09-30": "$9,741", "2020-06-30": "$10,507", "2020-03-31": "$12,016", "2019-12-31": "$11,878", "2019-09-30": "$11,295", "2019-06-30": "$9,878", "2019-03-31": "$9,089", "2018-12-31": "$11,227", "2018-09-30": "$12,360", "2018-06-30": "$10,419", "2018-03-31": "$9,731", "2017-12-31": "$10,778", "2017-09-30": "$10,064", "2017-06-30": "$9,096", "2017-03-31": "$9,160", "2016-12-31": "$10,147", "2016-09-30": "$9,983", "2016-06-30": "$7,973", "2016-03-31": "$8,130", "2015-12-31": "$9,590", "2015-09-30": "$9,111", "2015-06-30": "$8,248", "2015-03-31": "$7,730", "2014-12-31": "$9,621", "2014-09-30": "$9,458", "2014-06-30": "$8,917", "2014-03-31": "$7,613", "2013-12-31": "$8,571", "2013-09-30": "$8,414", "2013-06-30": "$7,470", "2013-03-31": "$7,066", "2012-12-31": "$7,817", "2012-09-30": "$8,515", "2012-06-30": "$8,554", "2012-03-31": "$8,265", "2011-12-31": "$8,952", "2011-09-30": "$9,018", "2011-06-30": "$7,902", "2011-03-31": "$7,885", "2010-12-31": "$7,406", "2010-09-30": "$7,321", "2010-06-30": "$7,235", "2010-03-31": "$6,529", "2009-12-31": "$6,840", "2009-09-30": "$5,404", "2009-06-30": "$4,079", "2009-03-31": "$3,238", "2008-12-31": "$4,369", "2008-09-30": "$6,019", "2008-06-30": "$5,249", "2008-03-31": "$5,207", "2007-12-31": "$6,226", "2007-09-30": "$5,171", "2007-06-30": "$4,075", "2007-03-31": "$4,432", "2006-12-31": "$4,810", "2006-09-30": "$4,294", "2006-06-30": "$4,171", "2006-03-31": "$4,943", "2005-12-31": "$6,300", "2005-09-30": "$5,948", "2005-06-30": "$5,203", "2005-03-31": "$5,598"}}, "operating-income": {"Intel Annual Operating Income (Millions of US $)": {"2020": "$23,678", "2019": "$22,035", "2018": "$23,316", "2017": "$18,050", "2016": "$13,133", "2015": "$14,002", "2014": "$15,347", "2013": "$12,291", "2012": "$14,638", "2011": "$17,477", "2010": "$15,588", "2009": "$5,711", "2008": "$8,954", "2007": "$8,216", "2006": "$5,652", "2005": "$12,090"}, "Intel Quarterly Operating Income (Millions of US $)": {"2020-12-31": "$5,884", "2020-09-30": "$5,059", "2020-06-30": "$5,697", "2020-03-31": "$7,038", "2019-12-31": "$6,797", "2019-09-30": "$6,447", "2019-06-30": "$4,617", "2019-03-31": "$4,174", "2018-12-31": "$6,224", "2018-09-30": "$7,349", "2018-06-30": "$5,273", "2018-03-31": "$4,470", "2017-12-31": "$5,435", "2017-09-30": "$5,141", "2017-06-30": "$3,842", "2017-03-31": "$3,632", "2016-12-31": "$4,785", "2016-09-30": "$4,462", "2016-06-30": "$1,318", "2016-03-31": "$2,568", "2015-12-31": "$4,299", "2015-09-30": "$4,192", "2015-06-30": "$2,896", "2015-03-31": "$2,615", "2014-12-31": "$4,453", "2014-09-30": "$4,540", "2014-06-30": "$3,844", "2014-03-31": "$2,510", "2013-12-31": "$3,549", "2013-09-30": "$3,504", "2013-06-30": "$2,719", "2013-03-31": "$2,519", "2012-12-31": "$3,155", "2012-09-30": "$3,841", "2012-06-30": "$3,832", "2012-03-31": "$3,810", "2011-12-31": "$4,599", "2011-09-30": "$4,785", "2011-06-30": "$3,935", "2011-03-31": "$4,158", "2010-12-31": "$4,023", "2010-09-30": "$4,136", "2010-06-30": "$3,981", "2010-03-31": "$3,448", "2009-12-31": "$2,497", "2009-09-30": "$2,579", "2009-06-30": "$-12", "2009-03-31": "$647", "2008-12-31": "$1,539", "2008-09-30": "$3,098", "2008-06-30": "$2,255", "2008-03-31": "$2,062", "2007-12-31": "$3,047", "2007-09-30": "$2,144", "2007-06-30": "$1,350", "2007-03-31": "$1,675", "2006-12-31": "$1,488", "2006-09-30": "$1,374", "2006-06-30": "$1,072", "2006-03-31": "$1,718", "2005-12-31": "$3,309", "2005-09-30": "$3,100", "2005-06-30": "$2,649", "2005-03-31": "$3,032"}}, "ebitda": {"Intel Annual EBITDA (Millions of US $)": {"2020": "$35,917", "2019": "$32,861", "2018": "$32,401", "2017": "$26,179", "2016": "$20,923", "2015": "$22,713", "2014": "$23,896", "2013": "$20,323", "2012": "$22,160", "2011": "$23,541", "2010": "$20,226", "2009": "$10,763", "2008": "$13,570", "2007": "$13,014", "2006": "$10,564", "2005": "$16,685"}, "Intel Quarterly EBITDA (Millions of US $)": {"2020-12-31": "$8,887", "2020-09-30": "$8,182", "2020-06-30": "$8,760", "2020-03-31": "$10,088", "2019-12-31": "$9,765", "2019-09-30": "$9,126", "2019-06-30": "$7,171", "2019-03-31": "$6,799", "2018-12-31": "$8,717", "2018-09-30": "$9,623", "2018-06-30": "$7,395", "2018-03-31": "$6,666", "2017-12-31": "$7,575", "2017-09-30": "$7,196", "2017-06-30": "$5,830", "2017-03-31": "$5,578", "2016-12-31": "$6,715", "2016-09-30": "$6,390", "2016-06-30": "$3,235", "2016-03-31": "$4,583", "2015-12-31": "$6,445", "2015-09-30": "$6,467", "2015-06-30": "$5,087", "2015-03-31": "$4,714", "2014-12-31": "$6,627", "2014-09-30": "$6,738", "2014-06-30": "$6,014", "2014-03-31": "$4,517", "2013-12-31": "$5,505", "2013-09-30": "$5,525", "2013-06-30": "$4,710", "2013-03-31": "$4,583", "2012-12-31": "$5,160", "2012-09-30": "$5,734", "2012-06-30": "$5,671", "2012-03-31": "$5,595", "2011-12-31": "$6,188", "2011-09-30": "$6,314", "2011-06-30": "$5,439", "2011-03-31": "$5,600", "2010-12-31": "$5,229", "2010-09-30": "$5,278", "2010-06-30": "$5,130", "2010-03-31": "$4,589", "2009-12-31": "$3,758", "2009-09-30": "$3,814", "2009-06-30": "$1,274", "2009-03-31": "$1,917", "2008-12-31": "$2,758", "2008-09-30": "$4,225", "2008-06-30": "$3,360", "2008-03-31": "$3,227", "2007-12-31": "$4,218", "2007-09-30": "$3,307", "2007-06-30": "$2,563", "2007-03-31": "$2,926", "2006-12-31": "$2,715", "2006-09-30": "$2,630", "2006-06-30": "$2,287", "2006-03-31": "$2,932", "2005-12-31": "$4,417", "2005-09-30": "$4,214", "2005-06-30": "$3,766", "2005-03-31": "$4,288"}}, "net-income": {"Intel Annual Net Income (Millions of US $)": {"2020": "$20,899", "2019": "$21,048", "2018": "$21,053", "2017": "$9,601", "2016": "$10,316", "2015": "$11,420", "2014": "$11,704", "2013": "$9,620", "2012": "$11,005", "2011": "$12,942", "2010": "$11,464", "2009": "$4,369", "2008": "$5,292", "2007": "$6,976", "2006": "$5,044", "2005": "$8,664"}, "Intel Quarterly Net Income (Millions of US $)": {"2020-12-31": "$5,857", "2020-09-30": "$4,276", "2020-06-30": "$5,105", "2020-03-31": "$5,661", "2019-12-31": "$6,905", "2019-09-30": "$5,990", "2019-06-30": "$4,179", "2019-03-31": "$3,974", "2018-12-31": "$5,195", "2018-09-30": "$6,398", "2018-06-30": "$5,006", "2018-03-31": "$4,454", "2017-12-31": "$-687", "2017-09-30": "$4,516", "2017-06-30": "$2,808", "2017-03-31": "$2,964", "2016-12-31": "$3,562", "2016-09-30": "$3,378", "2016-06-30": "$1,330", "2016-03-31": "$2,046", "2015-12-31": "$3,613", "2015-09-30": "$3,109", "2015-06-30": "$2,706", "2015-03-31": "$1,992", "2014-12-31": "$3,661", "2014-09-30": "$3,317", "2014-06-30": "$2,796", "2014-03-31": "$1,930", "2013-12-31": "$2,625", "2013-09-30": "$2,950", "2013-06-30": "$2,000", "2013-03-31": "$2,045", "2012-12-31": "$2,468", "2012-09-30": "$2,972", "2012-06-30": "$2,827", "2012-03-31": "$2,738", "2011-12-31": "$3,360", "2011-09-30": "$3,468", "2011-06-30": "$2,954", "2011-03-31": "$3,160", "2010-12-31": "$3,180", "2010-09-30": "$2,955", "2010-06-30": "$2,887", "2010-03-31": "$2,442", "2009-12-31": "$2,282", "2009-09-30": "$1,856", "2009-06-30": "$-398", "2009-03-31": "$629", "2008-12-31": "$234", "2008-09-30": "$2,014", "2008-06-30": "$1,601", "2008-03-31": "$1,443", "2007-12-31": "$2,271", "2007-09-30": "$1,791", "2007-06-30": "$1,278", "2007-03-31": "$1,636", "2006-12-31": "$1,501", "2006-09-30": "$1,301", "2006-06-30": "$885", "2006-03-31": "$1,357", "2005-12-31": "$2,453", "2005-09-30": "$1,995", "2005-06-30": "$2,038", "2005-03-31": "$2,178"}}, "eps-earnings-per-share-diluted": {"Intel Annual EPS": {"2020": "$4.94", "2019": "$4.71", "2018": "$4.48", "2017": "$1.99", "2016": "$2.12", "2015": "$2.33", "2014": "$2.31", "2013": "$1.89", "2012": "$2.13", "2011": "$2.39", "2010": "$2.01", "2009": "$0.77", "2008": "$0.92", "2007": "$1.18", "2006": "$0.86", "2005": "$1.40"}, "Intel Quarterly EPS": {"2020-12-31": "$1.42", "2020-09-30": "$1.02", "2020-06-30": "$1.19", "2020-03-31": "$1.31", "2019-12-31": "$1.57", "2019-09-30": "$1.35", "2019-06-30": "$0.92", "2019-03-31": "$0.87", "2018-12-31": "$1.12", "2018-09-30": "$1.38", "2018-06-30": "$1.05", "2018-03-31": "$0.93", "2017-12-31": "$-0.14", "2017-09-30": "$0.94", "2017-06-30": "$0.58", "2017-03-31": "$0.61", "2016-12-31": "$0.74", "2016-09-30": "$0.69", "2016-06-30": "$0.27", "2016-03-31": "$0.42", "2015-12-31": "$0.73", "2015-09-30": "$0.64", "2015-06-30": "$0.55", "2015-03-31": "$0.41", "2014-12-31": "$0.72", "2014-09-30": "$0.66", "2014-06-30": "$0.55", "2014-03-31": "$0.38", "2013-12-31": "$0.52", "2013-09-30": "$0.58", "2013-06-30": "$0.39", "2013-03-31": "$0.40", "2012-12-31": "$0.48", "2012-09-30": "$0.58", "2012-06-30": "$0.54", "2012-03-31": "$0.53", "2011-12-31": "$0.64", "2011-09-30": "$0.65", "2011-06-30": "$0.54", "2011-03-31": "$0.56", "2010-12-31": "$0.55", "2010-09-30": "$0.52", "2010-06-30": "$0.51", "2010-03-31": "$0.43", "2009-12-31": "$0.40", "2009-09-30": "$0.33", "2009-06-30": "$-0.07", "2009-03-31": "$0.11", "2008-12-31": "$0.04", "2008-09-30": "$0.35", "2008-06-30": "$0.28", "2008-03-31": "$0.25", "2007-12-31": "$0.38", "2007-09-30": "$0.30", "2007-06-30": "$0.22", "2007-03-31": "$0.28", "2006-12-31": "$0.26", "2006-09-30": "$0.22", "2006-06-30": "$0.15", "2006-03-31": "$0.23", "2005-12-31": "$0.40", "2005-09-30": "$0.32", "2005-06-30": "$0.33", "2005-03-31": "$0.35"}}, "shares-outstanding": {"Intel Annual Shares Outstanding (Millions of Shares)": {"2020": "4,232", "2019": "4,473", "2018": "4,701", "2017": "4,835", "2016": "4,875", "2015": "4,894", "2014": "5,056", "2013": "5,097", "2012": "5,160", "2011": "5,411", "2010": "5,696", "2009": "5,645", "2008": "5,748", "2007": "5,936", "2006": "5,880", "2005": "6,178"}, "Intel Quarterly Shares Outstanding (Millions of Shares)": {"2020-12-31": "4,232", "2020-09-30": "4,211", "2020-06-30": "4,284", "2020-03-31": "4,312", "2019-12-31": "4,473", "2019-09-30": "4,433", "2019-06-30": "4,523", "2019-03-31": "4,564", "2018-12-31": "4,701", "2018-09-30": "4,648", "2018-06-30": "4,747", "2018-03-31": "4,790", "2017-12-31": "4,835", "2017-09-30": "4,821", "2017-06-30": "4,845", "2017-03-31": "4,881", "2016-12-31": "4,875", "2016-09-30": "4,877", "2016-06-30": "4,866", "2016-03-31": "4,875", "2015-12-31": "4,894", "2015-09-30": "4,876", "2015-06-30": "4,909", "2015-03-31": "4,914", "2014-12-31": "5,056", "2014-09-30": "5,045", "2014-06-30": "5,123", "2014-03-31": "5,117", "2013-12-31": "5,097", "2013-09-30": "5,100", "2013-06-30": "5,106", "2013-03-31": "5,080", "2012-12-31": "5,160", "2012-09-30": "5,153", "2012-06-30": "5,199", "2012-03-31": "5,192", "2011-12-31": "5,411", "2011-09-30": "5,340", "2011-06-30": "5,441", "2011-03-31": "5,606", "2010-12-31": "5,696", "2010-09-30": "5,694", "2010-06-30": "5,711", "2010-03-31": "5,681", "2009-12-31": "5,645", "2009-09-30": "5,616", "2009-06-30": "5,595", "2009-03-31": "5,634", "2008-12-31": "5,748", "2008-09-30": "5,692", "2008-06-30": "5,800", "2008-03-31": "5,879", "2007-12-31": "5,936", "2007-09-30": "5,967", "2007-06-30": "5,917", "2007-03-31": "5,874", "2006-12-31": "5,880", "2006-09-30": "5,832", "2006-06-30": "5,868", "2006-03-31": "5,954", "2005-12-31": "6,178", "2005-09-30": "6,144", "2005-06-30": "6,215", "2005-03-31": "6,273"}}, "total-assets": {"Intel Annual Total Assets (Millions of US $)": {"2020": "$153,091", "2019": "$136,524", "2018": "$127,963", "2017": "$123,249", "2016": "$113,327", "2015": "$101,459", "2014": "$91,900", "2013": "$92,358", "2012": "$84,351", "2011": "$71,119", "2010": "$63,186", "2009": "$53,095", "2008": "$50,472", "2007": "$55,651", "2006": "$48,368", "2005": "$48,314"}, "Intel Quarterly Total Assets (Millions of US $)": {"2020-12-31": "$153,091", "2020-09-30": "$145,261", "2020-06-30": "$152,539", "2020-03-31": "$147,710", "2019-12-31": "$136,524", "2019-09-30": "$133,768", "2019-06-30": "$130,759", "2019-03-31": "$129,458", "2018-12-31": "$127,963", "2018-09-30": "$128,242", "2018-06-30": "$125,972", "2018-03-31": "$128,596", "2017-12-31": "$123,249", "2017-09-30": "$127,088", "2017-06-30": "$122,107", "2017-03-31": "$115,648", "2016-12-31": "$113,327", "2016-09-30": "$112,217", "2016-06-30": "$109,831", "2016-03-31": "$105,467", "2015-12-31": "$101,459", "2015-09-30": "$98,552", "2015-06-30": "$90,492", "2015-03-31": "$89,566", "2014-12-31": "$91,900", "2014-09-30": "$90,616", "2014-06-30": "$91,793", "2014-03-31": "$91,932", "2013-12-31": "$92,358", "2013-09-30": "$90,551", "2013-06-30": "$85,661", "2013-03-31": "$83,083", "2012-12-31": "$84,351", "2012-09-30": "$74,441", "2012-06-30": "$72,352", "2012-03-31": "$71,817", "2011-12-31": "$71,119", "2011-09-30": "$70,551", "2011-06-30": "$66,089", "2011-03-31": "$65,552", "2010-12-31": "$63,186", "2010-09-30": "$60,588", "2010-06-30": "$57,691", "2010-03-31": "$55,773", "2009-12-31": "$53,095", "2009-09-30": "$50,996", "2009-06-30": "$49,061", "2009-03-31": "$48,454", "2008-12-31": "$50,472", "2008-09-30": "$52,719", "2008-06-30": "$52,392", "2008-03-31": "$53,387", "2007-12-31": "$55,651", "2007-09-30": "$53,039", "2007-06-30": "$50,294", "2007-03-31": "$48,756", "2006-12-31": "$48,368", "2006-09-30": "$46,855", "2006-06-30": "$46,088", "2006-03-31": "$47,194", "2005-12-31": "$48,314", "2005-09-30": "$47,360", "2005-06-30": "$46,513", "2005-03-31": "$47,566"}}, "cash-on-hand": {"Intel Annual Cash on Hand (Millions of US $)": {"2020": "$23,895", "2019": "$13,123", "2018": "$11,650", "2017": "$14,002", "2016": "$17,099", "2015": "$25,313", "2014": "$14,054", "2013": "$20,087", "2012": "$18,162", "2011": "$14,837", "2010": "$21,885", "2009": "$13,920", "2008": "$11,843", "2007": "$15,363", "2006": "$10,002", "2005": "$12,772"}, "Intel Quarterly Cash on Hand (Millions of US $)": {"2020-12-31": "$23,895", "2020-09-30": "$18,253", "2020-06-30": "$25,815", "2020-03-31": "$20,803", "2019-12-31": "$13,123", "2019-09-30": "$12,025", "2019-06-30": "$11,944", "2019-03-31": "$12,033", "2018-12-31": "$11,650", "2018-09-30": "$13,186", "2018-06-30": "$12,225", "2018-03-31": "$16,197", "2017-12-31": "$14,002", "2017-09-30": "$17,504", "2017-06-30": "$25,929", "2017-03-31": "$17,295", "2016-12-31": "$17,099", "2016-09-30": "$17,769", "2016-06-30": "$17,689", "2016-03-31": "$15,091", "2015-12-31": "$25,313", "2015-09-30": "$20,843", "2015-06-30": "$13,870", "2015-03-31": "$14,118", "2014-12-31": "$14,054", "2014-09-30": "$15,594", "2014-06-30": "$17,311", "2014-03-31": "$19,046", "2013-12-31": "$20,087", "2013-09-30": "$19,146", "2013-06-30": "$17,350", "2013-03-31": "$17,073", "2012-12-31": "$18,162", "2012-09-30": "$10,465", "2012-06-30": "$13,648", "2012-03-31": "$13,753", "2011-12-31": "$14,837", "2011-09-30": "$15,198", "2011-06-30": "$11,547", "2011-03-31": "$11,978", "2010-12-31": "$21,885", "2010-09-30": "$20,750", "2010-06-30": "$18,303", "2010-03-31": "$16,342", "2009-12-31": "$13,920", "2009-09-30": "$12,930", "2009-06-30": "$11,624", "2009-03-31": "$10,599", "2008-12-31": "$11,843", "2008-09-30": "$12,204", "2008-06-30": "$11,961", "2008-03-31": "$13,692", "2007-12-31": "$15,363", "2007-09-30": "$13,021", "2007-06-30": "$10,661", "2007-03-31": "$9,024", "2006-12-31": "$10,002", "2006-09-30": "$8,219", "2006-06-30": "$7,643", "2006-03-31": "$9,119", "2005-12-31": "$12,772", "2005-09-30": "$13,933", "2005-06-30": "$14,824", "2005-03-31": "$16,116"}}, "long-term-debt": {"Intel Annual Long Term Debt (Millions of US $)": {"2020": "$33,897", "2019": "$25,308", "2018": "$25,098", "2017": "$25,037", "2016": "$20,649", "2015": "$20,036", "2014": "$12,059", "2013": "$13,165", "2012": "$13,136", "2011": "$7,084", "2010": "$2,077", "2009": "$2,049", "2008": "$1,185", "2007": "$1,980", "2006": "$1,848", "2005": "$2,106"}, "Intel Quarterly Long Term Debt (Millions of US $)": {"2020-12-31": "$33,897", "2020-09-30": "$36,059", "2020-06-30": "$36,093", "2020-03-31": "$36,455", "2019-12-31": "$25,308", "2019-09-30": "$23,707", "2019-06-30": "$25,089", "2019-03-31": "$25,737", "2018-12-31": "$25,098", "2018-09-30": "$24,823", "2018-06-30": "$24,632", "2018-03-31": "$24,770", "2017-12-31": "$25,037", "2017-09-30": "$27,498", "2017-06-30": "$27,855", "2017-03-31": "$20,678", "2016-12-31": "$20,649", "2016-09-30": "$24,043", "2016-06-30": "$24,053", "2016-03-31": "$21,775", "2015-12-31": "$20,036", "2015-09-30": "$20,059", "2015-06-30": "$12,116", "2015-03-31": "$12,112", "2014-12-31": "$12,059", "2014-09-30": "$12,103", "2014-06-30": "$13,180", "2014-03-31": "$13,172", "2013-12-31": "$13,165", "2013-09-30": "$13,157", "2013-06-30": "$13,150", "2013-03-31": "$13,143", "2012-12-31": "$13,136", "2012-09-30": "$7,100", "2012-06-30": "$7,093", "2012-03-31": "$7,088", "2011-12-31": "$7,084", "2011-09-30": "$7,076", "2011-06-30": "$2,090", "2011-03-31": "$2,083", "2010-12-31": "$2,077", "2010-09-30": "$2,073", "2010-06-30": "$2,058", "2010-03-31": "$2,052", "2009-12-31": "$2,049", "2009-09-30": "$2,201", "2009-06-30": "$1,174", "2009-03-31": "$1,170", "2008-12-31": "$1,185", "2008-09-30": "$1,889", "2008-06-30": "$1,892", "2008-03-31": "$1,990", "2007-12-31": "$1,980", "2007-09-30": "$1,853", "2007-06-30": "$1,848", "2007-03-31": "$1,848", "2006-12-31": "$1,848", "2006-09-30": "$2,060", "2006-06-30": "$2,054", "2006-03-31": "$2,040", "2005-12-31": "$2,106", "2005-09-30": "$432", "2005-06-30": "$430", "2005-03-31": "$464"}}, "total-liabilities": {"Intel Annual Total Liabilities (Millions of US $)": {"2020": "$72,053", "2019": "$59,020", "2018": "$53,400", "2017": "$54,230", "2016": "$47,101", "2015": "$40,374", "2014": "$36,035", "2013": "$34,102", "2012": "$33,148", "2011": "$25,208", "2010": "$13,756", "2009": "$11,391", "2008": "$10,926", "2007": "$12,889", "2006": "$11,616", "2005": "$12,132"}, "Intel Quarterly Total Liabilities (Millions of US $)": {"2020-12-31": "$72,053", "2020-09-30": "$70,707", "2020-06-30": "$70,529", "2020-03-31": "$71,356", "2019-12-31": "$59,020", "2019-09-30": "$59,526", "2019-06-30": "$55,812", "2019-03-31": "$55,797", "2018-12-31": "$53,400", "2018-09-30": "$56,759", "2018-06-30": "$55,925", "2018-03-31": "$58,431", "2017-12-31": "$54,230", "2017-09-30": "$56,152", "2017-06-30": "$53,482", "2017-03-31": "$48,804", "2016-12-31": "$47,101", "2016-09-30": "$49,102", "2016-06-30": "$48,464", "2016-03-31": "$44,293", "2015-12-31": "$40,374", "2015-09-30": "$41,455", "2015-06-30": "$32,797", "2015-03-31": "$34,642", "2014-12-31": "$36,035", "2014-09-30": "$34,543", "2014-06-30": "$32,546", "2014-03-31": "$33,894", "2013-12-31": "$34,102", "2013-09-30": "$35,099", "2013-06-30": "$31,821", "2013-03-31": "$31,889", "2012-12-31": "$33,148", "2012-09-30": "$25,172", "2012-06-30": "$23,573", "2012-03-31": "$25,057", "2011-12-31": "$25,208", "2011-09-30": "$24,434", "2011-06-30": "$17,366", "2011-03-31": "$18,203", "2010-12-31": "$13,756", "2010-09-30": "$12,892", "2010-06-30": "$11,850", "2010-03-31": "$12,873", "2009-12-31": "$11,391", "2009-09-30": "$11,963", "2009-06-30": "$10,014", "2009-03-31": "$9,390", "2008-12-31": "$10,926", "2008-09-30": "$13,808", "2008-06-30": "$12,031", "2008-03-31": "$12,727", "2007-12-31": "$12,889", "2007-09-30": "$12,137", "2007-06-30": "$10,596", "2007-03-31": "$11,230", "2006-12-31": "$11,616", "2006-09-30": "$11,838", "2006-06-30": "$11,292", "2006-03-31": "$12,836", "2005-12-31": "$12,132", "2005-09-30": "$10,684", "2005-06-30": "$8,899", "2005-03-31": "$9,855"}}, "total-share-holder-equity": {"Intel Annual Share Holder Equity (Millions of US $)": {"2020": "$81,038", "2019": "$77,504", "2018": "$74,563", "2017": "$69,019", "2016": "$66,226", "2015": "$61,085", "2014": "$55,865", "2013": "$58,256", "2012": "$51,203", "2011": "$45,911", "2010": "$49,430", "2009": "$41,704", "2008": "$39,546", "2007": "$42,762", "2006": "$36,752", "2005": "$36,182"}, "Intel Quarterly Share Holder Equity (Millions of US $)": {"2020-12-31": "$81,038", "2020-09-30": "$74,554", "2020-06-30": "$82,010", "2020-03-31": "$76,354", "2019-12-31": "$77,504", "2019-09-30": "$74,242", "2019-06-30": "$74,947", "2019-03-31": "$73,661", "2018-12-31": "$74,563", "2018-09-30": "$71,483", "2018-06-30": "$70,047", "2018-03-31": "$70,165", "2017-12-31": "$69,019", "2017-09-30": "$70,936", "2017-06-30": "$68,625", "2017-03-31": "$66,844", "2016-12-31": "$66,226", "2016-09-30": "$63,115", "2016-06-30": "$61,367", "2016-03-31": "$61,174", "2015-12-31": "$61,085", "2015-09-30": "$57,097", "2015-06-30": "$57,695", "2015-03-31": "$54,924", "2014-12-31": "$55,865", "2014-09-30": "$56,073", "2014-06-30": "$59,247", "2014-03-31": "$58,038", "2013-12-31": "$58,256", "2013-09-30": "$55,452", "2013-06-30": "$53,840", "2013-03-31": "$51,194", "2012-12-31": "$51,203", "2012-09-30": "$49,269", "2012-06-30": "$48,779", "2012-03-31": "$46,760", "2011-12-31": "$45,911", "2011-09-30": "$46,117", "2011-06-30": "$48,723", "2011-03-31": "$47,349", "2010-12-31": "$49,430", "2010-09-30": "$47,696", "2010-06-30": "$45,841", "2010-03-31": "$42,900", "2009-12-31": "$41,704", "2009-09-30": "$39,033", "2009-06-30": "$39,047", "2009-03-31": "$39,064", "2008-12-31": "$39,546", "2008-09-30": "$38,911", "2008-06-30": "$40,361", "2008-03-31": "$40,660", "2007-12-31": "$42,762", "2007-09-30": "$40,902", "2007-06-30": "$39,698", "2007-03-31": "$37,526", "2006-12-31": "$36,752", "2006-09-30": "$35,017", "2006-06-30": "$34,796", "2006-03-31": "$34,358", "2005-12-31": "$36,182", "2005-09-30": "$36,676", "2005-06-30": "$37,614", "2005-03-31": "$37,711"}}, "profit-margins": {"current": "26.84%"}, "gross margin": {"2020-12-31": "56.01%", "2020-09-30": "56.52%", "2020-06-30": "57.88%", "2020-03-31": "59.51%", "2019-12-31": "58.56%", "2019-09-30": "58.92%", "2019-06-30": "60.46%", "2019-03-31": "60.83%", "2018-12-31": "61.73%", "2018-09-30": "62.52%", "2018-06-30": "61.89%", "2018-03-31": "61.95%", "2017-12-31": "62.30%", "2017-09-30": "61.96%", "2017-06-30": "62.20%", "2017-03-31": "61.61%", "2016-12-31": "61.01%", "2016-09-30": "61.59%", "2016-06-30": "61.48%", "2016-03-31": "62.33%", "2015-12-31": "62.65%", "2015-09-30": "62.92%", "2015-06-30": "63.45%", "2015-03-31": "63.93%", "2014-12-31": "63.74%", "2014-09-30": "62.85%", "2014-06-30": "62.17%", "2014-03-31": "60.63%", "2013-12-31": "59.80%", "2013-09-30": "58.77%", "2013-06-30": "58.99%", "2013-03-31": "60.27%", "2012-12-31": "62.15%", "2012-09-30": "63.79%", "2012-06-30": "63.80%", "2012-03-31": "63.15%", "2011-12-31": "62.51%", "2011-09-30": "62.46%", "2011-06-30": "63.00%", "2011-03-31": "64.64%", "2010-12-31": "65.31%", "2010-09-30": "65.34%", "2010-06-30": "63.40%", "2010-03-31": "59.70%", "2009-12-31": "55.69%", "2009-09-30": "52.13%", "2009-06-30": "52.67%", "2009-03-31": "53.84%", "2008-12-31": "55.46%", "2008-09-30": "56.65%", "2008-06-30": "54.71%", "2008-03-31": "52.81%", "2007-12-31": "51.92%", "2007-09-30": "49.54%", "2007-06-30": "48.97%", "2007-03-31": "50.17%", "2006-12-31": "51.49%", "2006-09-30": "54.91%", "2006-06-30": "57.56%", "2006-03-31": "58.42%", "2005-12-31": "59.36%"}, "operating margin": {"2020-12-31": "30.41%", "2020-09-30": "31.49%", "2020-06-30": "32.90%", "2020-03-31": "32.88%", "2019-12-31": "30.62%", "2019-09-30": "30.48%", "2019-06-30": "31.77%", "2019-03-31": "32.49%", "2018-12-31": "32.91%", "2018-09-30": "32.53%", "2018-06-30": "30.68%", "2018-03-31": "29.50%", "2017-12-31": "28.76%", "2017-09-30": "28.03%", "2017-06-30": "27.10%", "2017-03-31": "23.47%", "2016-12-31": "22.11%", "2016-09-30": "21.83%", "2016-06-30": "21.86%", "2016-03-31": "24.80%", "2015-12-31": "25.29%", "2015-09-30": "25.66%", "2015-06-30": "26.25%", "2015-03-31": "27.65%", "2014-12-31": "27.47%", "2014-09-30": "26.27%", "2014-06-30": "24.87%", "2014-03-31": "23.22%", "2013-12-31": "23.32%", "2013-09-30": "22.73%", "2013-06-30": "23.38%", "2013-03-31": "25.18%", "2012-12-31": "27.44%", "2012-09-30": "29.92%", "2012-06-30": "31.22%", "2012-03-31": "31.69%", "2011-12-31": "32.37%", "2011-09-30": "32.77%", "2011-06-30": "33.55%", "2011-03-31": "35.30%", "2010-12-31": "35.73%", "2010-09-30": "32.91%", "2010-06-30": "30.48%", "2010-03-31": "22.24%", "2009-12-31": "16.26%", "2009-09-30": "14.50%", "2009-06-30": "15.68%", "2009-03-31": "21.50%", "2008-12-31": "23.82%", "2008-09-30": "26.11%", "2008-06-30": "23.80%", "2008-03-31": "21.97%", "2007-12-31": "21.43%", "2007-09-30": "17.84%", "2007-06-30": "16.37%", "2007-03-31": "15.89%", "2006-12-31": "15.97%", "2006-09-30": "20.82%", "2006-06-30": "24.79%", "2006-03-31": "28.11%", "2005-12-31": "31.14%"}, "ebitda margin": {"2020-12-31": "46.13%", "2020-09-30": "47.11%", "2020-06-30": "47.80%", "2020-03-31": "47.73%", "2019-12-31": "45.66%", "2019-09-30": "45.18%", "2019-06-30": "45.90%", "2019-03-31": "45.92%", "2018-12-31": "45.73%", "2018-09-30": "45.14%", "2018-06-30": "43.53%", "2018-03-31": "42.58%", "2017-12-31": "41.71%", "2017-09-30": "40.78%", "2017-06-30": "39.72%", "2017-03-31": "36.24%", "2016-12-31": "35.23%", "2016-09-30": "35.65%", "2016-06-30": "36.62%", "2016-03-31": "40.13%", "2015-12-31": "41.03%", "2015-09-30": "41.51%", "2015-06-30": "41.93%", "2015-03-31": "43.11%", "2014-12-31": "42.77%", "2014-09-30": "41.42%", "2014-06-30": "39.99%", "2014-03-31": "38.30%", "2013-12-31": "38.56%", "2013-09-30": "38.16%", "2013-06-30": "38.58%", "2013-03-31": "39.89%", "2012-12-31": "41.54%", "2012-09-30": "43.14%", "2012-06-30": "43.59%", "2012-03-31": "43.54%", "2011-12-31": "43.60%", "2011-09-30": "43.79%", "2011-06-30": "44.48%", "2011-03-31": "46.00%", "2010-12-31": "46.37%", "2010-09-30": "43.89%", "2010-06-30": "42.15%", "2010-03-31": "35.10%", "2009-12-31": "30.64%", "2009-09-30": "29.78%", "2009-06-30": "30.27%", "2009-03-31": "34.97%", "2008-12-31": "36.10%", "2008-09-30": "37.51%", "2008-06-30": "35.33%", "2008-03-31": "34.01%", "2007-12-31": "33.95%", "2007-09-30": "30.85%", "2007-06-30": "30.12%", "2007-03-31": "29.91%", "2006-12-31": "29.86%", "2006-09-30": "34.18%", "2006-06-30": "37.32%", "2006-03-31": "39.99%", "2005-12-31": "42.97%"}, "pre tax profit margin": {"2020-12-31": "32.21%", "2020-09-30": "32.85%", "2020-06-30": "34.62%", "2020-03-31": "34.50%", "2019-12-31": "33.43%", "2019-09-30": "30.71%", "2019-06-30": "31.32%", "2019-03-31": "32.26%", "2018-12-31": "32.91%", "2018-09-30": "34.25%", "2018-06-30": "33.98%", "2018-03-31": "33.65%", "2017-12-31": "32.43%", "2017-09-30": "30.21%", "2017-06-30": "27.78%", "2017-03-31": "23.55%", "2016-12-31": "21.78%", "2016-09-30": "22.10%", "2016-06-30": "22.49%", "2016-03-31": "24.96%", "2015-12-31": "25.67%", "2015-09-30": "26.41%", "2015-06-30": "26.90%", "2015-03-31": "28.28%", "2014-12-31": "28.28%", "2014-09-30": "26.72%", "2014-06-30": "26.09%", "2014-03-31": "24.27%", "2013-12-31": "23.93%", "2013-09-30": "23.43%", "2013-06-30": "23.43%", "2013-03-31": "25.47%", "2012-12-31": "27.88%", "2012-09-30": "30.24%", "2012-06-30": "31.59%", "2012-03-31": "31.86%", "2011-12-31": "32.93%", "2011-09-30": "33.66%", "2011-06-30": "34.51%", "2011-03-31": "36.75%", "2010-12-31": "36.78%", "2010-09-30": "33.87%", "2010-06-30": "31.10%", "2010-03-31": "22.26%", "2009-12-31": "16.24%", "2009-09-30": "10.61%", "2009-06-30": "11.25%", "2009-03-31": "17.53%", "2008-12-31": "20.45%", "2008-09-30": "26.40%", "2008-06-30": "25.66%", "2008-03-31": "24.17%", "2007-12-31": "23.91%", "2007-09-30": "21.52%", "2007-06-30": "20.42%", "2007-03-31": "20.02%", "2006-12-31": "19.98%", "2006-09-30": "23.41%", "2006-06-30": "26.49%", "2006-03-31": "29.57%", "2005-12-31": "32.48%"}, "net profit margin": {"2020-12-31": "26.84%", "2020-09-30": "28.10%", "2020-06-30": "29.97%", "2020-03-31": "30.02%", "2019-12-31": "29.25%", "2019-09-30": "27.46%", "2019-06-30": "28.05%", "2019-03-31": "29.04%", "2018-12-31": "29.72%", "2018-09-30": "21.91%", "2018-06-30": "20.06%", "2018-03-31": "17.32%", "2017-12-31": "15.30%", "2017-09-30": "22.31%", "2017-06-30": "20.60%", "2017-03-31": "18.57%", "2016-12-31": "17.37%", "2016-09-30": "17.90%", "2016-06-30": "17.84%", "2016-03-31": "20.39%", "2015-12-31": "20.63%", "2015-09-30": "20.79%", "2015-06-30": "21.13%", "2015-03-31": "21.05%", "2014-12-31": "20.95%", "2014-09-30": "19.40%", "2014-06-30": "19.11%", "2014-03-31": "17.97%", "2013-12-31": "18.25%", "2013-09-30": "18.08%", "2013-06-30": "18.13%", "2013-03-31": "19.45%", "2012-12-31": "20.63%", "2012-09-30": "22.13%", "2012-06-30": "22.73%", "2012-03-31": "23.16%", "2011-12-31": "23.97%", "2011-09-30": "24.75%", "2011-06-30": "25.29%", "2011-03-31": "26.38%", "2010-12-31": "26.28%", "2010-09-30": "24.72%", "2010-06-30": "23.08%", "2010-03-31": "16.15%", "2009-12-31": "12.44%", "2009-09-30": "7.08%", "2009-06-30": "7.38%", "2009-03-31": "12.77%", "2008-12-31": "14.08%", "2008-09-30": "18.29%", "2008-06-30": "17.79%", "2008-03-31": "17.32%", "2007-12-31": "18.20%", "2007-09-30": "16.63%", "2007-06-30": "15.89%", "2007-03-31": "15.08%", "2006-12-31": "14.26%", "2006-09-30": "16.71%", "2006-06-30": "18.03%", "2006-03-31": "20.46%", "2005-12-31": "22.31%"}, "pe ratio": {"current": "11.07", "2021-02-11": "12.28", "2020-12-31": "10.03", "2020-09-30": "10.02", "2020-06-30": "10.80", "2020-03-31": "10.23", "2019-12-31": "12.30", "2019-09-30": "11.67", "2019-06-30": "10.69", "2019-03-31": "11.57", "2018-12-31": "9.92", "2018-09-30": "13.86", "2018-06-30": "16.78", "2018-03-31": "21.05", "2017-12-31": "21.53", "2017-09-30": "12.22", "2017-06-30": "11.78", "2017-03-31": "14.19", "2016-12-31": "15.44", "2016-09-30": "15.87", "2016-06-30": "14.02", "2016-03-31": "12.07", "2015-12-31": "12.80", "2015-09-30": "11.11", "2015-06-30": "11.03", "2015-03-31": "11.26", "2014-12-31": "13.14", "2014-09-30": "13.90", "2014-06-30": "12.74", "2014-03-31": "11.46", "2013-12-31": "11.29", "2013-09-30": "10.04", "2013-06-30": "10.51", "2013-03-31": "8.68", "2012-12-31": "7.61", "2012-09-30": "7.70", "2012-06-30": "8.72", "2012-03-31": "9.13", "2011-12-31": "7.71", "2011-09-30": "6.87", "2011-06-30": "7.49", "2011-03-31": "6.86", "2010-12-31": "7.54", "2010-09-30": "7.53", "2010-06-30": "8.43", "2010-03-31": "14.69", "2009-12-31": "18.88", "2009-09-30": "33.76", "2009-06-30": "27.02", "2009-03-31": "13.41", "2008-12-31": "10.98", "2008-09-30": "10.15", "2008-06-30": "11.95", "2008-03-31": "12.32", "2007-12-31": "15.15", "2007-09-30": "16.29", "2007-06-30": "16.26", "2007-03-31": "14.05", "2006-12-31": "15.48"}, "price sales": {"2021-02-11": "3.32", "2020-12-31": "2.71", "2020-09-30": "2.83", "2020-06-30": "3.25", "2020-03-31": "3.09", "2019-12-31": "3.63", "2019-09-30": "3.21", "2019-06-30": "3.01", "2019-03-31": "3.37", "2018-12-31": "2.96", "2018-09-30": "3.05", "2018-06-30": "3.37", "2018-03-31": "3.65", "2017-12-31": "3.29", "2017-09-30": "2.73", "2017-06-30": "2.43", "2017-03-31": "2.63", "2016-12-31": "2.67", "2016-09-30": "2.83", "2016-06-30": "2.50", "2016-03-31": "2.46", "2015-12-31": "2.65", "2015-09-30": "2.33", "2015-06-30": "2.35", "2015-03-31": "2.40", "2014-12-31": "2.79", "2014-09-30": "2.70", "2014-06-30": "2.44", "2014-03-31": "2.06", "2013-12-31": "2.05", "2013-09-30": "1.81", "2013-06-30": "1.90", "2013-03-31": "1.69", "2012-12-31": "1.57", "2012-09-30": "1.72", "2012-06-30": "1.99", "2012-03-31": "2.13", "2011-12-31": "1.86", "2011-09-30": "1.72", "2011-06-30": "1.91", "2011-03-31": "1.84", "2010-12-31": "2.02", "2010-09-30": "1.86", "2010-06-30": "1.94", "2010-03-31": "2.36", "2009-12-31": "2.33", "2009-09-30": "2.38", "2009-06-30": "1.96", "2009-03-31": "1.71", "2008-12-31": "1.55", "2008-09-30": "1.86", "2008-06-30": "2.15", "2008-03-31": "2.16", "2007-12-31": "2.76", "2007-09-30": "2.73", "2007-06-30": "2.58", "2007-03-31": "2.10", "2006-12-31": "2.21"}, "price book": {"current": "2.95", "2021-02-11": "3.04", "2020-12-31": "2.48", "2020-09-30": "2.81", "2020-06-30": "3.04", "2020-03-31": "2.93", "2019-12-31": "3.21", "2019-09-30": "2.91", "2019-06-30": "2.71", "2019-03-31": "3.11", "2018-12-31": "2.69", "2018-09-30": "2.84", "2018-06-30": "3.06", "2018-03-31": "3.22", "2017-12-31": "2.89", "2017-09-30": "2.31", "2017-06-30": "2.11", "2017-03-31": "2.30", "2016-12-31": "2.33", "2016-09-30": "2.53", "2016-06-30": "2.24", "2016-03-31": "2.19", "2015-12-31": "2.32", "2015-09-30": "2.15", "2015-06-30": "2.15", "2015-03-31": "2.29", "2014-12-31": "2.60", "2014-09-30": "2.53", "2014-06-30": "2.15", "2014-03-31": "1.83", "2013-12-31": "1.81", "2013-09-30": "1.67", "2013-06-30": "1.80", "2013-03-31": "1.68", "2012-12-31": "1.57", "2012-09-30": "1.78", "2012-06-30": "2.11", "2012-03-31": "2.31", "2011-12-31": "2.01", "2011-09-30": "1.78", "2011-06-30": "1.79", "2011-03-31": "1.68", "2010-12-31": "1.72", "2010-09-30": "1.64", "2010-06-30": "1.71", "2010-03-31": "2.07", "2009-12-31": "1.93", "2009-09-30": "1.96", "2009-06-30": "1.67", "2009-03-31": "1.50", "2008-12-31": "1.42", "2008-09-30": "1.83", "2008-06-30": "2.04", "2008-03-31": "2.01", "2007-12-31": "2.43", "2007-09-30": "2.46", "2007-06-30": "2.31", "2007-03-31": "1.95", "2006-12-31": "2.09", "2006-09-30": "2.21", "2006-06-30": "2.05", "2006-03-31": "2.13"}, "price fcf": {"2021-02-11": "", "2020-12-31": "$4.95", "2020-09-30": "$4.73", "2020-06-30": "$5.02", "2020-03-31": "$4.10", "2019-12-31": "$3.79", "2019-09-30": "$3.25", "2019-06-30": "$2.97", "2019-03-31": "$2.69", "2018-12-31": "$3.03", "2018-09-30": "$3.07", "2018-06-30": "$2.66", "2018-03-31": "$2.44", "2017-12-31": "$2.14", "2017-09-30": "$2.43", "2017-06-30": "$2.42", "2017-03-31": "$2.34", "2016-12-31": "$2.50", "2016-09-30": "$2.18", "2016-06-30": "$2.44", "2016-03-31": "$2.46", "2015-12-31": "$2.39", "2015-09-30": "$2.48", "2015-06-30": "$2.20", "2015-03-31": "$2.37", "2014-12-31": "$2.04", "2014-09-30": "$1.93", "2014-06-30": "$1.84", "2014-03-31": "$1.72", "2013-12-31": "$1.97", "2013-09-30": "$2.05", "2013-06-30": "$1.93", "2013-03-31": "$1.94", "2012-12-31": "$1.52", "2012-09-30": "$1.53", "2012-06-30": "$1.77", "2012-03-31": "$1.65", "2011-12-31": "$1.88", "2011-09-30": "$1.85", "2011-06-30": "$1.55", "2011-03-31": "$1.69", "2010-12-31": "$2.02", "2010-09-30": "$1.78", "2010-06-30": "$1.93", "2010-03-31": "$1.93", "2009-12-31": "$1.18", "2009-09-30": "$0.91", "2009-06-30": "$0.71", "2009-03-31": "$0.57", "2008-12-31": "$1.00", "2008-09-30": "$1.45", "2008-06-30": "$1.57", "2008-03-31": "$1.47", "2007-12-31": "$1.28", "2007-09-30": "$1.21", "2007-06-30": "$1.02", "2007-03-31": "$0.79", "2006-12-31": "$0.81"}, "net worth": {"value": "$238.82B"}, "current ratio": {"current": "1.91", "2020-12-31": "1.91", "2020-09-30": "1.66", "2020-06-30": "1.98", "2020-03-31": "1.74", "2019-12-31": "1.40", "2019-09-30": "1.20", "2019-06-30": "1.48", "2019-03-31": "1.54", "2018-12-31": "1.73", "2018-09-30": "1.51", "2018-06-30": "1.57", "2018-03-31": "1.59", "2017-12-31": "1.69", "2017-09-30": "1.60", "2017-06-30": "2.16", "2017-03-31": "1.69", "2016-12-31": "1.75", "2016-09-30": "1.80", "2016-06-30": "1.67", "2016-03-31": "1.56", "2015-12-31": "2.45", "2015-09-30": "2.40", "2015-06-30": "1.97", "2015-03-31": "1.76", "2014-12-31": "1.73", "2014-09-30": "1.85", "2014-06-30": "2.37", "2014-03-31": "2.26", "2013-12-31": "2.37", "2013-09-30": "2.26", "2013-06-30": "2.55", "2013-03-31": "2.43", "2012-12-31": "2.43", "2012-09-30": "1.93", "2012-06-30": "2.45", "2012-03-31": "2.13", "2011-12-31": "2.15", "2011-09-30": "2.24", "2011-06-30": "2.23", "2011-03-31": "1.97", "2010-12-31": "3.39", "2010-09-30": "3.34", "2010-06-30": "3.33", "2010-03-31": "2.66", "2009-12-31": "2.79", "2009-09-30": "2.48", "2009-06-30": "2.61", "2009-03-31": "2.86", "2008-12-31": "2.54", "2008-09-30": "2.13", "2008-06-30": "2.46", "2008-03-31": "2.55", "2007-12-31": "2.79", "2007-09-30": "2.76", "2007-06-30": "3.04", "2007-03-31": "2.67", "2006-12-31": "2.15", "2006-09-30": "1.94", "2006-06-30": "1.99", "2006-03-31": "1.83", "2005-12-31": "2.30", "2005-09-30": "2.29", "2005-06-30": "2.85", "2005-03-31": "2.74"}, "quick ratio": {"2020-12-31": "1.57", "2020-09-30": "1.24", "2020-06-30": "1.58", "2020-03-31": "1.35", "2019-12-31": "1.01", "2019-09-30": "0.85", "2019-06-30": "1.04", "2019-03-31": "1.13", "2018-12-31": "1.30", "2018-09-30": "1.13", "2018-06-30": "1.15", "2018-03-31": "1.23", "2017-12-31": "1.29", "2017-09-30": "1.27", "2017-06-30": "1.83", "2017-03-31": "1.42", "2016-12-31": "1.48", "2016-09-30": "1.52", "2016-06-30": "1.36", "2016-03-31": "1.24", "2015-12-31": "2.12", "2015-09-30": "2.07", "2015-06-30": "1.62", "2015-03-31": "1.47", "2014-12-31": "1.47", "2014-09-30": "1.57", "2014-06-30": "2.05", "2014-03-31": "1.98", "2013-12-31": "2.06", "2013-09-30": "1.93", "2013-06-30": "2.15", "2013-03-31": "2.06", "2012-12-31": "2.06", "2012-09-30": "1.48", "2012-06-30": "1.98", "2012-03-31": "1.75", "2011-12-31": "1.81", "2011-09-30": "1.91", "2011-06-30": "1.84", "2011-03-31": "1.62", "2010-12-31": "2.99", "2010-09-30": "2.95", "2010-06-30": "2.91", "2010-03-31": "2.33", "2009-12-31": "2.40", "2009-09-30": "2.16", "2009-06-30": "2.21", "2009-03-31": "2.38", "2008-12-31": "2.06", "2008-09-30": "1.79", "2008-06-30": "2.06", "2008-03-31": "2.17", "2007-12-31": "2.39", "2007-09-30": "2.30", "2007-06-30": "2.40", "2007-03-31": "2.01", "2006-12-31": "1.64", "2006-09-30": "1.45", "2006-06-30": "1.48", "2006-03-31": "1.47", "2005-12-31": "1.96", "2005-09-30": "1.99", "2005-06-30": "2.50", "2005-03-31": "2.41"}, "debt equity ratio": {"current": "0.42", "2020-12-31": "0.89", "2020-09-30": "0.95", "2020-06-30": "0.86", "2020-03-31": "0.94", "2019-12-31": "0.76", "2019-09-30": "0.80", "2019-06-30": "0.75", "2019-03-31": "0.76", "2018-12-31": "0.72", "2018-09-30": "0.79", "2018-06-30": "0.80", "2018-03-31": "0.83", "2017-12-31": "0.79", "2017-09-30": "0.79", "2017-06-30": "0.78", "2017-03-31": "0.73", "2016-12-31": "0.71", "2016-09-30": "0.78", "2016-06-30": "0.79", "2016-03-31": "0.72", "2015-12-31": "0.66", "2015-09-30": "0.73", "2015-06-30": "0.57", "2015-03-31": "0.63", "2014-12-31": "0.65", "2014-09-30": "0.62", "2014-06-30": "0.55", "2014-03-31": "0.58", "2013-12-31": "0.59", "2013-09-30": "0.63", "2013-06-30": "0.59", "2013-03-31": "0.62", "2012-12-31": "0.65", "2012-09-30": "0.51", "2012-06-30": "0.48", "2012-03-31": "0.54", "2011-12-31": "0.55", "2011-09-30": "0.53", "2011-06-30": "0.36", "2011-03-31": "0.38", "2010-12-31": "0.28", "2010-09-30": "0.27", "2010-06-30": "0.26", "2010-03-31": "0.30", "2009-12-31": "0.27", "2009-09-30": "0.31", "2009-06-30": "0.26", "2009-03-31": "0.24", "2008-12-31": "0.28", "2008-09-30": "0.36", "2008-06-30": "0.30", "2008-03-31": "0.31", "2007-12-31": "0.30", "2007-09-30": "0.30", "2007-06-30": "0.27", "2007-03-31": "0.30", "2006-12-31": "0.32", "2006-09-30": "0.34", "2006-06-30": "0.33", "2006-03-31": "0.37", "2005-12-31": "0.34", "2005-09-30": "0.29", "2005-06-30": "0.24", "2005-03-31": "0.26"}, "return on equity": {"2020-12-31": "26.63%", "2020-09-30": "28.28%", "2020-06-30": "30.52%", "2020-03-31": "30.01%", "2019-12-31": "28.03%", "2019-09-30": "26.01%", "2019-06-30": "26.81%", "2019-03-31": "28.40%", "2018-12-31": "29.42%", "2018-09-30": "21.62%", "2018-06-30": "18.97%", "2018-03-31": "15.92%", "2017-12-31": "13.94%", "2017-09-30": "20.32%", "2017-06-30": "19.20%", "2017-03-31": "17.45%", "2016-12-31": "16.38%", "2016-09-30": "16.81%", "2016-06-30": "16.78%", "2016-03-31": "19.36%", "2015-12-31": "19.79%", "2015-09-30": "20.34%", "2015-06-30": "20.80%", "2015-03-31": "20.81%", "2014-12-31": "20.42%", "2014-09-30": "18.42%", "2014-06-30": "17.84%", "2014-03-31": "16.85%", "2013-12-31": "17.59%", "2013-09-30": "17.88%", "2013-06-30": "18.46%", "2013-03-31": "20.58%", "2012-12-31": "22.46%", "2012-09-30": "24.95%", "2012-06-30": "26.43%", "2012-03-31": "26.71%", "2011-12-31": "27.52%", "2011-09-30": "26.64%", "2011-06-30": "25.36%", "2011-03-31": "25.60%", "2010-12-31": "24.67%", "2010-09-30": "23.73%", "2010-06-30": "22.34%", "2010-03-31": "15.20%", "2009-12-31": "11.00%", "2009-09-30": "5.93%", "2009-06-30": "6.33%", "2009-03-31": "11.35%", "2008-12-31": "13.27%", "2008-09-30": "18.02%", "2008-06-30": "17.26%", "2008-03-31": "16.54%", "2007-12-31": "17.34%", "2007-09-30": "16.03%", "2007-06-30": "15.35%", "2007-03-31": "14.78%", "2006-12-31": "14.32%", "2006-09-30": "17.09%", "2006-06-30": "18.84%", "2006-03-31": "21.66%", "2005-12-31": "23.39%"}, "return on assets": {"2020-12-31": "13.97%", "2020-09-30": "15.08%", "2020-06-30": "16.59%", "2020-03-31": "16.57%", "2019-12-31": "15.87%", "2019-09-30": "14.82%", "2019-06-30": "15.29%", "2019-03-31": "16.08%", "2018-12-31": "16.49%", "2018-09-30": "11.99%", "2018-06-30": "10.53%", "2018-03-31": "8.85%", "2017-12-31": "7.87%", "2017-09-30": "11.59%", "2017-06-30": "10.98%", "2017-03-31": "9.96%", "2016-12-31": "9.36%", "2016-09-30": "9.67%", "2016-06-30": "9.73%", "2016-03-31": "11.59%", "2015-12-31": "12.02%", "2015-09-30": "12.38%", "2015-06-30": "12.88%", "2015-03-31": "12.93%", "2014-12-31": "12.78%", "2014-09-30": "11.64%", "2014-06-30": "11.24%", "2014-03-31": "10.55%", "2013-12-31": "10.94%", "2013-09-30": "11.01%", "2013-06-30": "11.58%", "2013-03-31": "13.13%", "2012-12-31": "14.53%", "2012-09-30": "16.43%", "2012-06-30": "17.34%", "2012-03-31": "17.91%", "2011-12-31": "18.94%", "2011-09-30": "19.24%", "2011-06-30": "19.18%", "2011-03-31": "19.73%", "2010-12-31": "19.33%", "2010-09-30": "18.61%", "2010-06-30": "17.41%", "2010-03-31": "11.84%", "2009-12-31": "8.67%", "2009-09-30": "4.67%", "2009-06-30": "4.94%", "2009-03-31": "8.78%", "2008-12-31": "10.13%", "2008-09-30": "13.69%", "2008-06-30": "13.25%", "2008-03-31": "12.78%", "2007-12-31": "13.43%", "2007-09-30": "12.38%", "2007-06-30": "11.77%", "2007-03-31": "11.20%", "2006-12-31": "10.70%", "2006-09-30": "12.73%", "2006-06-30": "14.16%", "2006-03-31": "16.57%", "2005-12-31": "18.26%"}, "return on investments": {"2020-12-31": "20.75%", "2020-09-30": "22.14%", "2020-06-30": "24.07%", "2020-03-31": "24.08%", "2019-12-31": "22.02%", "2019-09-30": "21.62%", "2019-06-30": "22.62%", "2019-03-31": "23.61%", "2018-12-31": "24.19%", "2018-09-30": "23.71%", "2018-06-30": "21.27%", "2018-03-31": "19.68%", "2017-12-31": "19.18%", "2017-09-30": "18.85%", "2017-06-30": "18.68%", "2017-03-31": "16.37%", "2016-12-31": "15.34%", "2016-09-30": "15.03%", "2016-06-30": "15.16%", "2016-03-31": "17.95%", "2015-12-31": "18.98%", "2015-09-30": "20.08%", "2015-06-30": "21.26%", "2015-03-31": "22.43%", "2014-12-31": "21.94%", "2014-09-30": "20.40%", "2014-06-30": "18.91%", "2014-03-31": "17.66%", "2013-12-31": "18.12%", "2013-09-30": "18.01%", "2013-06-30": "19.42%", "2013-03-31": "22.16%", "2012-12-31": "25.41%", "2012-09-30": "29.36%", "2012-06-30": "31.54%", "2012-03-31": "32.50%", "2011-12-31": "33.86%", "2011-09-30": "32.99%", "2011-06-30": "32.26%", "2011-03-31": "32.82%", "2010-12-31": "32.12%", "2010-09-30": "30.18%", "2010-06-30": "28.13%", "2010-03-31": "20.01%", "2009-12-31": "13.81%", "2009-09-30": "11.71%", "2009-06-30": "13.02%", "2009-03-31": "18.39%", "2008-12-31": "21.52%", "2008-09-30": "24.55%", "2008-06-30": "22.06%", "2008-03-31": "20.04%", "2007-12-31": "19.51%", "2007-09-30": "16.41%", "2007-06-30": "15.04%", "2007-03-31": "14.77%", "2006-12-31": "15.18%", "2006-09-30": "20.11%", "2006-06-30": "24.75%", "2006-03-31": "28.77%", "2005-12-31": "31.90%"}, "return on tangible equity": {"2020-12-31": "50.01%", "2020-09-30": "54.01%", "2020-06-30": "57.95%", "2020-03-31": "57.68%", "2019-12-31": "54.07%", "2019-09-30": "50.39%", "2019-06-30": "52.66%", "2019-03-31": "56.96%", "2018-12-31": "60.05%", "2018-09-30": "45.31%", "2018-06-30": "40.14%", "2018-03-31": "30.70%", "2017-12-31": "24.84%", "2017-09-30": "33.50%", "2017-06-30": "29.63%", "2017-03-31": "28.17%", "2016-12-31": "27.69%", "2016-09-30": "27.25%", "2016-06-30": "26.14%", "2016-03-31": "28.09%", "2015-12-31": "26.83%", "2015-09-30": "27.80%", "2015-06-30": "28.47%", "2015-03-31": "28.43%", "2014-12-31": "27.85%", "2014-09-30": "25.08%", "2014-06-30": "24.45%", "2014-03-31": "23.35%", "2013-12-31": "24.67%", "2013-09-30": "25.46%", "2013-06-30": "26.62%", "2013-03-31": "29.96%", "2012-12-31": "33.01%", "2012-09-30": "37.04%", "2012-06-30": "39.47%", "2012-03-31": "40.03%", "2011-12-31": "41.34%", "2011-09-30": "36.76%", "2011-06-30": "32.33%", "2011-03-31": "30.45%", "2010-12-31": "27.45%", "2010-09-30": "26.36%", "2010-06-30": "24.96%", "2010-03-31": "17.00%", "2009-12-31": "12.29%", "2009-09-30": "6.61%", "2009-06-30": "7.04%", "2009-03-31": "12.60%", "2008-12-31": "14.72%", "2008-09-30": "19.94%", "2008-06-30": "19.07%", "2008-03-31": "18.28%", "2007-12-31": "19.20%", "2007-09-30": "17.81%", "2007-06-30": "17.12%", "2007-03-31": "16.55%", "2006-12-31": "16.08%", "2006-09-30": "19.21%", "2006-06-30": "21.14%", "2006-03-31": "24.23%", "2005-12-31": "26.06%"}, "dividend yield history": {"last payout": "$1.39", "last yield": "2.36%"}}