{"ticker": "IART", "price": {"title": "Integra LifeSciences Holdings Historical Annual Stock Price Data", "value": 68.17, "historical": {"2021": {"Average Stock Price": "67.1231", "Year Open": "62.6300", "Year High": "70.1500", "Year Low": "62.6300", "Year Close": "68.1700", "Annual % Change": "5.01%"}, "2020": {"Average Stock Price": "50.7459", "Year Open": "57.8700", "Year High": "66.5500", "Year Low": "36.6700", "Year Close": "64.9200", "Annual % Change": "11.39%"}, "2019": {"Average Stock Price": "55.4526", "Year Open": "43.7400", "Year High": "64.5900", "Year Low": "42.9700", "Year Close": "58.2800", "Annual % Change": "29.22%"}, "2018": {"Average Stock Price": "57.8970", "Year Open": "46.8700", "Year High": "67.2300", "Year Low": "42.6200", "Year Close": "45.1000", "Annual % Change": "-5.77%"}, "2017": {"Average Stock Price": "47.7162", "Year Open": "42.5900", "Year High": "55.7600", "Year Low": "40.8600", "Year Close": "47.8600", "Annual % Change": "11.57%"}, "2016": {"Average Stock Price": "37.4760", "Year Open": "33.0900", "Year High": "43.7000", "Year Low": "27.7450", "Year Close": "42.8950", "Annual % Change": "26.57%"}, "2015": {"Average Stock Price": "31.0404", "Year Open": "26.6950", "Year High": "34.9100", "Year Low": "26.6950", "Year Close": "33.8900", "Annual % Change": "24.99%"}, "2014": {"Average Stock Price": "23.8936", "Year Open": "23.7100", "Year High": "27.1900", "Year Low": "21.9950", "Year Close": "27.1150", "Annual % Change": "13.67%"}, "2013": {"Average Stock Price": "20.1402", "Year Open": "19.7650", "Year High": "23.9200", "Year Low": "15.9200", "Year Close": "23.8550", "Annual % Change": "22.43%"}, "2012": {"Average Stock Price": "17.9245", "Year Open": "15.6500", "Year High": "21.3800", "Year Low": "11.6100", "Year Close": "19.4850", "Annual % Change": "26.40%"}, "2011": {"Average Stock Price": "21.3133", "Year Open": "24.2100", "Year High": "26.1750", "Year Low": "14.1500", "Year Close": "15.4150", "Annual % Change": "-34.82%"}, "2010": {"Average Stock Price": "20.3356", "Year Open": "19.2500", "Year High": "24.8550", "Year Low": "16.9300", "Year Close": "23.6500", "Annual % Change": "28.29%"}, "2009": {"Average Stock Price": "14.6105", "Year Open": "17.8950", "Year High": "18.6650", "Year Low": "9.5250", "Year Close": "18.4350", "Annual % Change": "3.65%"}, "2008": {"Average Stock Price": "20.8027", "Year Open": "21.4000", "Year High": "24.4100", "Year Low": "14.0500", "Year Close": "17.7850", "Annual % Change": "-15.17%"}, "2007": {"Average Stock Price": "23.1176", "Year Open": "21.2650", "Year High": "25.9850", "Year Low": "19.7500", "Year Close": "20.9650", "Annual % Change": "-1.55%"}, "2006": {"Average Stock Price": "19.4123", "Year Open": "17.6550", "Year High": "21.7100", "Year Low": "17.5550", "Year Close": "21.2950", "Annual % Change": "20.11%"}, "2005": {"Average Stock Price": "17.4681", "Year Open": "17.9550", "Year High": "19.7100", "Year Low": "14.4800", "Year Close": "17.7300", "Annual % Change": "-3.98%"}, "2004": {"Average Stock Price": "16.0472", "Year Open": "14.3900", "Year High": "18.5000", "Year Low": "13.7050", "Year Close": "18.4650", "Annual % Change": "28.86%"}, "2003": {"Average Stock Price": "12.8202", "Year Open": "8.9450", "Year High": "17.0050", "Year Low": "7.9000", "Year Close": "14.3300", "Annual % Change": "62.38%"}, "2002": {"Average Stock Price": "10.3064", "Year Open": "12.7950", "Year High": "16.5700", "Year Low": "6.8650", "Year Close": "8.8250", "Annual % Change": "-32.99%"}, "2001": {"Average Stock Price": "10.4918", "Year Open": "6.3750", "Year High": "15.6500", "Year Low": "5.0950", "Year Close": "13.1700", "Annual % Change": "93.25%"}, "2000": {"Average Stock Price": "5.7583", "Year Open": "3.0300", "Year High": "9.0000", "Year Low": "3.0300", "Year Close": "6.8150", "Annual % Change": "130.78%"}, "1999": {"Average Stock Price": "2.8095", "Year Open": "1.7500", "Year High": "5.1250", "Year Low": "1.5625", "Year Close": "2.9530", "Annual % Change": "74.99%"}, "1998": {"Average Stock Price": "3.4561", "Year Open": "4.0600", "Year High": "5.3800", "Year Low": "1.6250", "Year Close": "1.6875", "Annual % Change": "-61.99%"}, "1997": {"Average Stock Price": "3.9980", "Year Open": "4.6200", "Year High": "5.7500", "Year Low": "2.7500", "Year Close": "4.4400", "Annual % Change": "-3.90%"}, "1996": {"Average Stock Price": "8.4012", "Year Open": "6.7500", "Year High": "12.7500", "Year Low": "4.3800", "Year Close": "4.6200", "Annual % Change": "-28.92%"}}}, "market cap": {"value": "$5.74B"}, "income statement": {"Revenue": {"2019-12-31": "1517.55700", "2018-12-31": "1472.44100", "2017-12-31": "1188.23600", "2016-12-31": "992.07500", "2015-12-31": "882.73400", "2014-12-31": "796.71700", "2013-12-31": "696.83200", "2012-12-31": "830.87100", "2011-12-31": "780.07800", "2010-12-31": "732.06800", "2009-12-31": "682.48700", "2008-12-31": "654.60400", "2007-12-31": "550.45900", "2006-12-31": "419.29700", "2005-12-31": "277.93500"}, "Cost Of Goods Sold": {"2019-12-31": "564.68100", "2018-12-31": "571.49600", "2017-12-31": "435.51100", "2016-12-31": "349.08900", "2015-12-31": "326.54200", "2014-12-31": "302.94600", "2013-12-31": "279.54800", "2012-12-31": "314.42700", "2011-12-31": "299.15000", "2010-12-31": "268.18800", "2009-12-31": "244.91800", "2008-12-31": "252.82600", "2007-12-31": "214.67400", "2006-12-31": "168.31400", "2005-12-31": "107.05200"}, "Gross Profit": {"2019-12-31": "952.87600", "2018-12-31": "900.94510", "2017-12-31": "752.72500", "2016-12-31": "642.98600", "2015-12-31": "556.19200", "2014-12-31": "493.77100", "2013-12-31": "417.28400", "2012-12-31": "516.44400", "2011-12-31": "480.92800", "2010-12-31": "463.88000", "2009-12-31": "437.56900", "2008-12-31": "401.77800", "2007-12-31": "335.78500", "2006-12-31": "250.98300", "2005-12-31": "170.88300"}, "Research And Development Expenses": {"2019-12-31": "79.57300", "2018-12-31": "78.04100", "2017-12-31": "63.45500", "2016-12-31": "58.15500", "2015-12-31": "50.89500", "2014-12-31": "43.55900", "2013-12-31": "42.62200", "2012-12-31": "51.01200", "2011-12-31": "51.45100", "2010-12-31": "48.11400", "2009-12-31": "44.28000", "2008-12-31": "60.49500", "2007-12-31": "30.65800", "2006-12-31": "25.73200", "2005-12-31": "11.96000"}, "SG&A Expenses": {"2019-12-31": "687.59900", "2018-12-31": "690.74600", "2017-12-31": "624.09600", "2016-12-31": "455.62900", "2015-12-31": "415.75700", "2014-12-31": "375.54500", "2013-12-31": "332.19000", "2012-12-31": "373.11400", "2011-12-31": "358.13200", "2010-12-31": "305.05500", "2009-12-31": "281.10200", "2008-12-31": "280.99700", "2007-12-31": "225.18700", "2006-12-31": "157.70600", "2005-12-31": "98.27300"}, "Other Operating Income Or Expenses": {"2019-12-31": "", "2018-12-31": "", "2017-12-31": "", "2016-12-31": "", "2015-12-31": "", "2014-12-31": "", "2013-12-31": "", "2012-12-31": "", "2011-12-31": "", "2010-12-31": "", "2009-12-31": "", "2008-12-31": "", "2007-12-31": "", "2006-12-31": "", "2005-12-31": ""}, "Operating Expenses": {"2019-12-31": "1423.79700", "2018-12-31": "1361.44300", "2017-12-31": "1143.43200", "2016-12-31": "876.73500", "2015-12-31": "803.14700", "2014-12-31": "728.86000", "2013-12-31": "661.45900", "2012-12-31": "757.08900", "2011-12-31": "725.16600", "2010-12-31": "633.37400", "2009-12-31": "584.66300", "2008-12-31": "607.19300", "2007-12-31": "483.17100", "2006-12-31": "360.55300", "2005-12-31": "221.83000"}, "Operating Income": {"2019-12-31": "93.75990", "2018-12-31": "110.99820", "2017-12-31": "44.80400", "2016-12-31": "115.34000", "2015-12-31": "79.58700", "2014-12-31": "67.85700", "2013-12-31": "35.37300", "2012-12-31": "73.78200", "2011-12-31": "54.91200", "2010-12-31": "98.69400", "2009-12-31": "97.82400", "2008-12-31": "47.41100", "2007-12-31": "67.28800", "2006-12-31": "58.74400", "2005-12-31": "56.10500"}, "Total Non-Operating Income/Expense": {"2019-12-31": "-33.65600", "2018-12-31": "-53.59500", "2017-12-31": "-33.41900", "2016-12-31": "-24.93400", "2015-12-31": "-18.91600", "2014-12-31": "-22.29100", "2013-12-31": "-16.58700", "2012-12-31": "-21.75300", "2011-12-31": "-26.41800", "2010-12-31": "-16.58000", "2009-12-31": "-24.67200", "2008-12-31": "-28.87600", "2007-12-31": "-20.59000", "2006-12-31": "-10.43600", "2005-12-31": "-1.00400"}, "Pre-Tax Income": {"2019-12-31": "60.10400", "2018-12-31": "57.40300", "2017-12-31": "11.38500", "2016-12-31": "90.40600", "2015-12-31": "60.67100", "2014-12-31": "45.56600", "2013-12-31": "18.78600", "2012-12-31": "52.02900", "2011-12-31": "28.49400", "2010-12-31": "82.11400", "2009-12-31": "73.15200", "2008-12-31": "18.53500", "2007-12-31": "46.69800", "2006-12-31": "48.30800", "2005-12-31": "55.10100"}, "Income Taxes": {"2019-12-31": "9.90300", "2018-12-31": "-3.39800", "2017-12-31": "-53.35800", "2016-12-31": "15.84200", "2015-12-31": "53.82000", "2014-12-31": "9.27100", "2013-12-31": "-3.24100", "2012-12-31": "10.82500", "2011-12-31": "0.50500", "2010-12-31": "16.44500", "2009-12-31": "22.19700", "2008-12-31": "-9.19200", "2007-12-31": "20.94900", "2006-12-31": "18.90100", "2005-12-31": "17.90700"}, "Income After Taxes": {"2019-12-31": "50.20100", "2018-12-31": "60.80100", "2017-12-31": "64.74300", "2016-12-31": "74.56400", "2015-12-31": "6.85100", "2014-12-31": "36.29500", "2013-12-31": "22.02700", "2012-12-31": "41.20400", "2011-12-31": "27.98900", "2010-12-31": "65.66900", "2009-12-31": "50.95500", "2008-12-31": "27.72700", "2007-12-31": "25.74900", "2006-12-31": "29.40700", "2005-12-31": "37.19400"}, "Other Income": {"2019-12-31": "", "2018-12-31": "", "2017-12-31": "", "2016-12-31": "", "2015-12-31": "", "2014-12-31": "", "2013-12-31": "", "2012-12-31": "", "2011-12-31": "", "2010-12-31": "", "2009-12-31": "", "2008-12-31": "", "2007-12-31": "", "2006-12-31": "", "2005-12-31": ""}, "Income From Continuous Operations": {"2019-12-31": "50.20100", "2018-12-31": "60.80100", "2017-12-31": "64.74300", "2016-12-31": "74.56400", "2015-12-31": "6.85100", "2014-12-31": "36.29500", "2013-12-31": "22.02700", "2012-12-31": "41.20400", "2011-12-31": "27.98900", "2010-12-31": "65.66900", "2009-12-31": "50.95500", "2008-12-31": "27.72700", "2007-12-31": "25.74900", "2006-12-31": "29.40700", "2005-12-31": "37.19400"}, "Income From Discontinued Operations": {"2019-12-31": "", "2018-12-31": "", "2017-12-31": "", "2016-12-31": "", "2015-12-31": "-10.37000", "2014-12-31": "-2.29100", "2013-12-31": "-43.09400", "2012-12-31": "", "2011-12-31": "", "2010-12-31": "", "2009-12-31": "", "2008-12-31": "", "2007-12-31": "", "2006-12-31": "", "2005-12-31": ""}, "Net Income": {"2019-12-31": "50.20100", "2018-12-31": "60.80100", "2017-12-31": "64.74300", "2016-12-31": "74.56400", "2015-12-31": "-3.51900", "2014-12-31": "34.00400", "2013-12-31": "-21.06700", "2012-12-31": "41.20400", "2011-12-31": "27.98900", "2010-12-31": "65.66900", "2009-12-31": "50.95500", "2008-12-31": "27.72700", "2007-12-31": "25.74900", "2006-12-31": "29.40700", "2005-12-31": "37.19400"}, "EBITDA": {"2019-12-31": "208.61190", "2018-12-31": "227.99820", "2017-12-31": "136.47090", "2016-12-31": "190.53400", "2015-12-31": "140.71400", "2014-12-31": "116.86200", "2013-12-31": "68.68400", "2012-12-31": "129.11800", "2011-12-31": "108.47100", "2010-12-31": "139.35600", "2009-12-31": "139.91200", "2008-12-31": "80.55900", "2007-12-31": "94.32700", "2006-12-31": "80.22200", "2005-12-31": "70.14600"}, "EBIT": {"2019-12-31": "93.75990", "2018-12-31": "110.99820", "2017-12-31": "44.80400", "2016-12-31": "115.34000", "2015-12-31": "79.58700", "2014-12-31": "67.85700", "2013-12-31": "35.37300", "2012-12-31": "73.78200", "2011-12-31": "54.91200", "2010-12-31": "98.69400", "2009-12-31": "97.82400", "2008-12-31": "47.41100", "2007-12-31": "67.28800", "2006-12-31": "58.74400", "2005-12-31": "56.10500"}, "Basic Shares Outstanding": {"2019-12-31": "85.63700", "2018-12-31": "82.85700", "2017-12-31": "76.89700", "2016-12-31": "74.38600", "2015-12-31": "68.99000", "2014-12-31": "64.86400", "2013-12-31": "56.83200", "2012-12-31": "56.46400", "2011-12-31": "57.90400", "2010-12-31": "59.09600", "2009-12-31": "58.07600", "2008-12-31": "55.56200", "2007-12-31": "55.42400", "2006-12-31": "58.60000", "2005-12-31": "60.39000"}, "Shares Outstanding": {"2019-12-31": "86.49400", "2018-12-31": "83.99900", "2017-12-31": "79.12100", "2016-12-31": "79.19400", "2015-12-31": "71.35400", "2014-12-31": "65.92000", "2013-12-31": "57.60400", "2012-12-31": "57.03200", "2011-12-31": "58.99000", "2010-12-31": "60.29800", "2009-12-31": "58.58400", "2008-12-31": "56.75600", "2007-12-31": "58.74600", "2006-12-31": "65.49400", "2005-12-31": "69.13000"}, "Basic EPS": {"2019-12-31": "0.59000", "2018-12-31": "0.73000", "2017-12-31": "0.84000", "2016-12-31": "1.00000", "2015-12-31": "-0.05000", "2014-12-31": "0.52000", "2013-12-31": "-0.37000", "2012-12-31": "0.73000", "2011-12-31": "0.48500", "2010-12-31": "1.10500", "2009-12-31": "0.87500", "2008-12-31": "0.49000", "2007-12-31": "0.45500", "2006-12-31": "0.50000", "2005-12-31": "0.61500"}, "EPS - Earnings Per Share": {"2019-12-31": "0.58000", "2018-12-31": "0.72000", "2017-12-31": "0.82000", "2016-12-31": "0.94000", "2015-12-31": "-0.05000", "2014-12-31": "0.52000", "2013-12-31": "-0.37000", "2012-12-31": "0.72000", "2011-12-31": "0.47500", "2010-12-31": "1.08500", "2009-12-31": "0.87000", "2008-12-31": "0.48000", "2007-12-31": "0.43000", "2006-12-31": "0.48500", "2005-12-31": "0.57500"}}, "income statement, quarterly": {"Revenue": {"2020-09-30": "370.23200", "2020-06-30": "258.66500", "2020-03-31": "354.32400", "2019-12-31": "395.12700", "2019-09-30": "379.09500", "2019-06-30": "383.64500", "2019-03-31": "359.69000", "2018-12-31": "383.31500", "2018-09-30": "365.85400", "2018-06-30": "366.19000", "2018-03-31": "357.08200", "2017-12-31": "368.60200", "2017-09-30": "278.83400", "2017-06-30": "282.16400", "2017-03-31": "258.63600", "2016-12-31": "255.66400", "2016-09-30": "250.33200", "2016-06-30": "249.30900", "2016-03-31": "236.77000", "2015-12-31": "241.16000", "2015-09-30": "226.36700", "2015-06-30": "212.67300", "2015-03-31": "202.53400", "2014-12-31": "152.78400", "2014-09-30": "197.52300", "2014-06-30": "231.35100", "2014-03-31": "215.05900", "2013-12-31": "81.38700", "2013-09-30": "213.24600", "2013-06-30": "205.54700", "2013-03-31": "196.65200", "2012-12-31": "214.43200", "2012-09-30": "210.08400", "2012-06-30": "210.17000", "2012-03-31": "196.18500", "2011-12-31": "203.52300", "2011-09-30": "202.18500", "2011-06-30": "193.32900", "2011-03-31": "181.04100", "2010-12-31": "194.13400", "2010-09-30": "186.64100", "2010-06-30": "178.59500", "2010-03-31": "172.69800", "2009-12-31": "183.52600", "2009-09-30": "172.28600", "2009-06-30": "165.72500", "2009-03-31": "160.95000", "2008-12-31": "174.37000", "2008-09-30": "167.02800", "2008-06-30": "157.19800", "2008-03-31": "156.00800", "2007-12-31": "157.64500", "2007-09-30": "135.01500", "2007-06-30": "134.76700", "2007-03-31": "123.03200", "2006-12-31": "125.39400", "2006-09-30": "116.64700", "2006-06-30": "100.12100", "2006-03-31": "77.13500", "2005-12-31": "72.98400", "2005-09-30": "69.33400", "2005-06-30": "69.77800", "2005-03-31": "65.83900"}, "Cost Of Goods Sold": {"2020-09-30": "134.81100", "2020-06-30": "105.47800", "2020-03-31": "133.47600", "2019-12-31": "149.46200", "2019-09-30": "142.63600", "2019-06-30": "143.67100", "2019-03-31": "128.91200", "2018-12-31": "146.46400", "2018-09-30": "143.24500", "2018-06-30": "137.56500", "2018-03-31": "144.22200", "2017-12-31": "148.17100", "2017-09-30": "101.75700", "2017-06-30": "98.99800", "2017-03-31": "86.58500", "2016-12-31": "85.42200", "2016-09-30": "89.32900", "2016-06-30": "89.56500", "2016-03-31": "84.77300", "2015-12-31": "90.00100", "2015-09-30": "86.06900", "2015-06-30": "75.25100", "2015-03-31": "75.22100", "2014-12-31": "59.69100", "2014-09-30": "73.89600", "2014-06-30": "86.97600", "2014-03-31": "82.38300", "2013-12-31": "36.34000", "2013-09-30": "81.76700", "2013-06-30": "81.82900", "2013-03-31": "79.61200", "2012-12-31": "81.93000", "2012-09-30": "79.54800", "2012-06-30": "78.27400", "2012-03-31": "74.67500", "2011-12-31": "82.74000", "2011-09-30": "78.65100", "2011-06-30": "72.83800", "2011-03-31": "64.92100", "2010-12-31": "71.30600", "2010-09-30": "69.19400", "2010-06-30": "64.46400", "2010-03-31": "63.22400", "2009-12-31": "63.94400", "2009-09-30": "63.02100", "2009-06-30": "59.80500", "2009-03-31": "58.14800", "2008-12-31": "68.13800", "2008-09-30": "64.31700", "2008-06-30": "58.15900", "2008-03-31": "62.21200", "2007-12-31": "62.42600", "2007-09-30": "50.86300", "2007-06-30": "52.80800", "2007-03-31": "48.57700", "2006-12-31": "51.44500", "2006-09-30": "47.55900", "2006-06-30": "41.37300", "2006-03-31": "27.93700", "2005-12-31": "28.64400", "2005-09-30": "26.39400", "2005-06-30": "27.51800", "2005-03-31": "24.49600"}, "Gross Profit": {"2020-09-30": "235.42100", "2020-06-30": "153.18700", "2020-03-31": "220.84800", "2019-12-31": "245.66500", "2019-09-30": "236.45900", "2019-06-30": "239.97400", "2019-03-31": "230.77800", "2018-12-31": "236.85110", "2018-09-30": "222.60900", "2018-06-30": "228.62500", "2018-03-31": "212.86000", "2017-12-31": "220.43100", "2017-09-30": "177.07700", "2017-06-30": "183.16600", "2017-03-31": "172.05100", "2016-12-31": "170.24200", "2016-09-30": "161.00300", "2016-06-30": "159.74400", "2016-03-31": "151.99700", "2015-12-31": "151.15900", "2015-09-30": "140.29800", "2015-06-30": "137.42200", "2015-03-31": "127.31300", "2014-12-31": "93.09290", "2014-09-30": "123.62700", "2014-06-30": "144.37500", "2014-03-31": "132.67600", "2013-12-31": "45.04700", "2013-09-30": "131.47900", "2013-06-30": "123.71800", "2013-03-31": "117.04000", "2012-12-31": "132.50200", "2012-09-30": "130.53600", "2012-06-30": "131.89600", "2012-03-31": "121.51000", "2011-12-31": "120.78300", "2011-09-30": "123.53400", "2011-06-30": "120.49100", "2011-03-31": "116.12000", "2010-12-31": "122.82800", "2010-09-30": "117.44700", "2010-06-30": "114.13100", "2010-03-31": "109.47400", "2009-12-31": "119.58200", "2009-09-30": "109.26500", "2009-06-30": "105.92000", "2009-03-31": "102.80200", "2008-12-31": "106.23200", "2008-09-30": "102.71100", "2008-06-30": "99.03900", "2008-03-31": "93.79600", "2007-12-31": "95.21900", "2007-09-30": "84.15200", "2007-06-30": "81.95900", "2007-03-31": "74.45500", "2006-12-31": "73.94900", "2006-09-30": "69.08800", "2006-06-30": "58.74800", "2006-03-31": "49.19800", "2005-12-31": "44.34000", "2005-09-30": "42.94000", "2005-06-30": "42.26000", "2005-03-31": "41.34300"}, "Research And Development Expenses": {"2020-09-30": "19.46000", "2020-06-30": "14.92600", "2020-03-31": "20.81600", "2019-12-31": "24.61600", "2019-09-30": "19.00300", "2019-06-30": "17.63300", "2019-03-31": "18.32100", "2018-12-31": "20.29900", "2018-09-30": "20.30900", "2018-06-30": "19.10800", "2018-03-31": "18.32500", "2017-12-31": "17.18000", "2017-09-30": "15.03400", "2017-06-30": "15.74700", "2017-03-31": "15.49400", "2016-12-31": "13.90100", "2016-09-30": "15.12400", "2016-06-30": "14.67900", "2016-03-31": "14.45100", "2015-12-31": "13.86600", "2015-09-30": "13.93800", "2015-06-30": "12.01200", "2015-03-31": "11.07900", "2014-12-31": "6.11300", "2014-09-30": "11.13400", "2014-06-30": "13.74500", "2014-03-31": "12.56700", "2013-12-31": "5.04500", "2013-09-30": "13.05200", "2013-06-30": "11.80900", "2013-03-31": "12.71600", "2012-12-31": "12.86400", "2012-09-30": "13.10500", "2012-06-30": "13.13100", "2012-03-31": "11.91200", "2011-12-31": "13.40200", "2011-09-30": "13.18700", "2011-06-30": "12.70900", "2011-03-31": "12.15300", "2010-12-31": "13.33100", "2010-09-30": "11.72100", "2010-06-30": "11.76100", "2010-03-31": "11.30100", "2009-12-31": "11.81000", "2009-09-30": "11.52500", "2009-06-30": "10.30200", "2009-03-31": "10.64300", "2008-12-31": "10.18600", "2008-09-30": "34.71800", "2008-06-30": "7.79300", "2008-03-31": "7.79800", "2007-12-31": "11.81300", "2007-09-30": "6.54600", "2007-06-30": "6.23900", "2007-03-31": "6.06000", "2006-12-31": "5.21400", "2006-09-30": "10.99100", "2006-06-30": "6.35400", "2006-03-31": "3.17300", "2005-12-31": "2.70400", "2005-09-30": "3.11000", "2005-06-30": "2.78700", "2005-03-31": "3.35900"}, "SG&A Expenses": {"2020-09-30": "150.07600", "2020-06-30": "116.10800", "2020-03-31": "165.95200", "2019-12-31": "174.25300", "2019-09-30": "173.09800", "2019-06-30": "165.37800", "2019-03-31": "174.87000", "2018-12-31": "177.22800", "2018-09-30": "173.35500", "2018-06-30": "176.59700", "2018-03-31": "163.56600", "2017-12-31": "190.63900", "2017-09-30": "145.94500", "2017-06-30": "145.01500", "2017-03-31": "142.49700", "2016-12-31": "112.12000", "2016-09-30": "112.31700", "2016-06-30": "119.21700", "2016-03-31": "111.97500", "2015-12-31": "109.75000", "2015-09-30": "113.42400", "2015-06-30": "99.31800", "2015-03-31": "93.26500", "2014-12-31": "58.16600", "2014-09-30": "93.78800", "2014-06-30": "115.25300", "2014-03-31": "108.33800", "2013-12-31": "26.15300", "2013-09-30": "99.79400", "2013-06-30": "103.28000", "2013-03-31": "102.96300", "2012-12-31": "96.52900", "2012-09-30": "93.07700", "2012-06-30": "96.09700", "2012-03-31": "87.41100", "2011-12-31": "94.80800", "2011-09-30": "87.50800", "2011-06-30": "95.73200", "2011-03-31": "80.08400", "2010-12-31": "82.59000", "2010-09-30": "75.73800", "2010-06-30": "74.21600", "2010-03-31": "72.51100", "2009-12-31": "76.48400", "2009-09-30": "69.91500", "2009-06-30": "68.25200", "2009-03-31": "66.45100", "2008-12-31": "67.37300", "2008-09-30": "87.66000", "2008-06-30": "63.47500", "2008-03-31": "62.48900", "2007-12-31": "64.86100", "2007-09-30": "56.24100", "2007-06-30": "54.98000", "2007-03-31": "49.10500", "2006-12-31": "45.93600", "2006-09-30": "43.43100", "2006-06-30": "37.21900", "2006-03-31": "31.12000", "2005-12-31": "25.66300", "2005-09-30": "22.65300", "2005-06-30": "26.04100", "2005-03-31": "23.91600"}, "Other Operating Income Or Expenses": {"2020-09-30": "", "2020-06-30": "", "2020-03-31": "", "2019-12-31": "", "2019-09-30": "", "2019-06-30": "", "2019-03-31": "", "2018-12-31": "", "2018-09-30": "", "2018-06-30": "", "2018-03-31": "", "2017-12-31": "", "2017-09-30": "", "2017-06-30": "", "2017-03-31": "", "2016-12-31": "", "2016-09-30": "", "2016-06-30": "", "2016-03-31": "", "2015-12-31": "", "2015-09-30": "", "2015-06-30": "", "2015-03-31": "", "2014-12-31": "", "2014-09-30": "", "2014-06-30": "", "2014-03-31": "", "2013-12-31": "", "2013-09-30": "", "2013-06-30": "", "2013-03-31": "", "2012-12-31": "", "2012-09-30": "", "2012-06-30": "", "2012-03-31": "", "2011-12-31": "", "2011-09-30": "", "2011-06-30": "", "2011-03-31": "", "2010-12-31": "", "2010-09-30": "", "2010-06-30": "", "2010-03-31": "", "2009-12-31": "", "2009-09-30": "", "2009-06-30": "", "2009-03-31": "", "2008-12-31": "", "2008-09-30": "", "2008-06-30": "", "2008-03-31": "", "2007-12-31": "", "2007-09-30": "", "2007-06-30": "", "2007-03-31": "", "2006-12-31": "", "2006-09-30": "", "2006-06-30": "", "2006-03-31": "", "2005-12-31": "", "2005-09-30": "", "2005-06-30": "", "2005-03-31": ""}, "Operating Expenses": {"2020-09-30": "312.69000", "2020-06-30": "244.58500", "2020-03-31": "327.22100", "2019-12-31": "359.04710", "2019-09-30": "399.68200", "2019-06-30": "337.68600", "2019-03-31": "327.38200", "2018-12-31": "349.20680", "2018-09-30": "342.17700", "2018-06-30": "338.55600", "2018-03-31": "331.50300", "2017-12-31": "361.38400", "2017-09-30": "268.19200", "2017-06-30": "265.17900", "2017-03-31": "248.67700", "2016-12-31": "214.89600", "2016-09-30": "220.23700", "2016-06-30": "226.93200", "2016-03-31": "214.67000", "2015-12-31": "217.15190", "2015-09-30": "216.37300", "2015-06-30": "188.32800", "2015-03-31": "181.29400", "2014-12-31": "123.16400", "2014-09-30": "180.41600", "2014-06-30": "218.95900", "2014-03-31": "206.32100", "2013-12-31": "18.23900", "2013-09-30": "244.38700", "2013-06-30": "199.99100", "2013-03-31": "198.84200", "2012-12-31": "195.87400", "2012-09-30": "190.34800", "2012-06-30": "192.14900", "2012-03-31": "178.71800", "2011-12-31": "195.77400", "2011-09-30": "183.89400", "2011-06-30": "185.32900", "2011-03-31": "160.16900", "2010-12-31": "169.97100", "2010-09-30": "159.33200", "2010-06-30": "154.01600", "2010-03-31": "150.05500", "2009-12-31": "155.67900", "2009-09-30": "148.46600", "2009-06-30": "141.82000", "2009-03-31": "138.69800", "2008-12-31": "149.40200", "2008-09-30": "189.91900", "2008-06-30": "132.40000", "2008-03-31": "135.47200", "2007-12-31": "142.09090", "2007-09-30": "116.67900", "2007-06-30": "117.87200", "2007-03-31": "106.52900", "2006-12-31": "105.24600", "2006-09-30": "104.83300", "2006-06-30": "86.96300", "2006-03-31": "63.51100", "2005-12-31": "58.07000", "2005-09-30": "53.24200", "2005-06-30": "57.63500", "2005-03-31": "52.88300"}, "Operating Income": {"2020-09-30": "57.54200", "2020-06-30": "14.08000", "2020-03-31": "27.10300", "2019-12-31": "36.08000", "2019-09-30": "-20.58700", "2019-06-30": "45.95900", "2019-03-31": "32.30800", "2018-12-31": "34.10820", "2018-09-30": "23.67700", "2018-06-30": "27.63400", "2018-03-31": "25.57900", "2017-12-31": "7.21800", "2017-09-30": "10.64200", "2017-06-30": "16.98500", "2017-03-31": "9.95900", "2016-12-31": "40.76810", "2016-09-30": "30.09500", "2016-06-30": "22.37700", "2016-03-31": "22.10000", "2015-12-31": "24.00810", "2015-09-30": "9.99400", "2015-06-30": "24.34500", "2015-03-31": "21.24000", "2014-12-31": "29.62000", "2014-09-30": "17.10700", "2014-06-30": "12.39200", "2014-03-31": "8.73800", "2013-12-31": "63.14800", "2013-09-30": "-31.14100", "2013-06-30": "5.55600", "2013-03-31": "-2.19000", "2012-12-31": "18.55800", "2012-09-30": "19.73600", "2012-06-30": "18.02100", "2012-03-31": "17.46700", "2011-12-31": "7.74910", "2011-09-30": "18.29100", "2011-06-30": "8.00000", "2011-03-31": "20.87200", "2010-12-31": "24.16300", "2010-09-30": "27.30900", "2010-06-30": "24.57900", "2010-03-31": "22.64300", "2009-12-31": "27.84700", "2009-09-30": "23.82000", "2009-06-30": "23.90500", "2009-03-31": "22.25200", "2008-12-31": "24.96800", "2008-09-30": "-22.89100", "2008-06-30": "24.79800", "2008-03-31": "20.53600", "2007-12-31": "15.55400", "2007-09-30": "18.33600", "2007-06-30": "16.89500", "2007-03-31": "16.50300", "2006-12-31": "20.14800", "2006-09-30": "11.81400", "2006-06-30": "13.15800", "2006-03-31": "13.62400", "2005-12-31": "14.91400", "2005-09-30": "16.09200", "2005-06-30": "12.14300", "2005-03-31": "12.95600"}, "Total Non-Operating Income/Expense": {"2020-09-30": "-16.03100", "2020-06-30": "-12.42900", "2020-03-31": "-15.66100", "2019-12-31": "-9.67300", "2019-09-30": "-6.92200", "2019-06-30": "-9.57600", "2019-03-31": "-7.48500", "2018-12-31": "-9.59200", "2018-09-30": "-12.65300", "2018-06-30": "-14.90300", "2018-03-31": "-16.44700", "2017-12-31": "-11.81500", "2017-09-30": "-7.40700", "2017-06-30": "-8.98300", "2017-03-31": "-5.21400", "2016-12-31": "-5.29400", "2016-09-30": "-5.10100", "2016-06-30": "-7.43400", "2016-03-31": "-7.10500", "2015-12-31": "-4.49700", "2015-09-30": "-4.63200", "2015-06-30": "-6.33700", "2015-03-31": "-3.45000", "2014-12-31": "-6.17200", "2014-09-30": "-6.15000", "2014-06-30": "-5.20600", "2014-03-31": "-4.76300", "2013-12-31": "-0.35200", "2013-09-30": "-5.54100", "2013-06-30": "-4.98300", "2013-03-31": "-5.71100", "2012-12-31": "-1.94700", "2012-09-30": "-5.48000", "2012-06-30": "-6.45200", "2012-03-31": "-7.87400", "2011-12-31": "-7.37300", "2011-09-30": "-7.00400", "2011-06-30": "-6.00200", "2011-03-31": "-6.03900", "2010-12-31": "-4.72300", "2010-09-30": "-5.03800", "2010-06-30": "-3.48500", "2010-03-31": "-3.33400", "2009-12-31": "-5.17000", "2009-09-30": "-5.67600", "2009-06-30": "-6.52100", "2009-03-31": "-7.30500", "2008-12-31": "-8.60900", "2008-09-30": "-6.96500", "2008-06-30": "-6.92900", "2008-03-31": "-6.37300", "2007-12-31": "-12.84200", "2007-09-30": "-2.67000", "2007-06-30": "-2.33400", "2007-03-31": "-2.74400", "2006-12-31": "-2.48000", "2006-09-30": "-5.75200", "2006-06-30": "-1.57800", "2006-03-31": "-0.62600", "2005-12-31": "-0.08500", "2005-09-30": "-0.39700", "2005-06-30": "-0.45600", "2005-03-31": "-0.06600"}, "Pre-Tax Income": {"2020-09-30": "41.51100", "2020-06-30": "1.65100", "2020-03-31": "11.44200", "2019-12-31": "26.40700", "2019-09-30": "-27.50900", "2019-06-30": "36.38300", "2019-03-31": "24.82300", "2018-12-31": "24.51600", "2018-09-30": "11.02400", "2018-06-30": "12.73100", "2018-03-31": "9.13200", "2017-12-31": "-4.59700", "2017-09-30": "3.23500", "2017-06-30": "8.00200", "2017-03-31": "4.74500", "2016-12-31": "35.47400", "2016-09-30": "24.99400", "2016-06-30": "14.94300", "2016-03-31": "14.99500", "2015-12-31": "19.51100", "2015-09-30": "5.36200", "2015-06-30": "18.00800", "2015-03-31": "17.79000", "2014-12-31": "23.44800", "2014-09-30": "10.95700", "2014-06-30": "7.18600", "2014-03-31": "3.97500", "2013-12-31": "62.79600", "2013-09-30": "-36.68200", "2013-06-30": "0.57300", "2013-03-31": "-7.90100", "2012-12-31": "16.61100", "2012-09-30": "14.25600", "2012-06-30": "11.56900", "2012-03-31": "9.59300", "2011-12-31": "0.37600", "2011-09-30": "11.28700", "2011-06-30": "1.99800", "2011-03-31": "14.83300", "2010-12-31": "19.44000", "2010-09-30": "22.27100", "2010-06-30": "21.09400", "2010-03-31": "19.30900", "2009-12-31": "22.67700", "2009-09-30": "18.14400", "2009-06-30": "17.38400", "2009-03-31": "14.94700", "2008-12-31": "16.35900", "2008-09-30": "-29.85600", "2008-06-30": "17.86900", "2008-03-31": "14.16300", "2007-12-31": "2.71200", "2007-09-30": "15.66600", "2007-06-30": "14.56100", "2007-03-31": "13.75900", "2006-12-31": "17.66800", "2006-09-30": "6.06200", "2006-06-30": "11.58000", "2006-03-31": "12.99800", "2005-12-31": "14.82900", "2005-09-30": "15.69500", "2005-06-30": "11.68700", "2005-03-31": "12.89000"}, "Income Taxes": {"2020-09-30": "9.17400", "2020-06-30": "2.02000", "2020-03-31": "2.26200", "2019-12-31": "11.08800", "2019-09-30": "0.10100", "2019-06-30": "6.64700", "2019-03-31": "-7.93300", "2018-12-31": "-0.62200", "2018-09-30": "-2.27100", "2018-06-30": "1.35500", "2018-03-31": "-1.86000", "2017-12-31": "-48.95200", "2017-09-30": "0.07600", "2017-06-30": "-2.83300", "2017-03-31": "-1.64900", "2016-12-31": "7.22800", "2016-09-30": "4.85000", "2016-06-30": "2.18800", "2016-03-31": "1.57600", "2015-12-31": "4.53100", "2015-09-30": "37.24300", "2015-06-30": "5.98800", "2015-03-31": "6.05800", "2014-12-31": "3.17400", "2014-09-30": "1.96700", "2014-06-30": "2.36100", "2014-03-31": "1.76900", "2013-12-31": "5.93100", "2013-09-30": "-6.35200", "2013-06-30": "-0.94700", "2013-03-31": "-1.87300", "2012-12-31": "3.82500", "2012-09-30": "1.04500", "2012-06-30": "3.05500", "2012-03-31": "2.90000", "2011-12-31": "-4.18400", "2011-09-30": "0.04400", "2011-06-30": "1.29900", "2011-03-31": "3.34600", "2010-12-31": "0.63300", "2010-09-30": "5.78800", "2010-06-30": "5.93700", "2010-03-31": "4.08700", "2009-12-31": "6.94600", "2009-09-30": "3.71200", "2009-06-30": "6.15900", "2009-03-31": "5.38000", "2008-12-31": "-6.89600", "2008-09-30": "-13.00100", "2008-06-30": "5.59200", "2008-03-31": "5.11300", "2007-12-31": "5.05100", "2007-09-30": "5.99300", "2007-06-30": "5.22000", "2007-03-31": "4.68500", "2006-12-31": "7.53700", "2006-09-30": "3.46800", "2006-06-30": "3.60300", "2006-03-31": "4.29300", "2005-12-31": "4.21500", "2005-09-30": "5.21300", "2005-06-30": "4.03200", "2005-03-31": "4.44700"}, "Income After Taxes": {"2020-09-30": "32.33700", "2020-06-30": "-0.36900", "2020-03-31": "9.18000", "2019-12-31": "15.31900", "2019-09-30": "-27.61000", "2019-06-30": "29.73600", "2019-03-31": "32.75600", "2018-12-31": "25.13800", "2018-09-30": "13.29500", "2018-06-30": "11.37600", "2018-03-31": "10.99200", "2017-12-31": "44.35500", "2017-09-30": "3.15900", "2017-06-30": "10.83500", "2017-03-31": "6.39400", "2016-12-31": "28.24600", "2016-09-30": "20.14400", "2016-06-30": "12.75500", "2016-03-31": "13.41900", "2015-12-31": "14.98000", "2015-09-30": "-31.88100", "2015-06-30": "12.02000", "2015-03-31": "11.73200", "2014-12-31": "20.27400", "2014-09-30": "8.99000", "2014-06-30": "4.82500", "2014-03-31": "2.20600", "2013-12-31": "56.86500", "2013-09-30": "-30.33000", "2013-06-30": "1.52000", "2013-03-31": "-6.02800", "2012-12-31": "12.78600", "2012-09-30": "13.21100", "2012-06-30": "8.51400", "2012-03-31": "6.69300", "2011-12-31": "4.56000", "2011-09-30": "11.24300", "2011-06-30": "0.69900", "2011-03-31": "11.48700", "2010-12-31": "18.80700", "2010-09-30": "16.48300", "2010-06-30": "15.15700", "2010-03-31": "15.22200", "2009-12-31": "15.73100", "2009-09-30": "14.43200", "2009-06-30": "11.22500", "2009-03-31": "9.56700", "2008-12-31": "23.25500", "2008-09-30": "-16.85500", "2008-06-30": "12.27700", "2008-03-31": "9.05000", "2007-12-31": "-2.33900", "2007-09-30": "9.67300", "2007-06-30": "9.34100", "2007-03-31": "9.07400", "2006-12-31": "10.13100", "2006-09-30": "2.59400", "2006-06-30": "7.97700", "2006-03-31": "8.70500", "2005-12-31": "10.61400", "2005-09-30": "10.48200", "2005-06-30": "7.65500", "2005-03-31": "8.44300"}, "Other Income": {"2020-09-30": "", "2020-06-30": "", "2020-03-31": "", "2019-12-31": "", "2019-09-30": "", "2019-06-30": "", "2019-03-31": "", "2018-12-31": "", "2018-09-30": "", "2018-06-30": "", "2018-03-31": "", "2017-12-31": "", "2017-09-30": "", "2017-06-30": "", "2017-03-31": "", "2016-12-31": "", "2016-09-30": "", "2016-06-30": "", "2016-03-31": "", "2015-12-31": "", "2015-09-30": "", "2015-06-30": "", "2015-03-31": "", "2014-12-31": "", "2014-09-30": "", "2014-06-30": "", "2014-03-31": "", "2013-12-31": "", "2013-09-30": "", "2013-06-30": "", "2013-03-31": "", "2012-12-31": "", "2012-09-30": "", "2012-06-30": "", "2012-03-31": "", "2011-12-31": "", "2011-09-30": "", "2011-06-30": "", "2011-03-31": "", "2010-12-31": "", "2010-09-30": "", "2010-06-30": "", "2010-03-31": "", "2009-12-31": "", "2009-09-30": "", "2009-06-30": "", "2009-03-31": "", "2008-12-31": "", "2008-09-30": "", "2008-06-30": "", "2008-03-31": "", "2007-12-31": "", "2007-09-30": "", "2007-06-30": "", "2007-03-31": "", "2006-12-31": "", "2006-09-30": "", "2006-06-30": "", "2006-03-31": "", "2005-12-31": "", "2005-09-30": "", "2005-06-30": "", "2005-03-31": ""}, "Income From Continuous Operations": {"2020-09-30": "32.33700", "2020-06-30": "-0.36900", "2020-03-31": "9.18000", "2019-12-31": "15.31900", "2019-09-30": "-27.61000", "2019-06-30": "29.73600", "2019-03-31": "32.75600", "2018-12-31": "25.13800", "2018-09-30": "13.29500", "2018-06-30": "11.37600", "2018-03-31": "10.99200", "2017-12-31": "44.35500", "2017-09-30": "3.15900", "2017-06-30": "10.83500", "2017-03-31": "6.39400", "2016-12-31": "28.24600", "2016-09-30": "20.14400", "2016-06-30": "12.75500", "2016-03-31": "13.41900", "2015-12-31": "14.98000", "2015-09-30": "-31.88100", "2015-06-30": "12.02000", "2015-03-31": "11.73200", "2014-12-31": "20.27400", "2014-09-30": "8.99000", "2014-06-30": "4.82500", "2014-03-31": "2.20600", "2013-12-31": "56.86500", "2013-09-30": "-30.33000", "2013-06-30": "1.52000", "2013-03-31": "-6.02800", "2012-12-31": "12.78600", "2012-09-30": "13.21100", "2012-06-30": "8.51400", "2012-03-31": "6.69300", "2011-12-31": "4.56000", "2011-09-30": "11.24300", "2011-06-30": "0.69900", "2011-03-31": "11.48700", "2010-12-31": "18.80700", "2010-09-30": "16.48300", "2010-06-30": "15.15700", "2010-03-31": "15.22200", "2009-12-31": "15.73100", "2009-09-30": "14.43200", "2009-06-30": "11.22500", "2009-03-31": "9.56700", "2008-12-31": "23.25500", "2008-09-30": "-16.85500", "2008-06-30": "12.27700", "2008-03-31": "9.05000", "2007-12-31": "-2.33900", "2007-09-30": "9.67300", "2007-06-30": "9.34100", "2007-03-31": "9.07400", "2006-12-31": "10.13100", "2006-09-30": "2.59400", "2006-06-30": "7.97700", "2006-03-31": "8.70500", "2005-12-31": "10.61400", "2005-09-30": "10.48200", "2005-06-30": "7.65500", "2005-03-31": "8.44300"}, "Income From Discontinued Operations": {"2020-09-30": "", "2020-06-30": "", "2020-03-31": "", "2019-12-31": "", "2019-09-30": "", "2019-06-30": "", "2019-03-31": "", "2018-12-31": "", "2018-09-30": "", "2018-06-30": "", "2018-03-31": "", "2017-12-31": "", "2017-09-30": "", "2017-06-30": "", "2017-03-31": "", "2016-12-31": "", "2016-09-30": "", "2016-06-30": "", "2016-03-31": "", "2015-12-31": "", "2015-09-30": "", "2015-06-30": "-7.02200", "2015-03-31": "-3.34800", "2014-12-31": "-3.10800", "2014-09-30": "0.81700", "2014-06-30": "", "2014-03-31": "", "2013-12-31": "", "2013-09-30": "", "2013-06-30": "", "2013-03-31": "", "2012-12-31": "", "2012-09-30": "", "2012-06-30": "", "2012-03-31": "", "2011-12-31": "", "2011-09-30": "", "2011-06-30": "", "2011-03-31": "", "2010-12-31": "", "2010-09-30": "", "2010-06-30": "", "2010-03-31": "", "2009-12-31": "", "2009-09-30": "", "2009-06-30": "", "2009-03-31": "", "2008-12-31": "", "2008-09-30": "", "2008-06-30": "", "2008-03-31": "", "2007-12-31": "", "2007-09-30": "", "2007-06-30": "", "2007-03-31": "", "2006-12-31": "", "2006-09-30": "", "2006-06-30": "", "2006-03-31": "", "2005-12-31": "", "2005-09-30": "", "2005-06-30": "", "2005-03-31": ""}, "Net Income": {"2020-09-30": "32.33700", "2020-06-30": "-0.36900", "2020-03-31": "9.18000", "2019-12-31": "15.31900", "2019-09-30": "-27.61000", "2019-06-30": "29.73600", "2019-03-31": "32.75600", "2018-12-31": "25.13800", "2018-09-30": "13.29500", "2018-06-30": "11.37600", "2018-03-31": "10.99200", "2017-12-31": "44.35500", "2017-09-30": "3.15900", "2017-06-30": "10.83500", "2017-03-31": "6.39400", "2016-12-31": "28.24600", "2016-09-30": "20.14400", "2016-06-30": "12.75500", "2016-03-31": "13.41900", "2015-12-31": "14.98000", "2015-09-30": "-31.88100", "2015-06-30": "4.99800", "2015-03-31": "8.38400", "2014-12-31": "17.16600", "2014-09-30": "9.80700", "2014-06-30": "4.82500", "2014-03-31": "2.20600", "2013-12-31": "13.77100", "2013-09-30": "-30.33000", "2013-06-30": "1.52000", "2013-03-31": "-6.02800", "2012-12-31": "12.78600", "2012-09-30": "13.21100", "2012-06-30": "8.51400", "2012-03-31": "6.69300", "2011-12-31": "4.56000", "2011-09-30": "11.24300", "2011-06-30": "0.69900", "2011-03-31": "11.48700", "2010-12-31": "18.80700", "2010-09-30": "16.48300", "2010-06-30": "15.15700", "2010-03-31": "15.22200", "2009-12-31": "15.73100", "2009-09-30": "14.43200", "2009-06-30": "11.22500", "2009-03-31": "9.56700", "2008-12-31": "23.25500", "2008-09-30": "-16.85500", "2008-06-30": "12.27700", "2008-03-31": "9.05000", "2007-12-31": "-2.33900", "2007-09-30": "9.67300", "2007-06-30": "9.34100", "2007-03-31": "9.07400", "2006-12-31": "10.13100", "2006-09-30": "2.59400", "2006-06-30": "7.97700", "2006-03-31": "8.70500", "2005-12-31": "10.61400", "2005-09-30": "10.48200", "2005-06-30": "7.65500", "2005-03-31": "8.44300"}, "EBITDA": {"2020-09-30": "97.81200", "2020-06-30": "49.31100", "2020-03-31": "63.02900", "2019-12-31": "65.26400", "2019-09-30": "8.38300", "2019-06-30": "74.20700", "2019-03-31": "60.75800", "2018-12-31": "63.10220", "2018-09-30": "54.02400", "2018-06-30": "56.67800", "2018-03-31": "54.19400", "2017-12-31": "35.42600", "2017-09-30": "32.00500", "2017-06-30": "38.97100", "2017-03-31": "30.06900", "2016-12-31": "59.98610", "2016-09-30": "48.56800", "2016-06-30": "41.01100", "2016-03-31": "40.96900", "2015-12-31": "42.89410", "2015-09-30": "26.81300", "2015-06-30": "37.43700", "2015-03-31": "33.57000", "2014-12-31": "42.52300", "2014-09-30": "22.80200", "2014-06-30": "28.23000", "2014-03-31": "23.30700", "2013-12-31": "59.05700", "2013-09-30": "-18.85800", "2013-06-30": "18.74100", "2013-03-31": "9.74400", "2012-12-31": "32.66900", "2012-09-30": "33.67300", "2012-06-30": "31.97300", "2012-03-31": "30.80300", "2011-12-31": "21.37510", "2011-09-30": "31.93500", "2011-06-30": "23.81400", "2011-03-31": "31.34700", "2010-12-31": "35.09200", "2010-09-30": "37.41400", "2010-06-30": "34.41900", "2010-03-31": "32.43100", "2009-12-31": "40.86600", "2009-09-30": "34.31200", "2009-06-30": "32.98200", "2009-03-31": "31.75200", "2008-12-31": "34.34600", "2008-09-30": "-14.38300", "2008-06-30": "32.37700", "2008-03-31": "28.21900", "2007-12-31": "22.56200", "2007-09-30": "24.93400", "2007-06-30": "24.57300", "2007-03-31": "22.25800", "2006-12-31": "26.17100", "2006-09-30": "18.63900", "2006-06-30": "18.09200", "2006-03-31": "17.32000", "2005-12-31": "18.31300", "2005-09-30": "19.91900", "2005-06-30": "15.49200", "2005-03-31": "16.42200"}, "EBIT": {"2020-09-30": "57.54200", "2020-06-30": "14.08000", "2020-03-31": "27.10300", "2019-12-31": "36.07990", "2019-09-30": "-20.58700", "2019-06-30": "45.95900", "2019-03-31": "32.30800", "2018-12-31": "34.10820", "2018-09-30": "23.67700", "2018-06-30": "27.63400", "2018-03-31": "25.57900", "2017-12-31": "7.21800", "2017-09-30": "10.64200", "2017-06-30": "16.98500", "2017-03-31": "9.95900", "2016-12-31": "40.76800", "2016-09-30": "30.09500", "2016-06-30": "22.37700", "2016-03-31": "22.10000", "2015-12-31": "24.00810", "2015-09-30": "9.99400", "2015-06-30": "24.34500", "2015-03-31": "21.24000", "2014-12-31": "29.62000", "2014-09-30": "17.10700", "2014-06-30": "12.39200", "2014-03-31": "8.73800", "2013-12-31": "63.14800", "2013-09-30": "-31.14100", "2013-06-30": "5.55600", "2013-03-31": "-2.19000", "2012-12-31": "18.55800", "2012-09-30": "19.73600", "2012-06-30": "18.02100", "2012-03-31": "17.46700", "2011-12-31": "7.74900", "2011-09-30": "18.29100", "2011-06-30": "8.00000", "2011-03-31": "20.87200", "2010-12-31": "24.16300", "2010-09-30": "27.30900", "2010-06-30": "24.57900", "2010-03-31": "22.64300", "2009-12-31": "27.84710", "2009-09-30": "23.82000", "2009-06-30": "23.90500", "2009-03-31": "22.25200", "2008-12-31": "24.96800", "2008-09-30": "-22.89100", "2008-06-30": "24.79800", "2008-03-31": "20.53600", "2007-12-31": "15.55400", "2007-09-30": "18.33600", "2007-06-30": "16.89500", "2007-03-31": "16.50300", "2006-12-31": "20.14800", "2006-09-30": "11.81400", "2006-06-30": "13.15800", "2006-03-31": "13.62400", "2005-12-31": "14.91400", "2005-09-30": "16.09200", "2005-06-30": "12.14300", "2005-03-31": "12.95600"}, "Basic Shares Outstanding": {"2020-09-30": "84.32500", "2020-06-30": "84.70600", "2020-03-31": "85.18800", "2019-12-31": "85.63700", "2019-09-30": "85.68800", "2019-06-30": "85.57700", "2019-03-31": "85.34300", "2018-12-31": "82.85700", "2018-09-30": "85.19300", "2018-06-30": "82.42300", "2018-03-31": "78.55200", "2017-12-31": "76.89700", "2017-09-30": "78.18600", "2017-06-30": "76.21300", "2017-03-31": "74.76500", "2016-12-31": "74.38600", "2016-09-30": "74.53400", "2016-06-30": "74.39200", "2016-03-31": "73.93400", "2015-12-31": "68.99000", "2015-09-30": "70.55800", "2015-06-30": "66.06400", "2015-03-31": "65.47200", "2014-12-31": "64.86400", "2014-09-30": "64.90000", "2014-06-30": "64.79600", "2014-03-31": "64.55000", "2013-12-31": "56.83200", "2013-09-30": "55.79200", "2013-06-30": "55.74600", "2013-03-31": "55.59200", "2012-12-31": "56.46400", "2012-09-30": "56.89200", "2012-06-30": "56.83800", "2012-03-31": "56.69000", "2011-12-31": "57.90400", "2011-09-30": "57.16600", "2011-06-30": "59.11200", "2011-03-31": "59.12400", "2010-12-31": "59.09600", "2010-09-30": "59.14400", "2010-06-30": "59.71000", "2010-03-31": "58.97600", "2009-12-31": "58.07600", "2009-09-30": "58.09800", "2009-06-30": "58.00800", "2009-03-31": "57.88600", "2008-12-31": "55.56200", "2008-09-30": "56.24600", "2008-06-30": "55.32800", "2008-03-31": "53.77800", "2007-12-31": "55.42400", "2007-09-30": "54.40400", "2007-06-30": "56.31200", "2007-03-31": "56.74200", "2006-12-31": "58.60000", "2006-09-30": "58.38600", "2006-06-30": "59.18400", "2006-03-31": "59.17000", "2005-12-31": "60.39000", "2005-09-30": "60.07800", "2005-06-30": "60.80200", "2005-03-31": "61.12200"}, "Shares Outstanding": {"2020-09-30": "84.75200", "2020-06-30": "84.70600", "2020-03-31": "85.89200", "2019-12-31": "86.49400", "2019-09-30": "85.68800", "2019-06-30": "86.25700", "2019-03-31": "86.25800", "2018-12-31": "83.99900", "2018-09-30": "86.29900", "2018-06-30": "83.51300", "2018-03-31": "79.83400", "2017-12-31": "79.12100", "2017-09-30": "79.45500", "2017-06-30": "78.96300", "2017-03-31": "78.39400", "2016-12-31": "79.19400", "2016-09-30": "81.03200", "2016-06-30": "78.71000", "2016-03-31": "76.46600", "2015-12-31": "71.35400", "2015-09-30": "70.55800", "2015-06-30": "67.87800", "2015-03-31": "66.68400", "2014-12-31": "65.92000", "2014-09-30": "65.81200", "2014-06-30": "65.60800", "2014-03-31": "65.53600", "2013-12-31": "57.60400", "2013-09-30": "55.79200", "2013-06-30": "56.23600", "2013-03-31": "55.59200", "2012-12-31": "57.03200", "2012-09-30": "57.55400", "2012-06-30": "57.21800", "2012-03-31": "56.97600", "2011-12-31": "58.99000", "2011-09-30": "58.05800", "2011-06-30": "60.35600", "2011-03-31": "60.37000", "2010-12-31": "60.29800", "2010-09-30": "60.14400", "2010-06-30": "60.79800", "2010-03-31": "59.96400", "2009-12-31": "58.58400", "2009-09-30": "58.80000", "2009-06-30": "58.40400", "2009-03-31": "58.50400", "2008-12-31": "56.75600", "2008-09-30": "56.24600", "2008-06-30": "56.55400", "2008-03-31": "56.39800", "2007-12-31": "58.74600", "2007-09-30": "58.62800", "2007-06-30": "60.33800", "2007-03-31": "59.93000", "2006-12-31": "65.49400", "2006-09-30": "59.73400", "2006-06-30": "67.60800", "2006-03-31": "67.65600", "2005-12-31": "69.13000", "2005-09-30": "68.59400", "2005-06-30": "69.47800", "2005-03-31": "70.28800"}, "Basic EPS": {"2020-09-30": "0.38000", "2020-06-30": "0.00000", "2020-03-31": "0.11000", "2019-12-31": "0.18000", "2019-09-30": "-0.32000", "2019-06-30": "0.35000", "2019-03-31": "0.38000", "2018-12-31": "0.29000", "2018-09-30": "0.16000", "2018-06-30": "0.14000", "2018-03-31": "0.14000", "2017-12-31": "0.57000", "2017-09-30": "0.04000", "2017-06-30": "0.14000", "2017-03-31": "0.09000", "2016-12-31": "0.38000", "2016-09-30": "0.27000", "2016-06-30": "0.17000", "2016-03-31": "0.18000", "2015-12-31": "0.19500", "2015-09-30": "-0.45000", "2015-06-30": "0.07500", "2015-03-31": "0.13000", "2014-12-31": "0.25500", "2014-09-30": "0.15500", "2014-06-30": "0.07500", "2014-03-31": "0.03500", "2013-12-31": "0.26000", "2013-09-30": "-0.54500", "2013-06-30": "0.02500", "2013-03-31": "-0.11000", "2012-12-31": "0.23000", "2012-09-30": "0.23000", "2012-06-30": "0.15000", "2012-03-31": "0.12000", "2011-12-31": "0.08500", "2011-09-30": "0.19500", "2011-06-30": "0.01000", "2011-03-31": "0.19500", "2010-12-31": "0.31500", "2010-09-30": "0.28000", "2010-06-30": "0.25500", "2010-03-31": "0.25500", "2009-12-31": "0.27500", "2009-09-30": "0.24500", "2009-06-30": "0.19000", "2009-03-31": "0.16500", "2008-12-31": "0.40500", "2008-09-30": "-0.30000", "2008-06-30": "0.22000", "2008-03-31": "0.16500", "2007-12-31": "-0.05000", "2007-09-30": "0.18000", "2007-06-30": "0.16500", "2007-03-31": "0.16000", "2006-12-31": "0.17500", "2006-09-30": "0.04500", "2006-06-30": "0.13500", "2006-03-31": "0.14500", "2005-12-31": "0.17500", "2005-09-30": "0.17500", "2005-06-30": "0.12500", "2005-03-31": "0.14000"}, "EPS - Earnings Per Share": {"2020-09-30": "0.38000", "2020-06-30": "0.00000", "2020-03-31": "0.11000", "2019-12-31": "0.18000", "2019-09-30": "-0.32000", "2019-06-30": "0.34000", "2019-03-31": "0.38000", "2018-12-31": "0.29000", "2018-09-30": "0.15000", "2018-06-30": "0.14000", "2018-03-31": "0.14000", "2017-12-31": "0.56000", "2017-09-30": "0.04000", "2017-06-30": "0.14000", "2017-03-31": "0.08000", "2016-12-31": "0.35000", "2016-09-30": "0.25000", "2016-06-30": "0.16000", "2016-03-31": "0.18000", "2015-12-31": "0.20500", "2015-09-30": "-0.45000", "2015-06-30": "0.07000", "2015-03-31": "0.12500", "2014-12-31": "0.26500", "2014-09-30": "0.14500", "2014-06-30": "0.07500", "2014-03-31": "0.03500", "2013-12-31": "0.26000", "2013-09-30": "-0.54500", "2013-06-30": "0.02500", "2013-03-31": "-0.11000", "2012-12-31": "0.22500", "2012-09-30": "0.23000", "2012-06-30": "0.15000", "2012-03-31": "0.11500", "2011-12-31": "0.08000", "2011-09-30": "0.19500", "2011-06-30": "0.01000", "2011-03-31": "0.19000", "2010-12-31": "0.31000", "2010-09-30": "0.27500", "2010-06-30": "0.25000", "2010-03-31": "0.25000", "2009-12-31": "0.27500", "2009-09-30": "0.24500", "2009-06-30": "0.19000", "2009-03-31": "0.16000", "2008-12-31": "0.40500", "2008-09-30": "-0.30000", "2008-06-30": "0.21500", "2008-03-31": "0.16000", "2007-12-31": "-0.04000", "2007-09-30": "0.16500", "2007-06-30": "0.15500", "2007-03-31": "0.15000", "2006-12-31": "0.17000", "2006-09-30": "0.04500", "2006-06-30": "0.13000", "2006-03-31": "0.14000", "2005-12-31": "0.16500", "2005-09-30": "0.16500", "2005-06-30": "0.11500", "2005-03-31": "0.13000"}}, "balance sheet": {"Cash On Hand": {"2019-12-31": "198.91100", "2018-12-31": "138.83800", "2017-12-31": "174.93500", "2016-12-31": "102.05500", "2015-12-31": "52.20500", "2014-12-31": "71.73400", "2013-12-31": "120.61400", "2012-12-31": "96.93800", "2011-12-31": "100.80800", "2010-12-31": "128.76300", "2009-12-31": "71.89100", "2008-12-31": "183.54600", "2007-12-31": "57.33900", "2006-12-31": "22.69700", "2005-12-31": "127.21600"}, "Receivables": {"2019-12-31": "275.29600", "2018-12-31": "265.73700", "2017-12-31": "251.79900", "2016-12-31": "148.18600", "2015-12-31": "132.24100", "2014-12-31": "110.41400", "2013-12-31": "118.14500", "2012-12-31": "114.91600", "2011-12-31": "118.12900", "2010-12-31": "106.00500", "2009-12-31": "103.22800", "2008-12-31": "112.41700", "2007-12-31": "103.53900", "2006-12-31": "85.01800", "2005-12-31": "49.00700"}, "Inventory": {"2019-12-31": "316.05400", "2018-12-31": "280.34700", "2017-12-31": "296.33200", "2016-12-31": "217.26300", "2015-12-31": "211.42900", "2014-12-31": "189.13300", "2013-12-31": "206.91900", "2012-12-31": "171.80600", "2011-12-31": "171.26100", "2010-12-31": "146.92800", "2009-12-31": "140.24000", "2008-12-31": "146.10300", "2007-12-31": "144.53500", "2006-12-31": "94.38700", "2005-12-31": "67.47600"}, "Pre-Paid Expenses": {"2019-12-31": "67.90700", "2018-12-31": "90.16000", "2017-12-31": "99.08000", "2016-12-31": "27.66600", "2015-12-31": "42.62000", "2014-12-31": "27.69100", "2013-12-31": "26.85800", "2012-12-31": "30.29100", "2011-12-31": "25.90400", "2010-12-31": "27.86900", "2009-12-31": "20.03200", "2008-12-31": "31.19100", "2007-12-31": "12.26400", "2006-12-31": "9.64900", "2005-12-31": "11.41100"}, "Other Current Assets": {"2019-12-31": "", "2018-12-31": "", "2017-12-31": "", "2016-12-31": "", "2015-12-31": "", "2014-12-31": "", "2013-12-31": "", "2012-12-31": "", "2011-12-31": "", "2010-12-31": "", "2009-12-31": "", "2008-12-31": "", "2007-12-31": "", "2006-12-31": "", "2005-12-31": ""}, "Total Current Assets": {"2019-12-31": "858.16800", "2018-12-31": "775.08200", "2017-12-31": "822.14600", "2016-12-31": "495.17000", "2015-12-31": "438.49500", "2014-12-31": "529.32100", "2013-12-31": "521.15200", "2012-12-31": "453.05100", "2011-12-31": "452.25700", "2010-12-31": "444.84900", "2009-12-31": "365.36300", "2008-12-31": "497.39200", "2007-12-31": "339.93100", "2006-12-31": "221.76100", "2005-12-31": "265.95200"}, "Property, Plant, And Equipment": {"2019-12-31": "337.40400", "2018-12-31": "300.11200", "2017-12-31": "269.25100", "2016-12-31": "222.36900", "2015-12-31": "205.18100", "2014-12-31": "193.62600", "2013-12-31": "200.31000", "2012-12-31": "177.89800", "2011-12-31": "131.38300", "2010-12-31": "99.45600", "2009-12-31": "83.52600", "2008-12-31": "76.00300", "2007-12-31": "61.73000", "2006-12-31": "42.55900", "2005-12-31": "27.45100"}, "Long-Term Investments": {"2019-12-31": "", "2018-12-31": "", "2017-12-31": "", "2016-12-31": "", "2015-12-31": "", "2014-12-31": "", "2013-12-31": "", "2012-12-31": "", "2011-12-31": "", "2010-12-31": "", "2009-12-31": "", "2008-12-31": "", "2007-12-31": "", "2006-12-31": "", "2005-12-31": "16.16800"}, "Goodwill And Intangible Assets": {"2019-12-31": "1985.87100", "2018-12-31": "2005.97100", "2017-12-31": "2097.53200", "2016-12-31": "1071.74600", "2015-12-31": "1116.12900", "2014-12-31": "776.04700", "2013-12-31": "446.92700", "2012-12-31": "506.33400", "2011-12-31": "530.10200", "2010-12-31": "456.83200", "2009-12-31": "473.05800", "2008-12-31": "438.09200", "2007-12-31": "403.20400", "2006-12-31": "342.13000", "2005-12-31": "132.93300"}, "Other Long-Term Assets": {"2019-12-31": "14.64400", "2018-12-31": "19.91700", "2017-12-31": "16.07800", "2016-12-31": "11.73400", "2015-12-31": "7.48700", "2014-12-31": "10.22000", "2013-12-31": "8.33800", "2012-12-31": "10.35900", "2011-12-31": "13.12800", "2010-12-31": "10.10200", "2009-12-31": "2.31400", "2008-12-31": "4.52300", "2007-12-31": "13.14700", "2006-12-31": "7.16800", "2005-12-31": "5.92800"}, "Total Long-Term Assets": {"2019-12-31": "2445.07200", "2018-12-31": "2332.80500", "2017-12-31": "2389.11100", "2016-12-31": "1312.78400", "2015-12-31": "1335.72900", "2014-12-31": "1058.09800", "2013-12-31": "670.98700", "2012-12-31": "710.54800", "2011-12-31": "691.85200", "2010-12-31": "574.28400", "2009-12-31": "574.73900", "2008-12-31": "528.62200", "2007-12-31": "478.08100", "2006-12-31": "391.85700", "2005-12-31": "182.48000"}, "Total Assets": {"2019-12-31": "3303.24000", "2018-12-31": "3107.88700", "2017-12-31": "3211.25700", "2016-12-31": "1807.95400", "2015-12-31": "1774.22400", "2014-12-31": "1587.41900", "2013-12-31": "1192.13900", "2012-12-31": "1163.59900", "2011-12-31": "1144.10900", "2010-12-31": "1019.13300", "2009-12-31": "940.10200", "2008-12-31": "1026.01400", "2007-12-31": "818.01200", "2006-12-31": "613.61800", "2005-12-31": "448.43200"}, "Total Current Liabilities": {"2019-12-31": "331.30900", "2018-12-31": "262.55200", "2017-12-31": "348.91100", "2016-12-31": "123.60100", "2015-12-31": "139.12700", "2014-12-31": "126.02500", "2013-12-31": "119.38200", "2012-12-31": "106.92900", "2011-12-31": "101.86800", "2010-12-31": "201.85700", "2009-12-31": "156.73000", "2008-12-31": "174.75100", "2007-12-31": "191.67100", "2006-12-31": "274.01700", "2005-12-31": "31.28700"}, "Long Term Debt": {"2019-12-31": "1303.06100", "2018-12-31": "1331.71300", "2017-12-31": "1781.14200", "2016-12-31": "665.00000", "2015-12-31": "700.11500", "2014-12-31": "626.24600", "2013-12-31": "392.05700", "2012-12-31": "519.54700", "2011-12-31": "532.26400", "2010-12-31": "294.84200", "2009-12-31": "308.75400", "2008-12-31": "459.48000", "2007-12-31": "330.00000", "2006-12-31": "0.50800", "2005-12-31": "118.37800"}, "Other Non-Current Liabilities": {"2019-12-31": "118.07700", "2018-12-31": "80.04800", "2017-12-31": "53.76800", "2016-12-31": "30.74500", "2015-12-31": "28.64800", "2014-12-31": "27.77800", "2013-12-31": "12.52700", "2012-12-31": "13.95500", "2011-12-31": "11.61300", "2010-12-31": "11.82600", "2009-12-31": "20.41400", "2008-12-31": "19.47400", "2007-12-31": "19.86000", "2006-12-31": "11.57500", "2005-12-31": "6.42900"}, "Total Long Term Liabilities": {"2019-12-31": "1555.19500", "2018-12-31": "1469.53900", "2017-12-31": "1900.04000", "2016-12-31": "844.68600", "2015-12-31": "883.65400", "2014-12-31": "757.07200", "2013-12-31": "406.66700", "2012-12-31": "538.89500", "2011-12-31": "549.60300", "2010-12-31": "317.31300", "2009-12-31": "338.48700", "2008-12-31": "478.95400", "2007-12-31": "365.91200", "2006-12-31": "43.43900", "2005-12-31": "127.32700"}, "Total Liabilities": {"2019-12-31": "1886.50400", "2018-12-31": "1732.09100", "2017-12-31": "2248.95100", "2016-12-31": "968.28700", "2015-12-31": "1022.78100", "2014-12-31": "883.09700", "2013-12-31": "526.04900", "2012-12-31": "645.82400", "2011-12-31": "651.47100", "2010-12-31": "519.17000", "2009-12-31": "495.21700", "2008-12-31": "653.70500", "2007-12-31": "557.58300", "2006-12-31": "317.45600", "2005-12-31": "158.61400"}, "Common Stock Net": {"2019-12-31": "0.88700", "2018-12-31": "0.88000", "2017-12-31": "0.81300", "2016-12-31": "0.77700", "2015-12-31": "0.91700", "2014-12-31": "0.41600", "2013-12-31": "0.41000", "2012-12-31": "0.36900", "2011-12-31": "0.35700", "2010-12-31": "0.35500", "2009-12-31": "0.35000", "2008-12-31": "0.34400", "2007-12-31": "0.32300", "2006-12-31": "0.31500", "2005-12-31": "0.29800"}, "Retained Earnings (Accumulated Deficit)": {"2019-12-31": "398.57400", "2018-12-31": "348.37300", "2017-12-31": "285.18600", "2016-12-31": "220.44300", "2015-12-31": "145.87900", "2014-12-31": "314.96000", "2013-12-31": "280.95600", "2012-12-31": "302.02300", "2011-12-31": "260.81900", "2010-12-31": "232.83000", "2009-12-31": "167.16100", "2008-12-31": "116.20600", "2007-12-31": "98.17500", "2006-12-31": "66.33600", "2005-12-31": "36.92900"}, "Comprehensive Income": {"2019-12-31": "-76.40200", "2018-12-31": "-45.44300", "2017-12-31": "-23.80700", "2016-12-31": "-57.15400", "2015-12-31": "-47.90200", "2014-12-31": "-23.48800", "2013-12-31": "0.92700", "2012-12-31": "-4.79700", "2011-12-31": "-9.09300", "2010-12-31": "-1.79500", "2009-12-31": "8.90500", "2008-12-31": "5.35500", "2007-12-31": "19.04500", "2006-12-31": "8.08000", "2005-12-31": "-4.77300"}, "Other Share Holders Equity": {"2019-12-31": "", "2018-12-31": "", "2017-12-31": "", "2016-12-31": "", "2015-12-31": "", "2014-12-31": "", "2013-12-31": "", "2012-12-31": "", "2011-12-31": "", "2010-12-31": "", "2009-12-31": "", "2008-12-31": "", "2007-12-31": "", "2006-12-31": "", "2005-12-31": ""}, "Share Holder Equity": {"2019-12-31": "1416.73600", "2018-12-31": "1375.79600", "2017-12-31": "962.30600", "2016-12-31": "839.66700", "2015-12-31": "751.44300", "2014-12-31": "704.32200", "2013-12-31": "666.09000", "2012-12-31": "517.77500", "2011-12-31": "492.63800", "2010-12-31": "499.96300", "2009-12-31": "444.88500", "2008-12-31": "372.30900", "2007-12-31": "260.42900", "2006-12-31": "296.16200", "2005-12-31": "289.81800"}, "Total Liabilities And Share Holders Equity": {"2019-12-31": "3303.24000", "2018-12-31": "3107.88700", "2017-12-31": "3211.25700", "2016-12-31": "1807.95400", "2015-12-31": "1774.22400", "2014-12-31": "1587.41900", "2013-12-31": "1192.13900", "2012-12-31": "1163.59900", "2011-12-31": "1144.10900", "2010-12-31": "1019.13300", "2009-12-31": "940.10200", "2008-12-31": "1026.01400", "2007-12-31": "818.01200", "2006-12-31": "613.61800", "2005-12-31": "448.43200"}}, "balance sheet, quarterly": {"Cash On Hand": {"2020-09-30": "396.27900", "2020-06-30": "360.98100", "2020-03-31": "357.71200", "2019-12-31": "198.91100", "2019-09-30": "207.98100", "2019-06-30": "176.08400", "2019-03-31": "157.02500", "2018-12-31": "138.83800", "2018-09-30": "205.99100", "2018-06-30": "183.77100", "2018-03-31": "189.39600", "2017-12-31": "174.93500", "2017-09-30": "481.94300", "2017-06-30": "154.60000", "2017-03-31": "135.39900", "2016-12-31": "102.05500", "2016-09-30": "107.59800", "2016-06-30": "86.80300", "2016-03-31": "77.08600", "2015-12-31": "52.20500", "2015-09-30": "79.31100", "2015-06-30": "131.29600", "2015-03-31": "79.87100", "2014-12-31": "71.73400", "2014-09-30": "140.23100", "2014-06-30": "137.16000", "2014-03-31": "129.03800", "2013-12-31": "120.61400", "2013-09-30": "118.86800", "2013-06-30": "98.63600", "2013-03-31": "89.69100", "2012-12-31": "96.93800", "2012-09-30": "125.71800", "2012-06-30": "114.78500", "2012-03-31": "112.42200", "2011-12-31": "100.80800", "2011-09-30": "110.99100", "2011-06-30": "137.27900", "2011-03-31": "104.35400", "2010-12-31": "128.76300", "2010-09-30": "82.83200", "2010-06-30": "93.61800", "2010-03-31": "81.67400", "2009-12-31": "71.89100", "2009-09-30": "106.74700", "2009-06-30": "138.71700", "2009-03-31": "185.63000", "2008-12-31": "183.54600", "2008-09-30": "109.33900", "2008-06-30": "77.33800", "2008-03-31": "199.01300", "2007-12-31": "57.33900", "2007-09-30": "129.49800", "2007-06-30": "120.83800", "2007-03-31": "29.32900", "2006-12-31": "22.69700", "2006-09-30": "24.32200", "2006-06-30": "33.95000", "2006-03-31": "86.18000", "2005-12-31": "127.21600", "2005-09-30": "135.78200", "2005-06-30": "98.45400", "2005-03-31": "76.46800"}, "Receivables": {"2020-09-30": "218.18400", "2020-06-30": "179.14300", "2020-03-31": "245.54600", "2019-12-31": "275.29600", "2019-09-30": "281.11900", "2019-06-30": "296.50700", "2019-03-31": "279.07200", "2018-12-31": "265.73700", "2018-09-30": "248.73800", "2018-06-30": "258.38000", "2018-03-31": "272.26000", "2017-12-31": "251.79900", "2017-09-30": "171.12600", "2017-06-30": "171.32300", "2017-03-31": "158.23400", "2016-12-31": "148.18600", "2016-09-30": "140.75000", "2016-06-30": "145.57100", "2016-03-31": "151.60700", "2015-12-31": "132.24100", "2015-09-30": "125.46500", "2015-06-30": "134.54600", "2015-03-31": "126.78500", "2014-12-31": "110.41400", "2014-09-30": "120.74100", "2014-06-30": "118.26200", "2014-03-31": "112.52100", "2013-12-31": "118.14500", "2013-09-30": "113.53800", "2013-06-30": "114.74900", "2013-03-31": "111.94400", "2012-12-31": "114.91600", "2012-09-30": "119.52700", "2012-06-30": "115.57100", "2012-03-31": "113.99600", "2011-12-31": "118.12900", "2011-09-30": "117.77700", "2011-06-30": "116.17900", "2011-03-31": "106.11700", "2010-12-31": "106.00500", "2010-09-30": "107.15000", "2010-06-30": "97.77900", "2010-03-31": "98.53200", "2009-12-31": "103.22800", "2009-09-30": "101.37900", "2009-06-30": "101.46200", "2009-03-31": "101.61000", "2008-12-31": "112.41700", "2008-09-30": "111.08100", "2008-06-30": "108.12600", "2008-03-31": "106.88000", "2007-12-31": "103.53900", "2007-09-30": "92.31300", "2007-06-30": "95.26700", "2007-03-31": "85.88400", "2006-12-31": "85.01800", "2006-09-30": "76.71500", "2006-06-30": "74.13500", "2006-03-31": "56.60700", "2005-12-31": "49.00700", "2005-09-30": "46.78600", "2005-06-30": "46.27500", "2005-03-31": "51.26100"}, "Inventory": {"2020-09-30": "307.83900", "2020-06-30": "358.75600", "2020-03-31": "338.08200", "2019-12-31": "316.05400", "2019-09-30": "302.62200", "2019-06-30": "296.50500", "2019-03-31": "286.96200", "2018-12-31": "280.34700", "2018-09-30": "290.84600", "2018-06-30": "290.51700", "2018-03-31": "290.47400", "2017-12-31": "296.33200", "2017-09-30": "232.34000", "2017-06-30": "234.68000", "2017-03-31": "239.80900", "2016-12-31": "217.26300", "2016-09-30": "219.67100", "2016-06-30": "220.44200", "2016-03-31": "221.97800", "2015-12-31": "211.42900", "2015-09-30": "213.87800", "2015-06-30": "241.83500", "2015-03-31": "233.04300", "2014-12-31": "189.13300", "2014-09-30": "230.45500", "2014-06-30": "223.63200", "2014-03-31": "215.23200", "2013-12-31": "206.91900", "2013-09-30": "207.38900", "2013-06-30": "195.45700", "2013-03-31": "179.55800", "2012-12-31": "171.80600", "2012-09-30": "169.37600", "2012-06-30": "172.54100", "2012-03-31": "172.46900", "2011-12-31": "171.26100", "2011-09-30": "181.43000", "2011-06-30": "174.46000", "2011-03-31": "154.60100", "2010-12-31": "146.92800", "2010-09-30": "147.97300", "2010-06-30": "143.25300", "2010-03-31": "142.11300", "2009-12-31": "140.24000", "2009-09-30": "140.54100", "2009-06-30": "139.31900", "2009-03-31": "141.58200", "2008-12-31": "146.10300", "2008-09-30": "155.61500", "2008-06-30": "149.34500", "2008-03-31": "144.03700", "2007-12-31": "144.53500", "2007-09-30": "126.37100", "2007-06-30": "114.08900", "2007-03-31": "95.59100", "2006-12-31": "94.38700", "2006-09-30": "93.77300", "2006-06-30": "92.98100", "2006-03-31": "77.15300", "2005-12-31": "67.47600", "2005-09-30": "69.01400", "2005-06-30": "69.20600", "2005-03-31": "65.33500"}, "Pre-Paid Expenses": {"2020-09-30": "69.81700", "2020-06-30": "67.34200", "2020-03-31": "67.33200", "2019-12-31": "67.90700", "2019-09-30": "92.09100", "2019-06-30": "99.57600", "2019-03-31": "99.62700", "2018-12-31": "90.16000", "2018-09-30": "82.40800", "2018-06-30": "88.65400", "2018-03-31": "96.52000", "2017-12-31": "99.08000", "2017-09-30": "59.53400", "2017-06-30": "55.56300", "2017-03-31": "35.47700", "2016-12-31": "27.66600", "2016-09-30": "43.85800", "2016-06-30": "41.17000", "2016-03-31": "43.89400", "2015-12-31": "42.62000", "2015-09-30": "39.36100", "2015-06-30": "42.39700", "2015-03-31": "23.95800", "2014-12-31": "27.69100", "2014-09-30": "26.88600", "2014-06-30": "36.75800", "2014-03-31": "34.49600", "2013-12-31": "26.85800", "2013-09-30": "30.73900", "2013-06-30": "30.77400", "2013-03-31": "27.39600", "2012-12-31": "30.29100", "2012-09-30": "14.36600", "2012-06-30": "12.16200", "2012-03-31": "24.57100", "2011-12-31": "25.90400", "2011-09-30": "28.33000", "2011-06-30": "32.79400", "2011-03-31": "24.80700", "2010-12-31": "27.86900", "2010-09-30": "18.50100", "2010-06-30": "23.45500", "2010-03-31": "21.08100", "2009-12-31": "20.03200", "2009-09-30": "26.18900", "2009-06-30": "22.63600", "2009-03-31": "27.42000", "2008-12-31": "31.19100", "2008-09-30": "39.01300", "2008-06-30": "23.53800", "2008-03-31": "14.31800", "2007-12-31": "12.26400", "2007-09-30": "18.61500", "2007-06-30": "9.77800", "2007-03-31": "9.44100", "2006-12-31": "9.64900", "2006-09-30": "13.35200", "2006-06-30": "12.60400", "2006-03-31": "11.15800", "2005-12-31": "11.41100", "2005-09-30": "18.07700", "2005-06-30": "11.23700", "2005-03-31": "11.89400"}, "Other Current Assets": {"2020-09-30": "159.97700", "2020-06-30": "", "2020-03-31": "", "2019-12-31": "", "2019-09-30": "", "2019-06-30": "", "2019-03-31": "", "2018-12-31": "", "2018-09-30": "", "2018-06-30": "", "2018-03-31": "", "2017-12-31": "", "2017-09-30": "", "2017-06-30": "", "2017-03-31": "", "2016-12-31": "", "2016-09-30": "", "2016-06-30": "", "2016-03-31": "", "2015-12-31": "", "2015-09-30": "", "2015-06-30": "", "2015-03-31": "", "2014-12-31": "", "2014-09-30": "", "2014-06-30": "", "2014-03-31": "", "2013-12-31": "", "2013-09-30": "", "2013-06-30": "", "2013-03-31": "", "2012-12-31": "", "2012-09-30": "", "2012-06-30": "", "2012-03-31": "", "2011-12-31": "", "2011-09-30": "", "2011-06-30": "", "2011-03-31": "", "2010-12-31": "", "2010-09-30": "", "2010-06-30": "", "2010-03-31": "", "2009-12-31": "", "2009-09-30": "", "2009-06-30": "", "2009-03-31": "", "2008-12-31": "", "2008-09-30": "", "2008-06-30": "", "2008-03-31": "", "2007-12-31": "", "2007-09-30": "", "2007-06-30": "", "2007-03-31": "", "2006-12-31": "", "2006-09-30": "", "2006-06-30": "", "2006-03-31": "", "2005-12-31": "", "2005-09-30": "", "2005-06-30": "", "2005-03-31": ""}, "Total Current Assets": {"2020-09-30": "1152.09600", "2020-06-30": "966.22200", "2020-03-31": "1008.67200", "2019-12-31": "858.16800", "2019-09-30": "883.81300", "2019-06-30": "868.67200", "2019-03-31": "822.68600", "2018-12-31": "775.08200", "2018-09-30": "827.98300", "2018-06-30": "821.32200", "2018-03-31": "848.65000", "2017-12-31": "822.14600", "2017-09-30": "944.94300", "2017-06-30": "616.16600", "2017-03-31": "568.91900", "2016-12-31": "495.17000", "2016-09-30": "511.87700", "2016-06-30": "493.98600", "2016-03-31": "494.56500", "2015-12-31": "438.49500", "2015-09-30": "504.91200", "2015-06-30": "608.24700", "2015-03-31": "521.95000", "2014-12-31": "529.32100", "2014-09-30": "562.58900", "2014-06-30": "564.16100", "2014-03-31": "539.74600", "2013-12-31": "521.15200", "2013-09-30": "510.58300", "2013-06-30": "477.73600", "2013-03-31": "447.05900", "2012-12-31": "453.05100", "2012-09-30": "493.56200", "2012-06-30": "477.32300", "2012-03-31": "459.74300", "2011-12-31": "452.25700", "2011-09-30": "476.32800", "2011-06-30": "495.78400", "2011-03-31": "425.18500", "2010-12-31": "444.84900", "2010-09-30": "386.29500", "2010-06-30": "387.63100", "2010-03-31": "372.84400", "2009-12-31": "365.36300", "2009-09-30": "395.79500", "2009-06-30": "423.24900", "2009-03-31": "477.56700", "2008-12-31": "497.39200", "2008-09-30": "436.28200", "2008-06-30": "379.56100", "2008-03-31": "489.32300", "2007-12-31": "339.93100", "2007-09-30": "380.35900", "2007-06-30": "352.98300", "2007-03-31": "229.80000", "2006-12-31": "221.76100", "2006-09-30": "219.49900", "2006-06-30": "226.46300", "2006-03-31": "242.82600", "2005-12-31": "265.95200", "2005-09-30": "269.65900", "2005-06-30": "225.17200", "2005-03-31": "204.95800"}, "Property, Plant, And Equipment": {"2020-09-30": "294.43900", "2020-06-30": "334.33400", "2020-03-31": "335.90300", "2019-12-31": "337.40400", "2019-09-30": "319.38400", "2019-06-30": "316.44500", "2019-03-31": "306.35000", "2018-12-31": "300.11200", "2018-09-30": "287.00000", "2018-06-30": "277.02500", "2018-03-31": "274.02900", "2017-12-31": "269.25100", "2017-09-30": "232.24100", "2017-06-30": "232.07400", "2017-03-31": "229.11000", "2016-12-31": "222.36900", "2016-09-30": "212.19500", "2016-06-30": "208.64800", "2016-03-31": "210.33000", "2015-12-31": "205.18100", "2015-09-30": "197.20000", "2015-06-30": "215.46000", "2015-03-31": "210.11100", "2014-12-31": "193.62600", "2014-09-30": "203.88200", "2014-06-30": "206.66800", "2014-03-31": "205.66700", "2013-12-31": "200.31000", "2013-09-30": "192.72400", "2013-06-30": "184.53700", "2013-03-31": "179.35200", "2012-12-31": "177.89800", "2012-09-30": "161.18900", "2012-06-30": "146.92800", "2012-03-31": "136.77000", "2011-12-31": "131.38300", "2011-09-30": "122.43500", "2011-06-30": "115.66700", "2011-03-31": "102.47800", "2010-12-31": "99.45600", "2010-09-30": "87.29300", "2010-06-30": "84.64400", "2010-03-31": "83.41800", "2009-12-31": "83.52600", "2009-09-30": "70.83400", "2009-06-30": "70.77700", "2009-03-31": "69.78300", "2008-12-31": "76.00300", "2008-09-30": "69.99900", "2008-06-30": "63.43700", "2008-03-31": "63.34400", "2007-12-31": "61.73000", "2007-09-30": "55.26200", "2007-06-30": "50.63200", "2007-03-31": "43.70200", "2006-12-31": "42.55900", "2006-09-30": "40.65900", "2006-06-30": "35.79100", "2006-03-31": "29.07900", "2005-12-31": "27.45100", "2005-09-30": "27.51100", "2005-06-30": "27.69100", "2005-03-31": "27.68500"}, "Long-Term Investments": {"2020-09-30": "", "2020-06-30": "", "2020-03-31": "", "2019-12-31": "", "2019-09-30": "", "2019-06-30": "", "2019-03-31": "", "2018-12-31": "", "2018-09-30": "", "2018-06-30": "", "2018-03-31": "", "2017-12-31": "", "2017-09-30": "", "2017-06-30": "", "2017-03-31": "", "2016-12-31": "", "2016-09-30": "", "2016-06-30": "", "2016-03-31": "", "2015-12-31": "", "2015-09-30": "", "2015-06-30": "", "2015-03-31": "", "2014-12-31": "", "2014-09-30": "", "2014-06-30": "", "2014-03-31": "", "2013-12-31": "", "2013-09-30": "", "2013-06-30": "", "2013-03-31": "", "2012-12-31": "", "2012-09-30": "", "2012-06-30": "", "2012-03-31": "", "2011-12-31": "", "2011-09-30": "", "2011-06-30": "", "2011-03-31": "", "2010-12-31": "", "2010-09-30": "", "2010-06-30": "", "2010-03-31": "", "2009-12-31": "", "2009-09-30": "", "2009-06-30": "", "2009-03-31": "", "2008-12-31": "", "2008-09-30": "", "2008-06-30": "", "2008-03-31": "", "2007-12-31": "", "2007-09-30": "", "2007-06-30": "", "2007-03-31": "", "2006-12-31": "", "2006-09-30": "", "2006-06-30": "9.69300", "2006-03-31": "11.68300", "2005-12-31": "16.16800", "2005-09-30": "23.25100", "2005-06-30": "49.39400", "2005-03-31": "81.46300"}, "Goodwill And Intangible Assets": {"2020-09-30": "1893.24100", "2020-06-30": "1954.89300", "2020-03-31": "1965.78100", "2019-12-31": "1985.87100", "2019-09-30": "1985.63200", "2019-06-30": "1968.35200", "2019-03-31": "1981.13800", "2018-12-31": "2005.97100", "2018-09-30": "2023.62800", "2018-06-30": "2048.99300", "2018-03-31": "2092.44900", "2017-12-31": "2097.53200", "2017-09-30": "1221.99500", "2017-06-30": "1234.15400", "2017-03-31": "1232.63700", "2016-12-31": "1071.74600", "2016-09-30": "1089.32300", "2016-06-30": "1097.59200", "2016-03-31": "1110.95900", "2015-12-31": "1116.12900", "2015-09-30": "1112.14700", "2015-06-30": "797.60500", "2015-03-31": "801.62600", "2014-12-31": "776.04700", "2014-09-30": "763.48000", "2014-06-30": "776.98600", "2014-03-31": "797.09500", "2013-12-31": "446.92700", "2013-09-30": "451.23400", "2013-06-30": "499.76500", "2013-03-31": "504.55200", "2012-12-31": "506.33400", "2012-09-30": "510.77100", "2012-06-30": "516.39300", "2012-03-31": "526.15200", "2011-12-31": "530.10200", "2011-09-30": "538.46300", "2011-06-30": "516.31100", "2011-03-31": "458.63600", "2010-12-31": "456.83200", "2010-09-30": "461.14400", "2010-06-30": "453.31700", "2010-03-31": "464.13300", "2009-12-31": "473.05800", "2009-09-30": "479.03700", "2009-06-30": "429.21400", "2009-03-31": "427.93000", "2008-12-31": "438.09200", "2008-09-30": "419.84000", "2008-06-30": "402.60800", "2008-03-31": "406.50900", "2007-12-31": "403.20400", "2007-09-30": "360.45400", "2007-06-30": "358.28200", "2007-03-31": "341.18600", "2006-12-31": "342.13000", "2006-09-30": "336.59700", "2006-06-30": "287.86800", "2006-03-31": "202.14400", "2005-12-31": "132.93300", "2005-09-30": "135.92000", "2005-06-30": "137.55600", "2005-03-31": "142.33600"}, "Other Long-Term Assets": {"2020-09-30": "20.67900", "2020-06-30": "35.40100", "2020-03-31": "38.98900", "2019-12-31": "14.64400", "2019-09-30": "33.00800", "2019-06-30": "16.72000", "2019-03-31": "79.13300", "2018-12-31": "19.91700", "2018-09-30": "32.79700", "2018-06-30": "30.75600", "2018-03-31": "26.10100", "2017-12-31": "16.07800", "2017-09-30": "12.65700", "2017-06-30": "12.52300", "2017-03-31": "13.59200", "2016-12-31": "11.73400", "2016-09-30": "6.65300", "2016-06-30": "6.87400", "2016-03-31": "7.28000", "2015-12-31": "7.48700", "2015-09-30": "8.40600", "2015-06-30": "10.89300", "2015-03-31": "11.43600", "2014-12-31": "10.22000", "2014-09-30": "9.52400", "2014-06-30": "8.78600", "2014-03-31": "7.77000", "2013-12-31": "8.33800", "2013-09-30": "9.98600", "2013-06-30": "10.47500", "2013-03-31": "9.78500", "2012-12-31": "10.35900", "2012-09-30": "11.95600", "2012-06-30": "12.51600", "2012-03-31": "12.58000", "2011-12-31": "13.12800", "2011-09-30": "12.67400", "2011-06-30": "13.63000", "2011-03-31": "10.30200", "2010-12-31": "10.10200", "2010-09-30": "8.82600", "2010-06-30": "1.97500", "2010-03-31": "2.08600", "2009-12-31": "2.31400", "2009-09-30": "27.57000", "2009-06-30": "23.13200", "2009-03-31": "20.13700", "2008-12-31": "4.52300", "2008-09-30": "34.62400", "2008-06-30": "16.84800", "2008-03-31": "13.48000", "2007-12-31": "13.14700", "2007-09-30": "14.00200", "2007-06-30": "14.59300", "2007-03-31": "8.38600", "2006-12-31": "7.16800", "2006-09-30": "7.70500", "2006-06-30": "6.40400", "2006-03-31": "5.89900", "2005-12-31": "5.92800", "2005-09-30": "5.35800", "2005-06-30": "4.62300", "2005-03-31": "4.71000"}, "Total Long-Term Assets": {"2020-09-30": "2301.42500", "2020-06-30": "2425.53700", "2020-03-31": "2438.89300", "2019-12-31": "2445.07200", "2019-09-30": "2462.76700", "2019-06-30": "2421.73800", "2019-03-31": "2383.02500", "2018-12-31": "2332.80500", "2018-09-30": "2350.65900", "2018-06-30": "2364.45100", "2018-03-31": "2399.04300", "2017-12-31": "2389.11100", "2017-09-30": "1473.24400", "2017-06-30": "1484.96500", "2017-03-31": "1480.09600", "2016-12-31": "1312.78400", "2016-09-30": "1315.54700", "2016-06-30": "1320.17600", "2016-03-31": "1335.69700", "2015-12-31": "1335.72900", "2015-09-30": "1322.70800", "2015-06-30": "1029.64700", "2015-03-31": "1028.85700", "2014-12-31": "1058.09800", "2014-09-30": "983.14500", "2014-06-30": "998.86190", "2014-03-31": "1016.17700", "2013-12-31": "670.98700", "2013-09-30": "673.48900", "2013-06-30": "709.76500", "2013-03-31": "709.43190", "2012-12-31": "710.54800", "2012-09-30": "691.94400", "2012-06-30": "684.49400", "2012-03-31": "698.62700", "2011-12-31": "691.85200", "2011-09-30": "698.33800", "2011-06-30": "658.07200", "2011-03-31": "581.84300", "2010-12-31": "574.28400", "2010-09-30": "572.98100", "2010-06-30": "554.16400", "2010-03-31": "565.15300", "2009-12-31": "574.73900", "2009-09-30": "577.44100", "2009-06-30": "523.12300", "2009-03-31": "517.85000", "2008-12-31": "528.62200", "2008-09-30": "524.46300", "2008-06-30": "482.89300", "2008-03-31": "483.33300", "2007-12-31": "478.08100", "2007-09-30": "429.71800", "2007-06-30": "423.50700", "2007-03-31": "393.27400", "2006-12-31": "391.85700", "2006-09-30": "384.96100", "2006-06-30": "339.75600", "2006-03-31": "248.80500", "2005-12-31": "182.48000", "2005-09-30": "196.22200", "2005-06-30": "226.51400", "2005-03-31": "265.44900"}, "Total Assets": {"2020-09-30": "3453.52100", "2020-06-30": "3391.75900", "2020-03-31": "3447.56500", "2019-12-31": "3303.24000", "2019-09-30": "3346.58000", "2019-06-30": "3290.41000", "2019-03-31": "3205.71100", "2018-12-31": "3107.88700", "2018-09-30": "3178.64200", "2018-06-30": "3185.77300", "2018-03-31": "3247.69300", "2017-12-31": "3211.25700", "2017-09-30": "2418.18700", "2017-06-30": "2101.13100", "2017-03-31": "2049.01500", "2016-12-31": "1807.95400", "2016-09-30": "1827.42400", "2016-06-30": "1814.16200", "2016-03-31": "1830.26200", "2015-12-31": "1774.22400", "2015-09-30": "1827.62000", "2015-06-30": "1637.89400", "2015-03-31": "1550.80700", "2014-12-31": "1587.41900", "2014-09-30": "1545.73400", "2014-06-30": "1563.02300", "2014-03-31": "1555.92300", "2013-12-31": "1192.13900", "2013-09-30": "1184.07200", "2013-06-30": "1187.50100", "2013-03-31": "1156.49100", "2012-12-31": "1163.59900", "2012-09-30": "1185.50600", "2012-06-30": "1161.81700", "2012-03-31": "1158.37000", "2011-12-31": "1144.10900", "2011-09-30": "1174.66600", "2011-06-30": "1153.85600", "2011-03-31": "1007.02800", "2010-12-31": "1019.13300", "2010-09-30": "959.27600", "2010-06-30": "941.79500", "2010-03-31": "937.99700", "2009-12-31": "940.10200", "2009-09-30": "973.23600", "2009-06-30": "946.37200", "2009-03-31": "995.41700", "2008-12-31": "1026.01400", "2008-09-30": "960.74500", "2008-06-30": "862.45400", "2008-03-31": "972.65600", "2007-12-31": "818.01200", "2007-09-30": "810.07700", "2007-06-30": "776.49000", "2007-03-31": "623.07400", "2006-12-31": "613.61800", "2006-09-30": "604.46000", "2006-06-30": "566.21900", "2006-03-31": "491.63100", "2005-12-31": "448.43200", "2005-09-30": "465.88100", "2005-06-30": "451.68600", "2005-03-31": "470.40700"}, "Total Current Liabilities": {"2020-09-30": "255.14600", "2020-06-30": "212.41500", "2020-03-31": "246.48500", "2019-12-31": "331.30900", "2019-09-30": "302.64100", "2019-06-30": "315.11100", "2019-03-31": "288.10600", "2018-12-31": "262.55200", "2018-09-30": "258.34000", "2018-06-30": "233.34200", "2018-03-31": "336.02000", "2017-12-31": "348.91100", "2017-09-30": "210.23400", "2017-06-30": "177.87700", "2017-03-31": "188.08300", "2016-12-31": "123.60100", "2016-09-30": "161.39700", "2016-06-30": "149.82700", "2016-03-31": "156.63000", "2015-12-31": "139.12700", "2015-09-30": "139.94700", "2015-06-30": "155.75300", "2015-03-31": "126.80500", "2014-12-31": "126.02500", "2014-09-30": "130.12300", "2014-06-30": "126.90200", "2014-03-31": "116.83100", "2013-12-31": "119.38200", "2013-09-30": "122.27800", "2013-06-30": "109.33900", "2013-03-31": "105.78000", "2012-12-31": "106.92900", "2012-09-30": "112.57400", "2012-06-30": "112.24700", "2012-03-31": "104.58600", "2011-12-31": "101.86800", "2011-09-30": "104.43300", "2011-06-30": "118.00800", "2011-03-31": "163.31600", "2010-12-31": "201.85700", "2010-09-30": "102.70400", "2010-06-30": "85.63900", "2010-03-31": "159.18000", "2009-12-31": "156.73000", "2009-09-30": "215.32000", "2009-06-30": "216.83400", "2009-03-31": "170.67100", "2008-12-31": "174.75100", "2008-09-30": "280.60200", "2008-06-30": "189.23500", "2008-03-31": "317.11300", "2007-12-31": "191.67100", "2007-09-30": "188.18500", "2007-06-30": "181.02500", "2007-03-31": "273.74400", "2006-12-31": "274.01700", "2006-09-30": "255.45600", "2006-06-30": "113.61900", "2006-03-31": "53.76800", "2005-12-31": "31.28700", "2005-09-30": "33.53600", "2005-06-30": "32.26300", "2005-03-31": "30.97900"}, "Long Term Debt": {"2020-09-30": "1506.30000", "2020-06-30": "1541.02300", "2020-03-31": "1576.69100", "2019-12-31": "1303.06100", "2019-09-30": "1384.04900", "2019-06-30": "1306.93700", "2019-03-31": "1331.02500", "2018-12-31": "1331.71300", "2018-09-30": "1421.00100", "2018-06-30": "1476.48800", "2018-03-31": "1772.02700", "2017-12-31": "1781.14200", "2017-09-30": "1152.63300", "2017-06-30": "867.50000", "2017-03-31": "848.75000", "2016-12-31": "665.00000", "2016-09-30": "658.99800", "2016-06-30": "684.29100", "2016-03-31": "712.18900", "2015-12-31": "700.11500", "2015-09-30": "718.79200", "2015-06-30": "643.73300", "2015-03-31": "611.42700", "2014-12-31": "626.24600", "2014-09-30": "621.09500", "2014-06-30": "630.97100", "2014-03-31": "629.00000", "2013-12-31": "392.05700", "2013-09-30": "545.14000", "2013-06-30": "543.25000", "2013-03-31": "521.38600", "2012-12-31": "519.54700", "2012-09-30": "517.73500", "2012-06-30": "515.94700", "2012-03-31": "522.97800", "2011-12-31": "532.26400", "2011-09-30": "541.60400", "2011-06-30": "490.06200", "2011-03-31": "293.69900", "2010-12-31": "294.84200", "2010-09-30": "366.01400", "2010-06-30": "371.90000", "2010-03-31": "295.31300", "2009-12-31": "308.75400", "2009-09-30": "307.22000", "2009-06-30": "305.71200", "2009-03-31": "431.30700", "2008-12-31": "459.48000", "2008-09-30": "330.00000", "2008-06-30": "330.00000", "2008-03-31": "330.00000", "2007-12-31": "330.00000", "2007-09-30": "330.00000", "2007-06-30": "330.00000", "2007-03-31": "", "2006-12-31": "0.50800", "2006-09-30": "4.88900", "2006-06-30": "118.11200", "2006-03-31": "118.16900", "2005-12-31": "118.37800", "2005-09-30": "118.46800", "2005-06-30": "119.15900", "2005-03-31": "118.63100"}, "Other Non-Current Liabilities": {"2020-09-30": "177.53000", "2020-06-30": "169.13400", "2020-03-31": "158.03700", "2019-12-31": "118.07700", "2019-09-30": "118.36600", "2019-06-30": "100.12800", "2019-03-31": "131.89000", "2018-12-31": "80.04800", "2018-09-30": "61.22300", "2018-06-30": "60.72700", "2018-03-31": "68.32700", "2017-12-31": "53.76800", "2017-09-30": "13.57600", "2017-06-30": "29.94400", "2017-03-31": "28.85500", "2016-12-31": "30.74500", "2016-09-30": "30.23000", "2016-06-30": "28.92000", "2016-03-31": "28.60700", "2015-12-31": "28.64800", "2015-09-30": "29.27400", "2015-06-30": "31.98400", "2015-03-31": "32.04500", "2014-12-31": "27.77800", "2014-09-30": "31.75600", "2014-06-30": "34.38000", "2014-03-31": "36.28000", "2013-12-31": "12.52700", "2013-09-30": "12.02300", "2013-06-30": "12.92700", "2013-03-31": "14.03900", "2012-12-31": "13.95500", "2012-09-30": "13.60300", "2012-06-30": "17.08700", "2012-03-31": "16.85700", "2011-12-31": "11.61300", "2011-09-30": "18.49400", "2011-06-30": "16.65200", "2011-03-31": "11.60800", "2010-12-31": "11.82600", "2010-09-30": "12.48500", "2010-06-30": "16.22500", "2010-03-31": "17.13200", "2009-12-31": "20.41400", "2009-09-30": "20.27400", "2009-06-30": "21.05100", "2009-03-31": "19.17000", "2008-12-31": "19.47400", "2008-09-30": "18.31100", "2008-06-30": "19.13100", "2008-03-31": "20.05700", "2007-12-31": "19.86000", "2007-09-30": "14.66700", "2007-06-30": "14.54100", "2007-03-31": "14.47800", "2006-12-31": "11.57500", "2006-09-30": "5.54000", "2006-06-30": "7.53700", "2006-03-31": "6.70000", "2005-12-31": "6.42900", "2005-09-30": "6.27500", "2005-06-30": "5.30400", "2005-03-31": "6.16500"}, "Total Long Term Liabilities": {"2020-09-30": "1800.38800", "2020-06-30": "1830.24800", "2020-03-31": "1859.27700", "2019-12-31": "1555.19500", "2019-09-30": "1658.96500", "2019-06-30": "1554.34800", "2019-03-31": "1520.57500", "2018-12-31": "1469.53900", "2018-09-30": "1555.22100", "2018-06-30": "1610.52600", "2018-03-31": "1913.23300", "2017-12-31": "1900.04000", "2017-09-30": "1294.83700", "2017-06-30": "1028.69900", "2017-03-31": "1008.44100", "2016-12-31": "844.68600", "2016-09-30": "842.60000", "2016-06-30": "869.54800", "2016-03-31": "897.24490", "2015-12-31": "883.65400", "2015-09-30": "957.57300", "2015-06-30": "770.41800", "2015-03-31": "735.90300", "2014-12-31": "757.07200", "2014-09-30": "729.63290", "2014-06-30": "746.89100", "2014-03-31": "759.89200", "2013-12-31": "406.66700", "2013-09-30": "562.31700", "2013-06-30": "561.57300", "2013-03-31": "540.82200", "2012-12-31": "538.89500", "2012-09-30": "546.23100", "2012-06-30": "542.35800", "2012-03-31": "545.33300", "2011-12-31": "549.60300", "2011-09-30": "568.71200", "2011-06-30": "517.03100", "2011-03-31": "316.12600", "2010-12-31": "317.31300", "2010-09-30": "385.77200", "2010-06-30": "395.78000", "2010-03-31": "320.89700", "2009-12-31": "338.48700", "2009-09-30": "327.49400", "2009-06-30": "326.76300", "2009-03-31": "450.47700", "2008-12-31": "478.95400", "2008-09-30": "358.54900", "2008-06-30": "349.13100", "2008-03-31": "366.66500", "2007-12-31": "365.91200", "2007-09-30": "371.49500", "2007-06-30": "371.95100", "2007-03-31": "43.78400", "2006-12-31": "43.43900", "2006-09-30": "43.52300", "2006-06-30": "140.55400", "2006-03-31": "128.81500", "2005-12-31": "127.32700", "2005-09-30": "124.74300", "2005-06-30": "124.72700", "2005-03-31": "125.08300"}, "Total Liabilities": {"2020-09-30": "2055.53400", "2020-06-30": "2042.66300", "2020-03-31": "2105.76200", "2019-12-31": "1886.50400", "2019-09-30": "1961.60600", "2019-06-30": "1869.45900", "2019-03-31": "1808.68100", "2018-12-31": "1732.09100", "2018-09-30": "1813.56100", "2018-06-30": "1843.86800", "2018-03-31": "2249.25300", "2017-12-31": "2248.95100", "2017-09-30": "1505.07100", "2017-06-30": "1206.57600", "2017-03-31": "1196.52400", "2016-12-31": "968.28700", "2016-09-30": "1003.99700", "2016-06-30": "1019.37500", "2016-03-31": "1053.87500", "2015-12-31": "1022.78100", "2015-09-30": "1097.52000", "2015-06-30": "926.17100", "2015-03-31": "862.70800", "2014-12-31": "883.09700", "2014-09-30": "859.75600", "2014-06-30": "873.79300", "2014-03-31": "876.72300", "2013-12-31": "526.04900", "2013-09-30": "684.59500", "2013-06-30": "670.91200", "2013-03-31": "646.60200", "2012-12-31": "645.82400", "2012-09-30": "658.80500", "2012-06-30": "654.60500", "2012-03-31": "649.91900", "2011-12-31": "651.47100", "2011-09-30": "673.14500", "2011-06-30": "635.03900", "2011-03-31": "479.44200", "2010-12-31": "519.17000", "2010-09-30": "488.47600", "2010-06-30": "481.41900", "2010-03-31": "480.07700", "2009-12-31": "495.21700", "2009-09-30": "542.81400", "2009-06-30": "543.59700", "2009-03-31": "621.14800", "2008-12-31": "653.70500", "2008-09-30": "639.15100", "2008-06-30": "538.36600", "2008-03-31": "683.77800", "2007-12-31": "557.58300", "2007-09-30": "559.68000", "2007-06-30": "552.97600", "2007-03-31": "317.52800", "2006-12-31": "317.45600", "2006-09-30": "298.97900", "2006-06-30": "254.17300", "2006-03-31": "182.58300", "2005-12-31": "158.61400", "2005-09-30": "158.27900", "2005-06-30": "156.99000", "2005-03-31": "156.06200"}, "Common Stock Net": {"2020-09-30": "0.89200", "2020-06-30": "0.89200", "2020-03-31": "0.88900", "2019-12-31": "0.88700", "2019-09-30": "0.88600", "2019-06-30": "0.88300", "2019-03-31": "0.88200", "2018-12-31": "0.88000", "2018-09-30": "0.88000", "2018-06-30": "0.87700", "2018-03-31": "0.81700", "2017-12-31": "0.81300", "2017-09-30": "0.81300", "2017-06-30": "0.80400", "2017-03-31": "0.78200", "2016-12-31": "0.77700", "2016-09-30": "0.46300", "2016-06-30": "0.46200", "2016-03-31": "0.46000", "2015-12-31": "0.91700", "2015-09-30": "0.45800", "2015-06-30": "0.42000", "2015-03-31": "0.41800", "2014-12-31": "0.41600", "2014-09-30": "0.41500", "2014-06-30": "0.41500", "2014-03-31": "0.41500", "2013-12-31": "0.41000", "2013-09-30": "0.37000", "2013-06-30": "0.37000", "2013-03-31": "0.37000", "2012-12-31": "0.36900", "2012-09-30": "0.35900", "2012-06-30": "0.35900", "2012-03-31": "0.35800", "2011-12-31": "0.35700", "2011-09-30": "0.35900", "2011-06-30": "0.36000", "2011-03-31": "0.35900", "2010-12-31": "0.35500", "2010-09-30": "0.35400", "2010-06-30": "0.35300", "2010-03-31": "0.35300", "2009-12-31": "0.35000", "2009-09-30": "0.34800", "2009-06-30": "0.34700", "2009-03-31": "0.34500", "2008-12-31": "0.34400", "2008-09-30": "0.34000", "2008-06-30": "0.33700", "2008-03-31": "0.32800", "2007-12-31": "0.32300", "2007-09-30": "0.32200", "2007-06-30": "0.32000", "2007-03-31": "0.31800", "2006-12-31": "0.31500", "2006-09-30": "0.31200", "2006-06-30": "0.31100", "2006-03-31": "0.31000", "2005-12-31": "0.29800", "2005-09-30": "0.29600", "2005-06-30": "0.29500", "2005-03-31": "0.29300"}, "Retained Earnings (Accumulated Deficit)": {"2020-09-30": "439.52100", "2020-06-30": "407.18400", "2020-03-31": "407.55300", "2019-12-31": "398.57400", "2019-09-30": "383.25500", "2019-06-30": "410.86500", "2019-03-31": "381.12900", "2018-12-31": "348.37300", "2018-09-30": "323.23600", "2018-06-30": "309.94100", "2018-03-31": "297.50000", "2017-12-31": "285.18600", "2017-09-30": "240.83100", "2017-06-30": "237.67300", "2017-03-31": "226.83700", "2016-12-31": "220.44300", "2016-09-30": "192.19500", "2016-06-30": "172.05200", "2016-03-31": "157.56300", "2015-12-31": "145.87900", "2015-09-30": "128.03800", "2015-06-30": "328.34100", "2015-03-31": "323.34400", "2014-12-31": "314.96000", "2014-09-30": "297.79400", "2014-06-30": "287.98700", "2014-03-31": "283.16200", "2013-12-31": "280.95600", "2013-09-30": "272.86300", "2013-06-30": "301.41300", "2013-03-31": "297.97300", "2012-12-31": "302.02300", "2012-09-30": "289.23700", "2012-06-30": "276.02600", "2012-03-31": "267.51200", "2011-12-31": "260.81900", "2011-09-30": "256.25900", "2011-06-30": "245.01800", "2011-03-31": "244.31700", "2010-12-31": "232.83000", "2010-09-30": "214.02400", "2010-06-30": "197.54000", "2010-03-31": "182.38300", "2009-12-31": "167.16100", "2009-09-30": "151.43000", "2009-06-30": "136.99800", "2009-03-31": "125.77300", "2008-12-31": "116.20600", "2008-09-30": "107.37400", "2008-06-30": "122.66600", "2008-03-31": "109.74000", "2007-12-31": "98.17500", "2007-09-30": "92.76800", "2007-06-30": "83.09400", "2007-03-31": "73.75200", "2006-12-31": "66.33600", "2006-09-30": "56.20500", "2006-06-30": "53.61100", "2006-03-31": "45.63400", "2005-12-31": "36.92900", "2005-09-30": "26.31400", "2005-06-30": "15.83300", "2005-03-31": "8.17800"}, "Comprehensive Income": {"2020-09-30": "-91.91300", "2020-06-30": "-103.12400", "2020-03-31": "-104.58800", "2019-12-31": "-76.40200", "2019-09-30": "-87.61500", "2019-06-30": "-68.70000", "2019-03-31": "-56.67900", "2018-12-31": "-45.44300", "2018-09-30": "-26.27100", "2018-06-30": "-25.30600", "2018-03-31": "-1.66300", "2017-12-31": "-23.80700", "2017-09-30": "-23.78300", "2017-06-30": "-34.15800", "2017-03-31": "-51.45300", "2016-12-31": "-57.15400", "2016-09-30": "-40.31000", "2016-06-30": "-43.57600", "2016-03-31": "-36.66500", "2015-12-31": "-47.90200", "2015-09-30": "-41.72300", "2015-06-30": "-40.28800", "2015-03-31": "-47.61600", "2014-12-31": "-23.48800", "2014-09-30": "-14.31800", "2014-06-30": "1.85300", "2014-03-31": "1.92700", "2013-12-31": "0.92700", "2013-09-30": "-0.71300", "2013-06-30": "-9.40400", "2013-03-31": "-11.28100", "2012-12-31": "-4.79700", "2012-09-30": "-9.49500", "2012-06-30": "-13.38900", "2012-03-31": "-2.14700", "2011-12-31": "-9.09300", "2011-09-30": "-3.28000", "2011-06-30": "15.85700", "2011-03-31": "12.36100", "2010-12-31": "-1.79500", "2010-09-30": "1.42900", "2010-06-30": "-19.00000", "2010-03-31": "-2.28400", "2009-12-31": "8.90500", "2009-09-30": "18.63900", "2009-06-30": "10.92800", "2009-03-31": "-2.59900", "2008-12-31": "5.35500", "2008-09-30": "15.99900", "2008-06-30": "31.28700", "2008-03-31": "29.18400", "2007-12-31": "19.04500", "2007-09-30": "20.67700", "2007-06-30": "12.28700", "2007-03-31": "9.62500", "2006-12-31": "8.08000", "2006-09-30": "3.18900", "2006-06-30": "1.64700", "2006-03-31": "-2.91000", "2005-12-31": "-4.77300", "2005-09-30": "-3.45600", "2005-06-30": "-3.22400", "2005-03-31": "1.95700"}, "Other Share Holders Equity": {"2020-09-30": "", "2020-06-30": "", "2020-03-31": "", "2019-12-31": "", "2019-09-30": "", "2019-06-30": "", "2019-03-31": "", "2018-12-31": "", "2018-09-30": "", "2018-06-30": "", "2018-03-31": "", "2017-12-31": "", "2017-09-30": "", "2017-06-30": "", "2017-03-31": "", "2016-12-31": "", "2016-09-30": "", "2016-06-30": "", "2016-03-31": "", "2015-12-31": "", "2015-09-30": "", "2015-06-30": "", "2015-03-31": "", "2014-12-31": "", "2014-09-30": "", "2014-06-30": "", "2014-03-31": "", "2013-12-31": "", "2013-09-30": "", "2013-06-30": "", "2013-03-31": "", "2012-12-31": "", "2012-09-30": "", "2012-06-30": "", "2012-03-31": "", "2011-12-31": "", "2011-09-30": "", "2011-06-30": "", "2011-03-31": "", "2010-12-31": "", "2010-09-30": "", "2010-06-30": "", "2010-03-31": "", "2009-12-31": "", "2009-09-30": "", "2009-06-30": "", "2009-03-31": "", "2008-12-31": "", "2008-09-30": "", "2008-06-30": "", "2008-03-31": "", "2007-12-31": "", "2007-09-30": "", "2007-06-30": "", "2007-03-31": "", "2006-12-31": "", "2006-09-30": "", "2006-06-30": "", "2006-03-31": "", "2005-12-31": "", "2005-09-30": "", "2005-06-30": "", "2005-03-31": ""}, "Share Holder Equity": {"2020-09-30": "1397.98700", "2020-06-30": "1349.09600", "2020-03-31": "1341.80300", "2019-12-31": "1416.73600", "2019-09-30": "1384.97400", "2019-06-30": "1420.95100", "2019-03-31": "1397.03000", "2018-12-31": "1375.79600", "2018-09-30": "1365.08100", "2018-06-30": "1341.90500", "2018-03-31": "998.44000", "2017-12-31": "962.30600", "2017-09-30": "913.11600", "2017-06-30": "894.55500", "2017-03-31": "852.49100", "2016-12-31": "839.66700", "2016-09-30": "823.42700", "2016-06-30": "794.78700", "2016-03-31": "776.38700", "2015-12-31": "751.44300", "2015-09-30": "730.10000", "2015-06-30": "711.72300", "2015-03-31": "688.09900", "2014-12-31": "704.32200", "2014-09-30": "685.97800", "2014-06-30": "689.23000", "2014-03-31": "679.20000", "2013-12-31": "666.09000", "2013-09-30": "499.47700", "2013-06-30": "516.58900", "2013-03-31": "509.88900", "2012-12-31": "517.77500", "2012-09-30": "526.70100", "2012-06-30": "507.21200", "2012-03-31": "508.45100", "2011-12-31": "492.63800", "2011-09-30": "501.52100", "2011-06-30": "518.81700", "2011-03-31": "527.58600", "2010-12-31": "499.96300", "2010-09-30": "470.80000", "2010-06-30": "460.37600", "2010-03-31": "457.92000", "2009-12-31": "444.88500", "2009-09-30": "430.42200", "2009-06-30": "402.77500", "2009-03-31": "374.26900", "2008-12-31": "372.30900", "2008-09-30": "321.59400", "2008-06-30": "324.08800", "2008-03-31": "288.87800", "2007-12-31": "260.42900", "2007-09-30": "250.39700", "2007-06-30": "223.51400", "2007-03-31": "305.54600", "2006-12-31": "296.16200", "2006-09-30": "305.48100", "2006-06-30": "312.04600", "2006-03-31": "309.04800", "2005-12-31": "289.81800", "2005-09-30": "307.60200", "2005-06-30": "294.69600", "2005-03-31": "314.34500"}, "Total Liabilities And Share Holders Equity": {"2020-09-30": "3453.52100", "2020-06-30": "3391.75900", "2020-03-31": "3447.56500", "2019-12-31": "3303.24000", "2019-09-30": "3346.58000", "2019-06-30": "3290.41000", "2019-03-31": "3205.71100", "2018-12-31": "3107.88700", "2018-09-30": "3178.64200", "2018-06-30": "3185.77300", "2018-03-31": "3247.69300", "2017-12-31": "3211.25700", "2017-09-30": "2418.18700", "2017-06-30": "2101.13100", "2017-03-31": "2049.01500", "2016-12-31": "1807.95400", "2016-09-30": "1827.42400", "2016-06-30": "1814.16200", "2016-03-31": "1830.26200", "2015-12-31": "1774.22400", "2015-09-30": "1827.62000", "2015-06-30": "1637.89400", "2015-03-31": "1550.80700", "2014-12-31": "1587.41900", "2014-09-30": "1545.73400", "2014-06-30": "1563.02300", "2014-03-31": "1555.92300", "2013-12-31": "1192.13900", "2013-09-30": "1184.07200", "2013-06-30": "1187.50100", "2013-03-31": "1156.49100", "2012-12-31": "1163.59900", "2012-09-30": "1185.50600", "2012-06-30": "1161.81700", "2012-03-31": "1158.37000", "2011-12-31": "1144.10900", "2011-09-30": "1174.66600", "2011-06-30": "1153.85600", "2011-03-31": "1007.02800", "2010-12-31": "1019.13300", "2010-09-30": "959.27600", "2010-06-30": "941.79500", "2010-03-31": "937.99700", "2009-12-31": "940.10200", "2009-09-30": "973.23600", "2009-06-30": "946.37200", "2009-03-31": "995.41700", "2008-12-31": "1026.01400", "2008-09-30": "960.74500", "2008-06-30": "862.45400", "2008-03-31": "972.65600", "2007-12-31": "818.01200", "2007-09-30": "810.07700", "2007-06-30": "776.49000", "2007-03-31": "623.07400", "2006-12-31": "613.61800", "2006-09-30": "604.46000", "2006-06-30": "566.21900", "2006-03-31": "491.63100", "2005-12-31": "448.43200", "2005-09-30": "465.88100", "2005-06-30": "451.68600", "2005-03-31": "470.40700"}}, "cash flow statement": {"Net Income/Loss": {"2019-12-31": "50.20100", "2018-12-31": "60.80100", "2017-12-31": "64.74300", "2016-12-31": "74.56400", "2015-12-31": "-3.51900", "2014-12-31": "34.00400", "2013-12-31": "-21.06700", "2012-12-31": "41.20400", "2011-12-31": "27.98900", "2010-12-31": "65.66900", "2009-12-31": "50.95500", "2008-12-31": "27.72700", "2007-12-31": "25.74900", "2006-12-31": "29.40700", "2005-12-31": "37.19400"}, "Total Depreciation And Amortization - Cash Flow": {"2019-12-31": "114.85200", "2018-12-31": "117.00000", "2017-12-31": "91.66700", "2016-12-31": "75.19400", "2015-12-31": "61.12700", "2014-12-31": "49.00500", "2013-12-31": "33.31100", "2012-12-31": "55.33600", "2011-12-31": "53.55900", "2010-12-31": "40.66200", "2009-12-31": "42.08800", "2008-12-31": "33.14800", "2007-12-31": "27.03900", "2006-12-31": "21.47800", "2005-12-31": "14.04100"}, "Other Non-Cash Items": {"2019-12-31": "80.88900", "2018-12-31": "20.13500", "2017-12-31": "-40.54300", "2016-12-31": "-22.12400", "2015-12-31": "57.57000", "2014-12-31": "38.65500", "2013-12-31": "60.32000", "2012-12-31": "-13.83100", "2011-12-31": "37.86800", "2010-12-31": "18.28000", "2009-12-31": "20.41300", "2008-12-31": "35.23200", "2007-12-31": "14.45200", "2006-12-31": "22.98100", "2005-12-31": "10.50000"}, "Total Non-Cash Items": {"2019-12-31": "195.74100", "2018-12-31": "137.13500", "2017-12-31": "51.12400", "2016-12-31": "53.07000", "2015-12-31": "118.69700", "2014-12-31": "87.66000", "2013-12-31": "93.63100", "2012-12-31": "41.50500", "2011-12-31": "91.42700", "2010-12-31": "58.94200", "2009-12-31": "62.50100", "2008-12-31": "68.38000", "2007-12-31": "41.49100", "2006-12-31": "44.45900", "2005-12-31": "24.54100"}, "Change In Accounts Receivable": {"2019-12-31": "-9.42800", "2018-12-31": "-17.02100", "2017-12-31": "-89.69800", "2016-12-31": "-17.51800", "2015-12-31": "-16.23100", "2014-12-31": "-17.14500", "2013-12-31": "1.01000", "2012-12-31": "3.78300", "2011-12-31": "-1.87800", "2010-12-31": "-3.78300", "2009-12-31": "9.80800", "2008-12-31": "-4.71000", "2007-12-31": "-2.84100", "2006-12-31": "-26.13100", "2005-12-31": "0.49100"}, "Change In Inventories": {"2019-12-31": "-43.30800", "2018-12-31": "8.30000", "2017-12-31": "0.09900", "2016-12-31": "-9.57600", "2015-12-31": "-3.75900", "2014-12-31": "-24.13800", "2013-12-31": "-27.36400", "2012-12-31": "-0.71100", "2011-12-31": "1.70200", "2010-12-31": "-7.37400", "2009-12-31": "9.40500", "2008-12-31": "10.82300", "2007-12-31": "-18.59100", "2006-12-31": "3.46100", "2005-12-31": "-9.98400"}, "Change In Accounts Payable": {"2019-12-31": "", "2018-12-31": "", "2017-12-31": "", "2016-12-31": "", "2015-12-31": "", "2014-12-31": "", "2013-12-31": "", "2012-12-31": "", "2011-12-31": "", "2010-12-31": "", "2009-12-31": "", "2008-12-31": "", "2007-12-31": "", "2006-12-31": "", "2005-12-31": ""}, "Change In Assets/Liabilities": {"2019-12-31": "23.56100", "2018-12-31": "6.88000", "2017-12-31": "-7.04500", "2016-12-31": "16.27900", "2015-12-31": "1.45800", "2014-12-31": "2.37300", "2013-12-31": "5.72400", "2012-12-31": "-5.61000", "2011-12-31": "-3.07000", "2010-12-31": "-14.61900", "2009-12-31": "6.01600", "2008-12-31": "6.44900", "2007-12-31": "-0.13500", "2006-12-31": "-1.00100", "2005-12-31": "-0.19400"}, "Total Change In Assets/Liabilities": {"2019-12-31": "-14.50900", "2018-12-31": "1.74700", "2017-12-31": "-1.32300", "2016-12-31": "-11.22900", "2015-12-31": "-10.32400", "2014-12-31": "-38.09900", "2013-12-31": "-19.29600", "2012-12-31": "-23.60900", "2011-12-31": "-15.08800", "2010-12-31": "-19.04000", "2009-12-31": "29.77900", "2008-12-31": "-23.51700", "2007-12-31": "-20.21400", "2006-12-31": "-2.16400", "2005-12-31": "-4.88700"}, "Cash Flow From Operating Activities": {"2019-12-31": "231.43300", "2018-12-31": "199.68300", "2017-12-31": "114.54400", "2016-12-31": "116.40500", "2015-12-31": "104.85400", "2014-12-31": "83.56500", "2013-12-31": "53.26800", "2012-12-31": "59.10000", "2011-12-31": "104.32800", "2010-12-31": "105.57100", "2009-12-31": "143.23500", "2008-12-31": "72.59000", "2007-12-31": "47.02600", "2006-12-31": "71.70200", "2005-12-31": "56.84800"}, "Net Change In Property, Plant, And Equipment": {"2019-12-31": "-69.50000", "2018-12-31": "-77.31900", "2017-12-31": "-43.21000", "2016-12-31": "-47.01200", "2015-12-31": "-31.97500", "2014-12-31": "-38.34000", "2013-12-31": "-41.76600", "2012-12-31": "-69.03100", "2011-12-31": "-38.42500", "2010-12-31": "-37.13800", "2009-12-31": "-25.23800", "2008-12-31": "-13.40100", "2007-12-31": "-22.16100", "2006-12-31": "-10.83100", "2005-12-31": "-8.05300"}, "Net Change In Intangible Assets": {"2019-12-31": "", "2018-12-31": "", "2017-12-31": "", "2016-12-31": "", "2015-12-31": "", "2014-12-31": "-0.47500", "2013-12-31": "", "2012-12-31": "", "2011-12-31": "", "2010-12-31": "", "2009-12-31": "-2.33100", "2008-12-31": "0.00000", "2007-12-31": "", "2006-12-31": "", "2005-12-31": ""}, "Net Acquisitions/Divestitures": {"2019-12-31": "-30.50900", "2018-12-31": "26.70400", "2017-12-31": "-1195.55900", "2016-12-31": "0.22500", "2015-12-31": "-328.88800", "2014-12-31": "-320.92100", "2013-12-31": "-2.98000", "2012-12-31": "-7.27800", "2011-12-31": "-151.95100", "2010-12-31": "-5.17800", "2009-12-31": "-60.78300", "2008-12-31": "-86.87400", "2007-12-31": "-100.81000", "2006-12-31": "-228.66200", "2005-12-31": "-50.60200"}, "Net Change In Short-term Investments": {"2019-12-31": "", "2018-12-31": "", "2017-12-31": "16.95100", "2016-12-31": "", "2015-12-31": "", "2014-12-31": "", "2013-12-31": "", "2012-12-31": "-2.96700", "2011-12-31": "0.00000", "2010-12-31": "0.00000", "2009-12-31": "", "2008-12-31": "", "2007-12-31": "", "2006-12-31": "", "2005-12-31": ""}, "Net Change In Long-Term Investments": {"2019-12-31": "", "2018-12-31": "", "2017-12-31": "", "2016-12-31": "", "2015-12-31": "", "2014-12-31": "", "2013-12-31": "", "2012-12-31": "", "2011-12-31": "", "2010-12-31": "", "2009-12-31": "", "2008-12-31": "", "2007-12-31": "", "2006-12-31": "96.79800", "2005-12-31": "27.81600"}, "Net Change In Investments - Total": {"2019-12-31": "", "2018-12-31": "", "2017-12-31": "16.95100", "2016-12-31": "", "2015-12-31": "", "2014-12-31": "", "2013-12-31": "", "2012-12-31": "-2.96700", "2011-12-31": "", "2010-12-31": "", "2009-12-31": "", "2008-12-31": "", "2007-12-31": "", "2006-12-31": "96.79800", "2005-12-31": "27.81600"}, "Investing Activities - Other": {"2019-12-31": "-62.65900", "2018-12-31": "0.91000", "2017-12-31": "0.48300", "2016-12-31": "4.16500", "2015-12-31": "-11.14700", "2014-12-31": "-3.58100", "2013-12-31": "-5.55000", "2012-12-31": "", "2011-12-31": "", "2010-12-31": "", "2009-12-31": "", "2008-12-31": "", "2007-12-31": "", "2006-12-31": "", "2005-12-31": ""}, "Cash Flow From Investing Activities": {"2019-12-31": "-162.66800", "2018-12-31": "-49.70500", "2017-12-31": "-1221.33500", "2016-12-31": "-42.62200", "2015-12-31": "-372.01000", "2014-12-31": "-363.31700", "2013-12-31": "-50.29600", "2012-12-31": "-79.27600", "2011-12-31": "-190.37600", "2010-12-31": "-42.31600", "2009-12-31": "-88.35200", "2008-12-31": "-100.27500", "2007-12-31": "-122.97100", "2006-12-31": "-142.69500", "2005-12-31": "-30.83900"}, "Net Long-Term Debt": {"2019-12-31": "-9.20000", "2018-12-31": "-488.80000", "2017-12-31": "1190.00000", "2016-12-31": "-16.21600", "2015-12-31": "76.14700", "2014-12-31": "229.39500", "2013-12-31": "-135.00000", "2012-12-31": "7.80500", "2011-12-31": "118.66800", "2010-12-31": "16.77400", "2009-12-31": "-178.00500", "2008-12-31": "140.44200", "2007-12-31": "183.18400", "2006-12-31": "98.47000", "2005-12-31": "-0.24500"}, "Net Current Debt": {"2019-12-31": "", "2018-12-31": "", "2017-12-31": "", "2016-12-31": "", "2015-12-31": "", "2014-12-31": "", "2013-12-31": "", "2012-12-31": "", "2011-12-31": "", "2010-12-31": "", "2009-12-31": "", "2008-12-31": "", "2007-12-31": "", "2006-12-31": "", "2005-12-31": ""}, "Debt Issuance/Retirement Net - Total": {"2019-12-31": "-9.20000", "2018-12-31": "-488.80000", "2017-12-31": "1190.00000", "2016-12-31": "-16.21600", "2015-12-31": "76.14700", "2014-12-31": "229.39500", "2013-12-31": "-135.00000", "2012-12-31": "7.80500", "2011-12-31": "118.66800", "2010-12-31": "16.77400", "2009-12-31": "-178.00500", "2008-12-31": "140.44200", "2007-12-31": "183.18400", "2006-12-31": "98.47000", "2005-12-31": "-0.24500"}, "Net Common Equity Issued/Repurchased": {"2019-12-31": "6.94800", "2018-12-31": "358.98200", "2017-12-31": "9.77400", "2016-12-31": "10.48100", "2015-12-31": "227.01400", "2014-12-31": "15.21500", "2013-12-31": "154.80200", "2012-12-31": "0.69600", "2011-12-31": "-51.31500", "2010-12-31": "-15.13200", "2009-12-31": "6.64300", "2008-12-31": "11.50400", "2007-12-31": "-87.75300", "2006-12-31": "-54.16400", "2005-12-31": "-46.95900"}, "Net Total Equity Issued/Repurchased": {"2019-12-31": "6.94800", "2018-12-31": "358.98200", "2017-12-31": "9.77400", "2016-12-31": "10.48100", "2015-12-31": "227.01400", "2014-12-31": "15.21500", "2013-12-31": "154.80200", "2012-12-31": "0.69600", "2011-12-31": "-51.31500", "2010-12-31": "-15.13200", "2009-12-31": "6.64300", "2008-12-31": "11.50400", "2007-12-31": "-66.09100", "2006-12-31": "-54.16400", "2005-12-31": "-46.95900"}, "Total Common And Preferred Stock Dividends Paid": {"2019-12-31": "", "2018-12-31": "", "2017-12-31": "", "2016-12-31": "", "2015-12-31": "", "2014-12-31": "", "2013-12-31": "", "2012-12-31": "", "2011-12-31": "", "2010-12-31": "", "2009-12-31": "", "2008-12-31": "", "2007-12-31": "", "2006-12-31": "", "2005-12-31": ""}, "Financial Activities - Other": {"2019-12-31": "-6.51400", "2018-12-31": "-51.05400", "2017-12-31": "-30.82700", "2016-12-31": "-9.38100", "2015-12-31": "-55.01900", "2014-12-31": "-5.92800", "2013-12-31": "-0.78300", "2012-12-31": "3.24900", "2011-12-31": "-7.21600", "2010-12-31": "-3.21600", "2009-12-31": "0.02000", "2008-12-31": "1.59000", "2007-12-31": "-8.60800", "2006-12-31": "1.33500", "2005-12-31": "-1.13200"}, "Cash Flow From Financial Activities": {"2019-12-31": "-8.76600", "2018-12-31": "-180.87200", "2017-12-31": "1168.94700", "2016-12-31": "-15.11600", "2015-12-31": "248.14200", "2014-12-31": "238.68200", "2013-12-31": "19.01900", "2012-12-31": "11.75000", "2011-12-31": "60.13700", "2010-12-31": "-1.57400", "2009-12-31": "-171.34200", "2008-12-31": "153.53600", "2007-12-31": "108.48500", "2006-12-31": "45.64100", "2005-12-31": "-48.33600"}, "Net Cash Flow": {"2019-12-31": "60.07300", "2018-12-31": "-36.09700", "2017-12-31": "72.88000", "2016-12-31": "53.92300", "2015-12-31": "-23.86200", "2014-12-31": "-48.62000", "2013-12-31": "23.67600", "2012-12-31": "-3.87000", "2011-12-31": "-27.95500", "2010-12-31": "56.87200", "2009-12-31": "-111.65500", "2008-12-31": "126.20700", "2007-12-31": "34.64200", "2006-12-31": "-24.19200", "2005-12-31": "-22.96600"}, "Stock-Based Compensation": {"2019-12-31": "21.25500", "2018-12-31": "20.77900", "2017-12-31": "21.55000", "2016-12-31": "17.31000", "2015-12-31": "15.45000", "2014-12-31": "14.55400", "2013-12-31": "9.84200", "2012-12-31": "9.05100", "2011-12-31": "26.80500", "2010-12-31": "17.20900", "2009-12-31": "15.58000", "2008-12-31": "32.63500", "2007-12-31": "15.39400", "2006-12-31": "14.11500", "2005-12-31": "0.14600"}, "Common Stock Dividends Paid": {"2019-12-31": "", "2018-12-31": "", "2017-12-31": "", "2016-12-31": "", "2015-12-31": "", "2014-12-31": "", "2013-12-31": "", "2012-12-31": "", "2011-12-31": "", "2010-12-31": "", "2009-12-31": "", "2008-12-31": "", "2007-12-31": "", "2006-12-31": "", "2005-12-31": ""}}, "cash flow statement, quarterly": {"Net Income/Loss": {"2020-09-30": 32.337, "2020-06-30": -0.369, "2020-03-31": "9.18000", "2019-12-31": 15.319, "2019-09-30": -27.61, "2019-06-30": 29.736, "2019-03-31": "32.75600", "2018-12-31": 25.138, "2018-09-30": 13.295, "2018-06-30": 11.376, "2018-03-31": "10.99200", "2017-12-31": 44.355, "2017-09-30": 3.158, "2017-06-30": 10.836, "2017-03-31": "6.39400", "2016-12-31": 28.248, "2016-09-30": 20.143, "2016-06-30": 12.754, "2016-03-31": "13.41900", "2015-12-31": 14.98, "2015-09-30": -31.881, "2015-06-30": 4.998, "2015-03-31": "8.38400", "2014-12-31": 17.166, "2014-09-30": 9.807, "2014-06-30": 4.825, "2014-03-31": "2.20600", "2013-12-31": 13.771, "2013-09-30": -30.33, "2013-06-30": 1.52, "2013-03-31": "-6.02800", "2012-12-31": 12.786, "2012-09-30": 13.211, "2012-06-30": 8.514, "2012-03-31": "6.69300", "2011-12-31": 4.56, "2011-09-30": 11.243, "2011-06-30": 0.699, "2011-03-31": "11.48700", "2010-12-31": 18.807, "2010-09-30": 16.483, "2010-06-30": 15.157, "2010-03-31": "15.22200", "2009-12-31": 15.731, "2009-09-30": 14.432, "2009-06-30": 11.225, "2009-03-31": "9.56700", "2008-12-31": 23.255, "2008-09-30": -16.855, "2008-06-30": 12.277, "2008-03-31": "9.05000", "2007-12-31": -2.34, "2007-09-30": 9.673, "2007-06-30": 9.342, "2007-03-31": "9.07400", "2006-12-31": 10.131, "2006-09-30": 2.594, "2006-06-30": 7.977, "2006-03-31": "8.70500", "2005-12-31": 10.614, "2005-09-30": 10.482, "2005-06-30": 7.655, "2005-03-31": "8.44300"}, "Total Depreciation And Amortization - Cash Flow": {"2020-09-30": 40.27, "2020-06-30": 35.231, "2020-03-31": "35.92600", "2019-12-31": 29.184, "2019-09-30": 28.97, "2019-06-30": 28.248, "2019-03-31": "28.45000", "2018-12-31": 28.994, "2018-09-30": 30.347, "2018-06-30": 29.044, "2018-03-31": "28.61500", "2017-12-31": 28.208, "2017-09-30": 21.363, "2017-06-30": 21.986, "2017-03-31": "20.11000", "2016-12-31": 19.218, "2016-09-30": 18.473, "2016-06-30": 18.634, "2016-03-31": "18.86900", "2015-12-31": 18.886, "2015-09-30": 16.819, "2015-06-30": 13.092, "2015-03-31": "12.33000", "2014-12-31": 12.903, "2014-09-30": 5.695, "2014-06-30": 15.838, "2014-03-31": "14.56900", "2013-12-31": -4.091, "2013-09-30": 12.283, "2013-06-30": 13.185, "2013-03-31": "11.93400", "2012-12-31": 14.111, "2012-09-30": 13.937, "2012-06-30": 13.952, "2012-03-31": "13.33600", "2011-12-31": 13.626, "2011-09-30": 13.644, "2011-06-30": 15.814, "2011-03-31": "10.47500", "2010-12-31": 10.929, "2010-09-30": 10.105, "2010-06-30": 9.84, "2010-03-31": "9.78800", "2009-12-31": 13.019, "2009-09-30": 10.492, "2009-06-30": 9.077, "2009-03-31": "9.50000", "2008-12-31": 9.378, "2008-09-30": 8.508, "2008-06-30": 7.579, "2008-03-31": "7.68300", "2007-12-31": 7.008, "2007-09-30": 6.598, "2007-06-30": 7.678, "2007-03-31": "5.75500", "2006-12-31": 6.023, "2006-09-30": 6.825, "2006-06-30": 4.934, "2006-03-31": "3.69600", "2005-12-31": 3.399, "2005-09-30": 3.827, "2005-06-30": 3.349, "2005-03-31": "3.46600"}, "Other Non-Cash Items": {"2020-09-30": 11.713, "2020-06-30": 1.949, "2020-03-31": "8.14100", "2019-12-31": 5.701, "2019-09-30": 66.591, "2019-06-30": 10.796, "2019-03-31": "-2.19900", "2018-12-31": -3.564, "2018-09-30": 12.867, "2018-06-30": 7.212, "2018-03-31": "3.62000", "2017-12-31": -59.214, "2017-09-30": 8.015, "2017-06-30": 4.677, "2017-03-31": "5.97900", "2016-12-31": -39.405, "2016-09-30": 4.423, "2016-06-30": 7.457, "2016-03-31": "5.40100", "2015-12-31": 9.07, "2015-09-30": 39.334, "2015-06-30": -5.383, "2015-03-31": "14.54900", "2014-12-31": 6.42, "2014-09-30": 22.187, "2014-06-30": 4.161, "2014-03-31": "5.88700", "2013-12-31": 6.685, "2013-09-30": 44.31, "2013-06-30": 4.856, "2013-03-31": "4.46900", "2012-12-31": 4.679, "2012-09-30": 3.797, "2012-06-30": -27.196, "2012-03-31": "4.88900", "2011-12-31": 17.146, "2011-09-30": 7.214, "2011-06-30": 9.874, "2011-03-31": "3.63400", "2010-12-31": 12.883, "2010-09-30": 3.937, "2010-06-30": -1.309, "2010-03-31": "2.76900", "2009-12-31": 10.118, "2009-09-30": 2.74, "2009-06-30": 4.217, "2009-03-31": "3.33800", "2008-12-31": -12.58, "2008-09-30": 39.032, "2008-06-30": 4.687, "2008-03-31": "4.09300", "2007-12-31": 9.136, "2007-09-30": 1.428, "2007-06-30": 1.642, "2007-03-31": "2.24600", "2006-12-31": 3.712, "2006-09-30": 11.563, "2006-06-30": 3.774, "2006-03-31": "3.93200", "2005-12-31": -0.121, "2005-09-30": 4.076, "2005-06-30": 3.468, "2005-03-31": "3.07700"}, "Total Non-Cash Items": {"2020-09-30": 51.983, "2020-06-30": 37.18, "2020-03-31": "44.06700", "2019-12-31": 34.885, "2019-09-30": 95.561, "2019-06-30": 39.044, "2019-03-31": "26.25100", "2018-12-31": 25.43, "2018-09-30": 43.214, "2018-06-30": 36.256, "2018-03-31": "32.23500", "2017-12-31": -31.006, "2017-09-30": 29.378, "2017-06-30": 26.663, "2017-03-31": "26.08900", "2016-12-31": -20.187, "2016-09-30": 22.896, "2016-06-30": 26.091, "2016-03-31": "24.27000", "2015-12-31": 27.956, "2015-09-30": 56.153, "2015-06-30": 7.709, "2015-03-31": "26.87900", "2014-12-31": 19.323, "2014-09-30": 27.882, "2014-06-30": 19.999, "2014-03-31": "20.45600", "2013-12-31": 2.594, "2013-09-30": 56.593, "2013-06-30": 18.041, "2013-03-31": "16.40300", "2012-12-31": 18.79, "2012-09-30": 17.734, "2012-06-30": -13.244, "2012-03-31": "18.22500", "2011-12-31": 30.772, "2011-09-30": 20.858, "2011-06-30": 25.688, "2011-03-31": "14.10900", "2010-12-31": 23.812, "2010-09-30": 14.042, "2010-06-30": 8.531, "2010-03-31": "12.55700", "2009-12-31": 23.137, "2009-09-30": 13.232, "2009-06-30": 13.294, "2009-03-31": "12.83800", "2008-12-31": -3.202, "2008-09-30": 47.54, "2008-06-30": 12.266, "2008-03-31": "11.77600", "2007-12-31": 16.144, "2007-09-30": 8.026, "2007-06-30": 9.32, "2007-03-31": "8.00100", "2006-12-31": 9.735, "2006-09-30": 18.388, "2006-06-30": 8.708, "2006-03-31": "7.62800", "2005-12-31": 3.278, "2005-09-30": 7.903, "2005-06-30": 6.817, "2005-03-31": "6.54300"}, "Change In Accounts Receivable": {"2020-09-30": -37.43, "2020-06-30": 66.992, "2020-03-31": "28.30100", "2019-12-31": 8.091, "2019-09-30": 12.837, "2019-06-30": -16.651, "2019-03-31": "-13.70500", "2018-12-31": -18.201, "2018-09-30": 9.6, "2018-06-30": 9.98, "2018-03-31": "-18.40000", "2017-12-31": -79.837, "2017-09-30": 1.442, "2017-06-30": -10.714, "2017-03-31": "-0.58900", "2016-12-31": -9.418, "2016-09-30": 5.425, "2016-06-30": 4.915, "2016-03-31": "-18.44000", "2015-12-31": -7.025, "2015-09-30": -4.014, "2015-06-30": -5.746, "2015-03-31": "0.55400", "2014-12-31": -4.736, "2014-09-30": -12.515, "2014-06-30": -5.565, "2014-03-31": "5.67100", "2013-12-31": -0.43, "2013-09-30": 2.185, "2013-06-30": -2.854, "2013-03-31": "2.10900", "2012-12-31": 5.116, "2012-09-30": -3.585, "2012-06-30": -2.548, "2012-03-31": "4.80000", "2011-12-31": -1.101, "2011-09-30": -0.076, "2011-06-30": -1.797, "2011-03-31": "1.09600", "2010-12-31": 0.474, "2010-09-30": -6.944, "2010-06-30": -0.591, "2010-03-31": "3.27800", "2009-12-31": -1.856, "2009-09-30": 1.758, "2009-06-30": 0.765, "2009-03-31": "9.14100", "2008-12-31": -2.097, "2008-09-30": 0.649, "2008-06-30": -0.646, "2008-03-31": "-2.61600", "2007-12-31": -3.015, "2007-09-30": 4.243, "2007-06-30": -3.529, "2007-03-31": "-0.54000", "2006-12-31": -7.758, "2006-09-30": 0.205, "2006-06-30": -11.088, "2006-03-31": "-7.49000", "2005-12-31": -2.484, "2005-09-30": -0.621, "2005-06-30": 4.342, "2005-03-31": "-0.74600"}, "Change In Inventories": {"2020-09-30": 1.51, "2020-06-30": -20.805, "2020-03-31": "-26.23600", "2019-12-31": -12.755, "2019-09-30": -8.995, "2019-06-30": -9.51, "2019-03-31": "-12.04800", "2018-12-31": 11.741, "2018-09-30": 0.155, "2018-06-30": -4.893, "2018-03-31": "1.29700", "2017-12-31": 0.961, "2017-09-30": 4.602, "2017-06-30": -0.257, "2017-03-31": "-5.20700", "2016-12-31": -0.515, "2016-09-30": -1.699, "2016-06-30": 0.742, "2016-03-31": "-8.10400", "2015-12-31": 4.246, "2015-09-30": -1.887, "2015-06-30": -1.254, "2015-03-31": "-4.86400", "2014-12-31": -0.347, "2014-09-30": -6.424, "2014-06-30": -8.851, "2014-03-31": "-8.51600", "2013-12-31": 1.401, "2013-09-30": -9.367, "2013-06-30": -12.659, "2013-03-31": "-6.73900", "2012-12-31": -1.791, "2012-09-30": 3.235, "2012-06-30": -1.302, "2012-03-31": "-0.85300", "2011-12-31": 8.49, "2011-09-30": 2.762, "2011-06-30": -4.78, "2011-03-31": "-4.77000", "2010-12-31": 1.029, "2010-09-30": -0.649, "2010-06-30": -5.555, "2010-03-31": "-2.19900", "2009-12-31": 2.65, "2009-09-30": 0.518, "2009-06-30": 3.544, "2009-03-31": "2.69300", "2008-12-31": 11.502, "2008-09-30": 4.758, "2008-06-30": -5.616, "2008-03-31": "0.17900", "2007-12-31": -1.27, "2007-09-30": -7.489, "2007-06-30": -9.662, "2007-03-31": "-0.17000", "2006-12-31": 3.988, "2006-09-30": -1.605, "2006-06-30": 2.109, "2006-03-31": "-1.03100", "2005-12-31": 1.521, "2005-09-30": -0.42, "2005-06-30": -5.074, "2005-03-31": "-6.01100"}, "Change In Accounts Payable": {"2020-09-30": 0, "2020-06-30": 0, "2020-03-31": "", "2019-12-31": 0, "2019-09-30": 0, "2019-06-30": 0, "2019-03-31": "", "2018-12-31": 0, "2018-09-30": 0, "2018-06-30": 0, "2018-03-31": "", "2017-12-31": 0, "2017-09-30": 0, "2017-06-30": 0, "2017-03-31": "", "2016-12-31": 0, "2016-09-30": 0, "2016-06-30": 0, "2016-03-31": "", "2015-12-31": 0, "2015-09-30": 0, "2015-06-30": 0, "2015-03-31": "", "2014-12-31": 0, "2014-09-30": 0, "2014-06-30": 0, "2014-03-31": "", "2013-12-31": 0, "2013-09-30": 0, "2013-06-30": 0, "2013-03-31": "", "2012-12-31": 0, "2012-09-30": 0, "2012-06-30": 0, "2012-03-31": "", "2011-12-31": 0, "2011-09-30": 0, "2011-06-30": 0, "2011-03-31": "", "2010-12-31": 0, "2010-09-30": 0, "2010-06-30": 0, "2010-03-31": "", "2009-12-31": 0, "2009-09-30": 0, "2009-06-30": 0, "2009-03-31": "", "2008-12-31": 0, "2008-09-30": 0, "2008-06-30": 0, "2008-03-31": "", "2007-12-31": 0, "2007-09-30": 0, "2007-06-30": 0, "2007-03-31": "", "2006-12-31": -4.215, "2006-09-30": 4.215, "2006-06-30": 0, "2006-03-31": "", "2005-12-31": 0, "2005-09-30": 0, "2005-06-30": 0, "2005-03-31": ""}, "Change In Assets/Liabilities": {"2020-09-30": -0.254, "2020-06-30": -1.445, "2020-03-31": "5.73700", "2019-12-31": 29.344, "2019-09-30": 8.492, "2019-06-30": -5.118, "2019-03-31": "-9.15700", "2018-12-31": 4.41, "2018-09-30": 0.164, "2018-06-30": -10.127, "2018-03-31": "12.43300", "2017-12-31": 5.776, "2017-09-30": 2.928, "2017-06-30": -7.755, "2017-03-31": "-7.99400", "2016-12-31": 14.646, "2016-09-30": -3.592, "2016-06-30": 3.397, "2016-03-31": "1.82800", "2015-12-31": -6.932, "2015-09-30": 9.398, "2015-06-30": -6.021, "2015-03-31": "5.01300", "2014-12-31": -2.83, "2014-09-30": 12.645, "2014-06-30": -3.317, "2014-03-31": "-4.12500", "2013-12-31": 7.211, "2013-09-30": 0.435, "2013-06-30": -4.538, "2013-03-31": "2.61600", "2012-12-31": -10.705, "2012-09-30": -1.836, "2012-06-30": 5.599, "2012-03-31": "1.33200", "2011-12-31": -0.369, "2011-09-30": -2.383, "2011-06-30": -2.448, "2011-03-31": "2.13000", "2010-12-31": -10.079, "2010-09-30": 0.406, "2010-06-30": -1.029, "2010-03-31": "-3.91700", "2009-12-31": -2.336, "2009-09-30": -5.337, "2009-06-30": 5.321, "2009-03-31": "8.36800", "2008-12-31": 34.8, "2008-09-30": -14.104, "2008-06-30": -13.62, "2008-03-31": "-0.62700", "2007-12-31": -4.699, "2007-09-30": 5.227, "2007-06-30": -4.267, "2007-03-31": "3.60400", "2006-12-31": -4.989, "2006-09-30": -0.961, "2006-06-30": 2.257, "2006-03-31": "2.69200", "2005-12-31": 4.703, "2005-09-30": -6.556, "2005-06-30": 0.779, "2005-03-31": "0.88000"}, "Total Change In Assets/Liabilities": {"2020-09-30": -14.681, "2020-06-30": -3.694, "2020-03-31": "-32.43300", "2019-12-31": 38.98, "2019-09-30": -3.71, "2019-06-30": -20.256, "2019-03-31": "-29.52300", "2018-12-31": -7.88, "2018-09-30": 22.742, "2018-06-30": -11.419, "2018-03-31": "-1.69600", "2017-12-31": -1.8, "2017-09-30": 12.706, "2017-06-30": -8.628, "2017-03-31": "-3.60100", "2016-12-31": -1.532, "2016-09-30": 3.728, "2016-06-30": -0.766, "2016-03-31": "-12.65900", "2015-12-31": -17.296, "2015-09-30": -4.661, "2015-06-30": 15.277, "2015-03-31": "-3.64400", "2014-12-31": -11.63, "2014-09-30": -6.614, "2014-06-30": -8.447, "2014-03-31": "-11.40800", "2013-12-31": -4.669, "2013-09-30": 4.545, "2013-06-30": -16.643, "2013-03-31": "-2.52900", "2012-12-31": -34.979, "2012-09-30": -3.036, "2012-06-30": 7.006, "2012-03-31": "7.40000", "2011-12-31": -0.637, "2011-09-30": -8.306, "2011-06-30": -1.804, "2011-03-31": "-4.34100", "2010-12-31": -14.189, "2010-09-30": -0.879, "2010-06-30": -4.33, "2010-03-31": "0.35800", "2009-12-31": 8.176, "2009-09-30": 0.702, "2009-06-30": 6.119, "2009-03-31": "14.78200", "2008-12-31": 7.038, "2008-09-30": -3.557, "2008-06-30": -26.518, "2008-03-31": "-0.48000", "2007-12-31": 0.789, "2007-09-30": -7.027, "2007-06-30": -12.183, "2007-03-31": "-1.79300", "2006-12-31": 1.068, "2006-09-30": 3.459, "2006-06-30": -1.229, "2006-03-31": "-5.46200", "2005-12-31": 1.069, "2005-09-30": -5.988, "2005-06-30": 1.785, "2005-03-31": "-1.75300"}, "Cash Flow From Operating Activities": {"2020-09-30": 69.639, "2020-06-30": 33.117, "2020-03-31": "20.81400", "2019-12-31": 89.184, "2019-09-30": 64.241, "2019-06-30": 48.524, "2019-03-31": "29.48400", "2018-12-31": 42.688, "2018-09-30": 79.251, "2018-06-30": 36.213, "2018-03-31": "41.53100", "2017-12-31": 11.549, "2017-09-30": 45.242, "2017-06-30": 28.871, "2017-03-31": "28.88200", "2016-12-31": 6.529, "2016-09-30": 46.767, "2016-06-30": 38.079, "2016-03-31": "25.03000", "2015-12-31": 25.64, "2015-09-30": 19.611, "2015-06-30": 27.984, "2015-03-31": "31.61900", "2014-12-31": 24.859, "2014-09-30": 31.075, "2014-06-30": 16.377, "2014-03-31": "11.25400", "2013-12-31": 11.696, "2013-09-30": 30.808, "2013-06-30": 2.918, "2013-03-31": "7.84600", "2012-12-31": -3.403, "2012-09-30": 27.909, "2012-06-30": 2.276, "2012-03-31": "32.31800", "2011-12-31": 34.695, "2011-09-30": 23.795, "2011-06-30": 24.583, "2011-03-31": "21.25500", "2010-12-31": 28.43, "2010-09-30": 29.646, "2010-06-30": 19.358, "2010-03-31": "28.13700", "2009-12-31": 47.044, "2009-09-30": 28.366, "2009-06-30": 30.638, "2009-03-31": "37.18700", "2008-12-31": 27.091, "2008-09-30": 27.128, "2008-06-30": -1.975, "2008-03-31": "20.34600", "2007-12-31": 14.593, "2007-09-30": 10.672, "2007-06-30": 6.479, "2007-03-31": "15.28200", "2006-12-31": 20.934, "2006-09-30": 24.441, "2006-06-30": 15.456, "2006-03-31": "10.87100", "2005-12-31": 14.961, "2005-09-30": 12.397, "2005-06-30": 16.257, "2005-03-31": "13.23300"}, "Net Change In Property, Plant, And Equipment": {"2020-09-30": -6.718, "2020-06-30": -3.949, "2020-03-31": "-16.48500", "2019-12-31": -22.193, "2019-09-30": -13.592, "2019-06-30": -17.664, "2019-03-31": "-16.05100", "2018-12-31": -25.561, "2018-09-30": -16.576, "2018-06-30": -19.943, "2018-03-31": "-15.23900", "2017-12-31": -13.561, "2017-09-30": -7.782, "2017-06-30": -12.676, "2017-03-31": "-9.19100", "2016-12-31": -21.142, "2016-09-30": -6.708, "2016-06-30": -8.267, "2016-03-31": "-10.89500", "2015-12-31": -13.099, "2015-09-30": -5.361, "2015-06-30": -9.623, "2015-03-31": "-3.89200", "2014-12-31": -11.232, "2014-09-30": -6.417, "2014-06-30": -9.356, "2014-03-31": "-11.33500", "2013-12-31": -4.577, "2013-09-30": -13.244, "2013-06-30": -13.624, "2013-03-31": "-10.32100", "2012-12-31": -24.672, "2012-09-30": -19.717, "2012-06-30": -14.23, "2012-03-31": "-10.41200", "2011-12-31": -13.044, "2011-09-30": -12.243, "2011-06-30": -7.216, "2011-03-31": "-5.92200", "2010-12-31": -18.241, "2010-09-30": -7.206, "2010-06-30": -5.747, "2010-03-31": "-5.94400", "2009-12-31": -11.287, "2009-09-30": -5.682, "2009-06-30": -5.223, "2009-03-31": "-3.04600", "2008-12-31": -4.108, "2008-09-30": -3.19, "2008-06-30": -3.259, "2008-03-31": "-2.84400", "2007-12-31": -5.319, "2007-09-30": -6.147, "2007-06-30": -6.846, "2007-03-31": "-3.84900", "2006-12-31": -3.595, "2006-09-30": -3.617, "2006-06-30": -1.93, "2006-03-31": "-1.68900", "2005-12-31": -1.421, "2005-09-30": -1.807, "2005-06-30": -2.044, "2005-03-31": "-2.78100"}, "Net Change In Intangible Assets": {"2020-09-30": 0, "2020-06-30": 0, "2020-03-31": "", "2019-12-31": 0, "2019-09-30": 0, "2019-06-30": 0, "2019-03-31": "", "2018-12-31": 0, "2018-09-30": 0, "2018-06-30": 0, "2018-03-31": "", "2017-12-31": 0, "2017-09-30": 0, "2017-06-30": 0, "2017-03-31": "", "2016-12-31": 0, "2016-09-30": 0, "2016-06-30": 0, "2016-03-31": "", "2015-12-31": 0, "2015-09-30": 0, "2015-06-30": 0, "2015-03-31": "", "2014-12-31": -0.475, "2014-09-30": 0, "2014-06-30": 0, "2014-03-31": "", "2013-12-31": 0, "2013-09-30": 0, "2013-06-30": 0, "2013-03-31": "", "2012-12-31": 0, "2012-09-30": 0, "2012-06-30": 0, "2012-03-31": "", "2011-12-31": 0, "2011-09-30": 0, "2011-06-30": 0, "2011-03-31": "", "2010-12-31": 0, "2010-09-30": 0, "2010-06-30": 0, "2010-03-31": "", "2009-12-31": 0, "2009-09-30": -2.331, "2009-06-30": 0, "2009-03-31": "", "2008-12-31": 0, "2008-09-30": 0, "2008-06-30": 0, "2008-03-31": "", "2007-12-31": 0, "2007-09-30": 0, "2007-06-30": 0, "2007-03-31": "", "2006-12-31": 0, "2006-09-30": 0, "2006-06-30": 0, "2006-03-31": "", "2005-12-31": 0, "2005-09-30": 0, "2005-06-30": 0, "2005-03-31": ""}, "Net Acquisitions/Divestitures": {"2020-09-30": 0, "2020-06-30": 0, "2020-03-31": "", "2019-12-31": 0, "2019-09-30": -30.509, "2019-06-30": 0, "2019-03-31": "", "2018-12-31": 0, "2018-09-30": 0, "2018-06-30": 20.984, "2018-03-31": "5.72000", "2017-12-31": -970.007, "2017-09-30": 0.192, "2017-06-30": -31.816, "2017-03-31": "-193.92800", "2016-12-31": 0, "2016-09-30": 0.001, "2016-06-30": 0.224, "2016-03-31": "", "2015-12-31": -20.632, "2015-09-30": -310.087, "2015-06-30": 0, "2015-03-31": "1.83100", "2014-12-31": -85.921, "2014-09-30": 0, "2014-06-30": 0, "2014-03-31": "-235.00000", "2013-12-31": 0, "2013-09-30": -0.15, "2013-06-30": -0.064, "2013-03-31": "-2.76600", "2012-12-31": -5.101, "2012-09-30": 0.69, "2012-06-30": -2.692, "2012-03-31": "-0.17500", "2011-12-31": -2.531, "2011-09-30": -68.621, "2011-06-30": -80.799, "2011-03-31": "", "2010-12-31": -1.007, "2010-09-30": -1.75, "2010-06-30": -2.421, "2010-03-31": "", "2009-12-31": -55.997, "2009-09-30": -0.645, "2009-06-30": -0.138, "2009-03-31": "-4.00300", "2008-12-31": -9.03, "2008-09-30": -77.811, "2008-06-30": -0.027, "2008-03-31": "-0.00600", "2007-12-31": -64.387, "2007-09-30": -0.368, "2007-06-30": -33.731, "2007-03-31": "-2.32400", "2006-12-31": -1.548, "2006-09-30": -47.546, "2006-06-30": -103.728, "2006-03-31": "-75.84000", "2005-12-31": -0.075, "2005-09-30": -0.428, "2005-06-30": -0.751, "2005-03-31": "-49.34800"}, "Net Change In Short-term Investments": {"2020-09-30": 0, "2020-06-30": 0, "2020-03-31": "", "2019-12-31": 0, "2019-09-30": 0, "2019-06-30": 0, "2019-03-31": "", "2018-12-31": 0, "2018-09-30": 0, "2018-06-30": 0, "2018-03-31": "", "2017-12-31": 16.951, "2017-09-30": 0, "2017-06-30": 0, "2017-03-31": "", "2016-12-31": 0, "2016-09-30": 0, "2016-06-30": 0, "2016-03-31": "", "2015-12-31": 0, "2015-09-30": 0, "2015-06-30": 0, "2015-03-31": "", "2014-12-31": 0, "2014-09-30": 0, "2014-06-30": 0, "2014-03-31": "", "2013-12-31": 0, "2013-09-30": 0, "2013-06-30": 0, "2013-03-31": "", "2012-12-31": 0, "2012-09-30": 38.882, "2012-06-30": 11.399, "2012-03-31": "-53.24800", "2011-12-31": 0, "2011-09-30": 0, "2011-06-30": 0, "2011-03-31": "", "2010-12-31": 0, "2010-09-30": 0, "2010-06-30": 0, "2010-03-31": "", "2009-12-31": 0, "2009-09-30": 0, "2009-06-30": 0, "2009-03-31": "", "2008-12-31": 0, "2008-09-30": 0, "2008-06-30": 0, "2008-03-31": "", "2007-12-31": 0, "2007-09-30": 0, "2007-06-30": 0, "2007-03-31": "", "2006-12-31": 0, "2006-09-30": 0, "2006-06-30": 0, "2006-03-31": "", "2005-12-31": 0, "2005-09-30": 0, "2005-06-30": 0, "2005-03-31": ""}, "Net Change In Long-Term Investments": {"2020-09-30": 0, "2020-06-30": 0, "2020-03-31": "", "2019-12-31": 0, "2019-09-30": 0, "2019-06-30": 0, "2019-03-31": "", "2018-12-31": 0, "2018-09-30": 0, "2018-06-30": 0, "2018-03-31": "", "2017-12-31": -16.951, "2017-09-30": 0, "2017-06-30": 6.975, "2017-03-31": "9.97600", "2016-12-31": 0, "2016-09-30": 0, "2016-06-30": 0, "2016-03-31": "", "2015-12-31": 0, "2015-09-30": 0, "2015-06-30": 0, "2015-03-31": "", "2014-12-31": 0, "2014-09-30": 0, "2014-06-30": 0, "2014-03-31": "", "2013-12-31": 0, "2013-09-30": 0, "2013-06-30": 0, "2013-03-31": "", "2012-12-31": 0, "2012-09-30": 0, "2012-06-30": 0, "2012-03-31": "", "2011-12-31": 0, "2011-09-30": 0, "2011-06-30": 0, "2011-03-31": "", "2010-12-31": 0, "2010-09-30": 0, "2010-06-30": 0, "2010-03-31": "", "2009-12-31": 0, "2009-09-30": 0, "2009-06-30": 0, "2009-03-31": "", "2008-12-31": 0, "2008-09-30": 0, "2008-06-30": 0, "2008-03-31": "", "2007-12-31": 0, "2007-09-30": 0, "2007-06-30": 0, "2007-03-31": "", "2006-12-31": 0, "2006-09-30": 16.368, "2006-06-30": 59.383, "2006-03-31": "21.04700", "2005-12-31": 25.063, "2005-09-30": -3.324, "2005-06-30": 6.277, "2005-03-31": "-0.20000"}, "Net Change In Investments - Total": {"2020-09-30": 0, "2020-06-30": 0, "2020-03-31": "", "2019-12-31": 0, "2019-09-30": 0, "2019-06-30": 0, "2019-03-31": "", "2018-12-31": 0, "2018-09-30": 0, "2018-06-30": 0, "2018-03-31": "", "2017-12-31": 0, "2017-09-30": 0, "2017-06-30": 6.975, "2017-03-31": "9.97600", "2016-12-31": 0, "2016-09-30": 0, "2016-06-30": 0, "2016-03-31": "", "2015-12-31": 0, "2015-09-30": 0, "2015-06-30": 0, "2015-03-31": "", "2014-12-31": 0, "2014-09-30": 0, "2014-06-30": 0, "2014-03-31": "", "2013-12-31": 0, "2013-09-30": 0, "2013-06-30": 0, "2013-03-31": "", "2012-12-31": 0, "2012-09-30": 38.882, "2012-06-30": 11.399, "2012-03-31": "-53.24800", "2011-12-31": 0, "2011-09-30": 0, "2011-06-30": 0, "2011-03-31": "", "2010-12-31": 0, "2010-09-30": 0, "2010-06-30": 0, "2010-03-31": "", "2009-12-31": 0, "2009-09-30": 0, "2009-06-30": 0, "2009-03-31": "", "2008-12-31": 0, "2008-09-30": 0, "2008-06-30": 0, "2008-03-31": "", "2007-12-31": 0, "2007-09-30": 0, "2007-06-30": 0, "2007-03-31": "", "2006-12-31": 0, "2006-09-30": 16.368, "2006-06-30": 59.383, "2006-03-31": "21.04700", "2005-12-31": 25.063, "2005-09-30": -3.324, "2005-06-30": 6.277, "2005-03-31": "-0.20000"}, "Investing Activities - Other": {"2020-09-30": 0, "2020-06-30": 0, "2020-03-31": "-5.00000", "2019-12-31": 1.584, "2019-09-30": -64.738, "2019-06-30": 0.25, "2019-03-31": "0.24500", "2018-12-31": 0.231, "2018-09-30": 0.233, "2018-06-30": 0.225, "2018-03-31": "0.22100", "2017-12-31": 0, "2017-09-30": 0.483, "2017-06-30": 0, "2017-03-31": "", "2016-12-31": 0, "2016-09-30": 0, "2016-06-30": 0, "2016-03-31": "4.16500", "2015-12-31": -4.087, "2015-09-30": 0, "2015-06-30": -3.489, "2015-03-31": "-3.57100", "2014-12-31": -1.223, "2014-09-30": -2.358, "2014-06-30": 0, "2014-03-31": "", "2013-12-31": -5.55, "2013-09-30": 0, "2013-06-30": 0, "2013-03-31": "", "2012-12-31": 0, "2012-09-30": 0, "2012-06-30": 0, "2012-03-31": "", "2011-12-31": 0, "2011-09-30": 0, "2011-06-30": 0, "2011-03-31": "", "2010-12-31": 0, "2010-09-30": 0, "2010-06-30": 0, "2010-03-31": "", "2009-12-31": 0, "2009-09-30": 0, "2009-06-30": 0, "2009-03-31": "", "2008-12-31": 0, "2008-09-30": 0, "2008-06-30": 0, "2008-03-31": "", "2007-12-31": 0, "2007-09-30": 0, "2007-06-30": 0, "2007-03-31": "", "2006-12-31": 0, "2006-09-30": 0, "2006-06-30": 0, "2006-03-31": "", "2005-12-31": 0, "2005-09-30": 0, "2005-06-30": 0, "2005-03-31": ""}, "Cash Flow From Investing Activities": {"2020-09-30": -6.718, "2020-06-30": -3.949, "2020-03-31": "-21.48500", "2019-12-31": -20.609, "2019-09-30": -108.839, "2019-06-30": -17.414, "2019-03-31": "-15.80600", "2018-12-31": -25.33, "2018-09-30": -16.343, "2018-06-30": 1.266, "2018-03-31": "-9.29800", "2017-12-31": -983.568, "2017-09-30": -7.107, "2017-06-30": -37.517, "2017-03-31": "-193.14300", "2016-12-31": -21.142, "2016-09-30": -6.707, "2016-06-30": -8.043, "2016-03-31": "-6.73000", "2015-12-31": -37.818, "2015-09-30": -315.448, "2015-06-30": -13.112, "2015-03-31": "-5.63200", "2014-12-31": -98.851, "2014-09-30": -8.775, "2014-06-30": -9.356, "2014-03-31": "-246.33500", "2013-12-31": -10.127, "2013-09-30": -13.394, "2013-06-30": -13.688, "2013-03-31": "-13.08700", "2012-12-31": -29.773, "2012-09-30": 19.855, "2012-06-30": -5.523, "2012-03-31": "-63.83500", "2011-12-31": -15.575, "2011-09-30": -80.864, "2011-06-30": -88.015, "2011-03-31": "-5.92200", "2010-12-31": -19.248, "2010-09-30": -8.956, "2010-06-30": -8.168, "2010-03-31": "-5.94400", "2009-12-31": -67.284, "2009-09-30": -8.658, "2009-06-30": -5.361, "2009-03-31": "-7.04900", "2008-12-31": -13.138, "2008-09-30": -81.001, "2008-06-30": -3.286, "2008-03-31": "-2.85000", "2007-12-31": -69.706, "2007-09-30": -6.515, "2007-06-30": -40.577, "2007-03-31": "-6.17300", "2006-12-31": -5.143, "2006-09-30": -34.795, "2006-06-30": -46.275, "2006-03-31": "-56.48200", "2005-12-31": 23.567, "2005-09-30": -5.559, "2005-06-30": 3.482, "2005-03-31": "-52.32900"}, "Net Long-Term Debt": {"2020-09-30": -28.9, "2020-06-30": 545.2, "2020-03-31": "-335.24800", "2019-12-31": -81.75, "2019-09-30": 76.35, "2019-06-30": -13.6, "2019-03-31": "9.80000", "2018-12-31": -78.8, "2018-09-30": -45, "2018-06-30": -355, "2018-03-31": "-10.00000", "2017-12-31": 683.617, "2017-09-30": 291.383, "2017-06-30": 25, "2017-03-31": "190.00000", "2016-12-31": 18.021, "2016-09-30": -20.164, "2016-06-30": -27.038, "2016-03-31": "12.96500", "2015-12-31": -17.031, "2015-09-30": 73.574, "2015-06-30": 34.782, "2015-03-31": "-15.17800", "2014-12-31": 4.765, "2014-09-30": -10.125, "2014-06-30": -0.123, "2014-03-31": "234.87800", "2013-12-31": -155, "2013-09-30": 0, "2013-06-30": 20, "2013-03-31": "", "2012-12-31": 0, "2012-09-30": 0, "2012-06-30": 20.618, "2012-03-31": "-12.81300", "2011-12-31": -12.812, "2011-09-30": 48.125, "2011-06-30": 125.23, "2011-03-31": "-41.87500", "2010-12-31": 28.125, "2010-09-30": 0, "2010-06-30": 3.649, "2010-03-31": "-15.00000", "2009-12-31": -17.128, "2009-09-30": -56.058, "2009-06-30": -76.831, "2009-03-31": "-27.98800", "2008-12-31": 60, "2008-09-30": 80, "2008-06-30": -119.38, "2008-03-31": "119.82200", "2007-12-31": 0.077, "2007-09-30": -0.069, "2007-06-30": 183.19, "2007-03-31": "-0.01400", "2006-12-31": 12.933, "2006-09-30": -4.463, "2006-06-30": 74.037, "2006-03-31": "15.96300", "2005-12-31": 0.025, "2005-09-30": -0.221, "2005-06-30": -0.044, "2005-03-31": "-0.00500"}, "Net Current Debt": {"2020-09-30": 0, "2020-06-30": 0, "2020-03-31": "", "2019-12-31": 0, "2019-09-30": 0, "2019-06-30": 0, "2019-03-31": "", "2018-12-31": 0, "2018-09-30": 0, "2018-06-30": 0, "2018-03-31": "", "2017-12-31": 0, "2017-09-30": 0, "2017-06-30": 0, "2017-03-31": "", "2016-12-31": 0, "2016-09-30": 0, "2016-06-30": 0, "2016-03-31": "", "2015-12-31": 0, "2015-09-30": 0, "2015-06-30": 0, "2015-03-31": "", "2014-12-31": 0, "2014-09-30": 0, "2014-06-30": 0, "2014-03-31": "", "2013-12-31": 0, "2013-09-30": 0, "2013-06-30": 0, "2013-03-31": "", "2012-12-31": 0, "2012-09-30": 0, "2012-06-30": 0, "2012-03-31": "", "2011-12-31": 0, "2011-09-30": 0, "2011-06-30": 0, "2011-03-31": "", "2010-12-31": 0, "2010-09-30": 0, "2010-06-30": 0, "2010-03-31": "", "2009-12-31": 0, "2009-09-30": 0, "2009-06-30": 0, "2009-03-31": "", "2008-12-31": 0, "2008-09-30": 0, "2008-06-30": 0, "2008-03-31": "", "2007-12-31": 0, "2007-09-30": 0, "2007-06-30": 0, "2007-03-31": "", "2006-12-31": 0, "2006-09-30": 26.037, "2006-06-30": -26.037, "2006-03-31": "", "2005-12-31": 0, "2005-09-30": 0, "2005-06-30": 0, "2005-03-31": ""}, "Debt Issuance/Retirement Net - Total": {"2020-09-30": -28.9, "2020-06-30": 545.2, "2020-03-31": "-335.24800", "2019-12-31": -81.75, "2019-09-30": 76.35, "2019-06-30": -13.6, "2019-03-31": "9.80000", "2018-12-31": -78.8, "2018-09-30": -45, "2018-06-30": -355, "2018-03-31": "-10.00000", "2017-12-31": 683.617, "2017-09-30": 291.383, "2017-06-30": 25, "2017-03-31": "190.00000", "2016-12-31": 18.021, "2016-09-30": -20.164, "2016-06-30": -27.038, "2016-03-31": "12.96500", "2015-12-31": -17.031, "2015-09-30": 73.574, "2015-06-30": 34.782, "2015-03-31": "-15.17800", "2014-12-31": 4.765, "2014-09-30": -10.125, "2014-06-30": -0.123, "2014-03-31": "234.87800", "2013-12-31": -155, "2013-09-30": 0, "2013-06-30": 20, "2013-03-31": "", "2012-12-31": 0, "2012-09-30": 0, "2012-06-30": 20.618, "2012-03-31": "-12.81300", "2011-12-31": -12.812, "2011-09-30": 48.125, "2011-06-30": 125.23, "2011-03-31": "-41.87500", "2010-12-31": 28.125, "2010-09-30": 0, "2010-06-30": 3.649, "2010-03-31": "-15.00000", "2009-12-31": -17.128, "2009-09-30": -56.058, "2009-06-30": -76.831, "2009-03-31": "-27.98800", "2008-12-31": 60, "2008-09-30": 80, "2008-06-30": -119.38, "2008-03-31": "119.82200", "2007-12-31": 0.077, "2007-09-30": -0.069, "2007-06-30": 183.19, "2007-03-31": "-0.01400", "2006-12-31": 12.933, "2006-09-30": 21.574, "2006-06-30": 48, "2006-03-31": "15.96300", "2005-12-31": 0.025, "2005-09-30": -0.221, "2005-06-30": -0.044, "2005-03-31": "-0.00500"}, "Net Common Equity Issued/Repurchased": {"2020-09-30": 0.223, "2020-06-30": 1.296, "2020-03-31": "-53.13500", "2019-12-31": 0, "2019-09-30": 4.735, "2019-06-30": 0.463, "2019-03-31": "1.75000", "2018-12-31": 0.153, "2018-09-30": 5.503, "2018-06-30": 349.664, "2018-03-31": "3.66200", "2017-12-31": 0, "2017-09-30": 0, "2017-06-30": 8.607, "2017-03-31": "1.16700", "2016-12-31": 0.556, "2016-09-30": 0.665, "2016-06-30": 8.222, "2016-03-31": "1.03800", "2015-12-31": -0.219, "2015-09-30": 219.888, "2015-06-30": 7.114, "2015-03-31": "0.23100", "2014-12-31": 6.898, "2014-09-30": 0, "2014-06-30": 0.562, "2014-03-31": "7.75500", "2013-12-31": 154.382, "2013-09-30": 0.186, "2013-06-30": 0, "2013-03-31": "0.23400", "2012-12-31": 0, "2012-09-30": 0.446, "2012-06-30": 0, "2012-03-31": "0.25000", "2011-12-31": -14.299, "2011-09-30": -11.755, "2011-06-30": -22.628, "2011-03-31": "-2.63300", "2010-12-31": 10.444, "2010-09-30": -30.209, "2010-06-30": 2.009, "2010-03-31": "2.62400", "2009-12-31": 4.013, "2009-09-30": 2.038, "2009-06-30": 0.569, "2009-03-31": "0.02300", "2008-12-31": 2.311, "2008-09-30": 5.565, "2008-06-30": 2.515, "2008-03-31": "1.11300", "2007-12-31": -39.961, "2007-09-30": 4.778, "2007-06-30": -48.966, "2007-03-31": "-3.60400", "2006-12-31": -31.494, "2006-09-30": -14.547, "2006-06-30": -13.147, "2006-03-31": "5.02400", "2005-12-31": -27.677, "2005-09-30": 1.49, "2005-06-30": -23.057, "2005-03-31": "2.28500"}, "Net Total Equity Issued/Repurchased": {"2020-09-30": 0.223, "2020-06-30": 1.296, "2020-03-31": "-53.13500", "2019-12-31": 0, "2019-09-30": 4.735, "2019-06-30": 0.463, "2019-03-31": "1.75000", "2018-12-31": 0.153, "2018-09-30": 5.503, "2018-06-30": 349.664, "2018-03-31": "3.66200", "2017-12-31": 0, "2017-09-30": 0, "2017-06-30": 8.607, "2017-03-31": "1.16700", "2016-12-31": 0.556, "2016-09-30": 0.665, "2016-06-30": 8.222, "2016-03-31": "1.03800", "2015-12-31": -0.219, "2015-09-30": 219.888, "2015-06-30": 7.114, "2015-03-31": "0.23100", "2014-12-31": 6.898, "2014-09-30": 0, "2014-06-30": 0.562, "2014-03-31": "7.75500", "2013-12-31": 154.382, "2013-09-30": 0.186, "2013-06-30": 0, "2013-03-31": "0.23400", "2012-12-31": 0, "2012-09-30": 0.446, "2012-06-30": 0, "2012-03-31": "0.25000", "2011-12-31": -14.299, "2011-09-30": -11.755, "2011-06-30": -22.628, "2011-03-31": "-2.63300", "2010-12-31": 10.444, "2010-09-30": -30.209, "2010-06-30": 2.009, "2010-03-31": "2.62400", "2009-12-31": 4.013, "2009-09-30": 2.038, "2009-06-30": 0.569, "2009-03-31": "0.02300", "2008-12-31": 2.311, "2008-09-30": 5.565, "2008-06-30": 2.515, "2008-03-31": "1.11300", "2007-12-31": -18.299, "2007-09-30": 4.778, "2007-06-30": -48.966, "2007-03-31": "-3.60400", "2006-12-31": -31.494, "2006-09-30": -14.547, "2006-06-30": -13.147, "2006-03-31": "5.02400", "2005-12-31": -27.677, "2005-09-30": 1.49, "2005-06-30": -23.057, "2005-03-31": "2.28500"}, "Total Common And Preferred Stock Dividends Paid": {"2020-09-30": 0, "2020-06-30": 0, "2020-03-31": "", "2019-12-31": 0, "2019-09-30": 0, "2019-06-30": 0, "2019-03-31": "", "2018-12-31": 0, "2018-09-30": 0, "2018-06-30": 0, "2018-03-31": "", "2017-12-31": 0, "2017-09-30": 0, "2017-06-30": 0, "2017-03-31": "", "2016-12-31": 0, "2016-09-30": 0, "2016-06-30": 0, "2016-03-31": "", "2015-12-31": 0, "2015-09-30": 0, "2015-06-30": 0, "2015-03-31": "", "2014-12-31": 0, "2014-09-30": 0, "2014-06-30": 0, "2014-03-31": "", "2013-12-31": 0, "2013-09-30": 0, "2013-06-30": 0, "2013-03-31": "", "2012-12-31": 0, "2012-09-30": 0, "2012-06-30": 0, "2012-03-31": "", "2011-12-31": 0, "2011-09-30": 0, "2011-06-30": 0, "2011-03-31": "", "2010-12-31": 0, "2010-09-30": 0, "2010-06-30": 0, "2010-03-31": "", "2009-12-31": 0, "2009-09-30": 0, "2009-06-30": 0, "2009-03-31": "", "2008-12-31": 0, "2008-09-30": 0, "2008-06-30": 0, "2008-03-31": "", "2007-12-31": 0, "2007-09-30": 0, "2007-06-30": 0, "2007-03-31": "", "2006-12-31": 0, "2006-09-30": 0, "2006-06-30": 0, "2006-03-31": "", "2005-12-31": 0, "2005-09-30": 0, "2005-06-30": 0, "2005-03-31": ""}, "Financial Activities - Other": {"2020-09-30": -4.372, "2020-06-30": -575.049, "2020-03-31": "550.38800", "2019-12-31": -0.242, "2019-09-30": -0.06, "2019-06-30": -0.055, "2019-03-31": "-6.15700", "2018-12-31": -5.408, "2018-09-30": -0.342, "2018-06-30": -30.756, "2018-03-31": "-14.54800", "2017-12-31": -19.403, "2017-09-30": -5.013, "2017-06-30": -0.283, "2017-03-31": "-6.12800", "2016-12-31": -4.814, "2016-09-30": -0.298, "2016-06-30": -0.218, "2016-03-31": "-4.05100", "2015-12-31": -0.51, "2015-09-30": -48.15, "2015-06-30": -7.48, "2015-03-31": "1.12100", "2014-12-31": -4.025, "2014-09-30": -3.067, "2014-06-30": 0.623, "2014-03-31": "0.54100", "2013-12-31": 0.13, "2013-09-30": -0.002, "2013-06-30": -0.934, "2013-03-31": "0.02300", "2012-12-31": 2.817, "2012-09-30": 0.014, "2012-06-30": 0.415, "2012-03-31": "0.00300", "2011-12-31": 0.004, "2011-09-30": 0.007, "2011-06-30": -7.28, "2011-03-31": "0.05300", "2010-12-31": 0.105, "2010-09-30": -6.795, "2010-06-30": 0.562, "2010-03-31": "2.91200", "2009-12-31": 0.006, "2009-09-30": 0.007, "2009-06-30": -0.001, "2009-03-31": "0.00800", "2008-12-31": 0.228, "2008-09-30": 0.703, "2008-06-30": 0.593, "2008-03-31": "0.06600", "2007-12-31": 0.428, "2007-09-30": -0.265, "2007-06-30": -9.025, "2007-03-31": "0.25400", "2006-12-31": 0.605, "2006-09-30": 0.065, "2006-06-30": 0.638, "2006-03-31": "0.02700", "2005-12-31": -1.132, "2005-09-30": 0, "2005-06-30": 0, "2005-03-31": ""}, "Cash Flow From Financial Activities": {"2020-09-30": -33.049, "2020-06-30": -28.553, "2020-03-31": "162.00500", "2019-12-31": -81.992, "2019-09-30": 81.025, "2019-06-30": -13.192, "2019-03-31": "5.39300", "2018-12-31": -84.055, "2018-09-30": -39.839, "2018-06-30": -36.092, "2018-03-31": "-20.88600", "2017-12-31": 664.214, "2017-09-30": 286.37, "2017-06-30": 33.324, "2017-03-31": "185.03900", "2016-12-31": 13.763, "2016-09-30": -19.797, "2016-06-30": -19.034, "2016-03-31": "9.95200", "2015-12-31": -17.76, "2015-09-30": 245.312, "2015-06-30": 34.416, "2015-03-31": "-13.82600", "2014-12-31": 7.638, "2014-09-30": -13.192, "2014-06-30": 1.062, "2014-03-31": "243.17400", "2013-12-31": -0.488, "2013-09-30": 0.184, "2013-06-30": 19.066, "2013-03-31": "0.25700", "2012-12-31": 2.817, "2012-09-30": 0.46, "2012-06-30": 21.033, "2012-03-31": "-12.56000", "2011-12-31": -27.107, "2011-09-30": 36.377, "2011-06-30": 95.322, "2011-03-31": "-44.45500", "2010-12-31": 38.674, "2010-09-30": -37.004, "2010-06-30": 6.22, "2010-03-31": "-9.46400", "2009-12-31": -13.109, "2009-09-30": -54.013, "2009-06-30": -76.263, "2009-03-31": "-27.95700", "2008-12-31": 62.539, "2008-09-30": 86.268, "2008-06-30": -116.272, "2008-03-31": "121.00100", "2007-12-31": -17.794, "2007-09-30": 4.444, "2007-06-30": 125.199, "2007-03-31": "-3.36400", "2006-12-31": -17.956, "2006-09-30": 7.092, "2006-06-30": 35.491, "2006-03-31": "21.01400", "2005-12-31": -28.784, "2005-09-30": 1.269, "2005-06-30": -23.101, "2005-03-31": "2.28000"}, "Net Cash Flow": {"2020-09-30": 35.298, "2020-06-30": 3.269, "2020-03-31": "158.80100", "2019-12-31": -9.07, "2019-09-30": 31.897, "2019-06-30": 19.059, "2019-03-31": "18.18700", "2018-12-31": -67.153, "2018-09-30": 22.22, "2018-06-30": -5.625, "2018-03-31": "14.46100", "2017-12-31": -307.008, "2017-09-30": 327.343, "2017-06-30": 30.487, "2017-03-31": "22.05800", "2016-12-31": -5.543, "2016-09-30": 20.795, "2016-06-30": 9.717, "2016-03-31": "28.95400", "2015-12-31": -31.439, "2015-09-30": -51.726, "2015-06-30": 51.426, "2015-03-31": "7.87700", "2014-12-31": -68.237, "2014-09-30": 3.071, "2014-06-30": 8.122, "2014-03-31": "8.42400", "2013-12-31": 1.746, "2013-09-30": 20.232, "2013-06-30": 8.945, "2013-03-31": "-7.24700", "2012-12-31": -28.78, "2012-09-30": 50.248, "2012-06-30": 16.828, "2012-03-31": "-42.16600", "2011-12-31": -10.183, "2011-09-30": -26.288, "2011-06-30": 32.925, "2011-03-31": "-24.40900", "2010-12-31": 45.931, "2010-09-30": -10.786, "2010-06-30": 11.944, "2010-03-31": "9.78300", "2009-12-31": -34.856, "2009-09-30": -31.97, "2009-06-30": -46.913, "2009-03-31": "2.08400", "2008-12-31": 74.207, "2008-09-30": 32.001, "2008-06-30": -121.675, "2008-03-31": "141.67400", "2007-12-31": -72.159, "2007-09-30": 8.66, "2007-06-30": 91.509, "2007-03-31": "6.63200", "2006-12-31": -1.625, "2006-09-30": -3.211, "2006-06-30": 5.14, "2006-03-31": "-24.49600", "2005-12-31": 9.537, "2005-09-30": 8.332, "2005-06-30": -3.743, "2005-03-31": "-37.09200"}, "Stock-Based Compensation": {"2020-09-30": 5.411, "2020-06-30": 5.172, "2020-03-31": "3.75000", "2019-12-31": 5.511, "2019-09-30": 5.885, "2019-06-30": 5.776, "2019-03-31": "4.08300", "2018-12-31": 4.993, "2018-09-30": 5.572, "2018-06-30": 5.483, "2018-03-31": "4.73100", "2017-12-31": 5.191, "2017-09-30": 5.309, "2017-06-30": 5.687, "2017-03-31": "5.36300", "2016-12-31": 4.537, "2016-09-30": 4.876, "2016-06-30": 4.632, "2016-03-31": "3.26500", "2015-12-31": 3.662, "2015-09-30": 6.369, "2015-06-30": 3.131, "2015-03-31": "2.28800", "2014-12-31": 3.32, "2014-09-30": 2.932, "2014-06-30": 5.831, "2014-03-31": "2.47100", "2013-12-31": 2.248, "2013-09-30": 2.83, "2013-06-30": 2.692, "2013-03-31": "2.07200", "2012-12-31": 2.419, "2012-09-30": 2.277, "2012-06-30": 2.285, "2012-03-31": "2.07000", "2011-12-31": 7.908, "2011-09-30": 3.034, "2011-06-30": 11.829, "2011-03-31": "4.03400", "2010-12-31": 5.756, "2010-09-30": 3.933, "2010-06-30": 3.677, "2010-03-31": "3.84300", "2009-12-31": 4.059, "2009-09-30": 3.79, "2009-06-30": 3.971, "2009-03-31": "3.76000", "2008-12-31": 3.91, "2008-09-30": 21.647, "2008-06-30": 3.6, "2008-03-31": "3.47800", "2007-12-31": 4.432, "2007-09-30": 3.78, "2007-06-30": 3.826, "2007-03-31": "3.35600", "2006-12-31": 3.616, "2006-09-30": 4.026, "2006-06-30": 3.438, "2006-03-31": "3.03500", "2005-12-31": 0.069, "2005-09-30": 0.038, "2005-06-30": 0.039, "2005-03-31": ""}, "Common Stock Dividends Paid": {"2020-09-30": 0, "2020-06-30": 0, "2020-03-31": "", "2019-12-31": 0, "2019-09-30": 0, "2019-06-30": 0, "2019-03-31": "", "2018-12-31": 0, "2018-09-30": 0, "2018-06-30": 0, "2018-03-31": "", "2017-12-31": 0, "2017-09-30": 0, "2017-06-30": 0, "2017-03-31": "", "2016-12-31": 0, "2016-09-30": 0, "2016-06-30": 0, "2016-03-31": "", "2015-12-31": 0, "2015-09-30": 0, "2015-06-30": 0, "2015-03-31": "", "2014-12-31": 0, "2014-09-30": 0, "2014-06-30": 0, "2014-03-31": "", "2013-12-31": 0, "2013-09-30": 0, "2013-06-30": 0, "2013-03-31": "", "2012-12-31": 0, "2012-09-30": 0, "2012-06-30": 0, "2012-03-31": "", "2011-12-31": 0, "2011-09-30": 0, "2011-06-30": 0, "2011-03-31": "", "2010-12-31": 0, "2010-09-30": 0, "2010-06-30": 0, "2010-03-31": "", "2009-12-31": 0, "2009-09-30": 0, "2009-06-30": 0, "2009-03-31": "", "2008-12-31": 0, "2008-09-30": 0, "2008-06-30": 0, "2008-03-31": "", "2007-12-31": 0, "2007-09-30": 0, "2007-06-30": 0, "2007-03-31": "", "2006-12-31": 0, "2006-09-30": 0, "2006-06-30": 0, "2006-03-31": "", "2005-12-31": 0, "2005-09-30": 0, "2005-06-30": 0, "2005-03-31": ""}}, "financial ratios": {"Current Ratio": {"2019-12-31": "2.59020", "2018-12-31": "2.95210", "2017-12-31": "2.35630", "2016-12-31": "4.00620", "2015-12-31": "3.15180", "2014-12-31": "4.20010", "2013-12-31": "4.36540", "2012-12-31": "4.23690", "2011-12-31": "4.43960", "2010-12-31": "2.20380", "2009-12-31": "2.33120", "2008-12-31": "2.84630", "2007-12-31": "1.77350", "2006-12-31": "0.80930", "2005-12-31": "8.50040"}, "Long-term Debt / Capital": {"2019-12-31": "0.47910", "2018-12-31": "0.49190", "2017-12-31": "0.64920", "2016-12-31": "0.44200", "2015-12-31": "0.48230", "2014-12-31": "0.47070", "2013-12-31": "0.37050", "2012-12-31": "0.50090", "2011-12-31": "0.51930", "2010-12-31": "0.37100", "2009-12-31": "0.40970", "2008-12-31": "0.55240", "2007-12-31": "0.55890", "2006-12-31": "0.00170", "2005-12-31": "0.29000"}, "Debt/Equity Ratio": {"2019-12-31": "0.95150", "2018-12-31": "0.98430", "2017-12-31": "1.91330", "2016-12-31": "0.79200", "2015-12-31": "0.95080", "2014-12-31": "0.89450", "2013-12-31": "0.58860", "2012-12-31": "1.00340", "2011-12-31": "1.08040", "2010-12-31": "0.80660", "2009-12-31": "0.86650", "2008-12-31": "1.50270", "2007-12-31": "1.72780", "2006-12-31": "0.74300", "2005-12-31": "0.40850"}, "Gross Margin": {"2019-12-31": "62.79010", "2018-12-31": "61.18720", "2017-12-31": "63.34810", "2016-12-31": "64.81220", "2015-12-31": "63.00790", "2014-12-31": "61.97570", "2013-12-31": "59.88300", "2012-12-31": "62.15690", "2011-12-31": "61.65130", "2010-12-31": "63.36570", "2009-12-31": "64.11390", "2008-12-31": "61.37730", "2007-12-31": "61.00090", "2006-12-31": "59.85810", "2005-12-31": "61.48310"}, "Operating Margin": {"2019-12-31": "6.17830", "2018-12-31": "7.53840", "2017-12-31": "3.77060", "2016-12-31": "11.62610", "2015-12-31": "9.01600", "2014-12-31": "8.51710", "2013-12-31": "5.07630", "2012-12-31": "8.88010", "2011-12-31": "7.03930", "2010-12-31": "13.48150", "2009-12-31": "14.33350", "2008-12-31": "7.24270", "2007-12-31": "12.22400", "2006-12-31": "14.01010", "2005-12-31": "20.18640"}, "EBIT Margin": {"2019-12-31": "6.17830", "2018-12-31": "7.53840", "2017-12-31": "3.77060", "2016-12-31": "11.62610", "2015-12-31": "9.01600", "2014-12-31": "8.51710", "2013-12-31": "5.07630", "2012-12-31": "8.88010", "2011-12-31": "7.03930", "2010-12-31": "13.48150", "2009-12-31": "14.33350", "2008-12-31": "7.24270", "2007-12-31": "12.22400", "2006-12-31": "14.01010", "2005-12-31": "20.18640"}, "EBITDA Margin": {"2019-12-31": "13.74660", "2018-12-31": "15.48440", "2017-12-31": "11.48520", "2016-12-31": "19.20560", "2015-12-31": "15.94070", "2014-12-31": "14.66790", "2013-12-31": "9.85660", "2012-12-31": "15.54010", "2011-12-31": "13.90520", "2010-12-31": "19.03590", "2009-12-31": "20.50030", "2008-12-31": "12.30650", "2007-12-31": "17.13610", "2006-12-31": "19.13250", "2005-12-31": "25.23830"}, "Pre-Tax Profit Margin": {"2019-12-31": "3.96060", "2018-12-31": "3.89850", "2017-12-31": "0.95810", "2016-12-31": "9.11280", "2015-12-31": "6.87310", "2014-12-31": "5.71920", "2013-12-31": "2.69590", "2012-12-31": "6.26200", "2011-12-31": "3.65270", "2010-12-31": "11.21670", "2009-12-31": "10.71850", "2008-12-31": "2.83150", "2007-12-31": "8.48350", "2006-12-31": "11.52120", "2005-12-31": "19.82510"}, "Net Profit Margin": {"2019-12-31": "3.30800", "2018-12-31": "4.12930", "2017-12-31": "5.44870", "2016-12-31": "7.51600", "2015-12-31": "-0.39860", "2014-12-31": "4.26800", "2013-12-31": "-3.02330", "2012-12-31": "4.95910", "2011-12-31": "3.58800", "2010-12-31": "8.97030", "2009-12-31": "7.46610", "2008-12-31": "4.23570", "2007-12-31": "4.67770", "2006-12-31": "7.01340", "2005-12-31": "13.38230"}, "Asset Turnover": {"2019-12-31": "0.45940", "2018-12-31": "0.47380", "2017-12-31": "0.37000", "2016-12-31": "0.54870", "2015-12-31": "0.49750", "2014-12-31": "0.50190", "2013-12-31": "0.58450", "2012-12-31": "0.71410", "2011-12-31": "0.68180", "2010-12-31": "0.71830", "2009-12-31": "0.72600", "2008-12-31": "0.63800", "2007-12-31": "0.67290", "2006-12-31": "0.68330", "2005-12-31": "0.61980"}, "Inventory Turnover Ratio": {"2019-12-31": "1.78670", "2018-12-31": "2.03850", "2017-12-31": "1.46970", "2016-12-31": "1.60680", "2015-12-31": "1.54450", "2014-12-31": "1.60180", "2013-12-31": "1.35100", "2012-12-31": "1.83010", "2011-12-31": "1.74670", "2010-12-31": "1.82530", "2009-12-31": "1.74640", "2008-12-31": "1.73050", "2007-12-31": "1.48530", "2006-12-31": "1.78320", "2005-12-31": "1.58650"}, "Receiveable Turnover": {"2019-12-31": "5.51250", "2018-12-31": "5.54100", "2017-12-31": "4.71900", "2016-12-31": "6.69480", "2015-12-31": "6.67520", "2014-12-31": "7.21570", "2013-12-31": "5.89810", "2012-12-31": "7.23020", "2011-12-31": "6.60360", "2010-12-31": "6.90600", "2009-12-31": "6.61150", "2008-12-31": "5.82300", "2007-12-31": "5.31640", "2006-12-31": "4.93190", "2005-12-31": "5.67130"}, "Days Sales In Receivables": {"2019-12-31": "66.21370", "2018-12-31": "65.87290", "2017-12-31": "77.34710", "2016-12-31": "54.52000", "2015-12-31": "54.68010", "2014-12-31": "50.58400", "2013-12-31": "61.88430", "2012-12-31": "50.48240", "2011-12-31": "55.27280", "2010-12-31": "52.85280", "2009-12-31": "55.20720", "2008-12-31": "62.68250", "2007-12-31": "68.65500", "2006-12-31": "74.00860", "2005-12-31": "64.35880"}, "ROE - Return On Equity": {"2019-12-31": "3.54340", "2018-12-31": "4.41930", "2017-12-31": "6.72790", "2016-12-31": "8.88020", "2015-12-31": "0.91170", "2014-12-31": "5.15320", "2013-12-31": "3.30690", "2012-12-31": "7.95790", "2011-12-31": "5.68150", "2010-12-31": "13.13480", "2009-12-31": "11.45350", "2008-12-31": "7.44730", "2007-12-31": "9.88710", "2006-12-31": "9.92940", "2005-12-31": "12.83360"}, "Return On Tangible Equity": {"2019-12-31": "-8.82060", "2018-12-31": "-9.64830", "2017-12-31": "-5.70310", "2016-12-31": "-32.12870", "2015-12-31": "-1.87860", "2014-12-31": "-50.60300", "2013-12-31": "10.05050", "2012-12-31": "360.14210", "2011-12-31": "-74.70910", "2010-12-31": "152.25480", "2009-12-31": "-180.86440", "2008-12-31": "-42.14920", "2007-12-31": "-18.03470", "2006-12-31": "-63.97270", "2005-12-31": "23.70780"}, "ROA - Return On Assets": {"2019-12-31": "1.51980", "2018-12-31": "1.95630", "2017-12-31": "2.01610", "2016-12-31": "4.12420", "2015-12-31": "0.38610", "2014-12-31": "2.28640", "2013-12-31": "1.84770", "2012-12-31": "3.54110", "2011-12-31": "2.44640", "2010-12-31": "6.44360", "2009-12-31": "5.42020", "2008-12-31": "2.70240", "2007-12-31": "3.14780", "2006-12-31": "4.79240", "2005-12-31": "8.29420"}, "ROI - Return On Investment": {"2019-12-31": "1.84580", "2018-12-31": "2.24560", "2017-12-31": "2.35990", "2016-12-31": "4.95550", "2015-12-31": "0.47200", "2014-12-31": "2.72780", "2013-12-31": "2.08170", "2012-12-31": "3.97220", "2011-12-31": "2.73090", "2010-12-31": "8.26230", "2009-12-31": "6.76120", "2008-12-31": "3.33340", "2007-12-31": "4.36110", "2006-12-31": "9.91240", "2005-12-31": "9.11180"}, "Book Value Per Share": {"2019-12-31": "16.49860", "2018-12-31": "16.15490", "2017-12-31": "12.27530", "2016-12-31": "11.23750", "2015-12-31": "10.24550", "2014-12-31": "10.75730", "2013-12-31": "10.69540", "2012-12-31": "9.26290", "2011-12-31": "9.18040", "2010-12-31": "8.76110", "2009-12-31": "7.77660", "2008-12-31": "6.64890", "2007-12-31": "5.02800", "2006-12-31": "5.42080", "2005-12-31": "5.27810"}, "Operating Cash Flow Per Share": {"2019-12-31": 0.2985, "2018-12-31": 0.9295, "2017-12-31": -0.0222, "2016-12-31": 0.0004, "2015-12-31": 0.2018, "2014-12-31": 0.343, "2013-12-31": -0.1116, "2012-12-31": -0.7323, "2011-12-31": 0.0178, "2010-12-31": -0.6942, "2009-12-31": 1.166, "2008-12-31": 0.4785, "2007-12-31": -0.2943, "2006-12-31": 0.2725, "2005-12-31": 0.8223}, "Free Cash Flow Per Share": {"2019-12-31": 0.4155, "2018-12-31": 0.5551, "2017-12-31": 0.0254, "2016-12-31": -0.1452, "2015-12-31": 0.3353, "2014-12-31": 0.4864, "2013-12-31": 0.3738, "2012-12-31": -1.2913, "2011-12-31": -0.0177, "2010-12-31": -0.8793, "2009-12-31": 0.9713, "2008-12-31": 0.6196, "2007-12-31": -0.5061, "2006-12-31": 0.2236, "2005-12-31": 0.7058}}, "financial ratios, quarterly": {"Current Ratio": {"2020-09-30": "4.51540", "2020-06-30": "4.54870", "2020-03-31": "4.09220", "2019-12-31": "2.59020", "2019-09-30": "2.92030", "2019-06-30": "2.75670", "2019-03-31": "2.85550", "2018-12-31": "2.95210", "2018-09-30": "3.20500", "2018-06-30": "3.51980", "2018-03-31": "2.52560", "2017-12-31": "2.35630", "2017-09-30": "4.49470", "2017-06-30": "3.46400", "2017-03-31": "3.02480", "2016-12-31": "4.00620", "2016-09-30": "3.17150", "2016-06-30": "3.29700", "2016-03-31": "3.15750", "2015-12-31": "3.15180", "2015-09-30": "3.60790", "2015-06-30": "3.90520", "2015-03-31": "4.11620", "2014-12-31": "4.20010", "2014-09-30": "4.32350", "2014-06-30": "4.44560", "2014-03-31": "4.61990", "2013-12-31": "4.36540", "2013-09-30": "4.17560", "2013-06-30": "4.36930", "2013-03-31": "4.22630", "2012-12-31": "4.23690", "2012-09-30": "4.38430", "2012-06-30": "4.25240", "2012-03-31": "4.39580", "2011-12-31": "4.43960", "2011-09-30": "4.56110", "2011-06-30": "4.20130", "2011-03-31": "2.60350", "2010-12-31": "2.20380", "2010-09-30": "3.76120", "2010-06-30": "4.52630", "2010-03-31": "2.34230", "2009-12-31": "2.33120", "2009-09-30": "1.83820", "2009-06-30": "1.95190", "2009-03-31": "2.79820", "2008-12-31": "2.84630", "2008-09-30": "1.55480", "2008-06-30": "2.00580", "2008-03-31": "1.54310", "2007-12-31": "1.77350", "2007-09-30": "2.02120", "2007-06-30": "1.94990", "2007-03-31": "0.83950", "2006-12-31": "0.80930", "2006-09-30": "0.85920", "2006-06-30": "1.99320", "2006-03-31": "4.51620", "2005-12-31": "8.50040", "2005-09-30": "8.04090", "2005-06-30": "6.97930", "2005-03-31": "6.61600"}, "Long-term Debt / Capital": {"2020-09-30": "0.51860", "2020-06-30": "0.53320", "2020-03-31": "0.54020", "2019-12-31": "0.47910", "2019-09-30": "0.49980", "2019-06-30": "0.47910", "2019-03-31": "0.48790", "2018-12-31": "0.49190", "2018-09-30": "0.51000", "2018-06-30": "0.52390", "2018-03-31": "0.63960", "2017-12-31": "0.64920", "2017-09-30": "0.55800", "2017-06-30": "0.49230", "2017-03-31": "0.49890", "2016-12-31": "0.44200", "2016-09-30": "0.44450", "2016-06-30": "0.46260", "2016-03-31": "0.47840", "2015-12-31": "0.48230", "2015-09-30": "0.49610", "2015-06-30": "0.47490", "2015-03-31": "0.47050", "2014-12-31": "0.47070", "2014-09-30": "0.47520", "2014-06-30": "0.47790", "2014-03-31": "0.48080", "2013-12-31": "0.37050", "2013-09-30": "0.52190", "2013-06-30": "0.51260", "2013-03-31": "0.50560", "2012-12-31": "0.50090", "2012-09-30": "0.49570", "2012-06-30": "0.50430", "2012-03-31": "0.50700", "2011-12-31": "0.51930", "2011-09-30": "0.51920", "2011-06-30": "0.48570", "2011-03-31": "0.35760", "2010-12-31": "0.37100", "2010-09-30": "0.43740", "2010-06-30": "0.44680", "2010-03-31": "0.39210", "2009-12-31": "0.40970", "2009-09-30": "0.41650", "2009-06-30": "0.43150", "2009-03-31": "0.53540", "2008-12-31": "0.55240", "2008-09-30": "0.50650", "2008-06-30": "0.50450", "2008-03-31": "0.53320", "2007-12-31": "0.55890", "2007-09-30": "0.56860", "2007-06-30": "0.59620", "2007-03-31": "", "2006-12-31": "0.00170", "2006-09-30": "0.01580", "2006-06-30": "0.27460", "2006-03-31": "0.27660", "2005-12-31": "0.29000", "2005-09-30": "0.27800", "2005-06-30": "0.28790", "2005-03-31": "0.27400"}, "Debt/Equity Ratio": {"2020-09-30": "1.09360", "2020-06-30": "1.15060", "2020-03-31": "1.17510", "2019-12-31": "0.95150", "2019-09-30": "1.03470", "2019-06-30": "0.95390", "2019-03-31": "0.97690", "2018-12-31": "0.98430", "2018-09-30": "1.04920", "2018-06-30": "1.10030", "2018-03-31": "1.83490", "2017-12-31": "1.91330", "2017-09-30": "1.28280", "2017-06-30": "0.98370", "2017-03-31": "1.00290", "2016-12-31": "0.79200", "2016-09-30": "0.83520", "2016-06-30": "0.88770", "2016-03-31": "0.94030", "2015-12-31": "0.95080", "2015-09-30": "0.99950", "2015-06-30": "0.91910", "2015-03-31": "0.89670", "2014-12-31": "0.89450", "2014-09-30": "0.90810", "2014-06-30": "0.91550", "2014-03-31": "0.92610", "2013-12-31": "0.58860", "2013-09-30": "1.09140", "2013-06-30": "1.05160", "2013-03-31": "1.02250", "2012-12-31": "1.00340", "2012-09-30": "0.98300", "2012-06-30": "1.01720", "2012-03-31": "1.02860", "2011-12-31": "1.08040", "2011-09-30": "1.07990", "2011-06-30": "0.94460", "2011-03-31": "0.68820", "2010-12-31": "0.80660", "2010-09-30": "0.79340", "2010-06-30": "0.80780", "2010-03-31": "0.81410", "2009-12-31": "0.86650", "2009-09-30": "0.93270", "2009-06-30": "1.13250", "2009-03-31": "1.41960", "2008-12-31": "1.50270", "2008-09-30": "1.64800", "2008-06-30": "1.38850", "2008-03-31": "1.97100", "2007-12-31": "1.72780", "2007-09-30": "1.79700", "2007-06-30": "2.01310", "2007-03-31": "0.72000", "2006-12-31": "0.74300", "2006-09-30": "0.67790", "2006-06-30": "0.58360", "2006-03-31": "0.43410", "2005-12-31": "0.40850", "2005-09-30": "0.38510", "2005-06-30": "0.40430", "2005-03-31": "0.37740"}, "Gross Margin": {"2020-09-30": "63.58740", "2020-06-30": "59.22220", "2020-03-31": "62.32940", "2019-12-31": "62.17370", "2019-09-30": "62.37460", "2019-06-30": "62.55110", "2019-03-31": "64.16030", "2018-12-31": "61.79020", "2018-09-30": "60.84640", "2018-06-30": "62.43340", "2018-03-31": "59.61100", "2017-12-31": "59.80190", "2017-09-30": "63.50620", "2017-06-30": "64.91470", "2017-03-31": "66.52250", "2016-12-31": "66.58820", "2016-09-30": "64.31580", "2016-06-30": "64.07470", "2016-03-31": "64.19610", "2015-12-31": "62.68000", "2015-09-30": "61.97810", "2015-06-30": "64.61660", "2015-03-31": "62.86010", "2014-12-31": "60.93110", "2014-09-30": "62.58870", "2014-06-30": "62.40520", "2014-03-31": "61.69280", "2013-12-31": "55.34910", "2013-09-30": "61.65600", "2013-06-30": "60.18960", "2013-03-31": "59.51630", "2012-12-31": "61.79210", "2012-09-30": "62.13520", "2012-06-30": "62.75680", "2012-03-31": "61.93640", "2011-12-31": "59.34610", "2011-09-30": "61.09950", "2011-06-30": "62.32430", "2011-03-31": "64.14020", "2010-12-31": "63.26970", "2010-09-30": "62.92670", "2010-06-30": "63.90490", "2010-03-31": "63.39040", "2009-12-31": "65.15810", "2009-09-30": "63.42070", "2009-06-30": "63.91310", "2009-03-31": "63.87200", "2008-12-31": "60.92330", "2008-09-30": "61.49330", "2008-06-30": "63.00270", "2008-03-31": "60.12260", "2007-12-31": "60.40090", "2007-09-30": "62.32790", "2007-06-30": "60.81530", "2007-03-31": "60.51680", "2006-12-31": "58.97330", "2006-09-30": "59.22830", "2006-06-30": "58.67700", "2006-03-31": "63.78170", "2005-12-31": "60.75300", "2005-09-30": "61.93210", "2005-06-30": "60.56350", "2005-03-31": "62.79410"}, "Operating Margin": {"2020-09-30": "15.54210", "2020-06-30": "5.44330", "2020-03-31": "7.64920", "2019-12-31": "9.13120", "2019-09-30": "-5.43060", "2019-06-30": "11.97960", "2019-03-31": "8.98220", "2018-12-31": "8.89820", "2018-09-30": "6.47170", "2018-06-30": "7.54640", "2018-03-31": "7.16330", "2017-12-31": "1.95820", "2017-09-30": "3.81660", "2017-06-30": "6.01950", "2017-03-31": "3.85060", "2016-12-31": "15.94600", "2016-09-30": "12.02200", "2016-06-30": "8.97560", "2016-03-31": "9.33390", "2015-12-31": "9.95530", "2015-09-30": "4.41490", "2015-06-30": "11.44720", "2015-03-31": "10.48710", "2014-12-31": "19.38680", "2014-09-30": "8.66080", "2014-06-30": "5.35640", "2014-03-31": "4.06310", "2013-12-31": "77.58980", "2013-09-30": "-14.60330", "2013-06-30": "2.70300", "2013-03-31": "-1.11360", "2012-12-31": "8.65450", "2012-09-30": "9.39430", "2012-06-30": "8.57450", "2012-03-31": "8.90330", "2011-12-31": "3.80750", "2011-09-30": "9.04670", "2011-06-30": "4.13800", "2011-03-31": "11.52890", "2010-12-31": "12.44660", "2010-09-30": "14.63180", "2010-06-30": "13.76240", "2010-03-31": "13.11130", "2009-12-31": "15.17330", "2009-09-30": "13.82580", "2009-06-30": "14.42450", "2009-03-31": "13.82540", "2008-12-31": "14.31900", "2008-09-30": "-13.70490", "2008-06-30": "15.77500", "2008-03-31": "13.16340", "2007-12-31": "9.86650", "2007-09-30": "13.58070", "2007-06-30": "12.53650", "2007-03-31": "13.41360", "2006-12-31": "16.06780", "2006-09-30": "10.12800", "2006-06-30": "13.14210", "2006-03-31": "17.66250", "2005-12-31": "20.43460", "2005-09-30": "23.20940", "2005-06-30": "17.40230", "2005-03-31": "19.67830"}, "EBIT Margin": {"2020-09-30": "15.54210", "2020-06-30": "5.44330", "2020-03-31": "7.64920", "2019-12-31": "9.13120", "2019-09-30": "-5.43060", "2019-06-30": "11.97960", "2019-03-31": "8.98220", "2018-12-31": "8.89820", "2018-09-30": "6.47170", "2018-06-30": "7.54640", "2018-03-31": "7.16330", "2017-12-31": "1.95820", "2017-09-30": "3.81660", "2017-06-30": "6.01950", "2017-03-31": "3.85060", "2016-12-31": "15.94590", "2016-09-30": "12.02200", "2016-06-30": "8.97560", "2016-03-31": "9.33390", "2015-12-31": "9.95520", "2015-09-30": "4.41490", "2015-06-30": "11.44720", "2015-03-31": "10.48710", "2014-12-31": "19.38690", "2014-09-30": "8.66080", "2014-06-30": "5.35640", "2014-03-31": "4.06310", "2013-12-31": "77.58980", "2013-09-30": "-14.60330", "2013-06-30": "2.70300", "2013-03-31": "-1.11360", "2012-12-31": "8.65450", "2012-09-30": "9.39430", "2012-06-30": "8.57450", "2012-03-31": "8.90330", "2011-12-31": "3.80740", "2011-09-30": "9.04670", "2011-06-30": "4.13800", "2011-03-31": "11.52890", "2010-12-31": "12.44660", "2010-09-30": "14.63180", "2010-06-30": "13.76240", "2010-03-31": "13.11130", "2009-12-31": "15.17340", "2009-09-30": "13.82580", "2009-06-30": "14.42450", "2009-03-31": "13.82540", "2008-12-31": "14.31900", "2008-09-30": "-13.70490", "2008-06-30": "15.77500", "2008-03-31": "13.16340", "2007-12-31": "9.86650", "2007-09-30": "13.58070", "2007-06-30": "12.53650", "2007-03-31": "13.41360", "2006-12-31": "16.06780", "2006-09-30": "10.12800", "2006-06-30": "13.14210", "2006-03-31": "17.66250", "2005-12-31": "20.43460", "2005-09-30": "23.20940", "2005-06-30": "17.40230", "2005-03-31": "19.67830"}, "EBITDA Margin": {"2020-09-30": "", "2020-06-30": "", "2020-03-31": "", "2019-12-31": "", "2019-09-30": "", "2019-06-30": "", "2019-03-31": "", "2018-12-31": "", "2018-09-30": "", "2018-06-30": "", "2018-03-31": "", "2017-12-31": "", "2017-09-30": "", "2017-06-30": "", "2017-03-31": "", "2016-12-31": "", "2016-09-30": "", "2016-06-30": "", "2016-03-31": "", "2015-12-31": "", "2015-09-30": "", "2015-06-30": "", "2015-03-31": "", "2014-12-31": "", "2014-09-30": "", "2014-06-30": "", "2014-03-31": "", "2013-12-31": "", "2013-09-30": "", "2013-06-30": "", "2013-03-31": "", "2012-12-31": "", "2012-09-30": "", "2012-06-30": "", "2012-03-31": "", "2011-12-31": "", "2011-09-30": "", "2011-06-30": "", "2011-03-31": "", "2010-12-31": "", "2010-09-30": "", "2010-06-30": "", "2010-03-31": "", "2009-12-31": "", "2009-09-30": "", "2009-06-30": "", "2009-03-31": "", "2008-12-31": "", "2008-09-30": "", "2008-06-30": "", "2008-03-31": "", "2007-12-31": "", "2007-09-30": "", "2007-06-30": "", "2007-03-31": "", "2006-12-31": "", "2006-09-30": "", "2006-06-30": "", "2006-03-31": "", "2005-12-31": "", "2005-09-30": "", "2005-06-30": "", "2005-03-31": ""}, "Pre-Tax Profit Margin": {"2020-09-30": "11.21220", "2020-06-30": "0.63830", "2020-03-31": "3.22920", "2019-12-31": "6.68320", "2019-09-30": "-7.25650", "2019-06-30": "9.48350", "2019-03-31": "6.90120", "2018-12-31": "6.39580", "2018-09-30": "3.01320", "2018-06-30": "3.47660", "2018-03-31": "2.55740", "2017-12-31": "-1.24710", "2017-09-30": "1.16020", "2017-06-30": "2.83590", "2017-03-31": "1.83460", "2016-12-31": "13.87520", "2016-09-30": "9.98430", "2016-06-30": "5.99380", "2016-03-31": "6.33320", "2015-12-31": "8.09050", "2015-09-30": "2.36870", "2015-06-30": "8.46750", "2015-03-31": "8.78370", "2014-12-31": "15.34720", "2014-09-30": "5.54720", "2014-06-30": "3.10610", "2014-03-31": "1.84830", "2013-12-31": "77.15730", "2013-09-30": "-17.20170", "2013-06-30": "0.27880", "2013-03-31": "-4.01780", "2012-12-31": "7.74650", "2012-09-30": "6.78590", "2012-06-30": "5.50460", "2012-03-31": "4.88980", "2011-12-31": "0.18470", "2011-09-30": "5.58250", "2011-06-30": "1.03350", "2011-03-31": "8.19320", "2010-12-31": "10.01370", "2010-09-30": "11.93250", "2010-06-30": "11.81110", "2010-03-31": "11.18080", "2009-12-31": "12.35630", "2009-09-30": "10.53130", "2009-06-30": "10.48970", "2009-03-31": "9.28670", "2008-12-31": "9.38180", "2008-09-30": "-17.87490", "2008-06-30": "11.36720", "2008-03-31": "9.07840", "2007-12-31": "1.72030", "2007-09-30": "11.60320", "2007-06-30": "10.80460", "2007-03-31": "11.18330", "2006-12-31": "14.09000", "2006-09-30": "5.19690", "2006-06-30": "11.56600", "2006-03-31": "16.85100", "2005-12-31": "20.31820", "2005-09-30": "22.63680", "2005-06-30": "16.74880", "2005-03-31": "19.57810"}, "Net Profit Margin": {"2020-09-30": "8.73430", "2020-06-30": "-0.14270", "2020-03-31": "2.59080", "2019-12-31": "3.87700", "2019-09-30": "-7.28310", "2019-06-30": "7.75090", "2019-03-31": "9.10670", "2018-12-31": "6.55810", "2018-09-30": "3.63400", "2018-06-30": "3.10660", "2018-03-31": "3.07830", "2017-12-31": "12.03330", "2017-09-30": "1.13290", "2017-06-30": "3.84000", "2017-03-31": "2.47220", "2016-12-31": "11.04810", "2016-09-30": "8.04690", "2016-06-30": "5.11610", "2016-03-31": "5.66750", "2015-12-31": "6.21160", "2015-09-30": "-14.08380", "2015-06-30": "2.35010", "2015-03-31": "4.13960", "2014-12-31": "11.23550", "2014-09-30": "4.96500", "2014-06-30": "2.08560", "2014-03-31": "1.02580", "2013-12-31": "16.92040", "2013-09-30": "-14.22300", "2013-06-30": "0.73950", "2013-03-31": "-3.06530", "2012-12-31": "5.96270", "2012-09-30": "6.28840", "2012-06-30": "4.05100", "2012-03-31": "3.41160", "2011-12-31": "2.24050", "2011-09-30": "5.56070", "2011-06-30": "0.36160", "2011-03-31": "6.34500", "2010-12-31": "9.68760", "2010-09-30": "8.83140", "2010-06-30": "8.48680", "2010-03-31": "8.81420", "2009-12-31": "8.57150", "2009-09-30": "8.37680", "2009-06-30": "6.77330", "2009-03-31": "5.94410", "2008-12-31": "13.33660", "2008-09-30": "-10.09110", "2008-06-30": "7.80990", "2008-03-31": "5.80100", "2007-12-31": "-1.48370", "2007-09-30": "7.16440", "2007-06-30": "6.93120", "2007-03-31": "7.37530", "2006-12-31": "8.07930", "2006-09-30": "2.22380", "2006-06-30": "7.96740", "2006-03-31": "11.28540", "2005-12-31": "14.54290", "2005-09-30": "15.11810", "2005-06-30": "10.97050", "2005-03-31": "12.82370"}, "Asset Turnover": {"2020-09-30": "0.10720", "2020-06-30": "0.07630", "2020-03-31": "0.10280", "2019-12-31": "0.11960", "2019-09-30": "0.11330", "2019-06-30": "0.11660", "2019-03-31": "0.11220", "2018-12-31": "0.12330", "2018-09-30": "0.11510", "2018-06-30": "0.11490", "2018-03-31": "0.10990", "2017-12-31": "0.11480", "2017-09-30": "0.11530", "2017-06-30": "0.13430", "2017-03-31": "0.12620", "2016-12-31": "0.14140", "2016-09-30": "0.13700", "2016-06-30": "0.13740", "2016-03-31": "0.12940", "2015-12-31": "0.13590", "2015-09-30": "0.12390", "2015-06-30": "0.12980", "2015-03-31": "0.13060", "2014-12-31": "0.09620", "2014-09-30": "0.12780", "2014-06-30": "0.14800", "2014-03-31": "0.13820", "2013-12-31": "0.06830", "2013-09-30": "0.18010", "2013-06-30": "0.17310", "2013-03-31": "0.17000", "2012-12-31": "0.18430", "2012-09-30": "0.17720", "2012-06-30": "0.18090", "2012-03-31": "0.16940", "2011-12-31": "0.17790", "2011-09-30": "0.17210", "2011-06-30": "0.16760", "2011-03-31": "0.17980", "2010-12-31": "0.19050", "2010-09-30": "0.19460", "2010-06-30": "0.18960", "2010-03-31": "0.18410", "2009-12-31": "0.19520", "2009-09-30": "0.17700", "2009-06-30": "0.17510", "2009-03-31": "0.16170", "2008-12-31": "0.16990", "2008-09-30": "0.17390", "2008-06-30": "0.18230", "2008-03-31": "0.16040", "2007-12-31": "0.19270", "2007-09-30": "0.16670", "2007-06-30": "0.17360", "2007-03-31": "0.19750", "2006-12-31": "0.20440", "2006-09-30": "0.19300", "2006-06-30": "0.17680", "2006-03-31": "0.15690", "2005-12-31": "0.16280", "2005-09-30": "0.14880", "2005-06-30": "0.15450", "2005-03-31": "0.14000"}, "Inventory Turnover Ratio": {"2020-09-30": "0.43790", "2020-06-30": "0.29400", "2020-03-31": "0.39480", "2019-12-31": "0.47290", "2019-09-30": "0.47130", "2019-06-30": "0.48450", "2019-03-31": "0.44920", "2018-12-31": "0.52240", "2018-09-30": "0.49250", "2018-06-30": "0.47350", "2018-03-31": "0.49650", "2017-12-31": "0.50000", "2017-09-30": "0.43800", "2017-06-30": "0.42180", "2017-03-31": "0.36110", "2016-12-31": "0.39320", "2016-09-30": "0.40660", "2016-06-30": "0.40630", "2016-03-31": "0.38190", "2015-12-31": "0.42570", "2015-09-30": "0.40240", "2015-06-30": "0.31120", "2015-03-31": "0.32280", "2014-12-31": "0.31560", "2014-09-30": "0.32070", "2014-06-30": "0.38890", "2014-03-31": "0.38280", "2013-12-31": "0.17560", "2013-09-30": "0.39430", "2013-06-30": "0.41870", "2013-03-31": "0.44340", "2012-12-31": "0.47690", "2012-09-30": "0.46970", "2012-06-30": "0.45370", "2012-03-31": "0.43300", "2011-12-31": "0.48310", "2011-09-30": "0.43350", "2011-06-30": "0.41750", "2011-03-31": "0.41990", "2010-12-31": "0.48530", "2010-09-30": "0.46760", "2010-06-30": "0.45000", "2010-03-31": "0.44490", "2009-12-31": "0.45600", "2009-09-30": "0.44840", "2009-06-30": "0.42930", "2009-03-31": "0.41070", "2008-12-31": "0.46640", "2008-09-30": "0.41330", "2008-06-30": "0.38940", "2008-03-31": "0.43190", "2007-12-31": "0.43190", "2007-09-30": "0.40250", "2007-06-30": "0.46290", "2007-03-31": "0.50820", "2006-12-31": "0.54500", "2006-09-30": "0.50720", "2006-06-30": "0.44500", "2006-03-31": "0.36210", "2005-12-31": "0.42450", "2005-09-30": "0.38240", "2005-06-30": "0.39760", "2005-03-31": "0.37490"}, "Receiveable Turnover": {"2020-09-30": "1.69690", "2020-06-30": "1.44390", "2020-03-31": "1.44300", "2019-12-31": "1.43530", "2019-09-30": "1.34850", "2019-06-30": "1.29390", "2019-03-31": "1.28890", "2018-12-31": "1.44250", "2018-09-30": "1.47080", "2018-06-30": "1.41730", "2018-03-31": "1.31150", "2017-12-31": "1.46390", "2017-09-30": "1.62940", "2017-06-30": "1.64700", "2017-03-31": "1.63450", "2016-12-31": "1.72530", "2016-09-30": "1.77860", "2016-06-30": "1.71260", "2016-03-31": "1.56170", "2015-12-31": "1.82360", "2015-09-30": "1.80420", "2015-06-30": "1.58070", "2015-03-31": "1.59750", "2014-12-31": "1.38370", "2014-09-30": "1.63590", "2014-06-30": "1.95630", "2014-03-31": "1.91130", "2013-12-31": "0.68890", "2013-09-30": "1.87820", "2013-06-30": "1.79130", "2013-03-31": "1.75670", "2012-12-31": "1.86600", "2012-09-30": "1.75760", "2012-06-30": "1.81850", "2012-03-31": "1.72100", "2011-12-31": "1.72290", "2011-09-30": "1.71670", "2011-06-30": "1.66410", "2011-03-31": "1.70610", "2010-12-31": "1.83140", "2010-09-30": "1.74190", "2010-06-30": "1.82650", "2010-03-31": "1.75270", "2009-12-31": "1.77790", "2009-09-30": "1.69940", "2009-06-30": "1.63340", "2009-03-31": "1.58400", "2008-12-31": "1.55110", "2008-09-30": "1.50370", "2008-06-30": "1.45380", "2008-03-31": "1.45970", "2007-12-31": "1.52260", "2007-09-30": "1.46260", "2007-06-30": "1.41460", "2007-03-31": "1.43250", "2006-12-31": "1.47490", "2006-09-30": "1.52050", "2006-06-30": "1.35050", "2006-03-31": "1.36260", "2005-12-31": "1.48930", "2005-09-30": "1.48190", "2005-06-30": "1.50790", "2005-03-31": "1.28440"}, "Days Sales In Receivables": {"2020-09-30": "53.03850", "2020-06-30": "62.33110", "2020-03-31": "62.36990", "2019-12-31": "62.70550", "2019-09-30": "66.73980", "2019-06-30": "69.55810", "2019-03-31": "69.82810", "2018-12-31": "62.39340", "2018-09-30": "61.18950", "2018-06-30": "63.50310", "2018-03-31": "68.62120", "2017-12-31": "61.48070", "2017-09-30": "55.23480", "2017-06-30": "54.64580", "2017-03-31": "55.06220", "2016-12-31": "52.16510", "2016-09-30": "50.60280", "2016-06-30": "52.55080", "2016-03-31": "57.62820", "2015-12-31": "49.35180", "2015-09-30": "49.88290", "2015-06-30": "56.93780", "2015-03-31": "56.33940", "2014-12-31": "65.04130", "2014-09-30": "55.01480", "2014-06-30": "46.00620", "2014-03-31": "47.08890", "2013-12-31": "130.64810", "2013-09-30": "47.91850", "2013-06-30": "50.24360", "2013-03-31": "51.23240", "2012-12-31": "48.23180", "2012-09-30": "51.20540", "2012-06-30": "49.49040", "2012-03-31": "52.29570", "2011-12-31": "52.23790", "2011-09-30": "52.42690", "2011-06-30": "54.08450", "2011-03-31": "52.75340", "2010-12-31": "49.14360", "2010-09-30": "51.66870", "2010-06-30": "49.27410", "2010-03-31": "51.34910", "2009-12-31": "50.62240", "2009-09-30": "52.95910", "2009-06-30": "55.10080", "2009-03-31": "56.81830", "2008-12-31": "58.02330", "2008-09-30": "59.85400", "2008-06-30": "61.90500", "2008-03-31": "61.65840", "2007-12-31": "59.11070", "2007-09-30": "61.53520", "2007-06-30": "63.62110", "2007-03-31": "62.82560", "2006-12-31": "61.02060", "2006-09-30": "59.19010", "2006-06-30": "66.64090", "2006-03-31": "66.04820", "2005-12-31": "60.43280", "2005-09-30": "60.73120", "2005-06-30": "59.68570", "2005-03-31": "70.07230"}, "ROE - Return On Equity": {"2020-09-30": "2.31310", "2020-06-30": "-0.02740", "2020-03-31": "0.68420", "2019-12-31": "1.08130", "2019-09-30": "-1.99350", "2019-06-30": "2.09270", "2019-03-31": "2.34470", "2018-12-31": "1.82720", "2018-09-30": "0.97390", "2018-06-30": "0.84780", "2018-03-31": "1.10090", "2017-12-31": "4.60920", "2017-09-30": "0.34600", "2017-06-30": "1.21120", "2017-03-31": "0.75000", "2016-12-31": "3.36400", "2016-09-30": "2.44640", "2016-06-30": "1.60480", "2016-03-31": "1.72840", "2015-12-31": "1.99350", "2015-09-30": "-4.36670", "2015-06-30": "1.68890", "2015-03-31": "1.70500", "2014-12-31": "2.87850", "2014-09-30": "1.31050", "2014-06-30": "0.70010", "2014-03-31": "0.32480", "2013-12-31": "8.53710", "2013-09-30": "-6.07240", "2013-06-30": "0.29420", "2013-03-31": "-1.18220", "2012-12-31": "2.46940", "2012-09-30": "2.50830", "2012-06-30": "1.67860", "2012-03-31": "1.31640", "2011-12-31": "0.92560", "2011-09-30": "2.24180", "2011-06-30": "0.13470", "2011-03-31": "2.17730", "2010-12-31": "3.76170", "2010-09-30": "3.50110", "2010-06-30": "3.29230", "2010-03-31": "3.32420", "2009-12-31": "3.53600", "2009-09-30": "3.35300", "2009-06-30": "2.78690", "2009-03-31": "2.55620", "2008-12-31": "6.24620", "2008-09-30": "-5.24110", "2008-06-30": "3.78820", "2008-03-31": "3.13280", "2007-12-31": "-0.89810", "2007-09-30": "3.86310", "2007-06-30": "4.17920", "2007-03-31": "2.96980", "2006-12-31": "3.42080", "2006-09-30": "0.84920", "2006-06-30": "2.55640", "2006-03-31": "2.81670", "2005-12-31": "3.66230", "2005-09-30": "3.40770", "2005-06-30": "2.59760", "2005-03-31": "2.68590"}, "Return On Tangible Equity": {"2020-09-30": "-6.52940", "2020-06-30": "0.06090", "2020-03-31": "-1.47120", "2019-12-31": "-2.69160", "2019-09-30": "4.59660", "2019-06-30": "-5.43220", "2019-03-31": "-5.60790", "2018-12-31": "-3.98910", "2018-09-30": "-2.01880", "2018-06-30": "-1.60890", "2018-03-31": "-1.00470", "2017-12-31": "-3.90720", "2017-09-30": "-1.02270", "2017-06-30": "-3.19050", "2017-03-31": "-1.68200", "2016-12-31": "-12.17090", "2016-09-30": "-7.57590", "2016-06-30": "-4.21230", "2016-03-31": "-4.01080", "2015-12-31": "-4.10760", "2015-09-30": "8.34480", "2015-06-30": "-13.99600", "2015-03-31": "-10.33410", "2014-12-31": "-28.26630", "2014-09-30": "-11.59970", "2014-06-30": "-5.49820", "2014-03-31": "-1.87120", "2013-12-31": "25.94640", "2013-09-30": "-62.86920", "2013-06-30": "9.03470", "2013-03-31": "-112.94790", "2012-12-31": "111.75560", "2012-09-30": "82.93160", "2012-06-30": "-92.73530", "2012-03-31": "-37.81150", "2011-12-31": "-12.17170", "2011-09-30": "-30.43420", "2011-06-30": "27.89390", "2011-03-31": "16.65990", "2010-12-31": "43.60440", "2010-09-30": "170.70260", "2010-06-30": "214.72000", "2010-03-31": "-245.00310", "2009-12-31": "-55.83710", "2009-09-30": "-29.68630", "2009-06-30": "-42.45630", "2009-03-31": "-17.82860", "2008-12-31": "-35.35110", "2008-09-30": "17.15590", "2008-06-30": "-15.63550", "2008-03-31": "-7.69350", "2007-12-31": "1.63820", "2007-09-30": "-8.78910", "2007-06-30": "-6.93120", "2007-03-31": "-25.46010", "2006-12-31": "-22.03920", "2006-09-30": "-8.33660", "2006-06-30": "32.99280", "2006-03-31": "8.14280", "2005-12-31": "6.76550", "2005-09-30": "6.10550", "2005-06-30": "4.87150", "2005-03-31": "4.90850"}, "ROA - Return On Assets": {"2020-09-30": "0.93630", "2020-06-30": "-0.01090", "2020-03-31": "0.26630", "2019-12-31": "0.46380", "2019-09-30": "-0.82500", "2019-06-30": "0.90370", "2019-03-31": "1.02180", "2018-12-31": "0.80880", "2018-09-30": "0.41830", "2018-06-30": "0.35710", "2018-03-31": "0.33850", "2017-12-31": "1.38120", "2017-09-30": "0.13060", "2017-06-30": "0.51570", "2017-03-31": "0.31210", "2016-12-31": "1.56230", "2016-09-30": "1.10230", "2016-06-30": "0.70310", "2016-03-31": "0.73320", "2015-12-31": "0.84430", "2015-09-30": "-1.74440", "2015-06-30": "0.73390", "2015-03-31": "0.75650", "2014-12-31": "1.27720", "2014-09-30": "0.58160", "2014-06-30": "0.30870", "2014-03-31": "0.14180", "2013-12-31": "4.77000", "2013-09-30": "-2.56150", "2013-06-30": "0.12800", "2013-03-31": "-0.52120", "2012-12-31": "1.09880", "2012-09-30": "1.11440", "2012-06-30": "0.73280", "2012-03-31": "0.57780", "2011-12-31": "0.39860", "2011-09-30": "0.95710", "2011-06-30": "0.06060", "2011-03-31": "1.14070", "2010-12-31": "1.84540", "2010-09-30": "1.71830", "2010-06-30": "1.60940", "2010-03-31": "1.62280", "2009-12-31": "1.67330", "2009-09-30": "1.48290", "2009-06-30": "1.18610", "2009-03-31": "0.96110", "2008-12-31": "2.26650", "2008-09-30": "-1.75440", "2008-06-30": "1.42350", "2008-03-31": "0.93040", "2007-12-31": "-0.28590", "2007-09-30": "1.19410", "2007-06-30": "1.20300", "2007-03-31": "1.45630", "2006-12-31": "1.65100", "2006-09-30": "0.42910", "2006-06-30": "1.40880", "2006-03-31": "1.77060", "2005-12-31": "2.36690", "2005-09-30": "2.24990", "2005-06-30": "1.69480", "2005-03-31": "1.79480"}, "ROI - Return On Investment": {"2020-09-30": "1.11340", "2020-06-30": "-0.01280", "2020-03-31": "0.31450", "2019-12-31": "0.56320", "2019-09-30": "-0.99710", "2019-06-30": "1.09010", "2019-03-31": "1.20070", "2018-12-31": "0.92850", "2018-09-30": "0.47720", "2018-06-30": "0.40360", "2018-03-31": "0.39680", "2017-12-31": "1.61680", "2017-09-30": "0.15290", "2017-06-30": "0.61490", "2017-03-31": "0.37580", "2016-12-31": "1.87720", "2016-09-30": "1.35890", "2016-06-30": "0.86240", "2016-03-31": "0.90150", "2015-12-31": "1.03200", "2015-09-30": "-2.20040", "2015-06-30": "0.88680", "2015-03-31": "0.90280", "2014-12-31": "1.52370", "2014-09-30": "0.68780", "2014-06-30": "0.36550", "2014-03-31": "0.16860", "2013-12-31": "5.37400", "2013-09-30": "-2.90350", "2013-06-30": "0.14340", "2013-03-31": "-0.58450", "2012-12-31": "1.23260", "2012-09-30": "1.26490", "2012-06-30": "0.83210", "2012-03-31": "0.64890", "2011-12-31": "0.44490", "2011-09-30": "1.07780", "2011-06-30": "0.06930", "2011-03-31": "1.39870", "2010-12-31": "2.36620", "2010-09-30": "1.96970", "2010-06-30": "1.82120", "2010-03-31": "2.02090", "2009-12-31": "2.08730", "2009-09-30": "1.95650", "2009-06-30": "1.58440", "2009-03-31": "1.18760", "2008-12-31": "2.79580", "2008-09-30": "-2.58670", "2008-06-30": "1.87700", "2008-03-31": "1.46230", "2007-12-31": "-0.39620", "2007-09-30": "1.66660", "2007-06-30": "1.68760", "2007-03-31": "2.96980", "2006-12-31": "3.41490", "2006-09-30": "0.83580", "2006-06-30": "1.85440", "2006-03-31": "2.03760", "2005-12-31": "2.60020", "2005-09-30": "2.46020", "2005-06-30": "1.84970", "2005-03-31": "1.95000"}, "Book Value Per Share": {"2020-09-30": "16.58820", "2020-06-30": "16.00850", "2020-03-31": "15.82130", "2019-12-31": "16.49860", "2019-09-30": "16.13810", "2019-06-30": "16.62280", "2019-03-31": "16.35200", "2018-12-31": "16.15490", "2018-09-30": "16.03470", "2018-06-30": "15.80930", "2018-03-31": "12.66720", "2017-12-31": "12.27530", "2017-09-30": "11.64910", "2017-06-30": "11.55130", "2017-03-31": "11.33040", "2016-12-31": "11.23750", "2016-09-30": "11.02520", "2016-06-30": "10.64740", "2016-03-31": "10.46990", "2015-12-31": "10.24550", "2015-09-30": "9.88440", "2015-06-30": "10.74820", "2015-03-31": "10.47270", "2014-12-31": "10.75730", "2014-09-30": "10.53730", "2014-06-30": "10.58040", "2014-03-31": "10.43450", "2013-12-31": "10.69540", "2013-09-30": "8.89730", "2013-06-30": "9.20310", "2013-03-31": "9.08700", "2012-12-31": "9.26290", "2012-09-30": "9.75300", "2012-06-30": "9.39320", "2012-03-31": "9.46980", "2011-12-31": "9.18040", "2011-09-30": "9.22690", "2011-06-30": "9.45540", "2011-03-31": "9.25330", "2010-12-31": "8.76110", "2010-09-30": "8.34540", "2010-06-30": "7.94350", "2010-03-31": "7.91920", "2009-12-31": "7.77660", "2009-09-30": "7.56350", "2009-06-30": "7.09390", "2009-03-31": "6.65860", "2008-12-31": "6.64890", "2008-09-30": "5.82490", "2008-06-30": "5.91810", "2008-03-31": "5.46330", "2007-12-31": "5.02800", "2007-09-30": "4.75610", "2007-06-30": "4.27120", "2007-03-31": "5.58970", "2006-12-31": "5.42080", "2006-09-30": "5.46200", "2006-06-30": "5.51380", "2006-03-31": "5.41520", "2005-12-31": "5.27810", "2005-09-30": "5.46650", "2005-06-30": "5.26260", "2005-03-31": "5.49060"}, "Operating Cash Flow Per Share": {"2020-09-30": 0.8213, "2020-06-30": 0.3944, "2020-03-31": "0.24230", "2019-12-31": 1.0156, "2019-09-30": 0.7557, "2019-06-30": 0.5626, "2019-03-31": "0.34180", "2018-12-31": 0.558, "2018-09-30": 0.8883, "2018-06-30": 0.4107, "2018-03-31": "0.52020", "2017-12-31": 0.1514, "2017-09-30": 0.5649, "2017-06-30": 0.363, "2017-03-31": "0.36840", "2016-12-31": 0.1139, "2016-09-30": 0.5542, "2016-06-30": 0.4745, "2016-03-31": "0.32730", "2015-12-31": 0.3468, "2015-09-30": 0.2446, "2015-06-30": 0.4039, "2015-03-31": "0.47420", "2014-12-31": 0.3757, "2014-09-30": 0.4708, "2014-06-30": 0.2495, "2014-03-31": "0.17170", "2013-12-31": 0.1796, "2013-09-30": 0.5537, "2013-06-30": 0.0503, "2013-03-31": "0.14110", "2012-12-31": -0.0497, "2012-09-30": 0.4814, "2012-06-30": 0.0374, "2012-03-31": "0.56720", "2011-12-31": 0.5692, "2011-09-30": 0.4399, "2011-06-30": 0.4074, "2011-03-31": "0.35210", "2010-12-31": 0.4682, "2010-09-30": 0.5014, "2010-06-30": 0.312, "2010-03-31": "0.46920", "2009-12-31": 0.8091, "2009-09-30": 0.4746, "2009-06-30": 0.5257, "2009-03-31": "0.63560", "2008-12-31": 0.4701, "2008-09-30": 0.4841, "2008-06-30": -0.036, "2008-03-31": "0.36080", "2007-12-31": 0.2473, "2007-09-30": 0.1925, "2007-06-30": 0.1057, "2007-03-31": "0.25500", "2006-12-31": 0.2449, "2006-09-30": 0.4605, "2006-06-30": 0.2287, "2006-03-31": "0.16070", "2005-12-31": 0.2116, "2005-09-30": 0.1862, "2005-06-30": 0.2362, "2005-03-31": "0.18830"}, "Free Cash Flow Per Share": {"2020-09-30": 0.7421, "2020-06-30": 0.3451, "2020-03-31": "0.05040", "2019-12-31": 0.7642, "2019-09-30": 0.5945, "2019-06-30": 0.3578, "2019-03-31": "0.15570", "2018-12-31": 0.2373, "2018-09-30": 0.7098, "2018-06-30": 0.1803, "2018-03-31": "0.32930", "2017-12-31": -0.0215, "2017-09-30": 0.4686, "2017-06-30": 0.2033, "2017-03-31": "0.25120", "2016-12-31": -0.1605, "2016-09-30": 0.4784, "2016-06-30": 0.3734, "2016-03-31": "0.18490", "2015-12-31": 0.1662, "2015-09-30": 0.1762, "2015-06-30": 0.2632, "2015-03-31": "0.41580", "2014-12-31": 0.206, "2014-09-30": 0.3743, "2014-06-30": 0.107, "2014-03-31": "-0.00120", "2013-12-31": 0.1211, "2013-09-30": 0.313, "2013-06-30": -0.1899, "2013-03-31": "-0.04450", "2012-12-31": -0.4894, "2012-09-30": 0.1414, "2012-06-30": -0.2106, "2012-03-31": "0.38450", "2011-12-31": 0.355, "2011-09-30": 0.2204, "2011-06-30": 0.2878, "2011-03-31": "0.25400", "2010-12-31": 0.1665, "2010-09-30": 0.3795, "2010-06-30": 0.2188, "2010-03-31": "0.37010", "2009-12-31": 0.6156, "2009-09-30": 0.3789, "2009-06-30": 0.4361, "2009-03-31": "0.58360", "2008-12-31": 0.3992, "2008-09-30": 0.4268, "2008-06-30": -0.0934, "2008-03-31": "0.31030", "2007-12-31": 0.1574, "2007-09-30": 0.0825, "2007-06-30": -0.0074, "2007-03-31": "0.19080", "2006-12-31": 0.2006, "2006-09-30": 0.3929, "2006-06-30": 0.2002, "2006-03-31": "0.13570", "2005-12-31": 0.1918, "2005-09-30": 0.159, "2005-06-30": 0.2063, "2005-03-31": "0.14870"}}, "revenue": {"Integra LifeSciences Holdings Annual Revenue (Millions of US $)": {"2019": "$1,518", "2018": "$1,472", "2017": "$1,188", "2016": "$992", "2015": "$883", "2014": "$797", "2013": "$697", "2012": "$831", "2011": "$780", "2010": "$732", "2009": "$682", "2008": "$655", "2007": "$550", "2006": "$419", "2005": "$278"}, "Integra LifeSciences Holdings Quarterly Revenue (Millions of US $)": {"2020-09-30": "$370", "2020-06-30": "$259", "2020-03-31": "$354", "2019-12-31": "$395", "2019-09-30": "$379", "2019-06-30": "$384", "2019-03-31": "$360", "2018-12-31": "$383", "2018-09-30": "$366", "2018-06-30": "$366", "2018-03-31": "$357", "2017-12-31": "$369", "2017-09-30": "$279", "2017-06-30": "$282", "2017-03-31": "$259", "2016-12-31": "$256", "2016-09-30": "$250", "2016-06-30": "$249", "2016-03-31": "$237", "2015-12-31": "$241", "2015-09-30": "$226", "2015-06-30": "$213", "2015-03-31": "$203", "2014-12-31": "$153", "2014-09-30": "$198", "2014-06-30": "$231", "2014-03-31": "$215", "2013-12-31": "$81", "2013-09-30": "$213", "2013-06-30": "$206", "2013-03-31": "$197", "2012-12-31": "$214", "2012-09-30": "$210", "2012-06-30": "$210", "2012-03-31": "$196", "2011-12-31": "$204", "2011-09-30": "$202", "2011-06-30": "$193", "2011-03-31": "$181", "2010-12-31": "$194", "2010-09-30": "$187", "2010-06-30": "$179", "2010-03-31": "$173", "2009-12-31": "$184", "2009-09-30": "$172", "2009-06-30": "$166", "2009-03-31": "$161", "2008-12-31": "$174", "2008-09-30": "$167", "2008-06-30": "$157", "2008-03-31": "$156", "2007-12-31": "$158", "2007-09-30": "$135", "2007-06-30": "$135", "2007-03-31": "$123", "2006-12-31": "$125", "2006-09-30": "$117", "2006-06-30": "$100", "2006-03-31": "$77", "2005-12-31": "$73", "2005-09-30": "$69", "2005-06-30": "$70", "2005-03-31": "$66"}}, "gross-profit": {"Integra LifeSciences Holdings Annual Gross Profit (Millions of US $)": {"2019": "$953", "2018": "$901", "2017": "$753", "2016": "$643", "2015": "$556", "2014": "$494", "2013": "$417", "2012": "$516", "2011": "$481", "2010": "$464", "2009": "$438", "2008": "$402", "2007": "$336", "2006": "$251", "2005": "$171"}, "Integra LifeSciences Holdings Quarterly Gross Profit (Millions of US $)": {"2020-09-30": "$235", "2020-06-30": "$153", "2020-03-31": "$221", "2019-12-31": "$246", "2019-09-30": "$236", "2019-06-30": "$240", "2019-03-31": "$231", "2018-12-31": "$237", "2018-09-30": "$223", "2018-06-30": "$229", "2018-03-31": "$213", "2017-12-31": "$220", "2017-09-30": "$177", "2017-06-30": "$183", "2017-03-31": "$172", "2016-12-31": "$170", "2016-09-30": "$161", "2016-06-30": "$160", "2016-03-31": "$152", "2015-12-31": "$151", "2015-09-30": "$140", "2015-06-30": "$137", "2015-03-31": "$127", "2014-12-31": "$93", "2014-09-30": "$124", "2014-06-30": "$144", "2014-03-31": "$133", "2013-12-31": "$45", "2013-09-30": "$131", "2013-06-30": "$124", "2013-03-31": "$117", "2012-12-31": "$133", "2012-09-30": "$131", "2012-06-30": "$132", "2012-03-31": "$122", "2011-12-31": "$121", "2011-09-30": "$124", "2011-06-30": "$120", "2011-03-31": "$116", "2010-12-31": "$123", "2010-09-30": "$117", "2010-06-30": "$114", "2010-03-31": "$109", "2009-12-31": "$120", "2009-09-30": "$109", "2009-06-30": "$106", "2009-03-31": "$103", "2008-12-31": "$106", "2008-09-30": "$103", "2008-06-30": "$99", "2008-03-31": "$94", "2007-12-31": "$95", "2007-09-30": "$84", "2007-06-30": "$82", "2007-03-31": "$74", "2006-12-31": "$74", "2006-09-30": "$69", "2006-06-30": "$59", "2006-03-31": "$49", "2005-12-31": "$44", "2005-09-30": "$43", "2005-06-30": "$42", "2005-03-31": "$41"}}, "operating-income": {"Integra LifeSciences Holdings Annual Operating Income (Millions of US $)": {"2019": "$94", "2018": "$111", "2017": "$45", "2016": "$115", "2015": "$80", "2014": "$68", "2013": "$35", "2012": "$74", "2011": "$55", "2010": "$99", "2009": "$98", "2008": "$47", "2007": "$67", "2006": "$59", "2005": "$56"}, "Integra LifeSciences Holdings Quarterly Operating Income (Millions of US $)": {"2020-09-30": "$58", "2020-06-30": "$14", "2020-03-31": "$27", "2019-12-31": "$36", "2019-09-30": "$-21", "2019-06-30": "$46", "2019-03-31": "$32", "2018-12-31": "$34", "2018-09-30": "$24", "2018-06-30": "$28", "2018-03-31": "$26", "2017-12-31": "$7", "2017-09-30": "$11", "2017-06-30": "$17", "2017-03-31": "$10", "2016-12-31": "$41", "2016-09-30": "$30", "2016-06-30": "$22", "2016-03-31": "$22", "2015-12-31": "$24", "2015-09-30": "$10", "2015-06-30": "$24", "2015-03-31": "$21", "2014-12-31": "$30", "2014-09-30": "$17", "2014-06-30": "$12", "2014-03-31": "$9", "2013-12-31": "$63", "2013-09-30": "$-31", "2013-06-30": "$6", "2013-03-31": "$-2", "2012-12-31": "$19", "2012-09-30": "$20", "2012-06-30": "$18", "2012-03-31": "$17", "2011-12-31": "$8", "2011-09-30": "$18", "2011-06-30": "$8", "2011-03-31": "$21", "2010-12-31": "$24", "2010-09-30": "$27", "2010-06-30": "$25", "2010-03-31": "$23", "2009-12-31": "$28", "2009-09-30": "$24", "2009-06-30": "$24", "2009-03-31": "$22", "2008-12-31": "$25", "2008-09-30": "$-23", "2008-06-30": "$25", "2008-03-31": "$21", "2007-12-31": "$16", "2007-09-30": "$18", "2007-06-30": "$17", "2007-03-31": "$17", "2006-12-31": "$20", "2006-09-30": "$12", "2006-06-30": "$13", "2006-03-31": "$14", "2005-12-31": "$15", "2005-09-30": "$16", "2005-06-30": "$12", "2005-03-31": "$13"}}, "ebitda": {"Integra LifeSciences Holdings Annual EBITDA (Millions of US $)": {"2019": "$209", "2018": "$228", "2017": "$136", "2016": "$191", "2015": "$141", "2014": "$117", "2013": "$69", "2012": "$129", "2011": "$108", "2010": "$139", "2009": "$140", "2008": "$81", "2007": "$94", "2006": "$80", "2005": "$70"}, "Integra LifeSciences Holdings Quarterly EBITDA (Millions of US $)": {"2020-09-30": "$98", "2020-06-30": "$49", "2020-03-31": "$63", "2019-12-31": "$65", "2019-09-30": "$8", "2019-06-30": "$74", "2019-03-31": "$61", "2018-12-31": "$63", "2018-09-30": "$54", "2018-06-30": "$57", "2018-03-31": "$54", "2017-12-31": "$35", "2017-09-30": "$32", "2017-06-30": "$39", "2017-03-31": "$30", "2016-12-31": "$60", "2016-09-30": "$49", "2016-06-30": "$41", "2016-03-31": "$41", "2015-12-31": "$43", "2015-09-30": "$27", "2015-06-30": "$37", "2015-03-31": "$34", "2014-12-31": "$43", "2014-09-30": "$23", "2014-06-30": "$28", "2014-03-31": "$23", "2013-12-31": "$59", "2013-09-30": "$-19", "2013-06-30": "$19", "2013-03-31": "$10", "2012-12-31": "$33", "2012-09-30": "$34", "2012-06-30": "$32", "2012-03-31": "$31", "2011-12-31": "$21", "2011-09-30": "$32", "2011-06-30": "$24", "2011-03-31": "$31", "2010-12-31": "$35", "2010-09-30": "$37", "2010-06-30": "$34", "2010-03-31": "$32", "2009-12-31": "$41", "2009-09-30": "$34", "2009-06-30": "$33", "2009-03-31": "$32", "2008-12-31": "$34", "2008-09-30": "$-14", "2008-06-30": "$32", "2008-03-31": "$28", "2007-12-31": "$23", "2007-09-30": "$25", "2007-06-30": "$25", "2007-03-31": "$22", "2006-12-31": "$26", "2006-09-30": "$19", "2006-06-30": "$18", "2006-03-31": "$17", "2005-12-31": "$18", "2005-09-30": "$20", "2005-06-30": "$15", "2005-03-31": "$16"}}, "net-income": {"Integra LifeSciences Holdings Annual Net Income (Millions of US $)": {"2019": "$50", "2018": "$61", "2017": "$65", "2016": "$75", "2015": "$-4", "2014": "$34", "2013": "$-21", "2012": "$41", "2011": "$28", "2010": "$66", "2009": "$51", "2008": "$28", "2007": "$26", "2006": "$29", "2005": "$37"}, "Integra LifeSciences Holdings Quarterly Net Income (Millions of US $)": {"2020-09-30": "$32", "2020-06-30": "$-0", "2020-03-31": "$9", "2019-12-31": "$15", "2019-09-30": "$-28", "2019-06-30": "$30", "2019-03-31": "$33", "2018-12-31": "$25", "2018-09-30": "$13", "2018-06-30": "$11", "2018-03-31": "$11", "2017-12-31": "$44", "2017-09-30": "$3", "2017-06-30": "$11", "2017-03-31": "$6", "2016-12-31": "$28", "2016-09-30": "$20", "2016-06-30": "$13", "2016-03-31": "$13", "2015-12-31": "$15", "2015-09-30": "$-32", "2015-06-30": "$5", "2015-03-31": "$8", "2014-12-31": "$17", "2014-09-30": "$10", "2014-06-30": "$5", "2014-03-31": "$2", "2013-12-31": "$14", "2013-09-30": "$-30", "2013-06-30": "$2", "2013-03-31": "$-6", "2012-12-31": "$13", "2012-09-30": "$13", "2012-06-30": "$9", "2012-03-31": "$7", "2011-12-31": "$5", "2011-09-30": "$11", "2011-06-30": "$1", "2011-03-31": "$11", "2010-12-31": "$19", "2010-09-30": "$16", "2010-06-30": "$15", "2010-03-31": "$15", "2009-12-31": "$16", "2009-09-30": "$14", "2009-06-30": "$11", "2009-03-31": "$10", "2008-12-31": "$23", "2008-09-30": "$-17", "2008-06-30": "$12", "2008-03-31": "$9", "2007-12-31": "$-2", "2007-09-30": "$10", "2007-06-30": "$9", "2007-03-31": "$9", "2006-12-31": "$10", "2006-09-30": "$3", "2006-06-30": "$8", "2006-03-31": "$9", "2005-12-31": "$11", "2005-09-30": "$10", "2005-06-30": "$8", "2005-03-31": "$8"}}, "eps-earnings-per-share-diluted": {"Integra LifeSciences Holdings Annual EPS": {"2019": "$0.58", "2018": "$0.72", "2017": "$0.82", "2016": "$0.94", "2015": "$-0.05", "2014": "$0.52", "2013": "$-0.37", "2012": "$0.72", "2011": "$0.48", "2010": "$1.09", "2009": "$0.87", "2008": "$0.48", "2007": "$0.43", "2006": "$0.49", "2005": "$0.58"}, "Integra LifeSciences Holdings Quarterly EPS": {"2020-09-30": "$0.38", "2020-06-30": "$0.00", "2020-03-31": "$0.11", "2019-12-31": "$0.18", "2019-09-30": "$-0.32", "2019-06-30": "$0.34", "2019-03-31": "$0.38", "2018-12-31": "$0.29", "2018-09-30": "$0.15", "2018-06-30": "$0.14", "2018-03-31": "$0.14", "2017-12-31": "$0.56", "2017-09-30": "$0.04", "2017-06-30": "$0.14", "2017-03-31": "$0.08", "2016-12-31": "$0.35", "2016-09-30": "$0.25", "2016-06-30": "$0.16", "2016-03-31": "$0.18", "2015-12-31": "$0.21", "2015-09-30": "$-0.45", "2015-06-30": "$0.07", "2015-03-31": "$0.13", "2014-12-31": "$0.27", "2014-09-30": "$0.15", "2014-06-30": "$0.08", "2014-03-31": "$0.04", "2013-12-31": "$0.26", "2013-09-30": "$-0.55", "2013-06-30": "$0.03", "2013-03-31": "$-0.11", "2012-12-31": "$0.23", "2012-09-30": "$0.23", "2012-06-30": "$0.15", "2012-03-31": "$0.12", "2011-12-31": "$0.08", "2011-09-30": "$0.20", "2011-06-30": "$0.01", "2011-03-31": "$0.19", "2010-12-31": "$0.31", "2010-09-30": "$0.28", "2010-06-30": "$0.25", "2010-03-31": "$0.25", "2009-12-31": "$0.28", "2009-09-30": "$0.25", "2009-06-30": "$0.19", "2009-03-31": "$0.16", "2008-12-31": "$0.41", "2008-09-30": "$-0.30", "2008-06-30": "$0.22", "2008-03-31": "$0.16", "2007-12-31": "$-0.04", "2007-09-30": "$0.17", "2007-06-30": "$0.16", "2007-03-31": "$0.15", "2006-12-31": "$0.17", "2006-09-30": "$0.05", "2006-06-30": "$0.13", "2006-03-31": "$0.14", "2005-12-31": "$0.17", "2005-09-30": "$0.17", "2005-06-30": "$0.12", "2005-03-31": "$0.13"}}, "shares-outstanding": {"Integra LifeSciences Holdings Annual Shares Outstanding (Millions of Shares)": {"2019": "86", "2018": "84", "2017": "79", "2016": "79", "2015": "71", "2014": "66", "2013": "58", "2012": "57", "2011": "59", "2010": "60", "2009": "59", "2008": "57", "2007": "59", "2006": "65", "2005": "69"}, "Integra LifeSciences Holdings Quarterly Shares Outstanding (Millions of Shares)": {"2020-09-30": "85", "2020-06-30": "85", "2020-03-31": "86", "2019-12-31": "86", "2019-09-30": "86", "2019-06-30": "86", "2019-03-31": "86", "2018-12-31": "84", "2018-09-30": "86", "2018-06-30": "84", "2018-03-31": "80", "2017-12-31": "79", "2017-09-30": "79", "2017-06-30": "79", "2017-03-31": "78", "2016-12-31": "79", "2016-09-30": "81", "2016-06-30": "79", "2016-03-31": "76", "2015-12-31": "71", "2015-09-30": "71", "2015-06-30": "68", "2015-03-31": "67", "2014-12-31": "66", "2014-09-30": "66", "2014-06-30": "66", "2014-03-31": "66", "2013-12-31": "58", "2013-09-30": "56", "2013-06-30": "56", "2013-03-31": "56", "2012-12-31": "57", "2012-09-30": "58", "2012-06-30": "57", "2012-03-31": "57", "2011-12-31": "59", "2011-09-30": "58", "2011-06-30": "60", "2011-03-31": "60", "2010-12-31": "60", "2010-09-30": "60", "2010-06-30": "61", "2010-03-31": "60", "2009-12-31": "59", "2009-09-30": "59", "2009-06-30": "58", "2009-03-31": "59", "2008-12-31": "57", "2008-09-30": "56", "2008-06-30": "57", "2008-03-31": "56", "2007-12-31": "59", "2007-09-30": "59", "2007-06-30": "60", "2007-03-31": "60", "2006-12-31": "65", "2006-09-30": "60", "2006-06-30": "68", "2006-03-31": "68", "2005-12-31": "69", "2005-09-30": "69", "2005-06-30": "69", "2005-03-31": "70"}}, "total-assets": {"Integra LifeSciences Holdings Annual Total Assets (Millions of US $)": {"2019": "$3,303", "2018": "$3,108", "2017": "$3,211", "2016": "$1,808", "2015": "$1,774", "2014": "$1,587", "2013": "$1,192", "2012": "$1,164", "2011": "$1,144", "2010": "$1,019", "2009": "$940", "2008": "$1,026", "2007": "$818", "2006": "$614", "2005": "$448"}, "Integra LifeSciences Holdings Quarterly Total Assets (Millions of US $)": {"2020-09-30": "$3,454", "2020-06-30": "$3,392", "2020-03-31": "$3,448", "2019-12-31": "$3,303", "2019-09-30": "$3,347", "2019-06-30": "$3,290", "2019-03-31": "$3,206", "2018-12-31": "$3,108", "2018-09-30": "$3,179", "2018-06-30": "$3,186", "2018-03-31": "$3,248", "2017-12-31": "$3,211", "2017-09-30": "$2,418", "2017-06-30": "$2,101", "2017-03-31": "$2,049", "2016-12-31": "$1,808", "2016-09-30": "$1,827", "2016-06-30": "$1,814", "2016-03-31": "$1,830", "2015-12-31": "$1,774", "2015-09-30": "$1,828", "2015-06-30": "$1,638", "2015-03-31": "$1,551", "2014-12-31": "$1,587", "2014-09-30": "$1,546", "2014-06-30": "$1,563", "2014-03-31": "$1,556", "2013-12-31": "$1,192", "2013-09-30": "$1,184", "2013-06-30": "$1,188", "2013-03-31": "$1,156", "2012-12-31": "$1,164", "2012-09-30": "$1,186", "2012-06-30": "$1,162", "2012-03-31": "$1,158", "2011-12-31": "$1,144", "2011-09-30": "$1,175", "2011-06-30": "$1,154", "2011-03-31": "$1,007", "2010-12-31": "$1,019", "2010-09-30": "$959", "2010-06-30": "$942", "2010-03-31": "$938", "2009-12-31": "$940", "2009-09-30": "$973", "2009-06-30": "$946", "2009-03-31": "$995", "2008-12-31": "$1,026", "2008-09-30": "$961", "2008-06-30": "$862", "2008-03-31": "$973", "2007-12-31": "$818", "2007-09-30": "$810", "2007-06-30": "$776", "2007-03-31": "$623", "2006-12-31": "$614", "2006-09-30": "$604", "2006-06-30": "$566", "2006-03-31": "$492", "2005-12-31": "$448", "2005-09-30": "$466", "2005-06-30": "$452", "2005-03-31": "$470"}}, "cash-on-hand": {"Integra LifeSciences Holdings Annual Cash on Hand (Millions of US $)": {"2019": "$199", "2018": "$139", "2017": "$175", "2016": "$102", "2015": "$52", "2014": "$72", "2013": "$121", "2012": "$97", "2011": "$101", "2010": "$129", "2009": "$72", "2008": "$184", "2007": "$57", "2006": "$23", "2005": "$127"}, "Integra LifeSciences Holdings Quarterly Cash on Hand (Millions of US $)": {"2020-09-30": "$396", "2020-06-30": "$361", "2020-03-31": "$358", "2019-12-31": "$199", "2019-09-30": "$208", "2019-06-30": "$176", "2019-03-31": "$157", "2018-12-31": "$139", "2018-09-30": "$206", "2018-06-30": "$184", "2018-03-31": "$189", "2017-12-31": "$175", "2017-09-30": "$482", "2017-06-30": "$155", "2017-03-31": "$135", "2016-12-31": "$102", "2016-09-30": "$108", "2016-06-30": "$87", "2016-03-31": "$77", "2015-12-31": "$52", "2015-09-30": "$79", "2015-06-30": "$131", "2015-03-31": "$80", "2014-12-31": "$72", "2014-09-30": "$140", "2014-06-30": "$137", "2014-03-31": "$129", "2013-12-31": "$121", "2013-09-30": "$119", "2013-06-30": "$99", "2013-03-31": "$90", "2012-12-31": "$97", "2012-09-30": "$126", "2012-06-30": "$115", "2012-03-31": "$112", "2011-12-31": "$101", "2011-09-30": "$111", "2011-06-30": "$137", "2011-03-31": "$104", "2010-12-31": "$129", "2010-09-30": "$83", "2010-06-30": "$94", "2010-03-31": "$82", "2009-12-31": "$72", "2009-09-30": "$107", "2009-06-30": "$139", "2009-03-31": "$186", "2008-12-31": "$184", "2008-09-30": "$109", "2008-06-30": "$77", "2008-03-31": "$199", "2007-12-31": "$57", "2007-09-30": "$129", "2007-06-30": "$121", "2007-03-31": "$29", "2006-12-31": "$23", "2006-09-30": "$24", "2006-06-30": "$34", "2006-03-31": "$86", "2005-12-31": "$127", "2005-09-30": "$136", "2005-06-30": "$98", "2005-03-31": "$76"}}, "long-term-debt": {"Integra LifeSciences Holdings Annual Long Term Debt (Millions of US $)": {"2019": "$1,303", "2018": "$1,332", "2017": "$1,781", "2016": "$665", "2015": "$700", "2014": "$626", "2013": "$392", "2012": "$520", "2011": "$532", "2010": "$295", "2009": "$309", "2008": "$459", "2007": "$330", "2006": "$1", "2005": "$118"}, "Integra LifeSciences Holdings Quarterly Long Term Debt (Millions of US $)": {"2020-09-30": "$1,506", "2020-06-30": "$1,541", "2020-03-31": "$1,577", "2019-12-31": "$1,303", "2019-09-30": "$1,384", "2019-06-30": "$1,307", "2019-03-31": "$1,331", "2018-12-31": "$1,332", "2018-09-30": "$1,421", "2018-06-30": "$1,476", "2018-03-31": "$1,772", "2017-12-31": "$1,781", "2017-09-30": "$1,153", "2017-06-30": "$868", "2017-03-31": "$849", "2016-12-31": "$665", "2016-09-30": "$659", "2016-06-30": "$684", "2016-03-31": "$712", "2015-12-31": "$700", "2015-09-30": "$719", "2015-06-30": "$644", "2015-03-31": "$611", "2014-12-31": "$626", "2014-09-30": "$621", "2014-06-30": "$631", "2014-03-31": "$629", "2013-12-31": "$392", "2013-09-30": "$545", "2013-06-30": "$543", "2013-03-31": "$521", "2012-12-31": "$520", "2012-09-30": "$518", "2012-06-30": "$516", "2012-03-31": "$523", "2011-12-31": "$532", "2011-09-30": "$542", "2011-06-30": "$490", "2011-03-31": "$294", "2010-12-31": "$295", "2010-09-30": "$366", "2010-06-30": "$372", "2010-03-31": "$295", "2009-12-31": "$309", "2009-09-30": "$307", "2009-06-30": "$306", "2009-03-31": "$431", "2008-12-31": "$459", "2008-09-30": "$330", "2008-06-30": "$330", "2008-03-31": "$330", "2007-12-31": "$330", "2007-09-30": "$330", "2007-06-30": "$330", "2007-03-31": "", "2006-12-31": "$1", "2006-09-30": "$5", "2006-06-30": "$118", "2006-03-31": "$118", "2005-12-31": "$118", "2005-09-30": "$118", "2005-06-30": "$119", "2005-03-31": "$119"}}, "total-liabilities": {"Integra LifeSciences Holdings Annual Total Liabilities (Millions of US $)": {"2019": "$1,887", "2018": "$1,732", "2017": "$2,249", "2016": "$968", "2015": "$1,023", "2014": "$883", "2013": "$526", "2012": "$646", "2011": "$651", "2010": "$519", "2009": "$495", "2008": "$654", "2007": "$558", "2006": "$317", "2005": "$159"}, "Integra LifeSciences Holdings Quarterly Total Liabilities (Millions of US $)": {"2020-09-30": "$2,056", "2020-06-30": "$2,043", "2020-03-31": "$2,106", "2019-12-31": "$1,887", "2019-09-30": "$1,962", "2019-06-30": "$1,869", "2019-03-31": "$1,809", "2018-12-31": "$1,732", "2018-09-30": "$1,814", "2018-06-30": "$1,844", "2018-03-31": "$2,249", "2017-12-31": "$2,249", "2017-09-30": "$1,505", "2017-06-30": "$1,207", "2017-03-31": "$1,197", "2016-12-31": "$968", "2016-09-30": "$1,004", "2016-06-30": "$1,019", "2016-03-31": "$1,054", "2015-12-31": "$1,023", "2015-09-30": "$1,098", "2015-06-30": "$926", "2015-03-31": "$863", "2014-12-31": "$883", "2014-09-30": "$860", "2014-06-30": "$874", "2014-03-31": "$877", "2013-12-31": "$526", "2013-09-30": "$685", "2013-06-30": "$671", "2013-03-31": "$647", "2012-12-31": "$646", "2012-09-30": "$659", "2012-06-30": "$655", "2012-03-31": "$650", "2011-12-31": "$651", "2011-09-30": "$673", "2011-06-30": "$635", "2011-03-31": "$479", "2010-12-31": "$519", "2010-09-30": "$488", "2010-06-30": "$481", "2010-03-31": "$480", "2009-12-31": "$495", "2009-09-30": "$543", "2009-06-30": "$544", "2009-03-31": "$621", "2008-12-31": "$654", "2008-09-30": "$639", "2008-06-30": "$538", "2008-03-31": "$684", "2007-12-31": "$558", "2007-09-30": "$560", "2007-06-30": "$553", "2007-03-31": "$318", "2006-12-31": "$317", "2006-09-30": "$299", "2006-06-30": "$254", "2006-03-31": "$183", "2005-12-31": "$159", "2005-09-30": "$158", "2005-06-30": "$157", "2005-03-31": "$156"}}, "total-share-holder-equity": {"Integra LifeSciences Holdings Annual Share Holder Equity (Millions of US $)": {"2019": "$1,417", "2018": "$1,376", "2017": "$962", "2016": "$840", "2015": "$751", "2014": "$704", "2013": "$666", "2012": "$518", "2011": "$493", "2010": "$500", "2009": "$445", "2008": "$372", "2007": "$260", "2006": "$296", "2005": "$290"}, "Integra LifeSciences Holdings Quarterly Share Holder Equity (Millions of US $)": {"2020-09-30": "$1,398", "2020-06-30": "$1,349", "2020-03-31": "$1,342", "2019-12-31": "$1,417", "2019-09-30": "$1,385", "2019-06-30": "$1,421", "2019-03-31": "$1,397", "2018-12-31": "$1,376", "2018-09-30": "$1,365", "2018-06-30": "$1,342", "2018-03-31": "$998", "2017-12-31": "$962", "2017-09-30": "$913", "2017-06-30": "$895", "2017-03-31": "$852", "2016-12-31": "$840", "2016-09-30": "$823", "2016-06-30": "$795", "2016-03-31": "$776", "2015-12-31": "$751", "2015-09-30": "$730", "2015-06-30": "$712", "2015-03-31": "$688", "2014-12-31": "$704", "2014-09-30": "$686", "2014-06-30": "$689", "2014-03-31": "$679", "2013-12-31": "$666", "2013-09-30": "$499", "2013-06-30": "$517", "2013-03-31": "$510", "2012-12-31": "$518", "2012-09-30": "$527", "2012-06-30": "$507", "2012-03-31": "$508", "2011-12-31": "$493", "2011-09-30": "$502", "2011-06-30": "$519", "2011-03-31": "$528", "2010-12-31": "$500", "2010-09-30": "$471", "2010-06-30": "$460", "2010-03-31": "$458", "2009-12-31": "$445", "2009-09-30": "$430", "2009-06-30": "$403", "2009-03-31": "$374", "2008-12-31": "$372", "2008-09-30": "$322", "2008-06-30": "$324", "2008-03-31": "$289", "2007-12-31": "$260", "2007-09-30": "$250", "2007-06-30": "$224", "2007-03-31": "$306", "2006-12-31": "$296", "2006-09-30": "$305", "2006-06-30": "$312", "2006-03-31": "$309", "2005-12-31": "$290", "2005-09-30": "$308", "2005-06-30": "$295", "2005-03-31": "$314"}}, "profit-margins": {"current": "4.1%"}, "gross margin": {"2020-09-30": "62.05%", "2020-06-30": "61.72%", "2020-03-31": "62.37%", "2019-12-31": "62.78%", "2019-09-30": "62.68%", "2019-06-30": "62.36%", "2019-03-31": "62.37%", "2018-12-31": "61.28%", "2018-09-30": "60.70%", "2018-06-30": "61.20%", "2018-03-31": "61.62%", "2017-12-31": "63.25%", "2017-09-30": "65.24%", "2017-06-30": "65.52%", "2017-03-31": "65.38%", "2016-12-31": "64.82%", "2016-09-30": "63.87%", "2016-06-30": "63.27%", "2016-03-31": "63.25%", "2015-12-31": "62.85%", "2015-09-30": "62.52%", "2015-06-30": "62.71%", "2015-03-31": "62.17%", "2014-12-31": "61.98%", "2014-09-30": "61.52%", "2014-06-30": "61.22%", "2014-03-31": "60.56%", "2013-12-31": "59.83%", "2013-09-30": "60.84%", "2013-06-30": "61.06%", "2013-03-31": "61.73%", "2012-12-31": "62.41%", "2012-09-30": "61.71%", "2012-06-30": "61.45%", "2012-03-31": "61.26%", "2011-12-31": "61.67%", "2011-09-30": "62.73%", "2011-06-30": "63.05%", "2011-03-31": "63.43%", "2010-12-31": "63.17%", "2010-09-30": "63.62%", "2010-06-30": "63.84%", "2010-03-31": "63.88%", "2009-12-31": "64.13%", "2009-09-30": "63.00%", "2009-06-30": "62.57%", "2009-03-31": "62.37%", "2008-12-31": "61.47%", "2008-09-30": "61.29%", "2008-06-30": "61.39%", "2008-03-31": "60.79%", "2007-12-31": "60.80%", "2007-09-30": "60.62%", "2007-06-30": "59.80%", "2007-03-31": "59.35%", "2006-12-31": "59.90%", "2006-09-30": "60.22%", "2006-06-30": "61.13%", "2006-03-31": "61.59%", "2005-12-31": "61.15%"}, "operating margin": {"2020-09-30": "9.80%", "2020-06-30": "4.04%", "2020-03-31": "5.82%", "2019-12-31": "6.13%", "2019-09-30": "6.04%", "2019-06-30": "9.11%", "2019-03-31": "8.00%", "2018-12-31": "7.61%", "2018-09-30": "5.83%", "2018-06-30": "5.25%", "2018-03-31": "4.74%", "2017-12-31": "3.78%", "2017-09-30": "7.34%", "2017-06-30": "9.36%", "2017-03-31": "10.16%", "2016-12-31": "11.59%", "2016-09-30": "10.03%", "2016-06-30": "8.18%", "2016-03-31": "8.72%", "2015-12-31": "8.95%", "2015-09-30": "10.69%", "2015-06-30": "11.99%", "2015-03-31": "10.19%", "2014-12-31": "8.53%", "2014-09-30": "13.93%", "2014-06-30": "7.16%", "2014-03-31": "6.57%", "2013-12-31": "5.16%", "2013-09-30": "-0.96%", "2013-06-30": "5.20%", "2013-03-31": "6.62%", "2012-12-31": "8.92%", "2012-09-30": "7.68%", "2012-06-30": "7.51%", "2012-03-31": "6.42%", "2011-12-31": "7.05%", "2011-09-30": "9.22%", "2011-06-30": "10.60%", "2011-03-31": "13.09%", "2010-12-31": "13.51%", "2010-09-30": "14.25%", "2010-06-30": "14.12%", "2010-03-31": "14.24%", "2009-12-31": "14.35%", "2009-09-30": "14.12%", "2009-06-30": "7.19%", "2009-03-31": "7.44%", "2008-12-31": "7.34%", "2008-09-30": "6.11%", "2008-06-30": "13.20%", "2008-03-31": "12.33%", "2007-12-31": "12.34%", "2007-09-30": "13.90%", "2007-06-30": "13.20%", "2007-03-31": "13.33%", "2006-12-31": "14.08%", "2006-09-30": "14.71%", "2006-06-30": "18.18%", "2006-03-31": "19.72%", "2005-12-31": "20.14%"}, "ebitda margin": {"2020-09-30": "19.96%", "2020-06-30": "13.34%", "2020-03-31": "13.89%", "2019-12-31": "13.70%", "2019-09-30": "13.68%", "2019-06-30": "16.88%", "2019-03-31": "15.93%", "2018-12-31": "15.49%", "2018-09-30": "13.72%", "2018-06-30": "12.98%", "2018-03-31": "12.43%", "2017-12-31": "11.44%", "2017-09-30": "14.96%", "2017-06-30": "17.00%", "2017-03-31": "17.75%", "2016-12-31": "19.25%", "2016-09-30": "17.81%", "2016-06-30": "15.95%", "2016-03-31": "16.14%", "2015-12-31": "15.97%", "2015-09-30": "17.74%", "2015-06-30": "17.86%", "2015-03-31": "16.31%", "2014-12-31": "14.68%", "2014-09-30": "18.34%", "2014-06-30": "12.30%", "2014-03-31": "11.47%", "2013-12-31": "9.90%", "2013-09-30": "5.18%", "2013-06-30": "11.61%", "2013-03-31": "13.12%", "2012-12-31": "15.66%", "2012-09-30": "14.39%", "2012-06-30": "14.29%", "2012-03-31": "13.58%", "2011-12-31": "13.85%", "2011-09-30": "15.84%", "2011-06-30": "16.82%", "2011-03-31": "18.49%", "2010-12-31": "18.83%", "2010-09-30": "19.92%", "2010-06-30": "19.92%", "2010-03-31": "20.14%", "2009-12-31": "20.50%", "2009-09-30": "19.76%", "2009-06-30": "12.72%", "2009-03-31": "12.75%", "2008-12-31": "12.23%", "2008-09-30": "10.82%", "2008-06-30": "17.82%", "2008-03-31": "17.29%", "2007-12-31": "17.24%", "2007-09-30": "18.92%", "2007-06-30": "18.40%", "2007-03-31": "18.28%", "2006-12-31": "19.09%", "2006-09-30": "19.62%", "2006-06-30": "22.88%", "2006-03-31": "24.22%", "2005-12-31": "24.82%"}, "pre tax profit margin": {"2020-09-30": "5.88%", "2020-06-30": "0.79%", "2020-03-31": "2.98%", "2019-12-31": "3.89%", "2019-09-30": "3.85%", "2019-06-30": "6.50%", "2019-03-31": "5.02%", "2018-12-31": "3.94%", "2018-09-30": "1.92%", "2018-06-30": "1.46%", "2018-03-31": "1.17%", "2017-12-31": "0.93%", "2017-09-30": "4.74%", "2017-06-30": "6.97%", "2017-03-31": "7.89%", "2016-12-31": "9.07%", "2016-09-30": "7.68%", "2016-06-30": "5.77%", "2016-03-31": "6.32%", "2015-12-31": "6.91%", "2015-09-30": "8.05%", "2015-06-30": "9.13%", "2015-03-31": "7.52%", "2014-12-31": "5.65%", "2014-09-30": "11.72%", "2014-06-30": "5.00%", "2014-03-31": "4.34%", "2013-12-31": "2.73%", "2013-09-30": "-3.25%", "2013-06-30": "2.90%", "2013-03-31": "4.21%", "2012-12-31": "6.39%", "2012-09-30": "4.39%", "2012-06-30": "4.06%", "2012-03-31": "2.89%", "2011-12-31": "3.59%", "2011-09-30": "6.10%", "2011-06-30": "7.68%", "2011-03-31": "10.39%", "2010-12-31": "11.05%", "2010-09-30": "11.76%", "2010-06-30": "11.44%", "2010-03-31": "11.08%", "2009-12-31": "10.69%", "2009-09-30": "9.81%", "2009-06-30": "2.69%", "2009-03-31": "2.88%", "2008-12-31": "2.75%", "2008-09-30": "0.78%", "2008-06-30": "8.42%", "2008-03-31": "8.22%", "2007-12-31": "8.71%", "2007-09-30": "12.16%", "2007-06-30": "10.60%", "2007-03-31": "10.75%", "2006-12-31": "11.69%", "2006-09-30": "12.53%", "2006-06-30": "17.55%", "2006-03-31": "19.38%", "2005-12-31": "20.14%"}, "net profit margin": {"2020-09-30": "4.06%", "2020-06-30": "-0.29%", "2020-03-31": "1.72%", "2019-12-31": "3.29%", "2019-09-30": "3.98%", "2019-06-30": "6.76%", "2019-03-31": "5.56%", "2018-12-31": "4.08%", "2018-09-30": "5.42%", "2018-06-30": "5.03%", "2018-03-31": "5.36%", "2017-12-31": "5.38%", "2017-09-30": "4.46%", "2017-06-30": "6.21%", "2017-03-31": "6.61%", "2016-12-31": "7.46%", "2016-09-30": "6.24%", "2016-06-30": "0.94%", "2016-03-31": "0.11%", "2015-12-31": "-0.45%", "2015-09-30": "-0.25%", "2015-06-30": "5.22%", "2015-03-31": "5.10%", "2014-12-31": "4.27%", "2014-09-30": "4.28%", "2014-06-30": "-1.22%", "2014-03-31": "-1.68%", "2013-12-31": "-2.87%", "2013-09-30": "-2.53%", "2013-06-30": "2.66%", "2013-03-31": "3.49%", "2012-12-31": "5.06%", "2012-09-30": "4.15%", "2012-06-30": "3.94%", "2012-03-31": "3.02%", "2011-12-31": "3.59%", "2011-09-30": "5.45%", "2011-06-30": "6.23%", "2011-03-31": "8.23%", "2010-12-31": "8.87%", "2010-09-30": "8.58%", "2010-06-30": "8.47%", "2010-03-31": "8.06%", "2009-12-31": "7.47%", "2009-09-30": "8.62%", "2009-06-30": "4.04%", "2009-03-31": "4.25%", "2008-12-31": "4.13%", "2008-09-30": "0.31%", "2008-06-30": "4.79%", "2008-03-31": "4.45%", "2007-12-31": "4.72%", "2007-09-30": "7.34%", "2007-06-30": "6.20%", "2007-03-31": "6.45%", "2006-12-31": "7.16%", "2006-09-30": "8.45%", "2006-06-30": "11.91%", "2006-03-31": "13.15%", "2005-12-31": "13.31%"}, "pe ratio": {"current": "29.77", "2021-02-05": "101.75", "2020-09-30": "70.48", "2020-06-30": "0.00", "2020-03-31": "144.10", "2019-12-31": "100.48", "2019-09-30": "87.06", "2019-06-30": "48.15", "2019-03-31": "58.04", "2018-12-31": "62.64", "2018-09-30": "66.54", "2018-06-30": "73.19", "2018-03-31": "62.89", "2017-12-31": "58.37", "2017-09-30": "82.75", "2017-06-30": "66.48", "2017-03-31": "50.15", "2016-12-31": "46.88", "2016-09-30": "54.31", "2016-06-30": "664.83", "2016-03-31": "0.00", "2015-12-31": "0.00", "2015-09-30": "2978.00", "2015-06-30": "50.15", "2015-03-31": "45.89", "2014-12-31": "47.36", "2014-09-30": "49.00", "2014-06-30": "0.00", "2014-03-31": "0.00", "2013-12-31": "0.00", "2013-09-30": "0.00", "2013-06-30": "37.38", "2013-03-31": "33.11", "2012-12-31": "24.41", "2012-09-30": "32.46", "2012-06-30": "31.27", "2012-03-31": "39.38", "2011-12-31": "29.47", "2011-09-30": "22.88", "2011-06-30": "27.48", "2011-03-31": "20.91", "2010-12-31": "19.71", "2010-09-30": "17.23", "2010-06-30": "16.64", "2010-03-31": "20.95", "2009-12-31": "19.47", "2009-09-30": "15.20", "2009-06-30": "23.84", "2009-03-31": "20.23", "2008-12-31": "26.92", "2008-09-30": "74.05", "2008-06-30": "28.65", "2008-03-31": "31.84", "2007-12-31": "33.70", "2007-09-30": "34.47", "2007-06-30": "43.16", "2007-03-31": "41.81", "2006-12-31": "40.72"}, "price sales": {"2021-02-05": "4.23", "2020-09-30": "2.93", "2020-06-30": "2.91", "2020-03-31": "2.54", "2019-12-31": "3.31", "2019-09-30": "3.41", "2019-06-30": "3.21", "2019-03-31": "3.21", "2018-12-31": "2.55", "2018-09-30": "3.71", "2018-06-30": "3.78", "2018-03-31": "3.41", "2017-12-31": "3.18", "2017-09-30": "3.71", "2017-06-30": "4.13", "2017-03-31": "3.30", "2016-12-31": "3.41", "2016-09-30": "3.24", "2016-06-30": "3.10", "2016-03-31": "2.63", "2015-12-31": "2.66", "2015-09-30": "2.55", "2015-06-30": "2.66", "2015-03-31": "2.36", "2014-12-31": "2.03", "2014-09-30": "2.01", "2014-06-30": "1.77", "2014-03-31": "1.72", "2013-12-31": "1.74", "2013-09-30": "1.24", "2013-06-30": "1.14", "2013-03-31": "1.21", "2012-12-31": "1.22", "2012-09-30": "1.31", "2012-06-30": "1.20", "2012-03-31": "1.16", "2011-12-31": "1.07", "2011-09-30": "1.26", "2011-06-30": "1.73", "2011-03-31": "1.76", "2010-12-31": "1.77", "2010-09-30": "1.49", "2010-06-30": "1.41", "2010-03-31": "1.69", "2009-12-31": "1.44", "2009-09-30": "1.34", "2009-06-30": "1.04", "2009-03-31": "0.97", "2008-12-31": "1.39", "2008-09-30": "1.79", "2008-06-30": "1.92", "2008-03-31": "1.98", "2007-12-31": "2.05", "2007-09-30": "2.59", "2007-06-30": "2.75", "2007-03-31": "2.80", "2006-12-31": "2.98"}, "price book": {"current": "4.11", "2021-02-05": "4.11", "2020-09-30": "2.85", "2020-06-30": "2.94", "2020-03-31": "2.82", "2019-12-31": "3.53", "2019-09-30": "3.72", "2019-06-30": "3.36", "2019-03-31": "3.41", "2018-12-31": "2.79", "2018-09-30": "4.11", "2018-06-30": "4.07", "2018-03-31": "4.37", "2017-12-31": "3.90", "2017-09-30": "4.33", "2017-06-30": "4.72", "2017-03-31": "3.72", "2016-12-31": "3.82", "2016-09-30": "3.74", "2016-06-30": "3.75", "2016-03-31": "3.22", "2015-12-31": "3.31", "2015-09-30": "3.01", "2015-06-30": "2.85", "2015-03-31": "2.67", "2014-12-31": "2.29", "2014-09-30": "2.14", "2014-06-30": "2.02", "2014-03-31": "2.00", "2013-12-31": "2.03", "2013-09-30": "2.05", "2013-06-30": "1.81", "2013-03-31": "1.95", "2012-12-31": "1.91", "2012-09-30": "1.91", "2012-06-30": "1.80", "2012-03-31": "1.66", "2011-12-31": "1.53", "2011-09-30": "1.76", "2011-06-30": "2.30", "2011-03-31": "2.33", "2010-12-31": "2.45", "2010-09-30": "2.15", "2010-06-30": "2.12", "2010-03-31": "2.51", "2009-12-31": "2.15", "2009-09-30": "2.05", "2009-06-30": "1.70", "2009-03-31": "1.69", "2008-12-31": "2.43", "2008-09-30": "3.43", "2008-06-30": "3.41", "2008-03-31": "3.61", "2007-12-31": "3.79", "2007-09-30": "4.64", "2007-06-30": "5.25", "2007-03-31": "3.70", "2006-12-31": "3.57", "2006-09-30": "3.12", "2006-06-30": "3.20", "2006-03-31": "3.44"}, "price fcf": {"2021-02-05": "", "2020-09-30": "$1.90", "2020-06-30": "$1.75", "2020-03-31": "$1.77", "2019-12-31": "$1.87", "2019-09-30": "$1.35", "2019-06-30": "$1.46", "2019-03-31": "$1.28", "2018-12-31": "$1.46", "2018-09-30": "$1.20", "2018-06-30": "$0.96", "2018-03-31": "$0.98", "2017-12-31": "$0.90", "2017-09-30": "$0.76", "2017-06-30": "$0.77", "2017-03-31": "$0.94", "2016-12-31": "$0.88", "2016-09-30": "$1.20", "2016-06-30": "$0.90", "2016-03-31": "$0.79", "2015-12-31": "$1.02", "2015-09-30": "$1.06", "2015-06-30": "$1.26", "2015-03-31": "$1.10", "2014-12-31": "$0.69", "2014-09-30": "$0.60", "2014-06-30": "$0.54", "2014-03-31": "$0.24", "2013-12-31": "$0.20", "2013-09-30": "$-0.41", "2013-06-30": "$-0.58", "2013-03-31": "$-0.60", "2012-12-31": "$-0.17", "2012-09-30": "$0.67", "2012-06-30": "$0.75", "2012-03-31": "$1.25", "2011-12-31": "$1.12", "2011-09-30": "$0.93", "2011-06-30": "$1.09", "2011-03-31": "$1.02", "2010-12-31": "$1.13", "2010-09-30": "$1.58", "2010-06-30": "$1.58", "2010-03-31": "$1.80", "2009-12-31": "$2.01", "2009-09-30": "$1.80", "2009-06-30": "$1.85", "2009-03-31": "$1.32", "2008-12-31": "$1.04", "2008-09-30": "$0.80", "2008-06-30": "$0.46", "2008-03-31": "$0.54", "2007-12-31": "$0.42", "2007-09-30": "$0.47", "2007-06-30": "$0.78", "2007-03-31": "$0.98", "2006-12-31": "$0.93"}, "net worth": {"value": "$5.74B"}, "current ratio": {"current": "4.52", "2020-09-30": "4.52", "2020-06-30": "4.55", "2020-03-31": "4.09", "2019-12-31": "2.59", "2019-09-30": "2.92", "2019-06-30": "2.76", "2019-03-31": "2.86", "2018-12-31": "2.95", "2018-09-30": "3.21", "2018-06-30": "3.52", "2018-03-31": "2.53", "2017-12-31": "2.36", "2017-09-30": "4.50", "2017-06-30": "3.46", "2017-03-31": "3.03", "2016-12-31": "4.01", "2016-09-30": "3.17", "2016-06-30": "3.30", "2016-03-31": "3.16", "2015-12-31": "3.15", "2015-09-30": "3.61", "2015-06-30": "3.91", "2015-03-31": "4.12", "2014-12-31": "4.20", "2014-09-30": "4.32", "2014-06-30": "4.45", "2014-03-31": "4.62", "2013-12-31": "4.37", "2013-09-30": "4.18", "2013-06-30": "4.37", "2013-03-31": "4.23", "2012-12-31": "4.24", "2012-09-30": "4.38", "2012-06-30": "4.25", "2012-03-31": "4.40", "2011-12-31": "4.44", "2011-09-30": "4.56", "2011-06-30": "4.20", "2011-03-31": "2.60", "2010-12-31": "2.20", "2010-09-30": "3.76", "2010-06-30": "4.53", "2010-03-31": "2.34", "2009-12-31": "2.33", "2009-09-30": "1.84", "2009-06-30": "1.95", "2009-03-31": "2.80", "2008-12-31": "2.85", "2008-09-30": "1.56", "2008-06-30": "2.01", "2008-03-31": "1.54", "2007-12-31": "1.77", "2007-09-30": "2.02", "2007-06-30": "1.95", "2007-03-31": "0.84", "2006-12-31": "0.81", "2006-09-30": "0.86", "2006-06-30": "1.99", "2006-03-31": "4.52", "2005-12-31": "8.50", "2005-09-30": "8.04", "2005-06-30": "6.98", "2005-03-31": "6.62"}, "quick ratio": {"2020-09-30": "3.31", "2020-06-30": "2.86", "2020-03-31": "2.72", "2019-12-31": "1.64", "2019-09-30": "1.92", "2019-06-30": "1.82", "2019-03-31": "1.86", "2018-12-31": "1.88", "2018-09-30": "2.08", "2018-06-30": "2.28", "2018-03-31": "1.66", "2017-12-31": "1.51", "2017-09-30": "3.39", "2017-06-30": "2.15", "2017-03-31": "1.75", "2016-12-31": "2.25", "2016-09-30": "1.81", "2016-06-30": "1.83", "2016-03-31": "1.74", "2015-12-31": "1.63", "2015-09-30": "2.08", "2015-06-30": "2.35", "2015-03-31": "2.28", "2014-12-31": "2.70", "2014-09-30": "2.55", "2014-06-30": "2.68", "2014-03-31": "2.78", "2013-12-31": "2.63", "2013-09-30": "2.48", "2013-06-30": "2.58", "2013-03-31": "2.53", "2012-12-31": "2.63", "2012-09-30": "2.88", "2012-06-30": "2.72", "2012-03-31": "2.75", "2011-12-31": "2.76", "2011-09-30": "2.82", "2011-06-30": "2.72", "2011-03-31": "1.66", "2010-12-31": "1.48", "2010-09-30": "2.32", "2010-06-30": "2.85", "2010-03-31": "1.45", "2009-12-31": "1.44", "2009-09-30": "1.19", "2009-06-30": "1.31", "2009-03-31": "1.97", "2008-12-31": "2.01", "2008-09-30": "1.00", "2008-06-30": "1.22", "2008-03-31": "1.09", "2007-12-31": "1.02", "2007-09-30": "1.35", "2007-06-30": "1.32", "2007-03-31": "0.49", "2006-12-31": "0.47", "2006-09-30": "0.49", "2006-06-30": "1.18", "2006-03-31": "3.08", "2005-12-31": "6.34", "2005-09-30": "5.98", "2005-06-30": "4.83", "2005-03-31": "4.51"}, "debt equity ratio": {"current": "1.08", "2020-09-30": "1.47", "2020-06-30": "1.51", "2020-03-31": "1.57", "2019-12-31": "1.33", "2019-09-30": "1.42", "2019-06-30": "1.32", "2019-03-31": "1.30", "2018-12-31": "1.26", "2018-09-30": "1.33", "2018-06-30": "1.37", "2018-03-31": "2.25", "2017-12-31": "2.34", "2017-09-30": "1.65", "2017-06-30": "1.35", "2017-03-31": "1.40", "2016-12-31": "1.15", "2016-09-30": "1.22", "2016-06-30": "1.28", "2016-03-31": "1.36", "2015-12-31": "1.36", "2015-09-30": "1.50", "2015-06-30": "1.30", "2015-03-31": "1.25", "2014-12-31": "1.25", "2014-09-30": "1.25", "2014-06-30": "1.27", "2014-03-31": "1.29", "2013-12-31": "0.79", "2013-09-30": "1.37", "2013-06-30": "1.30", "2013-03-31": "1.27", "2012-12-31": "1.25", "2012-09-30": "1.25", "2012-06-30": "1.29", "2012-03-31": "1.28", "2011-12-31": "1.32", "2011-09-30": "1.34", "2011-06-30": "1.22", "2011-03-31": "0.91", "2010-12-31": "1.04", "2010-09-30": "1.04", "2010-06-30": "1.05", "2010-03-31": "1.05", "2009-12-31": "1.11", "2009-09-30": "1.26", "2009-06-30": "1.35", "2009-03-31": "1.66", "2008-12-31": "1.76", "2008-09-30": "1.99", "2008-06-30": "1.66", "2008-03-31": "2.37", "2007-12-31": "2.14", "2007-09-30": "2.24", "2007-06-30": "2.47", "2007-03-31": "1.04", "2006-12-31": "1.07", "2006-09-30": "0.98", "2006-06-30": "0.82", "2006-03-31": "0.59", "2005-12-31": "0.55", "2005-09-30": "0.52", "2005-06-30": "0.53", "2005-03-31": "0.50"}, "return on equity": {"2020-09-30": "4.07%", "2020-06-30": "-0.29%", "2020-03-31": "1.87%", "2019-12-31": "3.56%", "2019-09-30": "4.30%", "2019-06-30": "7.27%", "2019-03-31": "5.99%", "2018-12-31": "4.72%", "2018-09-30": "6.77%", "2018-06-30": "6.55%", "2018-03-31": "7.32%", "2017-12-31": "7.07%", "2017-09-30": "5.49%", "2017-06-30": "7.62%", "2017-03-31": "8.10%", "2016-12-31": "9.15%", "2016-09-30": "7.76%", "2016-06-30": "1.18%", "2016-03-31": "0.13%", "2015-12-31": "-0.56%", "2015-09-30": "-0.28%", "2015-06-30": "5.73%", "2015-03-31": "5.78%", "2014-12-31": "4.93%", "2014-09-30": "4.56%", "2014-06-30": "-1.42%", "2014-03-31": "-2.03%", "2013-12-31": "-3.65%", "2013-09-30": "-4.11%", "2013-06-30": "4.25%", "2013-03-31": "5.63%", "2012-12-31": "8.16%", "2012-09-30": "6.68%", "2012-06-30": "6.37%", "2012-03-31": "4.75%", "2011-12-31": "5.48%", "2011-09-30": "8.20%", "2011-06-30": "9.32%", "2011-03-31": "12.46%", "2010-12-31": "13.76%", "2010-09-30": "13.52%", "2010-06-30": "13.39%", "2010-03-31": "12.90%", "2009-12-31": "12.35%", "2009-09-30": "14.69%", "2009-06-30": "7.34%", "2009-03-31": "8.05%", "2008-12-31": "8.26%", "2008-09-30": "0.67%", "2008-06-30": "10.33%", "2008-03-31": "10.17%", "2007-12-31": "10.00%", "2007-09-30": "14.13%", "2007-06-30": "10.96%", "2007-03-31": "9.84%", "2006-12-31": "9.82%", "2006-09-30": "10.20%", "2006-06-30": "12.47%", "2006-03-31": "12.65%", "2005-12-31": "12.26%"}, "return on assets": {"2020-09-30": "1.65%", "2020-06-30": "-0.12%", "2020-03-31": "0.78%", "2019-12-31": "1.52%", "2019-09-30": "1.85%", "2019-06-30": "3.16%", "2019-03-31": "2.59%", "2018-12-31": "1.89%", "2018-09-30": "2.46%", "2018-06-30": "2.29%", "2018-03-31": "2.51%", "2017-12-31": "2.62%", "2017-09-30": "2.29%", "2017-06-30": "3.34%", "2017-03-31": "3.57%", "2016-12-31": "4.07%", "2016-09-30": "3.37%", "2016-06-30": "0.50%", "2016-03-31": "0.06%", "2015-12-31": "-0.24%", "2015-09-30": "-0.12%", "2015-06-30": "2.53%", "2015-03-31": "2.56%", "2014-12-31": "2.18%", "2014-09-30": "2.12%", "2014-06-30": "-0.66%", "2014-03-31": "-0.94%", "2013-12-31": "-1.69%", "2013-09-30": "-1.79%", "2013-06-30": "1.87%", "2013-03-31": "2.49%", "2012-12-31": "3.60%", "2012-09-30": "2.92%", "2012-06-30": "2.76%", "2012-03-31": "2.07%", "2011-12-31": "2.50%", "2011-09-30": "3.86%", "2011-06-30": "4.54%", "2011-03-31": "6.21%", "2010-12-31": "6.74%", "2010-09-30": "6.56%", "2010-06-30": "6.33%", "2010-03-31": "5.90%", "2009-12-31": "5.29%", "2009-09-30": "5.89%", "2009-06-30": "2.75%", "2009-03-31": "2.91%", "2008-12-31": "2.83%", "2008-09-30": "0.22%", "2008-06-30": "3.35%", "2008-03-31": "3.08%", "2007-12-31": "3.44%", "2007-09-30": "5.38%", "2007-06-30": "4.74%", "2007-03-31": "4.99%", "2006-12-31": "5.27%", "2006-09-30": "5.88%", "2006-06-30": "7.71%", "2006-03-31": "8.18%", "2005-12-31": "8.06%"}, "return on investments": {"2020-09-30": "4.72%", "2020-06-30": "1.98%", "2020-03-31": "3.16%", "2019-12-31": "3.40%", "2019-09-30": "3.33%", "2019-06-30": "4.97%", "2019-03-31": "4.28%", "2018-12-31": "4.04%", "2018-09-30": "3.06%", "2018-06-30": "2.77%", "2018-03-31": "2.61%", "2017-12-31": "2.18%", "2017-09-30": "4.49%", "2017-06-30": "6.08%", "2017-03-31": "6.68%", "2016-12-31": "7.72%", "2016-09-30": "6.64%", "2016-06-30": "5.32%", "2016-03-31": "5.57%", "2015-12-31": "5.69%", "2015-09-30": "6.26%", "2015-06-30": "6.95%", "2015-03-31": "6.09%", "2014-12-31": "5.17%", "2014-09-30": "8.09%", "2014-06-30": "4.48%", "2014-03-31": "4.20%", "2013-12-31": "3.43%", "2013-09-30": "-0.77%", "2013-06-30": "4.12%", "2013-03-31": "5.32%", "2012-12-31": "7.16%", "2012-09-30": "6.11%", "2012-06-30": "5.92%", "2012-03-31": "4.97%", "2011-12-31": "5.64%", "2011-09-30": "7.74%", "2011-06-30": "9.24%", "2011-03-31": "11.81%", "2010-12-31": "12.31%", "2010-09-30": "12.97%", "2010-06-30": "13.00%", "2010-03-31": "13.41%", "2009-12-31": "13.04%", "2009-09-30": "12.32%", "2009-06-30": "6.40%", "2009-03-31": "6.66%", "2008-12-31": "6.96%", "2008-09-30": "6.20%", "2008-06-30": "13.10%", "2008-03-31": "12.29%", "2007-12-31": "15.78%", "2007-09-30": "20.13%", "2007-06-30": "22.74%", "2007-03-31": "23.92%", "2006-12-31": "16.12%", "2006-09-30": "13.71%", "2006-06-30": "13.72%", "2006-03-31": "13.61%", "2005-12-31": "13.33%"}, "return on tangible equity": {"2020-09-30": "-9.76%", "2020-06-30": "0.67%", "2020-03-31": "-4.44%", "2019-12-31": "-8.69%", "2019-09-30": "-10.16%", "2019-06-30": "-16.69%", "2019-03-31": "-12.71%", "2018-12-31": "-7.77%", "2018-09-30": "-8.79%", "2018-06-30": "-8.51%", "2018-03-31": "-9.59%", "2017-12-31": "-11.83%", "2017-09-30": "-15.23%", "2017-06-30": "-21.35%", "2017-03-31": "-22.69%", "2016-12-31": "-26.06%", "2016-09-30": "-19.23%", "2016-06-30": "-2.60%", "2016-03-31": "-0.34%", "2015-12-31": "1.69%", "2015-09-30": "1.22%", "2015-06-30": "-45.71%", "2015-03-31": "-45.45%", "2014-12-31": "-38.20%", "2014-09-30": "-190.77%", "2014-06-30": "-59.02%", "2014-03-31": "-28.92%", "2013-12-31": "-27.68%", "2013-09-30": "-103.70%", "2013-06-30": "179.59%", "2013-03-31": "504.35%", "2012-12-31": "4842270319348756480.00%", "2012-09-30": "-283.33%", "2012-06-30": "-126.73%", "2012-03-31": "-107.87%", "2011-12-31": "-5600.00%", "2011-09-30": "215.38%", "2011-06-30": "150.40%", "2011-03-31": "189.15%", "2010-12-31": "481.48%", "2010-09-30": "-1458.82%", "2010-06-30": "-315.79%", "2010-03-31": "-205.50%", "2009-12-31": "-129.94%", "2009-09-30": "-118.97%", "2009-06-30": "-44.26%", "2009-03-31": "-37.71%", "2008-12-31": "-29.92%", "2008-09-30": "-1.83%", "2008-06-30": "-25.78%", "2008-03-31": "-20.55%", "2007-12-31": "-24.53%", "2007-09-30": "-46.48%", "2007-06-30": "-50.00%", "2007-03-31": "-134.83%", "2006-12-31": "222.22%", "2006-09-30": "48.25%", "2006-06-30": "33.04%", "2006-03-31": "25.63%", "2005-12-31": "22.49%"}, "dividend yield history": {"last payout": "$0.00", "last yield": "0.00%"}}