{"ticker": "IBKR", "price": {"title": "Interactive Brokers Historical Annual Stock Price Data", "value": 71.92, "historical": {"2020": {"Average Stock Price": "48.2794", "Year Open": "47.8000", "Year High": "62.3100", "Year Low": "35.2800", "Year Close": "60.9200", "Annual % Change": "30.67%"}, "2019": {"Average Stock Price": "53.6618", "Year Open": "55.7800", "Year High": "55.7800", "Year Low": "45.0000", "Year Close": "46.6200", "Annual % Change": "-16.42%"}, "2018": {"Average Stock Price": "63.7722", "Year Open": "59.5400", "Year High": "79.7000", "Year Low": "55.3000", "Year Close": "55.7800", "Annual % Change": "-5.79%"}, "2017": {"Average Stock Price": "42.0364", "Year Open": "37.0900", "Year High": "61.8800", "Year Low": "33.8800", "Year Close": "59.2100", "Annual % Change": "62.17%"}, "2016": {"Average Stock Price": "36.3246", "Year Open": "42.4400", "Year High": "42.4400", "Year Low": "30.0800", "Year Close": "36.5100", "Annual % Change": "-16.26%"}, "2015": {"Average Stock Price": "37.8168", "Year Open": "29.0300", "Year High": "45.3200", "Year Low": "28.0900", "Year Close": "43.6000", "Annual % Change": "49.52%"}, "2014": {"Average Stock Price": "23.9442", "Year Open": "24.5200", "Year High": "29.5700", "Year Low": "20.7300", "Year Close": "29.1600", "Annual % Change": "19.80%"}, "2013": {"Average Stock Price": "17.4201", "Year Open": "13.8900", "Year High": "24.9800", "Year Low": "13.6100", "Year Close": "24.3400", "Annual % Change": "77.92%"}, "2012": {"Average Stock Price": "14.8348", "Year Open": "15.1700", "Year High": "17.4300", "Year Low": "13.3800", "Year Close": "13.6800", "Annual % Change": "-8.43%"}, "2011": {"Average Stock Price": "15.5654", "Year Open": "18.0000", "Year High": "18.2000", "Year Low": "13.0800", "Year Close": "14.9400", "Annual % Change": "-16.16%"}, "2010": {"Average Stock Price": "17.0508", "Year Open": "17.7500", "Year High": "19.2400", "Year Low": "15.8000", "Year Close": "17.8200", "Annual % Change": "0.56%"}, "2009": {"Average Stock Price": "16.7587", "Year Open": "18.1500", "Year High": "20.9300", "Year Low": "12.8900", "Year Close": "17.7200", "Annual % Change": "-0.95%"}, "2008": {"Average Stock Price": "27.1805", "Year Open": "31.9100", "Year High": "35.4700", "Year Low": "13.1000", "Year Close": "17.8900", "Annual % Change": "-44.65%"}, "2007": {"Average Stock Price": "27.2906", "Year Open": "31.3000", "Year High": "33.0100", "Year Low": "21.8000", "Year Close": "32.3200", "Annual % Change": "0.00%"}}}, "market cap": {"value": "$29.97B"}, "income statement": {"Revenue": {"2020-12-31": "2218.00000", "2019-12-31": "1937.00000", "2018-12-31": "1903.00000", "2017-12-31": "1702.00000", "2016-12-31": "1396.00000", "2015-12-31": "1189.00000", "2014-12-31": "1043.00000", "2013-12-31": "1076.00000", "2012-12-31": "1130.52000", "2011-12-31": "1358.31200", "2010-12-31": "922.10800", "2009-12-31": "1100.34000", "2008-12-31": "1850.35700", "2007-12-31": "1468.37300", "2006-12-31": "1252.40900", "2005-12-31": "929.10800"}, "Cost Of Goods Sold": {"2020-12-31": "293.00000", "2019-12-31": "251.00000", "2018-12-31": "269.00000", "2017-12-31": "241.00000", "2016-12-31": "244.00000", "2015-12-31": "231.00000", "2014-12-31": "212.00000", "2013-12-31": "243.00000", "2012-12-31": "250.99000", "2011-12-31": "281.34800", "2010-12-31": "272.60800", "2009-12-31": "273.20300", "2008-12-31": "322.74600", "2007-12-31": "335.75600", "2006-12-31": "313.27100", "2005-12-31": "214.97200"}, "Gross Profit": {"2020-12-31": "1925.00000", "2019-12-31": "1686.00000", "2018-12-31": "1634.00000", "2017-12-31": "1461.00000", "2016-12-31": "1152.00000", "2015-12-31": "958.00000", "2014-12-31": "831.00000", "2013-12-31": "833.00000", "2012-12-31": "879.53000", "2011-12-31": "1076.96400", "2010-12-31": "649.50000", "2009-12-31": "827.13700", "2008-12-31": "1527.61100", "2007-12-31": "1132.61700", "2006-12-31": "939.13810", "2005-12-31": "714.13600"}, "Research And Development Expenses": {"2020-12-31": "", "2019-12-31": "", "2018-12-31": "", "2017-12-31": "", "2016-12-31": "", "2015-12-31": "", "2014-12-31": "", "2013-12-31": "", "2012-12-31": "", "2011-12-31": "", "2010-12-31": "", "2009-12-31": "", "2008-12-31": "", "2007-12-31": "", "2006-12-31": "", "2005-12-31": ""}, "SG&A Expenses": {"2020-12-31": "656.00000", "2019-12-31": "485.00000", "2018-12-31": "434.00000", "2017-12-31": "410.00000", "2016-12-31": "385.00000", "2015-12-31": "354.00000", "2014-12-31": "322.00000", "2013-12-31": "315.00000", "2012-12-31": "352.53000", "2011-12-31": "335.89600", "2010-12-31": "312.08500", "2009-12-31": "288.85400", "2008-12-31": "277.63900", "2007-12-31": "200.83700", "2006-12-31": "177.57700", "2005-12-31": "144.83800"}, "Other Operating Income Or Expenses": {"2020-12-31": "", "2019-12-31": "", "2018-12-31": "", "2017-12-31": "", "2016-12-31": "", "2015-12-31": "", "2014-12-31": "", "2013-12-31": "", "2012-12-31": "", "2011-12-31": "", "2010-12-31": "", "2009-12-31": "", "2008-12-31": "", "2007-12-31": "", "2006-12-31": "", "2005-12-31": ""}, "Operating Expenses": {"2020-12-31": "949.00000", "2019-12-31": "736.00000", "2018-12-31": "703.00000", "2017-12-31": "651.00000", "2016-12-31": "629.00000", "2015-12-31": "585.00000", "2014-12-31": "534.00000", "2013-12-31": "558.00000", "2012-12-31": "603.52000", "2011-12-31": "617.24400", "2010-12-31": "584.69300", "2009-12-31": "562.05700", "2008-12-31": "600.38500", "2007-12-31": "536.59300", "2006-12-31": "490.84800", "2005-12-31": "359.81000"}, "Operating Income": {"2020-12-31": "1269.00000", "2019-12-31": "1201.00000", "2018-12-31": "1200.00000", "2017-12-31": "1051.00000", "2016-12-31": "767.00000", "2015-12-31": "604.00000", "2014-12-31": "509.00000", "2013-12-31": "518.00000", "2012-12-31": "527.00000", "2011-12-31": "741.06800", "2010-12-31": "337.41500", "2009-12-31": "538.28300", "2008-12-31": "1249.97200", "2007-12-31": "931.78000", "2006-12-31": "761.56100", "2005-12-31": "569.29800"}, "Total Non-Operating Income/Expense": {"2020-12-31": "-13.00000", "2019-12-31": "-44.00000", "2018-12-31": "-4.00000", "2017-12-31": "-2.00000", "2016-12-31": "-6.00000", "2015-12-31": "-146.00000", "2014-12-31": "-3.00000", "2013-12-31": "-67.00000", "2012-12-31": "", "2011-12-31": "", "2010-12-31": "", "2009-12-31": "", "2008-12-31": "", "2007-12-31": "", "2006-12-31": "", "2005-12-31": ""}, "Pre-Tax Income": {"2020-12-31": "1256.00000", "2019-12-31": "1157.00000", "2018-12-31": "1196.00000", "2017-12-31": "1049.00000", "2016-12-31": "761.00000", "2015-12-31": "458.00000", "2014-12-31": "506.00000", "2013-12-31": "451.00000", "2012-12-31": "527.00000", "2011-12-31": "741.06800", "2010-12-31": "337.41500", "2009-12-31": "538.28300", "2008-12-31": "1249.97200", "2007-12-31": "931.78000", "2006-12-31": "761.56100", "2005-12-31": "569.29800"}, "Income Taxes": {"2020-12-31": "77.00000", "2019-12-31": "68.00000", "2018-12-31": "71.00000", "2017-12-31": "256.00000", "2016-12-31": "62.00000", "2015-12-31": "43.00000", "2014-12-31": "47.00000", "2013-12-31": "33.00000", "2012-12-31": "30.01400", "2011-12-31": "53.88900", "2010-12-31": "60.28100", "2009-12-31": "54.13800", "2008-12-31": "128.37100", "2007-12-31": "63.03700", "2006-12-31": "27.39200", "2005-12-31": "33.77800"}, "Income After Taxes": {"2020-12-31": "1179.00000", "2019-12-31": "1089.00000", "2018-12-31": "1125.00000", "2017-12-31": "793.00000", "2016-12-31": "699.00000", "2015-12-31": "415.00000", "2014-12-31": "459.00000", "2013-12-31": "418.00000", "2012-12-31": "496.98600", "2011-12-31": "687.17900", "2010-12-31": "277.13400", "2009-12-31": "484.14500", "2008-12-31": "1121.60100", "2007-12-31": "868.74300", "2006-12-31": "734.16890", "2005-12-31": "535.52000"}, "Other Income": {"2020-12-31": "", "2019-12-31": "", "2018-12-31": "", "2017-12-31": "", "2016-12-31": "", "2015-12-31": "", "2014-12-31": "", "2013-12-31": "", "2012-12-31": "", "2011-12-31": "", "2010-12-31": "", "2009-12-31": "", "2008-12-31": "", "2007-12-31": "", "2006-12-31": "", "2005-12-31": ""}, "Income From Continuous Operations": {"2020-12-31": "1179.00000", "2019-12-31": "1089.00000", "2018-12-31": "1125.00000", "2017-12-31": "793.00000", "2016-12-31": "699.00000", "2015-12-31": "415.00000", "2014-12-31": "459.00000", "2013-12-31": "418.00000", "2012-12-31": "496.98600", "2011-12-31": "687.17900", "2010-12-31": "277.13400", "2009-12-31": "484.14500", "2008-12-31": "1121.60100", "2007-12-31": "868.74300", "2006-12-31": "734.16890", "2005-12-31": "535.52000"}, "Income From Discontinued Operations": {"2020-12-31": "", "2019-12-31": "", "2018-12-31": "", "2017-12-31": "", "2016-12-31": "", "2015-12-31": "", "2014-12-31": "", "2013-12-31": "", "2012-12-31": "", "2011-12-31": "", "2010-12-31": "", "2009-12-31": "", "2008-12-31": "", "2007-12-31": "", "2006-12-31": "", "2005-12-31": ""}, "Net Income": {"2020-12-31": "195.00000", "2019-12-31": "161.00000", "2018-12-31": "169.00000", "2017-12-31": "76.00000", "2016-12-31": "84.00000", "2015-12-31": "49.00000", "2014-12-31": "45.00000", "2013-12-31": "37.00000", "2012-12-31": "41.77600", "2011-12-31": "60.98000", "2010-12-31": "-9.61200", "2009-12-31": "32.91600", "2008-12-31": "93.04700", "2007-12-31": "300.49200", "2006-12-31": "734.16900", "2005-12-31": "535.52000"}, "EBITDA": {"2020-12-31": "1269.00000", "2019-12-31": "1253.00000", "2018-12-31": "1226.00000", "2017-12-31": "1076.00000", "2016-12-31": "792.00000", "2015-12-31": "626.00000", "2014-12-31": "529.00000", "2013-12-31": "537.00000", "2012-12-31": "546.26900", "2011-12-31": "759.76800", "2010-12-31": "356.11700", "2009-12-31": "559.35690", "2008-12-31": "1267.86900", "2007-12-31": "943.84800", "2006-12-31": "773.19100", "2005-12-31": "580.21100"}, "EBIT": {"2020-12-31": "1269.00000", "2019-12-31": "1201.00000", "2018-12-31": "1200.00000", "2017-12-31": "1051.00000", "2016-12-31": "767.00000", "2015-12-31": "604.00000", "2014-12-31": "509.00000", "2013-12-31": "518.00000", "2012-12-31": "527.00000", "2011-12-31": "741.06800", "2010-12-31": "337.41500", "2009-12-31": "538.28300", "2008-12-31": "1249.97200", "2007-12-31": "931.78000", "2006-12-31": "761.56100", "2005-12-31": "569.29800"}, "Basic Shares Outstanding": {"2020-12-31": "79.93900", "2019-12-31": "76.12200", "2018-12-31": "73.43800", "2017-12-31": "69.92700", "2016-12-31": "66.01300", "2015-12-31": "61.04300", "2014-12-31": "56.49200", "2013-12-31": "49.74200", "2012-12-31": "46.81500", "2011-12-31": "43.92500", "2010-12-31": "41.87100", "2009-12-31": "40.97300", "2008-12-31": "40.43400", "2007-12-31": "40.15400", "2006-12-31": "0.00000", "2005-12-31": "0.00000"}, "Shares Outstanding": {"2020-12-31": "80.63900", "2019-12-31": "76.82600", "2018-12-31": "74.26600", "2017-12-31": "70.90500", "2016-12-31": "67.29900", "2015-12-31": "62.51000", "2014-12-31": "57.71000", "2013-12-31": "50.92500", "2012-12-31": "47.07100", "2011-12-31": "44.36500", "2010-12-31": "42.49900", "2009-12-31": "41.79900", "2008-12-31": "41.46100", "2007-12-31": "41.32800", "2006-12-31": "0.00000", "2005-12-31": "0.00000"}, "Basic EPS": {"2020-12-31": "2.44000", "2019-12-31": "2.11000", "2018-12-31": "2.30000", "2017-12-31": "1.09000", "2016-12-31": "1.28000", "2015-12-31": "0.80000", "2014-12-31": "0.79000", "2013-12-31": "0.74000", "2012-12-31": "0.89000", "2011-12-31": "1.39000", "2010-12-31": "-0.23000", "2009-12-31": "0.80000", "2008-12-31": "2.30000", "2007-12-31": "1.20000", "2006-12-31": "0.00000", "2005-12-31": "0.00000"}, "EPS - Earnings Per Share": {"2020-12-31": "2.42000", "2019-12-31": "2.10000", "2018-12-31": "2.28000", "2017-12-31": "1.07000", "2016-12-31": "1.25000", "2015-12-31": "0.78000", "2014-12-31": "0.77000", "2013-12-31": "0.73000", "2012-12-31": "0.89000", "2011-12-31": "1.37000", "2010-12-31": "-0.23000", "2009-12-31": "0.79000", "2008-12-31": "2.24000", "2007-12-31": "1.16000", "2006-12-31": "0.00000", "2005-12-31": "0.00000"}}, "income statement, quarterly": {"Revenue": {"2020-12-31": "599.00000", "2020-09-30": "548.00000", "2020-06-30": "539.00000", "2020-03-31": "532.00000", "2019-12-31": "500.00000", "2019-09-30": "466.00000", "2019-06-30": "413.00000", "2019-03-31": "558.00000", "2018-12-31": "492.00000", "2018-09-30": "439.00000", "2018-06-30": "445.00000", "2018-03-31": "527.00000", "2017-12-31": "515.00000", "2017-09-30": "426.00000", "2017-06-30": "387.00000", "2017-03-31": "374.00000", "2016-12-31": "193.00000", "2016-09-30": "345.00000", "2016-06-30": "369.00000", "2016-03-31": "489.00000", "2015-12-31": "271.00000", "2015-09-30": "359.00000", "2015-06-30": "387.00000", "2015-03-31": "172.00000", "2014-12-31": "208.00000", "2014-09-30": "171.00000", "2014-06-30": "309.00000", "2014-03-31": "355.00000", "2013-12-31": "249.71800", "2013-09-30": "326.25200", "2013-06-30": "283.95600", "2013-03-31": "216.07400", "2012-12-31": "247.11100", "2012-09-30": "318.59900", "2012-06-30": "260.88800", "2012-03-31": "303.92200", "2011-12-31": "307.95800", "2011-09-30": "385.52600", "2011-06-30": "296.94000", "2011-03-31": "367.88800", "2010-12-31": "186.26400", "2010-09-30": "299.13800", "2010-06-30": "226.13600", "2010-03-31": "210.57000", "2009-12-31": "200.40900", "2009-09-30": "271.49200", "2009-06-30": "332.09800", "2009-03-31": "296.34100", "2008-12-31": "429.36410", "2008-09-30": "497.05900", "2008-06-30": "395.41500", "2008-03-31": "528.51900", "2007-12-31": "397.68000", "2007-09-30": "445.15300", "2007-06-30": "294.73200", "2007-03-31": "330.80800", "2006-12-31": "293.20500", "2006-09-30": "339.84700", "2006-06-30": "290.78800", "2006-03-31": "328.56900"}, "Cost Of Goods Sold": {"2020-12-31": "66.00000", "2020-09-30": "74.00000", "2020-06-30": "76.00000", "2020-03-31": "77.00000", "2019-12-31": "59.00000", "2019-09-30": "68.00000", "2019-06-30": "63.00000", "2019-03-31": "61.00000", "2018-12-31": "73.00000", "2018-09-30": "57.00000", "2018-06-30": "66.00000", "2018-03-31": "73.00000", "2017-12-31": "56.00000", "2017-09-30": "61.00000", "2017-06-30": "63.00000", "2017-03-31": "61.00000", "2016-12-31": "61.00000", "2016-09-30": "62.00000", "2016-06-30": "59.00000", "2016-03-31": "62.00000", "2015-12-31": "54.00000", "2015-09-30": "63.00000", "2015-06-30": "59.00000", "2015-03-31": "55.00000", "2014-12-31": "54.00000", "2014-09-30": "52.00000", "2014-06-30": "52.00000", "2014-03-31": "54.00000", "2013-12-31": "62.71700", "2013-09-30": "56.01600", "2013-06-30": "64.72700", "2013-03-31": "59.54000", "2012-12-31": "58.54900", "2012-09-30": "61.64600", "2012-06-30": "66.17100", "2012-03-31": "64.62400", "2011-12-31": "66.95700", "2011-09-30": "82.08000", "2011-06-30": "66.07400", "2011-03-31": "66.23700", "2010-12-31": "65.53300", "2010-09-30": "61.90500", "2010-06-30": "75.48200", "2010-03-31": "69.68800", "2009-12-31": "71.87000", "2009-09-30": "69.42200", "2009-06-30": "70.76800", "2009-03-31": "61.14300", "2008-12-31": "78.70200", "2008-09-30": "82.91200", "2008-06-30": "73.97300", "2008-03-31": "87.15900", "2007-12-31": "79.09100", "2007-09-30": "85.17100", "2007-06-30": "81.37400", "2007-03-31": "90.12000", "2006-12-31": "82.46000", "2006-09-30": "76.69400", "2006-06-30": "82.80900", "2006-03-31": "71.30800"}, "Gross Profit": {"2020-12-31": "533.00000", "2020-09-30": "474.00000", "2020-06-30": "463.00000", "2020-03-31": "455.00000", "2019-12-31": "441.00000", "2019-09-30": "398.00000", "2019-06-30": "350.00000", "2019-03-31": "497.00000", "2018-12-31": "419.00000", "2018-09-30": "382.00000", "2018-06-30": "379.00000", "2018-03-31": "454.00000", "2017-12-31": "459.00000", "2017-09-30": "365.00000", "2017-06-30": "324.00000", "2017-03-31": "313.00000", "2016-12-31": "132.00000", "2016-09-30": "283.00000", "2016-06-30": "310.00000", "2016-03-31": "427.00000", "2015-12-31": "217.00000", "2015-09-30": "296.00000", "2015-06-30": "328.00000", "2015-03-31": "117.00000", "2014-12-31": "154.00000", "2014-09-30": "119.00000", "2014-06-30": "257.00000", "2014-03-31": "301.00000", "2013-12-31": "187.00100", "2013-09-30": "270.23600", "2013-06-30": "219.22900", "2013-03-31": "156.53400", "2012-12-31": "188.56200", "2012-09-30": "256.95300", "2012-06-30": "194.71700", "2012-03-31": "239.29800", "2011-12-31": "241.00100", "2011-09-30": "303.44600", "2011-06-30": "230.86600", "2011-03-31": "301.65100", "2010-12-31": "120.73100", "2010-09-30": "237.23300", "2010-06-30": "150.65400", "2010-03-31": "140.88200", "2009-12-31": "128.53900", "2009-09-30": "202.07000", "2009-06-30": "261.33000", "2009-03-31": "235.19800", "2008-12-31": "350.66210", "2008-09-30": "414.14700", "2008-06-30": "321.44200", "2008-03-31": "441.36000", "2007-12-31": "318.58900", "2007-09-30": "359.98200", "2007-06-30": "213.35800", "2007-03-31": "240.68800", "2006-12-31": "210.74500", "2006-09-30": "263.15300", "2006-06-30": "207.97900", "2006-03-31": "257.26100"}, "Research And Development Expenses": {"2020-12-31": "", "2020-09-30": "", "2020-06-30": "", "2020-03-31": "", "2019-12-31": "", "2019-09-30": "", "2019-06-30": "", "2019-03-31": "", "2018-12-31": "", "2018-09-30": "", "2018-06-30": "", "2018-03-31": "", "2017-12-31": "", "2017-09-30": "", "2017-06-30": "", "2017-03-31": "", "2016-12-31": "", "2016-09-30": "", "2016-06-30": "", "2016-03-31": "", "2015-12-31": "", "2015-09-30": "", "2015-06-30": "", "2015-03-31": "", "2014-12-31": "", "2014-09-30": "", "2014-06-30": "", "2014-03-31": "", "2013-12-31": "", "2013-09-30": "", "2013-06-30": "", "2013-03-31": "", "2012-12-31": "", "2012-09-30": "", "2012-06-30": "", "2012-03-31": "", "2011-12-31": "", "2011-09-30": "", "2011-06-30": "", "2011-03-31": "", "2010-12-31": "", "2010-09-30": "", "2010-06-30": "", "2010-03-31": "", "2009-12-31": "", "2009-09-30": "", "2009-06-30": "", "2009-03-31": "", "2008-12-31": "", "2008-09-30": "", "2008-06-30": "", "2008-03-31": "", "2007-12-31": "", "2007-09-30": "", "2007-06-30": "", "2007-03-31": "", "2006-12-31": "", "2006-09-30": "", "2006-06-30": "", "2006-03-31": ""}, "SG&A Expenses": {"2020-12-31": "141.00000", "2020-09-30": "137.00000", "2020-06-30": "238.00000", "2020-03-31": "140.00000", "2019-12-31": "130.00000", "2019-09-30": "119.00000", "2019-06-30": "121.00000", "2019-03-31": "115.00000", "2018-12-31": "108.00000", "2018-09-30": "107.00000", "2018-06-30": "108.00000", "2018-03-31": "111.00000", "2017-12-31": "95.00000", "2017-09-30": "97.00000", "2017-06-30": "119.00000", "2017-03-31": "99.00000", "2016-12-31": "104.00000", "2016-09-30": "97.00000", "2016-06-30": "94.00000", "2016-03-31": "90.00000", "2015-12-31": "89.00000", "2015-09-30": "87.00000", "2015-06-30": "89.00000", "2015-03-31": "89.00000", "2014-12-31": "79.00000", "2014-09-30": "78.00000", "2014-06-30": "83.00000", "2014-03-31": "82.00000", "2013-12-31": "81.53200", "2013-09-30": "73.85400", "2013-06-30": "85.30300", "2013-03-31": "74.31100", "2012-12-31": "92.36600", "2012-09-30": "84.33300", "2012-06-30": "86.21000", "2012-03-31": "89.62100", "2011-12-31": "88.80600", "2011-09-30": "85.68900", "2011-06-30": "81.72200", "2011-03-31": "79.67900", "2010-12-31": "82.22500", "2010-09-30": "75.31300", "2010-06-30": "78.57800", "2010-03-31": "75.96900", "2009-12-31": "82.57800", "2009-09-30": "68.80300", "2009-06-30": "69.22200", "2009-03-31": "68.25100", "2008-12-31": "81.56800", "2008-09-30": "66.69300", "2008-06-30": "62.04200", "2008-03-31": "67.33600", "2007-12-31": "49.66600", "2007-09-30": "52.11700", "2007-06-30": "48.70500", "2007-03-31": "50.34900", "2006-12-31": "49.10900", "2006-09-30": "43.01000", "2006-06-30": "43.55600", "2006-03-31": "41.90200"}, "Other Operating Income Or Expenses": {"2020-12-31": "", "2020-09-30": "", "2020-06-30": "", "2020-03-31": "", "2019-12-31": "", "2019-09-30": "", "2019-06-30": "", "2019-03-31": "", "2018-12-31": "", "2018-09-30": "", "2018-06-30": "", "2018-03-31": "", "2017-12-31": "", "2017-09-30": "", "2017-06-30": "", "2017-03-31": "", "2016-12-31": "", "2016-09-30": "", "2016-06-30": "", "2016-03-31": "", "2015-12-31": "", "2015-09-30": "", "2015-06-30": "", "2015-03-31": "", "2014-12-31": "", "2014-09-30": "", "2014-06-30": "", "2014-03-31": "", "2013-12-31": "", "2013-09-30": "", "2013-06-30": "", "2013-03-31": "", "2012-12-31": "", "2012-09-30": "", "2012-06-30": "", "2012-03-31": "", "2011-12-31": "", "2011-09-30": "", "2011-06-30": "", "2011-03-31": "", "2010-12-31": "", "2010-09-30": "", "2010-06-30": "", "2010-03-31": "", "2009-12-31": "", "2009-09-30": "", "2009-06-30": "", "2009-03-31": "", "2008-12-31": "", "2008-09-30": "", "2008-06-30": "", "2008-03-31": "", "2007-12-31": "", "2007-09-30": "", "2007-06-30": "", "2007-03-31": "", "2006-12-31": "", "2006-09-30": "", "2006-06-30": "", "2006-03-31": ""}, "Operating Expenses": {"2020-12-31": "207.00000", "2020-09-30": "211.00000", "2020-06-30": "314.00000", "2020-03-31": "217.00000", "2019-12-31": "189.00000", "2019-09-30": "187.00000", "2019-06-30": "184.00000", "2019-03-31": "176.00000", "2018-12-31": "181.00000", "2018-09-30": "164.00000", "2018-06-30": "174.00000", "2018-03-31": "184.00000", "2017-12-31": "151.00000", "2017-09-30": "158.00000", "2017-06-30": "182.00000", "2017-03-31": "160.00000", "2016-12-31": "165.00000", "2016-09-30": "159.00000", "2016-06-30": "153.00000", "2016-03-31": "152.00000", "2015-12-31": "143.00000", "2015-09-30": "150.00000", "2015-06-30": "148.00000", "2015-03-31": "144.00000", "2014-12-31": "133.00000", "2014-09-30": "130.00000", "2014-06-30": "135.00000", "2014-03-31": "136.00000", "2013-12-31": "144.24900", "2013-09-30": "129.87000", "2013-06-30": "150.03000", "2013-03-31": "133.85100", "2012-12-31": "150.91500", "2012-09-30": "145.97900", "2012-06-30": "152.38100", "2012-03-31": "154.24500", "2011-12-31": "155.76300", "2011-09-30": "167.76900", "2011-06-30": "147.79600", "2011-03-31": "145.91600", "2010-12-31": "147.75800", "2010-09-30": "137.21800", "2010-06-30": "154.06000", "2010-03-31": "145.65700", "2009-12-31": "154.44800", "2009-09-30": "138.22500", "2009-06-30": "139.99000", "2009-03-31": "129.39400", "2008-12-31": "160.27000", "2008-09-30": "149.60500", "2008-06-30": "136.01500", "2008-03-31": "154.49500", "2007-12-31": "128.75700", "2007-09-30": "137.28800", "2007-06-30": "130.07900", "2007-03-31": "140.46900", "2006-12-31": "131.56900", "2006-09-30": "119.70400", "2006-06-30": "126.36500", "2006-03-31": "113.21000"}, "Operating Income": {"2020-12-31": "392.00000", "2020-09-30": "337.00000", "2020-06-30": "225.00000", "2020-03-31": "315.00000", "2019-12-31": "311.00000", "2019-09-30": "279.00000", "2019-06-30": "229.00000", "2019-03-31": "382.00000", "2018-12-31": "311.00000", "2018-09-30": "275.00000", "2018-06-30": "271.00000", "2018-03-31": "343.00000", "2017-12-31": "364.00000", "2017-09-30": "268.00000", "2017-06-30": "205.00000", "2017-03-31": "214.00000", "2016-12-31": "28.00000", "2016-09-30": "186.00000", "2016-06-30": "216.00000", "2016-03-31": "337.00000", "2015-12-31": "128.00000", "2015-09-30": "209.00000", "2015-06-30": "239.00000", "2015-03-31": "28.00000", "2014-12-31": "75.00000", "2014-09-30": "41.00000", "2014-06-30": "174.00000", "2014-03-31": "219.00000", "2013-12-31": "105.46900", "2013-09-30": "196.38200", "2013-06-30": "133.92600", "2013-03-31": "82.22300", "2012-12-31": "96.19600", "2012-09-30": "172.62000", "2012-06-30": "108.50700", "2012-03-31": "149.67700", "2011-12-31": "152.19500", "2011-09-30": "217.75700", "2011-06-30": "149.14400", "2011-03-31": "221.97200", "2010-12-31": "38.50600", "2010-09-30": "161.92000", "2010-06-30": "72.07600", "2010-03-31": "64.91300", "2009-12-31": "45.96100", "2009-09-30": "133.26700", "2009-06-30": "192.10800", "2009-03-31": "166.94700", "2008-12-31": "269.09410", "2008-09-30": "347.45400", "2008-06-30": "259.40000", "2008-03-31": "374.02400", "2007-12-31": "268.92300", "2007-09-30": "307.86500", "2007-06-30": "164.65300", "2007-03-31": "190.33900", "2006-12-31": "161.63610", "2006-09-30": "220.14300", "2006-06-30": "164.42300", "2006-03-31": "215.35900"}, "Total Non-Operating Income/Expense": {"2020-12-31": "", "2020-09-30": "-3.00000", "2020-06-30": "-3.00000", "2020-03-31": "-7.00000", "2019-12-31": "1.00000", "2019-09-30": "2.00000", "2019-06-30": "-4.00000", "2019-03-31": "-43.00000", "2018-12-31": "-2.00000", "2018-09-30": "1.00000", "2018-06-30": "", "2018-03-31": "-3.00000", "2017-12-31": "", "2017-09-30": "", "2017-06-30": "-1.00000", "2017-03-31": "-1.00000", "2016-12-31": "", "2016-09-30": "-3.00000", "2016-06-30": "-3.00000", "2016-03-31": "", "2015-12-31": "-1.00000", "2015-09-30": "-7.00000", "2015-06-30": "1.00000", "2015-03-31": "-139.00000", "2014-12-31": "-1.00000", "2014-09-30": "-1.00000", "2014-06-30": "", "2014-03-31": "-1.00000", "2013-12-31": "", "2013-09-30": "", "2013-06-30": "", "2013-03-31": "", "2012-12-31": "", "2012-09-30": "", "2012-06-30": "", "2012-03-31": "", "2011-12-31": "", "2011-09-30": "", "2011-06-30": "", "2011-03-31": "", "2010-12-31": "", "2010-09-30": "", "2010-06-30": "", "2010-03-31": "", "2009-12-31": "", "2009-09-30": "", "2009-06-30": "", "2009-03-31": "", "2008-12-31": "", "2008-09-30": "", "2008-06-30": "", "2008-03-31": "", "2007-12-31": "", "2007-09-30": "", "2007-06-30": "", "2007-03-31": "", "2006-12-31": "", "2006-09-30": "", "2006-06-30": "", "2006-03-31": ""}, "Pre-Tax Income": {"2020-12-31": "392.00000", "2020-09-30": "334.00000", "2020-06-30": "222.00000", "2020-03-31": "308.00000", "2019-12-31": "312.00000", "2019-09-30": "281.00000", "2019-06-30": "225.00000", "2019-03-31": "339.00000", "2018-12-31": "309.00000", "2018-09-30": "276.00000", "2018-06-30": "271.00000", "2018-03-31": "340.00000", "2017-12-31": "364.00000", "2017-09-30": "268.00000", "2017-06-30": "204.00000", "2017-03-31": "213.00000", "2016-12-31": "28.00000", "2016-09-30": "183.00000", "2016-06-30": "213.00000", "2016-03-31": "337.00000", "2015-12-31": "127.00000", "2015-09-30": "202.00000", "2015-06-30": "240.00000", "2015-03-31": "-111.00000", "2014-12-31": "74.00000", "2014-09-30": "40.00000", "2014-06-30": "174.00000", "2014-03-31": "218.00000", "2013-12-31": "38.46900", "2013-09-30": "196.38200", "2013-06-30": "133.92600", "2013-03-31": "82.22300", "2012-12-31": "96.19600", "2012-09-30": "172.62000", "2012-06-30": "108.50700", "2012-03-31": "149.67700", "2011-12-31": "152.19500", "2011-09-30": "217.75700", "2011-06-30": "149.14400", "2011-03-31": "221.97200", "2010-12-31": "38.50600", "2010-09-30": "161.92000", "2010-06-30": "72.07600", "2010-03-31": "64.91300", "2009-12-31": "45.96100", "2009-09-30": "133.26700", "2009-06-30": "192.10800", "2009-03-31": "166.94700", "2008-12-31": "269.09410", "2008-09-30": "347.45400", "2008-06-30": "259.40000", "2008-03-31": "374.02400", "2007-12-31": "268.92300", "2007-09-30": "307.86500", "2007-06-30": "164.65300", "2007-03-31": "190.33900", "2006-12-31": "161.63600", "2006-09-30": "220.14300", "2006-06-30": "164.42300", "2006-03-31": "215.35900"}, "Income Taxes": {"2020-12-31": "12.00000", "2020-09-30": "32.00000", "2020-06-30": "15.00000", "2020-03-31": "18.00000", "2019-12-31": "18.00000", "2019-09-30": "20.00000", "2019-06-30": "15.00000", "2019-03-31": "15.00000", "2018-12-31": "19.00000", "2018-09-30": "18.00000", "2018-06-30": "13.00000", "2018-03-31": "21.00000", "2017-12-31": "200.00000", "2017-09-30": "21.00000", "2017-06-30": "17.00000", "2017-03-31": "18.00000", "2016-12-31": "7.00000", "2016-09-30": "15.00000", "2016-06-30": "13.00000", "2016-03-31": "27.00000", "2015-12-31": "6.00000", "2015-09-30": "20.00000", "2015-06-30": "19.00000", "2015-03-31": "-2.00000", "2014-12-31": "8.00000", "2014-09-30": "9.00000", "2014-06-30": "13.00000", "2014-03-31": "17.00000", "2013-12-31": "1.76100", "2013-09-30": "10.41400", "2013-06-30": "13.89000", "2013-03-31": "6.93500", "2012-12-31": "-4.44400", "2012-09-30": "14.74700", "2012-06-30": "10.97700", "2012-03-31": "8.73400", "2011-12-31": "7.39100", "2011-09-30": "15.27000", "2011-06-30": "12.49600", "2011-03-31": "18.73200", "2010-12-31": "34.54600", "2010-09-30": "13.20100", "2010-06-30": "7.30800", "2010-03-31": "5.22600", "2009-12-31": "3.94700", "2009-09-30": "13.16800", "2009-06-30": "25.19100", "2009-03-31": "11.83200", "2008-12-31": "33.98100", "2008-09-30": "32.38400", "2008-06-30": "28.59300", "2008-03-31": "33.41300", "2007-12-31": "24.16200", "2007-09-30": "27.22800", "2007-06-30": "5.50400", "2007-03-31": "6.14300", "2006-12-31": "5.75300", "2006-09-30": "5.88600", "2006-06-30": "6.56900", "2006-03-31": "9.18400"}, "Income After Taxes": {"2020-12-31": "380.00000", "2020-09-30": "302.00000", "2020-06-30": "207.00000", "2020-03-31": "290.00000", "2019-12-31": "294.00000", "2019-09-30": "261.00000", "2019-06-30": "210.00000", "2019-03-31": "324.00000", "2018-12-31": "290.00000", "2018-09-30": "258.00000", "2018-06-30": "258.00000", "2018-03-31": "319.00000", "2017-12-31": "164.00000", "2017-09-30": "247.00000", "2017-06-30": "187.00000", "2017-03-31": "195.00000", "2016-12-31": "21.00000", "2016-09-30": "168.00000", "2016-06-30": "200.00000", "2016-03-31": "310.00000", "2015-12-31": "121.00000", "2015-09-30": "182.00000", "2015-06-30": "221.00000", "2015-03-31": "-109.00000", "2014-12-31": "66.00000", "2014-09-30": "31.00000", "2014-06-30": "161.00000", "2014-03-31": "201.00000", "2013-12-31": "36.70800", "2013-09-30": "185.96800", "2013-06-30": "120.03600", "2013-03-31": "75.28800", "2012-12-31": "100.64000", "2012-09-30": "157.87300", "2012-06-30": "97.53000", "2012-03-31": "140.94300", "2011-12-31": "144.80400", "2011-09-30": "202.48700", "2011-06-30": "136.64800", "2011-03-31": "203.24000", "2010-12-31": "3.96000", "2010-09-30": "148.71900", "2010-06-30": "64.76800", "2010-03-31": "59.68700", "2009-12-31": "42.01400", "2009-09-30": "120.09900", "2009-06-30": "166.91700", "2009-03-31": "155.11500", "2008-12-31": "235.11310", "2008-09-30": "315.07000", "2008-06-30": "230.80700", "2008-03-31": "340.61100", "2007-12-31": "244.76110", "2007-09-30": "280.63700", "2007-06-30": "159.14900", "2007-03-31": "184.19600", "2006-12-31": "155.88290", "2006-09-30": "214.25700", "2006-06-30": "157.85400", "2006-03-31": "206.17500"}, "Other Income": {"2020-12-31": "", "2020-09-30": "", "2020-06-30": "", "2020-03-31": "", "2019-12-31": "", "2019-09-30": "", "2019-06-30": "", "2019-03-31": "", "2018-12-31": "", "2018-09-30": "", "2018-06-30": "", "2018-03-31": "", "2017-12-31": "", "2017-09-30": "", "2017-06-30": "", "2017-03-31": "", "2016-12-31": "", "2016-09-30": "", "2016-06-30": "", "2016-03-31": "", "2015-12-31": "", "2015-09-30": "", "2015-06-30": "", "2015-03-31": "", "2014-12-31": "", "2014-09-30": "", "2014-06-30": "", "2014-03-31": "", "2013-12-31": "", "2013-09-30": "", "2013-06-30": "", "2013-03-31": "", "2012-12-31": "", "2012-09-30": "", "2012-06-30": "", "2012-03-31": "", "2011-12-31": "", "2011-09-30": "", "2011-06-30": "", "2011-03-31": "", "2010-12-31": "", "2010-09-30": "", "2010-06-30": "", "2010-03-31": "", "2009-12-31": "", "2009-09-30": "", "2009-06-30": "", "2009-03-31": "", "2008-12-31": "", "2008-09-30": "", "2008-06-30": "", "2008-03-31": "", "2007-12-31": "", "2007-09-30": "", "2007-06-30": "", "2007-03-31": "", "2006-12-31": "", "2006-09-30": "", "2006-06-30": "", "2006-03-31": ""}, "Income From Continuous Operations": {"2020-12-31": "380.00000", "2020-09-30": "302.00000", "2020-06-30": "207.00000", "2020-03-31": "290.00000", "2019-12-31": "294.00000", "2019-09-30": "261.00000", "2019-06-30": "210.00000", "2019-03-31": "324.00000", "2018-12-31": "290.00000", "2018-09-30": "258.00000", "2018-06-30": "258.00000", "2018-03-31": "319.00000", "2017-12-31": "164.00000", "2017-09-30": "247.00000", "2017-06-30": "187.00000", "2017-03-31": "195.00000", "2016-12-31": "21.00000", "2016-09-30": "168.00000", "2016-06-30": "200.00000", "2016-03-31": "310.00000", "2015-12-31": "121.00000", "2015-09-30": "182.00000", "2015-06-30": "221.00000", "2015-03-31": "-109.00000", "2014-12-31": "66.00000", "2014-09-30": "31.00000", "2014-06-30": "161.00000", "2014-03-31": "201.00000", "2013-12-31": "36.70800", "2013-09-30": "185.96800", "2013-06-30": "120.03600", "2013-03-31": "75.28800", "2012-12-31": "100.64000", "2012-09-30": "157.87300", "2012-06-30": "97.53000", "2012-03-31": "140.94300", "2011-12-31": "144.80400", "2011-09-30": "202.48700", "2011-06-30": "136.64800", "2011-03-31": "203.24000", "2010-12-31": "3.96000", "2010-09-30": "148.71900", "2010-06-30": "64.76800", "2010-03-31": "59.68700", "2009-12-31": "42.01400", "2009-09-30": "120.09900", "2009-06-30": "166.91700", "2009-03-31": "155.11500", "2008-12-31": "235.11310", "2008-09-30": "315.07000", "2008-06-30": "230.80700", "2008-03-31": "340.61100", "2007-12-31": "587.16110", "2007-09-30": "22.24300", "2007-06-30": "75.14300", "2007-03-31": "184.19600", "2006-12-31": "155.88290", "2006-09-30": "214.25700", "2006-06-30": "157.85400", "2006-03-31": "206.17500"}, "Income From Discontinued Operations": {"2020-12-31": "", "2020-09-30": "", "2020-06-30": "", "2020-03-31": "", "2019-12-31": "", "2019-09-30": "", "2019-06-30": "", "2019-03-31": "", "2018-12-31": "", "2018-09-30": "", "2018-06-30": "", "2018-03-31": "", "2017-12-31": "", "2017-09-30": "", "2017-06-30": "", "2017-03-31": "", "2016-12-31": "", "2016-09-30": "", "2016-06-30": "", "2016-03-31": "", "2015-12-31": "", "2015-09-30": "", "2015-06-30": "", "2015-03-31": "", "2014-12-31": "", "2014-09-30": "", "2014-06-30": "", "2014-03-31": "", "2013-12-31": "", "2013-09-30": "", "2013-06-30": "", "2013-03-31": "", "2012-12-31": "", "2012-09-30": "", "2012-06-30": "", "2012-03-31": "", "2011-12-31": "", "2011-09-30": "", "2011-06-30": "", "2011-03-31": "", "2010-12-31": "", "2010-09-30": "", "2010-06-30": "", "2010-03-31": "", "2009-12-31": "", "2009-09-30": "", "2009-06-30": "", "2009-03-31": "", "2008-12-31": "", "2008-09-30": "", "2008-06-30": "", "2008-03-31": "", "2007-12-31": "", "2007-09-30": "", "2007-06-30": "", "2007-03-31": "", "2006-12-31": "", "2006-09-30": "", "2006-06-30": "", "2006-03-31": ""}, "Net Income": {"2020-12-31": "71.00000", "2020-09-30": "46.00000", "2020-06-30": "32.00000", "2020-03-31": "46.00000", "2019-12-31": "44.00000", "2019-09-30": "36.00000", "2019-06-30": "32.00000", "2019-03-31": "49.00000", "2018-12-31": "43.00000", "2018-09-30": "39.00000", "2018-06-30": "41.00000", "2018-03-31": "46.00000", "2017-12-31": "-2.00000", "2017-09-30": "31.00000", "2017-06-30": "23.00000", "2017-03-31": "24.00000", "2016-12-31": "4.00000", "2016-09-30": "20.00000", "2016-06-30": "27.00000", "2016-03-31": "33.00000", "2015-12-31": "17.00000", "2015-09-30": "22.00000", "2015-06-30": "23.00000", "2015-03-31": "-13.00000", "2014-12-31": "8.00000", "2014-09-30": "3.00000", "2014-06-30": "15.00000", "2014-03-31": "19.00000", "2013-12-31": "3.61800", "2013-09-30": "16.44700", "2013-06-30": "10.37800", "2013-03-31": "6.55700", "2012-12-31": "9.11300", "2012-09-30": "12.48800", "2012-06-30": "7.85200", "2012-03-31": "12.32300", "2011-12-31": "13.11000", "2011-09-30": "21.64800", "2011-06-30": "9.56600", "2011-03-31": "16.65600", "2010-12-31": "-28.37900", "2010-09-30": "11.03600", "2010-06-30": "3.84000", "2010-03-31": "3.89100", "2009-12-31": "-0.93400", "2009-09-30": "8.41000", "2009-06-30": "12.81800", "2009-03-31": "12.62200", "2008-12-31": "20.36100", "2008-09-30": "27.14700", "2008-06-30": "18.34800", "2008-03-31": "27.19100", "2007-12-31": "18.91000", "2007-09-30": "22.24300", "2007-06-30": "75.14300", "2007-03-31": "184.19600", "2006-12-31": "155.88300", "2006-09-30": "214.25700", "2006-06-30": "157.85400", "2006-03-31": "206.17500"}, "EBITDA": {"2020-12-31": "", "2020-09-30": "352.00000", "2020-06-30": "240.00000", "2020-03-31": "330.00000", "2019-12-31": "327.00000", "2019-09-30": "291.00000", "2019-06-30": "241.00000", "2019-03-31": "394.00000", "2018-12-31": "319.00000", "2018-09-30": "281.00000", "2018-06-30": "276.00000", "2018-03-31": "350.00000", "2017-12-31": "371.00000", "2017-09-30": "274.00000", "2017-06-30": "211.00000", "2017-03-31": "220.00000", "2016-12-31": "35.00000", "2016-09-30": "192.00000", "2016-06-30": "222.00000", "2016-03-31": "343.00000", "2015-12-31": "134.00000", "2015-09-30": "214.00000", "2015-06-30": "245.00000", "2015-03-31": "33.00000", "2014-12-31": "81.00000", "2014-09-30": "46.00000", "2014-06-30": "178.00000", "2014-03-31": "224.00000", "2013-12-31": "110.55500", "2013-09-30": "200.85700", "2013-06-30": "138.39600", "2013-03-31": "87.19200", "2012-12-31": "101.26400", "2012-09-30": "177.07100", "2012-06-30": "113.06400", "2012-03-31": "154.87000", "2011-12-31": "157.26600", "2011-09-30": "222.02600", "2011-06-30": "153.55800", "2011-03-31": "226.91800", "2010-12-31": "43.67300", "2010-09-30": "166.40300", "2010-06-30": "76.39600", "2010-03-31": "69.64500", "2009-12-31": "51.71700", "2009-09-30": "138.34200", "2009-06-30": "197.37100", "2009-03-31": "171.92700", "2008-12-31": "273.87700", "2008-09-30": "352.00100", "2008-06-30": "263.61700", "2008-03-31": "378.37400", "2007-12-31": "272.03700", "2007-09-30": "310.86800", "2007-06-30": "167.65100", "2007-03-31": "193.29200", "2006-12-31": "164.07910", "2006-09-30": "222.58500", "2006-06-30": "167.92400", "2006-03-31": "218.60300"}, "EBIT": {"2020-12-31": "392.00000", "2020-09-30": "337.00000", "2020-06-30": "225.00000", "2020-03-31": "315.00000", "2019-12-31": "311.00000", "2019-09-30": "279.00000", "2019-06-30": "229.00000", "2019-03-31": "382.00000", "2018-12-31": "311.00000", "2018-09-30": "275.00000", "2018-06-30": "271.00000", "2018-03-31": "343.00000", "2017-12-31": "364.00000", "2017-09-30": "268.00000", "2017-06-30": "205.00000", "2017-03-31": "214.00000", "2016-12-31": "28.00000", "2016-09-30": "186.00000", "2016-06-30": "216.00000", "2016-03-31": "337.00000", "2015-12-31": "128.00000", "2015-09-30": "209.00000", "2015-06-30": "239.00000", "2015-03-31": "28.00000", "2014-12-31": "75.00000", "2014-09-30": "41.00000", "2014-06-30": "174.00000", "2014-03-31": "219.00000", "2013-12-31": "105.46900", "2013-09-30": "196.38200", "2013-06-30": "133.92600", "2013-03-31": "82.22300", "2012-12-31": "96.19600", "2012-09-30": "172.62000", "2012-06-30": "108.50700", "2012-03-31": "149.67700", "2011-12-31": "152.19500", "2011-09-30": "217.75700", "2011-06-30": "149.14400", "2011-03-31": "221.97200", "2010-12-31": "38.50600", "2010-09-30": "161.92000", "2010-06-30": "72.07600", "2010-03-31": "64.91300", "2009-12-31": "45.96100", "2009-09-30": "133.26700", "2009-06-30": "192.10800", "2009-03-31": "166.94700", "2008-12-31": "269.09410", "2008-09-30": "347.45400", "2008-06-30": "259.40000", "2008-03-31": "374.02400", "2007-12-31": "268.92300", "2007-09-30": "307.86500", "2007-06-30": "164.65300", "2007-03-31": "190.33900", "2006-12-31": "161.63610", "2006-09-30": "220.14300", "2006-06-30": "164.42300", "2006-03-31": "215.35900"}, "Basic Shares Outstanding": {"2020-12-31": "87.07600", "2020-09-30": "78.51000", "2020-06-30": "77.35800", "2020-03-31": "76.75100", "2019-12-31": "76.12200", "2019-09-30": "76.74300", "2019-06-30": "75.86800", "2019-03-31": "75.10100", "2018-12-31": "73.43800", "2018-09-30": "74.64900", "2018-06-30": "72.47700", "2018-03-31": "71.47600", "2017-12-31": "69.92700", "2017-09-30": "71.11000", "2017-06-30": "69.08800", "2017-03-31": "67.98500", "2016-12-31": "66.01300", "2016-09-30": "67.08400", "2016-06-30": "64.96700", "2016-03-31": "63.98500", "2015-12-31": "61.04300", "2015-09-30": "62.45900", "2015-06-30": "59.48200", "2015-03-31": "58.47300", "2014-12-31": "56.49200", "2014-09-30": "57.09900", "2014-06-30": "56.08000", "2014-03-31": "54.66400", "2013-12-31": "49.74200", "2013-09-30": "49.96600", "2013-06-30": "48.92900", "2013-03-31": "47.49900", "2012-12-31": "46.81500", "2012-09-30": "47.48800", "2012-06-30": "46.68600", "2012-03-31": "45.57700", "2011-12-31": "43.92500", "2011-09-30": "44.83300", "2011-06-30": "43.01800", "2011-03-31": "42.23200", "2010-12-31": "41.87100", "2010-09-30": "42.22200", "2010-06-30": "41.80300", "2010-03-31": "41.21700", "2009-12-31": "40.97300", "2009-09-30": "41.21500", "2009-06-30": "40.91700", "2009-03-31": "40.53700", "2008-12-31": "40.43400", "2008-09-30": "40.60300", "2008-06-30": "40.41100", "2008-03-31": "40.14400", "2007-12-31": "40.15400", "2007-09-30": "40.14200", "2007-06-30": "40.18800", "2007-03-31": "", "2006-12-31": "", "2006-09-30": "0.00000", "2006-06-30": "0.00000", "2006-03-31": ""}, "Shares Outstanding": {"2020-12-31": "87.77200", "2020-09-30": "79.12100", "2020-06-30": "78.03100", "2020-03-31": "77.56800", "2019-12-31": "76.82600", "2019-09-30": "77.34900", "2019-06-30": "76.59500", "2019-03-31": "75.97600", "2018-12-31": "74.26600", "2018-09-30": "75.36000", "2018-06-30": "73.32900", "2018-03-31": "72.51200", "2017-12-31": "70.90500", "2017-09-30": "71.97300", "2017-06-30": "70.06300", "2017-03-31": "69.15800", "2016-12-31": "67.29900", "2016-09-30": "68.47000", "2016-06-30": "66.47100", "2016-03-31": "65.25600", "2015-12-31": "62.51000", "2015-09-30": "64.02900", "2015-06-30": "61.03900", "2015-03-31": "58.47300", "2014-12-31": "57.71000", "2014-09-30": "58.22000", "2014-06-30": "57.30000", "2014-03-31": "56.04100", "2013-12-31": "50.92500", "2013-09-30": "50.98800", "2013-06-30": "49.01300", "2013-03-31": "47.68800", "2012-12-31": "47.07100", "2012-09-30": "47.68000", "2012-06-30": "46.95700", "2012-03-31": "45.95100", "2011-12-31": "44.36500", "2011-09-30": "45.20900", "2011-06-30": "43.47100", "2011-03-31": "42.79200", "2010-12-31": "42.49900", "2010-09-30": "42.78500", "2010-06-30": "42.44200", "2010-03-31": "41.96600", "2009-12-31": "41.79900", "2009-09-30": "41.97400", "2009-06-30": "41.75800", "2009-03-31": "41.48500", "2008-12-31": "41.46100", "2008-09-30": "41.55100", "2008-06-30": "41.45200", "2008-03-31": "401.29300", "2007-12-31": "41.32800", "2007-09-30": "401.31500", "2007-06-30": "401.36400", "2007-03-31": "", "2006-12-31": "", "2006-09-30": "0.00000", "2006-06-30": "0.00000", "2006-03-31": ""}, "Basic EPS": {"2020-12-31": "0.82000", "2020-09-30": "0.59000", "2020-06-30": "0.41000", "2020-03-31": "0.60000", "2019-12-31": "0.57000", "2019-09-30": "0.46000", "2019-06-30": "0.43000", "2019-03-31": "0.65000", "2018-12-31": "0.57000", "2018-09-30": "0.52000", "2018-06-30": "0.57000", "2018-03-31": "0.64000", "2017-12-31": "-0.03000", "2017-09-30": "0.44000", "2017-06-30": "0.33000", "2017-03-31": "0.35000", "2016-12-31": "0.05000", "2016-09-30": "0.30000", "2016-06-30": "0.41000", "2016-03-31": "0.52000", "2015-12-31": "0.29000", "2015-09-30": "0.35000", "2015-06-30": "0.38000", "2015-03-31": "-0.22000", "2014-12-31": "0.11000", "2014-09-30": "0.06000", "2014-06-30": "0.27000", "2014-03-31": "0.35000", "2013-12-31": "0.06000", "2013-09-30": "0.33000", "2013-06-30": "0.21000", "2013-03-31": "0.14000", "2012-12-31": "0.19000", "2012-09-30": "0.26000", "2012-06-30": "0.17000", "2012-03-31": "0.27000", "2011-12-31": "0.30000", "2011-09-30": "0.48000", "2011-06-30": "0.22000", "2011-03-31": "0.39000", "2010-12-31": "-0.67000", "2010-09-30": "0.26000", "2010-06-30": "0.09000", "2010-03-31": "0.09000", "2009-12-31": "-0.02000", "2009-09-30": "0.20000", "2009-06-30": "0.31000", "2009-03-31": "0.31000", "2008-12-31": "0.50000", "2008-09-30": "0.67000", "2008-06-30": "0.45000", "2008-03-31": "0.68000", "2007-12-31": "0.48000", "2007-09-30": "0.55000", "2007-06-30": "0.17000", "2007-03-31": "", "2006-12-31": "", "2006-09-30": "0.00000", "2006-06-30": "0.00000", "2006-03-31": ""}, "EPS - Earnings Per Share": {"2020-12-31": "0.81000", "2020-09-30": "0.58000", "2020-06-30": "0.40000", "2020-03-31": "0.60000", "2019-12-31": "0.58000", "2019-09-30": "0.45000", "2019-06-30": "0.43000", "2019-03-31": "0.64000", "2018-12-31": "0.57000", "2018-09-30": "0.51000", "2018-06-30": "0.57000", "2018-03-31": "0.63000", "2017-12-31": "-0.02000", "2017-09-30": "0.43000", "2017-06-30": "0.32000", "2017-03-31": "0.34000", "2016-12-31": "0.04000", "2016-09-30": "0.30000", "2016-06-30": "0.40000", "2016-03-31": "0.51000", "2015-12-31": "0.28000", "2015-09-30": "0.35000", "2015-06-30": "0.37000", "2015-03-31": "-0.22000", "2014-12-31": "0.12000", "2014-09-30": "0.05000", "2014-06-30": "0.26000", "2014-03-31": "0.34000", "2013-12-31": "0.06000", "2013-09-30": "0.32000", "2013-06-30": "0.21000", "2013-03-31": "0.14000", "2012-12-31": "0.19000", "2012-09-30": "0.26000", "2012-06-30": "0.17000", "2012-03-31": "0.27000", "2011-12-31": "0.28000", "2011-09-30": "0.48000", "2011-06-30": "0.22000", "2011-03-31": "0.39000", "2010-12-31": "-0.67000", "2010-09-30": "0.26000", "2010-06-30": "0.09000", "2010-03-31": "0.09000", "2009-12-31": "-0.02000", "2009-09-30": "0.20000", "2009-06-30": "0.31000", "2009-03-31": "0.30000", "2008-12-31": "0.49000", "2008-09-30": "0.65000", "2008-06-30": "0.44000", "2008-03-31": "0.66000", "2007-12-31": "0.46000", "2007-09-30": "0.53000", "2007-06-30": "0.17000", "2007-03-31": "0.00000", "2006-12-31": "0.00000", "2006-09-30": "0.00000", "2006-06-30": "0.00000", "2006-03-31": "0.00000"}}, "balance sheet": {"Cash On Hand": {"2020-12-31": "53764.00000", "2019-12-31": "37133.00000", "2018-12-31": "30268.00000", "2017-12-31": "26956.00000", "2016-12-31": "29682.00000", "2015-12-31": "27029.00000", "2014-12-31": "20719.00000", "2013-12-31": "18342.77000", "2012-12-31": "17359.03000", "2011-12-31": "14802.47000", "2010-12-31": "12870.96000", "2009-12-31": "13011.53000", "2008-12-31": "12563.23000", "2007-12-31": "12651.36000", "2006-12-31": "14358.04000", "2005-12-31": ""}, "Receivables": {"2020-12-31": "40587.00000", "2019-12-31": "32147.00000", "2018-12-31": "27864.00000", "2017-12-31": "30760.00000", "2016-12-31": "20506.00000", "2015-12-31": "17805.00000", "2014-12-31": "18219.00000", "2013-12-31": "14481.33000", "2012-12-31": "10719.05000", "2011-12-31": "8443.69900", "2010-12-31": "7725.58900", "2009-12-31": "3748.56800", "2008-12-31": "4174.96900", "2007-12-31": "4485.71700", "2006-12-31": "1768.17700", "2005-12-31": ""}, "Inventory": {"2020-12-31": "630.00000", "2019-12-31": "1916.00000", "2018-12-31": "2119.00000", "2017-12-31": "3154.00000", "2016-12-31": "4037.00000", "2015-12-31": "3420.00000", "2014-12-31": "3978.00000", "2013-12-31": "4448.84400", "2012-12-31": "4544.73600", "2011-12-31": "6615.07800", "2010-12-31": "7422.41700", "2009-12-31": "9343.98100", "2008-12-31": "11114.66000", "2007-12-31": "16857.51000", "2006-12-31": "15817.80000", "2005-12-31": ""}, "Pre-Paid Expenses": {"2020-12-31": "", "2019-12-31": "", "2018-12-31": "", "2017-12-31": "", "2016-12-31": "", "2015-12-31": "", "2014-12-31": "", "2013-12-31": "", "2012-12-31": "", "2011-12-31": "", "2010-12-31": "", "2009-12-31": "", "2008-12-31": "", "2007-12-31": "", "2006-12-31": "", "2005-12-31": ""}, "Other Current Assets": {"2020-12-31": "", "2019-12-31": "", "2018-12-31": "", "2017-12-31": "", "2016-12-31": "", "2015-12-31": "", "2014-12-31": "", "2013-12-31": "", "2012-12-31": "", "2011-12-31": "", "2010-12-31": "", "2009-12-31": "", "2008-12-31": "", "2007-12-31": "", "2006-12-31": "", "2005-12-31": ""}, "Total Current Assets": {"2020-12-31": "94981.00000", "2019-12-31": "71196.00000", "2018-12-31": "60251.00000", "2017-12-31": "60870.00000", "2016-12-31": "54225.00000", "2015-12-31": "48254.00000", "2014-12-31": "42916.00000", "2013-12-31": "37272.94000", "2012-12-31": "32622.82000", "2011-12-31": "29861.25000", "2010-12-31": "28018.96000", "2009-12-31": "26104.07000", "2008-12-31": "27852.86000", "2007-12-31": "33994.59000", "2006-12-31": "31944.02000", "2005-12-31": ""}, "Property, Plant, And Equipment": {"2020-12-31": "", "2019-12-31": "", "2018-12-31": "", "2017-12-31": "", "2016-12-31": "", "2015-12-31": "", "2014-12-31": "", "2013-12-31": "", "2012-12-31": "", "2011-12-31": "", "2010-12-31": "", "2009-12-31": "", "2008-12-31": "", "2007-12-31": "", "2006-12-31": "", "2005-12-31": ""}, "Long-Term Investments": {"2020-12-31": "", "2019-12-31": "", "2018-12-31": "", "2017-12-31": "", "2016-12-31": "", "2015-12-31": "", "2014-12-31": "", "2013-12-31": "", "2012-12-31": "", "2011-12-31": "", "2010-12-31": "", "2009-12-31": "", "2008-12-31": "", "2007-12-31": "", "2006-12-31": "", "2005-12-31": ""}, "Goodwill And Intangible Assets": {"2020-12-31": "", "2019-12-31": "", "2018-12-31": "", "2017-12-31": "", "2016-12-31": "", "2015-12-31": "", "2014-12-31": "", "2013-12-31": "", "2012-12-31": "", "2011-12-31": "", "2010-12-31": "", "2009-12-31": "", "2008-12-31": "", "2007-12-31": "", "2006-12-31": "", "2005-12-31": ""}, "Other Long-Term Assets": {"2020-12-31": "698.00000", "2019-12-31": "480.00000", "2018-12-31": "296.00000", "2017-12-31": "292.00000", "2016-12-31": "448.00000", "2015-12-31": "480.00000", "2014-12-31": "469.00000", "2013-12-31": "597.75900", "2012-12-31": "576.74100", "2011-12-31": "543.11800", "2010-12-31": "481.07700", "2009-12-31": "501.47400", "2008-12-31": "503.77400", "2007-12-31": "547.49400", "2006-12-31": "136.50200", "2005-12-31": ""}, "Total Long-Term Assets": {"2020-12-31": "698.00000", "2019-12-31": "480.00000", "2018-12-31": "296.00000", "2017-12-31": "292.00000", "2016-12-31": "448.00000", "2015-12-31": "480.00000", "2014-12-31": "469.00000", "2013-12-31": "597.75900", "2012-12-31": "576.74100", "2011-12-31": "543.11800", "2010-12-31": "481.07700", "2009-12-31": "501.47400", "2008-12-31": "503.77400", "2007-12-31": "547.49400", "2006-12-31": "136.50200", "2005-12-31": ""}, "Total Assets": {"2020-12-31": "95679.00000", "2019-12-31": "71676.00000", "2018-12-31": "60547.00000", "2017-12-31": "61162.00000", "2016-12-31": "54673.00000", "2015-12-31": "48734.00000", "2014-12-31": "43385.00000", "2013-12-31": "37870.70000", "2012-12-31": "33199.56000", "2011-12-31": "30404.37000", "2010-12-31": "28500.04000", "2009-12-31": "26605.55000", "2008-12-31": "28356.63000", "2007-12-31": "34542.09000", "2006-12-31": "32080.52000", "2005-12-31": "0.00000"}, "Total Current Liabilities": {"2020-12-31": "86676.00000", "2019-12-31": "63736.00000", "2018-12-31": "53391.00000", "2017-12-31": "54729.00000", "2016-12-31": "48853.00000", "2015-12-31": "43390.00000", "2014-12-31": "38200.00000", "2013-12-31": "32778.57000", "2012-12-31": "28386.41000", "2011-12-31": "25491.00000", "2010-12-31": "23912.35000", "2009-12-31": "21522.64000", "2008-12-31": "23505.52000", "2007-12-31": "30507.80000", "2006-12-31": "28978.00000", "2005-12-31": ""}, "Long Term Debt": {"2020-12-31": "", "2019-12-31": "", "2018-12-31": "", "2017-12-31": "", "2016-12-31": "", "2015-12-31": "", "2014-12-31": "", "2013-12-31": "", "2012-12-31": "", "2011-12-31": "101.41100", "2010-12-31": "294.60300", "2009-12-31": "205.77700", "2008-12-31": "443.05400", "2007-12-31": "460.45600", "2006-12-31": "300.59800", "2005-12-31": ""}, "Other Non-Current Liabilities": {"2020-12-31": "", "2019-12-31": "", "2018-12-31": "", "2017-12-31": "", "2016-12-31": "", "2015-12-31": "", "2014-12-31": "", "2013-12-31": "", "2012-12-31": "", "2011-12-31": "", "2010-12-31": "", "2009-12-31": "", "2008-12-31": "", "2007-12-31": "", "2006-12-31": "2801.91700", "2005-12-31": ""}, "Total Long Term Liabilities": {"2020-12-31": "", "2019-12-31": "", "2018-12-31": "", "2017-12-31": "", "2016-12-31": "", "2015-12-31": "", "2014-12-31": "", "2013-12-31": "", "2012-12-31": "", "2011-12-31": "5371.03000", "2010-12-31": "6615.45200", "2009-12-31": "205.77700", "2008-12-31": "443.05400", "2007-12-31": "3625.87700", "2006-12-31": "3102.51500", "2005-12-31": ""}, "Total Liabilities": {"2020-12-31": "86676.00000", "2019-12-31": "63736.00000", "2018-12-31": "53391.00000", "2017-12-31": "54729.00000", "2016-12-31": "48853.00000", "2015-12-31": "43390.00000", "2014-12-31": "38200.00000", "2013-12-31": "32778.57000", "2012-12-31": "28386.41000", "2011-12-31": "30862.03000", "2010-12-31": "30527.80000", "2009-12-31": "21728.42000", "2008-12-31": "23948.57000", "2007-12-31": "34133.68000", "2006-12-31": "32080.52000", "2005-12-31": ""}, "Common Stock Net": {"2020-12-31": "", "2019-12-31": "1.00000", "2018-12-31": "1.00000", "2017-12-31": "1.00000", "2016-12-31": "1.00000", "2015-12-31": "1.00000", "2014-12-31": "1.00000", "2013-12-31": "0.54800", "2012-12-31": "0.47800", "2011-12-31": "0.46000", "2010-12-31": "0.42900", "2009-12-31": "0.47800", "2008-12-31": "0.45300", "2007-12-31": "0.43300", "2006-12-31": "", "2005-12-31": ""}, "Retained Earnings (Accumulated Deficit)": {"2020-12-31": "", "2019-12-31": "520.00000", "2018-12-31": "390.00000", "2017-12-31": "251.00000", "2016-12-31": "203.00000", "2015-12-31": "145.00000", "2014-12-31": "121.00000", "2013-12-31": "98.86800", "2012-12-31": "82.07200", "2011-12-31": "-465.13800", "2010-12-31": "-2031.65600", "2009-12-31": "177.40900", "2008-12-31": "141.20700", "2007-12-31": "48.16000", "2006-12-31": "", "2005-12-31": ""}, "Comprehensive Income": {"2020-12-31": "", "2019-12-31": "", "2018-12-31": "-4.00000", "2017-12-31": "9.00000", "2016-12-31": "-2.00000", "2015-12-31": "2.00000", "2014-12-31": "12.00000", "2013-12-31": "27.02800", "2012-12-31": "29.75400", "2011-12-31": "18.48700", "2010-12-31": "21.13700", "2009-12-31": "10.91400", "2008-12-31": "3.90700", "2007-12-31": "4.10900", "2006-12-31": "", "2005-12-31": ""}, "Other Share Holders Equity": {"2020-12-31": "", "2019-12-31": "", "2018-12-31": "", "2017-12-31": "", "2016-12-31": "", "2015-12-31": "", "2014-12-31": "", "2013-12-31": "", "2012-12-31": "", "2011-12-31": "", "2010-12-31": "", "2009-12-31": "", "2008-12-31": "", "2007-12-31": "", "2006-12-31": "", "2005-12-31": ""}, "Share Holder Equity": {"2020-12-31": "9003.00000", "2019-12-31": "7940.00000", "2018-12-31": "7156.00000", "2017-12-31": "6433.00000", "2016-12-31": "5820.00000", "2015-12-31": "5344.00000", "2014-12-31": "5185.00000", "2013-12-31": "5092.12600", "2012-12-31": "4813.14700", "2011-12-31": "-457.66400", "2010-12-31": "-2027.76400", "2009-12-31": "4877.13100", "2008-12-31": "4408.06100", "2007-12-31": "408.40300", "2006-12-31": "", "2005-12-31": ""}, "Total Liabilities And Share Holders Equity": {"2020-12-31": "95679.00000", "2019-12-31": "71676.00000", "2018-12-31": "60547.00000", "2017-12-31": "61162.00000", "2016-12-31": "54673.00000", "2015-12-31": "48734.00000", "2014-12-31": "43385.00000", "2013-12-31": "37870.70000", "2012-12-31": "33199.56000", "2011-12-31": "30404.37000", "2010-12-31": "28500.04000", "2009-12-31": "26605.55000", "2008-12-31": "28356.63000", "2007-12-31": "34542.09000", "2006-12-31": "32080.52000", "2005-12-31": ""}}, "balance sheet, quarterly": {"Cash On Hand": {"2020-12-31": "53764.00000", "2020-09-30": "50793.00000", "2020-06-30": "55452.00000", "2020-03-31": "52440.00000", "2019-12-31": "37133.00000", "2019-09-30": "38476.00000", "2019-06-30": "37584.00000", "2019-03-31": "34897.00000", "2018-12-31": "30268.00000", "2018-09-30": "27299.00000", "2018-06-30": "27675.00000", "2018-03-31": "25814.00000", "2017-12-31": "26956.00000", "2017-09-30": "30406.00000", "2017-06-30": "30563.00000", "2017-03-31": "30401.00000", "2016-12-31": "29682.00000", "2016-09-30": "31733.00000", "2016-06-30": "30573.00000", "2016-03-31": "30071.00000", "2015-12-31": "27029.00000", "2015-09-30": "26098.00000", "2015-06-30": "20785.00000", "2015-03-31": "20805.00000", "2014-12-31": "20719.00000", "2014-09-30": "19530.66000", "2014-06-30": "20293.25000", "2014-03-31": "19700.40000", "2013-12-31": "18342.77000", "2013-09-30": "18080.61000", "2013-06-30": "17804.68000", "2013-03-31": "17892.12000", "2012-12-31": "17359.03000", "2012-09-30": "17295.52000", "2012-06-30": "16051.01000", "2012-03-31": "16028.90000", "2011-12-31": "14802.47000", "2011-09-30": "15707.32000", "2011-06-30": "13750.64000", "2011-03-31": "13084.17000", "2010-12-31": "12870.96000", "2010-09-30": "13979.83000", "2010-06-30": "12921.35000", "2010-03-31": "14380.65000", "2009-12-31": "13011.53000", "2009-09-30": "13131.79000", "2009-06-30": "12774.12000", "2009-03-31": "10090.31000", "2008-12-31": "12563.23000", "2008-09-30": "10865.72000", "2008-06-30": "11149.27000", "2008-03-31": "13102.32000", "2007-12-31": "12651.36000", "2007-09-30": "14503.82000", "2007-06-30": "13403.42000", "2007-03-31": "14568.66000", "2006-12-31": "14358.04000", "2006-09-30": "", "2006-06-30": "", "2006-03-31": ""}, "Receivables": {"2020-12-31": "40587.00000", "2020-09-30": "32987.00000", "2020-06-30": "27154.00000", "2020-03-31": "21740.00000", "2019-12-31": "32147.00000", "2019-09-30": "26969.00000", "2019-06-30": "26770.00000", "2019-03-31": "26746.00000", "2018-12-31": "27864.00000", "2018-09-30": "31876.00000", "2018-06-30": "30221.00000", "2018-03-31": "30565.00000", "2017-12-31": "30760.00000", "2017-09-30": "26444.00000", "2017-06-30": "24056.00000", "2017-03-31": "22387.00000", "2016-12-31": "20506.00000", "2016-09-30": "19053.00000", "2016-06-30": "16546.00000", "2016-03-31": "15999.00000", "2015-12-31": "17805.00000", "2015-09-30": "16803.00000", "2015-06-30": "20256.00000", "2015-03-31": "18506.00000", "2014-12-31": "18219.00000", "2014-09-30": "18193.11000", "2014-06-30": "16124.96000", "2014-03-31": "15351.93000", "2013-12-31": "14481.33000", "2013-09-30": "13243.30000", "2013-06-30": "12285.68000", "2013-03-31": "12017.66000", "2012-12-31": "10719.05000", "2012-09-30": "10287.91000", "2012-06-30": "9604.91300", "2012-03-31": "9673.53300", "2011-12-31": "8443.69900", "2011-09-30": "8007.11500", "2011-06-30": "10290.75000", "2011-03-31": "10046.13000", "2010-12-31": "7725.58900", "2010-09-30": "5974.63700", "2010-06-30": "5067.44300", "2010-03-31": "5132.09100", "2009-12-31": "3748.56800", "2009-09-30": "4955.32500", "2009-06-30": "4342.24000", "2009-03-31": "3752.50300", "2008-12-31": "4174.96900", "2008-09-30": "4232.72400", "2008-06-30": "4844.43800", "2008-03-31": "3666.99900", "2007-12-31": "4485.71700", "2007-09-30": "3956.52700", "2007-06-30": "4843.62100", "2007-03-31": "2827.88400", "2006-12-31": "1768.17700", "2006-09-30": "", "2006-06-30": "", "2006-03-31": ""}, "Inventory": {"2020-12-31": "630.00000", "2020-09-30": "452.00000", "2020-06-30": "889.00000", "2020-03-31": "1202.00000", "2019-12-31": "1916.00000", "2019-09-30": "1883.00000", "2019-06-30": "1192.00000", "2019-03-31": "1327.00000", "2018-12-31": "2119.00000", "2018-09-30": "2588.00000", "2018-06-30": "2088.00000", "2018-03-31": "2415.00000", "2017-12-31": "3154.00000", "2017-09-30": "2580.00000", "2017-06-30": "2573.00000", "2017-03-31": "3023.00000", "2016-12-31": "4037.00000", "2016-09-30": "3823.00000", "2016-06-30": "4254.00000", "2016-03-31": "3646.00000", "2015-12-31": "3420.00000", "2015-09-30": "3841.00000", "2015-06-30": "3613.00000", "2015-03-31": "3473.00000", "2014-12-31": "3978.00000", "2014-09-30": "3396.17600", "2014-06-30": "3238.09200", "2014-03-31": "3428.20000", "2013-12-31": "4448.84400", "2013-09-30": "4425.27300", "2013-06-30": "4412.67200", "2013-03-31": "4662.30900", "2012-12-31": "4544.73600", "2012-09-30": "5704.96900", "2012-06-30": "6161.77700", "2012-03-31": "6443.62200", "2011-12-31": "6615.07800", "2011-09-30": "8884.85900", "2011-06-30": "6103.46300", "2011-03-31": "6418.97800", "2010-12-31": "7422.41700", "2010-09-30": "9213.20300", "2010-06-30": "8992.13700", "2010-03-31": "9347.67200", "2009-12-31": "9343.98100", "2009-09-30": "10250.53000", "2009-06-30": "8821.52900", "2009-03-31": "10777.14000", "2008-12-31": "11114.66000", "2008-09-30": "13735.36000", "2008-06-30": "13263.34000", "2008-03-31": "15889.33000", "2007-12-31": "16857.51000", "2007-09-30": "17388.52000", "2007-06-30": "14882.17000", "2007-03-31": "14699.89000", "2006-12-31": "15817.80000", "2006-09-30": "", "2006-06-30": "", "2006-03-31": ""}, "Pre-Paid Expenses": {"2020-12-31": "", "2020-09-30": "", "2020-06-30": "", "2020-03-31": "", "2019-12-31": "", "2019-09-30": "", "2019-06-30": "", "2019-03-31": "", "2018-12-31": "", "2018-09-30": "", "2018-06-30": "", "2018-03-31": "", "2017-12-31": "", "2017-09-30": "", "2017-06-30": "", "2017-03-31": "", "2016-12-31": "", "2016-09-30": "", "2016-06-30": "", "2016-03-31": "", "2015-12-31": "", "2015-09-30": "", "2015-06-30": "", "2015-03-31": "", "2014-12-31": "", "2014-09-30": "", "2014-06-30": "", "2014-03-31": "", "2013-12-31": "", "2013-09-30": "", "2013-06-30": "", "2013-03-31": "", "2012-12-31": "", "2012-09-30": "", "2012-06-30": "", "2012-03-31": "", "2011-12-31": "", "2011-09-30": "", "2011-06-30": "", "2011-03-31": "", "2010-12-31": "", "2010-09-30": "", "2010-06-30": "", "2010-03-31": "", "2009-12-31": "", "2009-09-30": "", "2009-06-30": "", "2009-03-31": "", "2008-12-31": "", "2008-09-30": "", "2008-06-30": "", "2008-03-31": "", "2007-12-31": "", "2007-09-30": "", "2007-06-30": "", "2007-03-31": "", "2006-12-31": "", "2006-09-30": "", "2006-06-30": "", "2006-03-31": ""}, "Other Current Assets": {"2020-12-31": "", "2020-09-30": "", "2020-06-30": "", "2020-03-31": "", "2019-12-31": "", "2019-09-30": "", "2019-06-30": "", "2019-03-31": "", "2018-12-31": "", "2018-09-30": "", "2018-06-30": "", "2018-03-31": "", "2017-12-31": "", "2017-09-30": "", "2017-06-30": "", "2017-03-31": "", "2016-12-31": "", "2016-09-30": "", "2016-06-30": "", "2016-03-31": "", "2015-12-31": "", "2015-09-30": "", "2015-06-30": "", "2015-03-31": "", "2014-12-31": "", "2014-09-30": "", "2014-06-30": "", "2014-03-31": "", "2013-12-31": "", "2013-09-30": "", "2013-06-30": "", "2013-03-31": "", "2012-12-31": "", "2012-09-30": "", "2012-06-30": "", "2012-03-31": "", "2011-12-31": "", "2011-09-30": "", "2011-06-30": "", "2011-03-31": "", "2010-12-31": "", "2010-09-30": "", "2010-06-30": "", "2010-03-31": "", "2009-12-31": "", "2009-09-30": "", "2009-06-30": "", "2009-03-31": "", "2008-12-31": "", "2008-09-30": "", "2008-06-30": "", "2008-03-31": "", "2007-12-31": "", "2007-09-30": "", "2007-06-30": "", "2007-03-31": "", "2006-12-31": "", "2006-09-30": "", "2006-06-30": "", "2006-03-31": ""}, "Total Current Assets": {"2020-12-31": "94981.00000", "2020-09-30": "84232.00000", "2020-06-30": "83495.00000", "2020-03-31": "75382.00000", "2019-12-31": "71196.00000", "2019-09-30": "67328.00000", "2019-06-30": "65546.00000", "2019-03-31": "62970.00000", "2018-12-31": "60251.00000", "2018-09-30": "61763.00000", "2018-06-30": "59984.00000", "2018-03-31": "58794.00000", "2017-12-31": "60870.00000", "2017-09-30": "59430.00000", "2017-06-30": "57192.00000", "2017-03-31": "55811.00000", "2016-12-31": "54225.00000", "2016-09-30": "54609.00000", "2016-06-30": "51373.00000", "2016-03-31": "49716.00000", "2015-12-31": "48254.00000", "2015-09-30": "46742.00000", "2015-06-30": "44654.00000", "2015-03-31": "42784.00000", "2014-12-31": "42916.00000", "2014-09-30": "41119.94000", "2014-06-30": "39656.30000", "2014-03-31": "38480.54000", "2013-12-31": "37272.94000", "2013-09-30": "35749.18000", "2013-06-30": "34503.03000", "2013-03-31": "34572.08000", "2012-12-31": "32622.82000", "2012-09-30": "33288.40000", "2012-06-30": "31817.70000", "2012-03-31": "32146.05000", "2011-12-31": "29861.25000", "2011-09-30": "32599.30000", "2011-06-30": "30144.85000", "2011-03-31": "29549.27000", "2010-12-31": "28018.96000", "2010-09-30": "29167.67000", "2010-06-30": "26980.93000", "2010-03-31": "28860.41000", "2009-12-31": "26104.07000", "2009-09-30": "28337.65000", "2009-06-30": "25937.89000", "2009-03-31": "24619.95000", "2008-12-31": "27852.86000", "2008-09-30": "28833.81000", "2008-06-30": "29257.05000", "2008-03-31": "32658.65000", "2007-12-31": "33994.59000", "2007-09-30": "35848.87000", "2007-06-30": "33129.21000", "2007-03-31": "32096.43000", "2006-12-31": "31944.02000", "2006-09-30": "", "2006-06-30": "", "2006-03-31": ""}, "Property, Plant, And Equipment": {"2020-12-31": "", "2020-09-30": "", "2020-06-30": "", "2020-03-31": "", "2019-12-31": "", "2019-09-30": "", "2019-06-30": "", "2019-03-31": "", "2018-12-31": "", "2018-09-30": "", "2018-06-30": "", "2018-03-31": "", "2017-12-31": "", "2017-09-30": "", "2017-06-30": "", "2017-03-31": "", "2016-12-31": "", "2016-09-30": "", "2016-06-30": "", "2016-03-31": "", "2015-12-31": "", "2015-09-30": "", "2015-06-30": "", "2015-03-31": "", "2014-12-31": "", "2014-09-30": "", "2014-06-30": "", "2014-03-31": "", "2013-12-31": "", "2013-09-30": "", "2013-06-30": "", "2013-03-31": "", "2012-12-31": "", "2012-09-30": "", "2012-06-30": "", "2012-03-31": "", "2011-12-31": "", "2011-09-30": "", "2011-06-30": "", "2011-03-31": "", "2010-12-31": "", "2010-09-30": "", "2010-06-30": "", "2010-03-31": "", "2009-12-31": "", "2009-09-30": "", "2009-06-30": "", "2009-03-31": "", "2008-12-31": "", "2008-09-30": "", "2008-06-30": "", "2008-03-31": "", "2007-12-31": "", "2007-09-30": "", "2007-06-30": "", "2007-03-31": "", "2006-12-31": "", "2006-09-30": "", "2006-06-30": "", "2006-03-31": ""}, "Long-Term Investments": {"2020-12-31": "", "2020-09-30": "", "2020-06-30": "", "2020-03-31": "", "2019-12-31": "", "2019-09-30": "", "2019-06-30": "", "2019-03-31": "", "2018-12-31": "", "2018-09-30": "", "2018-06-30": "", "2018-03-31": "", "2017-12-31": "", "2017-09-30": "", "2017-06-30": "", "2017-03-31": "", "2016-12-31": "", "2016-09-30": "", "2016-06-30": "", "2016-03-31": "", "2015-12-31": "", "2015-09-30": "", "2015-06-30": "", "2015-03-31": "", "2014-12-31": "", "2014-09-30": "", "2014-06-30": "", "2014-03-31": "", "2013-12-31": "", "2013-09-30": "", "2013-06-30": "", "2013-03-31": "", "2012-12-31": "", "2012-09-30": "", "2012-06-30": "", "2012-03-31": "", "2011-12-31": "", "2011-09-30": "", "2011-06-30": "", "2011-03-31": "", "2010-12-31": "", "2010-09-30": "", "2010-06-30": "", "2010-03-31": "", "2009-12-31": "", "2009-09-30": "", "2009-06-30": "", "2009-03-31": "", "2008-12-31": "", "2008-09-30": "", "2008-06-30": "", "2008-03-31": "", "2007-12-31": "", "2007-09-30": "", "2007-06-30": "", "2007-03-31": "", "2006-12-31": "", "2006-09-30": "", "2006-06-30": "", "2006-03-31": ""}, "Goodwill And Intangible Assets": {"2020-12-31": "", "2020-09-30": "", "2020-06-30": "", "2020-03-31": "", "2019-12-31": "", "2019-09-30": "", "2019-06-30": "", "2019-03-31": "", "2018-12-31": "", "2018-09-30": "", "2018-06-30": "", "2018-03-31": "", "2017-12-31": "", "2017-09-30": "", "2017-06-30": "", "2017-03-31": "", "2016-12-31": "", "2016-09-30": "", "2016-06-30": "", "2016-03-31": "", "2015-12-31": "", "2015-09-30": "", "2015-06-30": "", "2015-03-31": "", "2014-12-31": "", "2014-09-30": "", "2014-06-30": "", "2014-03-31": "", "2013-12-31": "", "2013-09-30": "", "2013-06-30": "", "2013-03-31": "", "2012-12-31": "", "2012-09-30": "", "2012-06-30": "", "2012-03-31": "", "2011-12-31": "", "2011-09-30": "", "2011-06-30": "", "2011-03-31": "", "2010-12-31": "", "2010-09-30": "", "2010-06-30": "", "2010-03-31": "", "2009-12-31": "", "2009-09-30": "", "2009-06-30": "", "2009-03-31": "", "2008-12-31": "", "2008-09-30": "", "2008-06-30": "", "2008-03-31": "", "2007-12-31": "", "2007-09-30": "", "2007-06-30": "", "2007-03-31": "", "2006-12-31": "", "2006-09-30": "", "2006-06-30": "", "2006-03-31": ""}, "Other Long-Term Assets": {"2020-12-31": "698.00000", "2020-09-30": "466.00000", "2020-06-30": "470.00000", "2020-03-31": "467.00000", "2019-12-31": "480.00000", "2019-09-30": "476.00000", "2019-06-30": "488.00000", "2019-03-31": "556.00000", "2018-12-31": "296.00000", "2018-09-30": "299.00000", "2018-06-30": "319.00000", "2018-03-31": "299.00000", "2017-12-31": "292.00000", "2017-09-30": "413.00000", "2017-06-30": "405.00000", "2017-03-31": "446.00000", "2016-12-31": "448.00000", "2016-09-30": "455.00000", "2016-06-30": "456.00000", "2016-03-31": "470.00000", "2015-12-31": "480.00000", "2015-09-30": "484.00000", "2015-06-30": "505.00000", "2015-03-31": "510.00000", "2014-12-31": "469.00000", "2014-09-30": "488.26700", "2014-06-30": "499.19400", "2014-03-31": "499.83800", "2013-12-31": "597.75900", "2013-09-30": "527.86700", "2013-06-30": "553.51900", "2013-03-31": "572.02400", "2012-12-31": "576.74100", "2012-09-30": "573.29800", "2012-06-30": "566.01100", "2012-03-31": "550.34200", "2011-12-31": "543.11800", "2011-09-30": "551.82300", "2011-06-30": "495.40500", "2011-03-31": "505.32300", "2010-12-31": "481.07700", "2010-09-30": "492.75900", "2010-06-30": "500.75100", "2010-03-31": "501.79700", "2009-12-31": "501.47400", "2009-09-30": "507.82500", "2009-06-30": "505.77200", "2009-03-31": "515.87900", "2008-12-31": "503.77400", "2008-09-30": "517.86700", "2008-06-30": "536.79800", "2008-03-31": "531.97200", "2007-12-31": "547.49400", "2007-09-30": "402.05200", "2007-06-30": "415.61100", "2007-03-31": "152.25700", "2006-12-31": "136.50200", "2006-09-30": "", "2006-06-30": "", "2006-03-31": ""}, "Total Long-Term Assets": {"2020-12-31": "698.00000", "2020-09-30": "466.00000", "2020-06-30": "470.00000", "2020-03-31": "467.00000", "2019-12-31": "480.00000", "2019-09-30": "476.00000", "2019-06-30": "488.00000", "2019-03-31": "556.00000", "2018-12-31": "296.00000", "2018-09-30": "299.00000", "2018-06-30": "319.00000", "2018-03-31": "299.00000", "2017-12-31": "292.00000", "2017-09-30": "413.00000", "2017-06-30": "405.00000", "2017-03-31": "446.00000", "2016-12-31": "448.00000", "2016-09-30": "455.00000", "2016-06-30": "456.00000", "2016-03-31": "470.00000", "2015-12-31": "480.00000", "2015-09-30": "484.00000", "2015-06-30": "505.00000", "2015-03-31": "510.00000", "2014-12-31": "469.00000", "2014-09-30": "488.26700", "2014-06-30": "499.19400", "2014-03-31": "499.83800", "2013-12-31": "597.75900", "2013-09-30": "527.86700", "2013-06-30": "553.51900", "2013-03-31": "572.02400", "2012-12-31": "576.74100", "2012-09-30": "573.29800", "2012-06-30": "566.01100", "2012-03-31": "550.34200", "2011-12-31": "543.11800", "2011-09-30": "551.82300", "2011-06-30": "495.40500", "2011-03-31": "505.32300", "2010-12-31": "481.07700", "2010-09-30": "492.75900", "2010-06-30": "500.75100", "2010-03-31": "501.79700", "2009-12-31": "501.47400", "2009-09-30": "507.82500", "2009-06-30": "505.77200", "2009-03-31": "515.87900", "2008-12-31": "503.77400", "2008-09-30": "517.86700", "2008-06-30": "536.79800", "2008-03-31": "531.97200", "2007-12-31": "547.49400", "2007-09-30": "402.05200", "2007-06-30": "415.61100", "2007-03-31": "152.25700", "2006-12-31": "136.50200", "2006-09-30": "", "2006-06-30": "", "2006-03-31": ""}, "Total Assets": {"2020-12-31": "95679.00000", "2020-09-30": "84698.00000", "2020-06-30": "83965.00000", "2020-03-31": "75849.00000", "2019-12-31": "71676.00000", "2019-09-30": "67804.00000", "2019-06-30": "66034.00000", "2019-03-31": "63526.00000", "2018-12-31": "60547.00000", "2018-09-30": "62062.00000", "2018-06-30": "60303.00000", "2018-03-31": "59093.00000", "2017-12-31": "61162.00000", "2017-09-30": "59843.00000", "2017-06-30": "57597.00000", "2017-03-31": "56257.00000", "2016-12-31": "54673.00000", "2016-09-30": "55064.00000", "2016-06-30": "51829.00000", "2016-03-31": "50186.00000", "2015-12-31": "48734.00000", "2015-09-30": "47226.00000", "2015-06-30": "45159.00000", "2015-03-31": "43294.00000", "2014-12-31": "43385.00000", "2014-09-30": "41608.21000", "2014-06-30": "40155.50000", "2014-03-31": "38980.38000", "2013-12-31": "37870.70000", "2013-09-30": "36277.04000", "2013-06-30": "35056.55000", "2013-03-31": "35144.11000", "2012-12-31": "33199.56000", "2012-09-30": "33861.70000", "2012-06-30": "32383.71000", "2012-03-31": "32696.40000", "2011-12-31": "30404.37000", "2011-09-30": "33151.12000", "2011-06-30": "30640.26000", "2011-03-31": "30054.60000", "2010-12-31": "28500.04000", "2010-09-30": "29660.43000", "2010-06-30": "27481.68000", "2010-03-31": "29362.21000", "2009-12-31": "26605.55000", "2009-09-30": "28845.47000", "2009-06-30": "26443.66000", "2009-03-31": "25135.83000", "2008-12-31": "28356.63000", "2008-09-30": "29351.68000", "2008-06-30": "29793.85000", "2008-03-31": "33190.62000", "2007-12-31": "34542.09000", "2007-09-30": "36250.92000", "2007-06-30": "33544.82000", "2007-03-31": "32248.69000", "2006-12-31": "32080.52000", "2006-09-30": "0.00000", "2006-06-30": "0.00000", "2006-03-31": "0.00000"}, "Total Current Liabilities": {"2020-12-31": "86676.00000", "2020-09-30": "76152.00000", "2020-06-30": "75711.00000", "2020-03-31": "67702.00000", "2019-12-31": "63736.00000", "2019-09-30": "60151.00000", "2019-06-30": "58414.00000", "2019-03-31": "56100.00000", "2018-12-31": "53391.00000", "2018-09-30": "55159.00000", "2018-06-30": "53603.00000", "2018-03-31": "52387.00000", "2017-12-31": "54729.00000", "2017-09-30": "53531.00000", "2017-06-30": "51406.00000", "2017-03-31": "50247.00000", "2016-12-31": "48853.00000", "2016-09-30": "49194.00000", "2016-06-30": "46137.00000", "2016-03-31": "44523.00000", "2015-12-31": "43390.00000", "2015-09-30": "41940.00000", "2015-06-30": "39925.00000", "2015-03-31": "38256.00000", "2014-12-31": "38200.00000", "2014-09-30": "36415.58000", "2014-06-30": "34879.91000", "2014-03-31": "33736.17000", "2013-12-31": "32778.57000", "2013-09-30": "31204.16000", "2013-06-30": "30161.43000", "2013-03-31": "30318.17000", "2012-12-31": "28386.41000", "2012-09-30": "28706.85000", "2012-06-30": "27387.05000", "2012-03-31": "27700.96000", "2011-12-31": "25491.00000", "2011-09-30": "28391.98000", "2011-06-30": "25876.41000", "2011-03-31": "25412.91000", "2010-12-31": "23912.35000", "2010-09-30": "24325.90000", "2010-06-30": "22407.33000", "2010-03-31": "24261.46000", "2009-12-31": "21522.64000", "2009-09-30": "23837.82000", "2009-06-30": "21645.74000", "2009-03-31": "20554.93000", "2008-12-31": "23505.52000", "2008-09-30": "24730.34000", "2008-06-30": "25534.49000", "2008-03-31": "28859.87000", "2007-12-31": "30507.80000", "2007-09-30": "32585.47000", "2007-06-30": "30207.60000", "2007-03-31": "28977.73000", "2006-12-31": "28978.00000", "2006-09-30": "", "2006-06-30": "", "2006-03-31": ""}, "Long Term Debt": {"2020-12-31": "", "2020-09-30": "", "2020-06-30": "", "2020-03-31": "", "2019-12-31": "", "2019-09-30": "", "2019-06-30": "", "2019-03-31": "", "2018-12-31": "", "2018-09-30": "", "2018-06-30": "", "2018-03-31": "", "2017-12-31": "", "2017-09-30": "", "2017-06-30": "", "2017-03-31": "", "2016-12-31": "", "2016-09-30": "", "2016-06-30": "", "2016-03-31": "", "2015-12-31": "", "2015-09-30": "", "2015-06-30": "", "2015-03-31": "", "2014-12-31": "", "2014-09-30": "", "2014-06-30": "", "2014-03-31": "", "2013-12-31": "", "2013-09-30": "", "2013-06-30": "", "2013-03-31": "", "2012-12-31": "", "2012-09-30": "", "2012-06-30": "", "2012-03-31": "30.23800", "2011-12-31": "101.41100", "2011-09-30": "125.87300", "2011-06-30": "178.30000", "2011-03-31": "200.88900", "2010-12-31": "294.60300", "2010-09-30": "219.63200", "2010-06-30": "230.85400", "2010-03-31": "218.19800", "2009-12-31": "205.77700", "2009-09-30": "185.12300", "2009-06-30": "159.63900", "2009-03-31": "146.09000", "2008-12-31": "443.05400", "2008-09-30": "481.71900", "2008-06-30": "230.73400", "2008-03-31": "315.02300", "2007-12-31": "460.45600", "2007-09-30": "366.91700", "2007-06-30": "304.69800", "2007-03-31": "304.60400", "2006-12-31": "300.59800", "2006-09-30": "", "2006-06-30": "", "2006-03-31": ""}, "Other Non-Current Liabilities": {"2020-12-31": "", "2020-09-30": "", "2020-06-30": "", "2020-03-31": "", "2019-12-31": "", "2019-09-30": "", "2019-06-30": "", "2019-03-31": "", "2018-12-31": "", "2018-09-30": "", "2018-06-30": "", "2018-03-31": "", "2017-12-31": "", "2017-09-30": "", "2017-06-30": "", "2017-03-31": "", "2016-12-31": "", "2016-09-30": "", "2016-06-30": "", "2016-03-31": "", "2015-12-31": "", "2015-09-30": "", "2015-06-30": "", "2015-03-31": "", "2014-12-31": "", "2014-09-30": "", "2014-06-30": "", "2014-03-31": "", "2013-12-31": "", "2013-09-30": "", "2013-06-30": "", "2013-03-31": "", "2012-12-31": "", "2012-09-30": "", "2012-06-30": "", "2012-03-31": "", "2011-12-31": "", "2011-09-30": "", "2011-06-30": "", "2011-03-31": "", "2010-12-31": "", "2010-09-30": "", "2010-06-30": "", "2010-03-31": "", "2009-12-31": "", "2009-09-30": "", "2009-06-30": "", "2009-03-31": "", "2008-12-31": "", "2008-09-30": "", "2008-06-30": "", "2008-03-31": "", "2007-12-31": "", "2007-09-30": "", "2007-06-30": "", "2007-03-31": "2966.35300", "2006-12-31": "2801.91700", "2006-09-30": "", "2006-06-30": "", "2006-03-31": ""}, "Total Long Term Liabilities": {"2020-12-31": "", "2020-09-30": "", "2020-06-30": "", "2020-03-31": "", "2019-12-31": "", "2019-09-30": "", "2019-06-30": "", "2019-03-31": "", "2018-12-31": "", "2018-09-30": "", "2018-06-30": "", "2018-03-31": "", "2017-12-31": "", "2017-09-30": "", "2017-06-30": "", "2017-03-31": "", "2016-12-31": "", "2016-09-30": "", "2016-06-30": "", "2016-03-31": "", "2015-12-31": "", "2015-09-30": "4.00000", "2015-06-30": "", "2015-03-31": "", "2014-12-31": "", "2014-09-30": "", "2014-06-30": "", "2014-03-31": "", "2013-12-31": "", "2013-09-30": "", "2013-06-30": "", "2013-03-31": "", "2012-12-31": "", "2012-09-30": "", "2012-06-30": "", "2012-03-31": "6026.45800", "2011-12-31": "5371.03000", "2011-09-30": "125.87300", "2011-06-30": "178.30000", "2011-03-31": "200.88900", "2010-12-31": "6615.45200", "2010-09-30": "219.63200", "2010-06-30": "230.85400", "2010-03-31": "218.19800", "2009-12-31": "205.77700", "2009-09-30": "185.12300", "2009-06-30": "159.63900", "2009-03-31": "146.09000", "2008-12-31": "443.05400", "2008-09-30": "4129.17000", "2008-06-30": "3784.31100", "2008-03-31": "3886.06100", "2007-12-31": "3625.87700", "2007-09-30": "3297.07900", "2007-06-30": "2992.74000", "2007-03-31": "3270.95700", "2006-12-31": "3102.51500", "2006-09-30": "", "2006-06-30": "", "2006-03-31": ""}, "Total Liabilities": {"2020-12-31": "86676.00000", "2020-09-30": "76152.00000", "2020-06-30": "75711.00000", "2020-03-31": "67702.00000", "2019-12-31": "63736.00000", "2019-09-30": "60151.00000", "2019-06-30": "58414.00000", "2019-03-31": "56100.00000", "2018-12-31": "53391.00000", "2018-09-30": "55159.00000", "2018-06-30": "53603.00000", "2018-03-31": "52387.00000", "2017-12-31": "54729.00000", "2017-09-30": "53531.00000", "2017-06-30": "51406.00000", "2017-03-31": "50247.00000", "2016-12-31": "48853.00000", "2016-09-30": "49194.00000", "2016-06-30": "46137.00000", "2016-03-31": "44523.00000", "2015-12-31": "43390.00000", "2015-09-30": "41944.00000", "2015-06-30": "39925.00000", "2015-03-31": "38256.00000", "2014-12-31": "38200.00000", "2014-09-30": "36415.58000", "2014-06-30": "34879.91000", "2014-03-31": "33736.17000", "2013-12-31": "32778.57000", "2013-09-30": "31204.16000", "2013-06-30": "30161.43000", "2013-03-31": "30318.17000", "2012-12-31": "28386.41000", "2012-09-30": "28706.85000", "2012-06-30": "27387.04000", "2012-03-31": "33727.42000", "2011-12-31": "30862.03000", "2011-09-30": "28517.86000", "2011-06-30": "26054.71000", "2011-03-31": "25613.80000", "2010-12-31": "30527.80000", "2010-09-30": "24545.53000", "2010-06-30": "22638.18000", "2010-03-31": "24479.65000", "2009-12-31": "21728.42000", "2009-09-30": "24022.94000", "2009-06-30": "21805.38000", "2009-03-31": "20701.02000", "2008-12-31": "23948.57000", "2008-09-30": "28859.50000", "2008-06-30": "29318.80000", "2008-03-31": "32745.93000", "2007-12-31": "34133.68000", "2007-09-30": "35882.55000", "2007-06-30": "33200.34000", "2007-03-31": "32248.69000", "2006-12-31": "32080.52000", "2006-09-30": "", "2006-06-30": "", "2006-03-31": ""}, "Common Stock Net": {"2020-12-31": "", "2020-09-30": "1.00000", "2020-06-30": "1.00000", "2020-03-31": "1.00000", "2019-12-31": "1.00000", "2019-09-30": "1.00000", "2019-06-30": "1.00000", "2019-03-31": "1.00000", "2018-12-31": "1.00000", "2018-09-30": "1.00000", "2018-06-30": "1.00000", "2018-03-31": "1.00000", "2017-12-31": "1.00000", "2017-09-30": "1.00000", "2017-06-30": "1.00000", "2017-03-31": "1.00000", "2016-12-31": "1.00000", "2016-09-30": "1.00000", "2016-06-30": "1.00000", "2016-03-31": "1.00000", "2015-12-31": "1.00000", "2015-09-30": "1.00000", "2015-06-30": "1.00000", "2015-03-31": "1.00000", "2014-12-31": "1.00000", "2014-09-30": "0.57200", "2014-06-30": "0.57200", "2014-03-31": "0.54800", "2013-12-31": "0.54800", "2013-09-30": "0.50100", "2013-06-30": "0.50000", "2013-03-31": "0.47800", "2012-12-31": "0.47800", "2012-09-30": "0.47700", "2012-06-30": "0.47700", "2012-03-31": "0.46000", "2011-12-31": "0.46000", "2011-09-30": "0.52300", "2011-06-30": "0.50300", "2011-03-31": "0.50300", "2010-12-31": "0.42900", "2010-09-30": "0.47800", "2010-06-30": "0.47800", "2010-03-31": "0.47800", "2009-12-31": "0.47800", "2009-09-30": "0.45300", "2009-06-30": "0.45300", "2009-03-31": "0.45300", "2008-12-31": "0.45300", "2008-09-30": "0.43300", "2008-06-30": "0.43300", "2008-03-31": "0.43300", "2007-12-31": "0.43300", "2007-09-30": "", "2007-06-30": "", "2007-03-31": "", "2006-12-31": "", "2006-09-30": "", "2006-06-30": "", "2006-03-31": ""}, "Retained Earnings (Accumulated Deficit)": {"2020-12-31": "", "2020-09-30": "621.00000", "2020-06-30": "583.00000", "2020-03-31": "558.00000", "2019-12-31": "520.00000", "2019-09-30": "484.00000", "2019-06-30": "456.00000", "2019-03-31": "431.00000", "2018-12-31": "390.00000", "2018-09-30": "354.00000", "2018-06-30": "323.00000", "2018-03-31": "290.00000", "2017-12-31": "251.00000", "2017-09-30": "260.00000", "2017-06-30": "236.00000", "2017-03-31": "220.00000", "2016-12-31": "203.00000", "2016-09-30": "205.00000", "2016-06-30": "192.00000", "2016-03-31": "171.00000", "2015-12-31": "145.00000", "2015-09-30": "135.00000", "2015-06-30": "119.00000", "2015-03-31": "102.00000", "2014-12-31": "121.00000", "2014-09-30": "119.42300", "2014-06-30": "121.94200", "2014-03-31": "112.49100", "2013-12-31": "98.86800", "2013-09-30": "100.71200", "2013-06-30": "89.26200", "2013-03-31": "83.87900", "2012-12-31": "82.07200", "2012-09-30": "125.20300", "2012-06-30": "117.46400", "2012-03-31": "-1041.24000", "2011-12-31": "-465.13800", "2011-09-30": "131.89500", "2011-06-30": "113.95800", "2011-03-31": "108.75500", "2010-12-31": "-2031.65600", "2010-09-30": "196.17600", "2010-06-30": "185.14000", "2010-03-31": "181.30000", "2009-12-31": "177.40900", "2009-09-30": "175.05700", "2009-06-30": "166.64700", "2009-03-31": "153.82900", "2008-12-31": "141.20700", "2008-09-30": "120.84600", "2008-06-30": "93.69900", "2008-03-31": "75.35100", "2007-12-31": "48.16000", "2007-09-30": "", "2007-06-30": "", "2007-03-31": "", "2006-12-31": "", "2006-09-30": "", "2006-06-30": "", "2006-03-31": ""}, "Comprehensive Income": {"2020-12-31": "", "2020-09-30": "5.00000", "2020-06-30": "-3.00000", "2020-03-31": "-7.00000", "2019-12-31": "", "2019-09-30": "-7.00000", "2019-06-30": "-1.00000", "2019-03-31": "-5.00000", "2018-12-31": "-4.00000", "2018-09-30": "-4.00000", "2018-06-30": "-3.00000", "2018-03-31": "10.00000", "2017-12-31": "9.00000", "2017-09-30": "9.00000", "2017-06-30": "8.00000", "2017-03-31": "2.00000", "2016-12-31": "-2.00000", "2016-09-30": "5.00000", "2016-06-30": "5.00000", "2016-03-31": "8.00000", "2015-12-31": "2.00000", "2015-09-30": "7.00000", "2015-06-30": "15.00000", "2015-03-31": "11.00000", "2014-12-31": "12.00000", "2014-09-30": "18.08900", "2014-06-30": "28.87400", "2014-03-31": "27.39600", "2013-12-31": "27.02800", "2013-09-30": "26.03800", "2013-06-30": "22.40800", "2013-03-31": "26.01200", "2012-12-31": "29.75400", "2012-09-30": "19.30100", "2012-06-30": "17.40700", "2012-03-31": "21.11300", "2011-12-31": "18.48700", "2011-09-30": "19.83700", "2011-06-30": "26.24200", "2011-03-31": "22.40500", "2010-12-31": "21.13700", "2010-09-30": "16.89100", "2010-06-30": "5.86000", "2010-03-31": "9.51900", "2009-12-31": "10.91400", "2009-09-30": "10.45500", "2009-06-30": "4.08300", "2009-03-31": "-2.56000", "2008-12-31": "3.90700", "2008-09-30": "1.31200", "2008-06-30": "11.33900", "2008-03-31": "13.21100", "2007-12-31": "4.10900", "2007-09-30": "", "2007-06-30": "", "2007-03-31": "", "2006-12-31": "", "2006-09-30": "", "2006-06-30": "", "2006-03-31": ""}, "Other Share Holders Equity": {"2020-12-31": "", "2020-09-30": "", "2020-06-30": "", "2020-03-31": "", "2019-12-31": "", "2019-09-30": "", "2019-06-30": "", "2019-03-31": "", "2018-12-31": "", "2018-09-30": "", "2018-06-30": "", "2018-03-31": "", "2017-12-31": "", "2017-09-30": "", "2017-06-30": "", "2017-03-31": "", "2016-12-31": "", "2016-09-30": "", "2016-06-30": "", "2016-03-31": "", "2015-12-31": "", "2015-09-30": "", "2015-06-30": "", "2015-03-31": "", "2014-12-31": "", "2014-09-30": "", "2014-06-30": "", "2014-03-31": "", "2013-12-31": "", "2013-09-30": "", "2013-06-30": "", "2013-03-31": "", "2012-12-31": "", "2012-09-30": "", "2012-06-30": "", "2012-03-31": "", "2011-12-31": "", "2011-09-30": "", "2011-06-30": "", "2011-03-31": "", "2010-12-31": "", "2010-09-30": "", "2010-06-30": "", "2010-03-31": "", "2009-12-31": "", "2009-09-30": "", "2009-06-30": "", "2009-03-31": "", "2008-12-31": "", "2008-09-30": "", "2008-06-30": "", "2008-03-31": "", "2007-12-31": "", "2007-09-30": "", "2007-06-30": "", "2007-03-31": "", "2006-12-31": "", "2006-09-30": "", "2006-06-30": "", "2006-03-31": ""}, "Share Holder Equity": {"2020-12-31": "9003.00000", "2020-09-30": "8546.00000", "2020-06-30": "8254.00000", "2020-03-31": "8147.00000", "2019-12-31": "7940.00000", "2019-09-30": "7653.00000", "2019-06-30": "7620.00000", "2019-03-31": "7426.00000", "2018-12-31": "7156.00000", "2018-09-30": "6903.00000", "2018-06-30": "6700.00000", "2018-03-31": "6706.00000", "2017-12-31": "6433.00000", "2017-09-30": "6312.00000", "2017-06-30": "6191.00000", "2017-03-31": "6010.00000", "2016-12-31": "5820.00000", "2016-09-30": "5870.00000", "2016-06-30": "5692.00000", "2016-03-31": "5663.00000", "2015-12-31": "5344.00000", "2015-09-30": "5282.00000", "2015-06-30": "5234.00000", "2015-03-31": "5038.00000", "2014-12-31": "5185.00000", "2014-09-30": "5192.62600", "2014-06-30": "5275.59100", "2014-03-31": "5244.20600", "2013-12-31": "5092.12600", "2013-09-30": "5072.88200", "2013-06-30": "4895.12800", "2013-03-31": "4825.93500", "2012-12-31": "4813.14700", "2012-09-30": "5154.84200", "2012-06-30": "4996.66500", "2012-03-31": "-1031.02500", "2011-12-31": "-457.66400", "2011-09-30": "4633.26600", "2011-06-30": "4585.54300", "2011-03-31": "4440.79700", "2010-12-31": "-2027.76400", "2010-09-30": "5114.89700", "2010-06-30": "4843.49600", "2010-03-31": "4882.55600", "2009-12-31": "4877.13100", "2009-09-30": "4822.53400", "2009-06-30": "4638.28200", "2009-03-31": "4434.80800", "2008-12-31": "4408.06100", "2008-09-30": "492.17300", "2008-06-30": "475.05300", "2008-03-31": "444.69600", "2007-12-31": "408.40300", "2007-09-30": "368.37400", "2007-06-30": "344.48300", "2007-03-31": "", "2006-12-31": "", "2006-09-30": "", "2006-06-30": "", "2006-03-31": ""}, "Total Liabilities And Share Holders Equity": {"2020-12-31": "95679.00000", "2020-09-30": "84698.00000", "2020-06-30": "83965.00000", "2020-03-31": "75849.00000", "2019-12-31": "71676.00000", "2019-09-30": "67804.00000", "2019-06-30": "66034.00000", "2019-03-31": "63526.00000", "2018-12-31": "60547.00000", "2018-09-30": "62062.00000", "2018-06-30": "60303.00000", "2018-03-31": "59093.00000", "2017-12-31": "61162.00000", "2017-09-30": "59843.00000", "2017-06-30": "57597.00000", "2017-03-31": "56257.00000", "2016-12-31": "54673.00000", "2016-09-30": "55064.00000", "2016-06-30": "51829.00000", "2016-03-31": "50186.00000", "2015-12-31": "48734.00000", "2015-09-30": "47226.00000", "2015-06-30": "45159.00000", "2015-03-31": "43294.00000", "2014-12-31": "43385.00000", "2014-09-30": "41608.21000", "2014-06-30": "40155.50000", "2014-03-31": "38980.38000", "2013-12-31": "37870.70000", "2013-09-30": "36277.04000", "2013-06-30": "35056.55000", "2013-03-31": "35144.11000", "2012-12-31": "33199.56000", "2012-09-30": "33861.70000", "2012-06-30": "32383.71000", "2012-03-31": "32696.40000", "2011-12-31": "30404.37000", "2011-09-30": "33151.12000", "2011-06-30": "30640.26000", "2011-03-31": "30054.60000", "2010-12-31": "28500.04000", "2010-09-30": "29660.43000", "2010-06-30": "27481.68000", "2010-03-31": "29362.21000", "2009-12-31": "26605.55000", "2009-09-30": "28845.47000", "2009-06-30": "26443.66000", "2009-03-31": "25135.83000", "2008-12-31": "28356.63000", "2008-09-30": "29351.68000", "2008-06-30": "29793.85000", "2008-03-31": "33190.62000", "2007-12-31": "34542.09000", "2007-09-30": "36250.92000", "2007-06-30": "33544.82000", "2007-03-31": "32248.69000", "2006-12-31": "32080.52000", "2006-09-30": "", "2006-06-30": "", "2006-03-31": ""}}, "cash flow statement": {"Net Income/Loss": {"2020-12-31": "0.00000", "2019-12-31": "1089.00000", "2018-12-31": "1125.00000", "2017-12-31": "793.00000", "2016-12-31": "699.00000", "2015-12-31": "415.00000", "2014-12-31": "459.00000", "2013-12-31": "418.00000", "2012-12-31": "496.98600", "2011-12-31": "687.17900", "2010-12-31": "277.13400", "2009-12-31": "484.14500", "2008-12-31": "1121.60100", "2007-12-31": "868.74300", "2006-12-31": "734.16900", "2005-12-31": "535.52000"}, "Total Depreciation And Amortization - Cash Flow": {"2020-12-31": "", "2019-12-31": "52.00000", "2018-12-31": "26.00000", "2017-12-31": "25.00000", "2016-12-31": "25.00000", "2015-12-31": "22.00000", "2014-12-31": "20.00000", "2013-12-31": "19.00000", "2012-12-31": "19.26900", "2011-12-31": "18.70000", "2010-12-31": "18.70200", "2009-12-31": "21.07400", "2008-12-31": "17.89700", "2007-12-31": "12.06800", "2006-12-31": "11.63000", "2005-12-31": "10.91300"}, "Other Non-Cash Items": {"2020-12-31": "", "2019-12-31": "121.00000", "2018-12-31": "83.00000", "2017-12-31": "126.00000", "2016-12-31": "85.00000", "2015-12-31": "218.00000", "2014-12-31": "72.00000", "2013-12-31": "125.00000", "2012-12-31": "87.79800", "2011-12-31": "120.11300", "2010-12-31": "308.13300", "2009-12-31": "36.02300", "2008-12-31": "169.61500", "2007-12-31": "-23.18000", "2006-12-31": "48.36100", "2005-12-31": "-27.97100"}, "Total Non-Cash Items": {"2020-12-31": "", "2019-12-31": "173.00000", "2018-12-31": "109.00000", "2017-12-31": "151.00000", "2016-12-31": "110.00000", "2015-12-31": "240.00000", "2014-12-31": "92.00000", "2013-12-31": "144.00000", "2012-12-31": "107.06700", "2011-12-31": "138.81300", "2010-12-31": "326.83500", "2009-12-31": "57.09700", "2008-12-31": "187.51200", "2007-12-31": "-11.11200", "2006-12-31": "59.99100", "2005-12-31": "-17.05800"}, "Change In Accounts Receivable": {"2020-12-31": "", "2019-12-31": "-4328.00000", "2018-12-31": "2892.00000", "2017-12-31": "-10256.00000", "2016-12-31": "-2707.00000", "2015-12-31": "269.00000", "2014-12-31": "-3741.00000", "2013-12-31": "-3763.00000", "2012-12-31": "-2275.35200", "2011-12-31": "-718.11000", "2010-12-31": "-3988.59500", "2009-12-31": "434.29390", "2008-12-31": "321.69700", "2007-12-31": "-2718.97200", "2006-12-31": "-699.19800", "2005-12-31": "-277.28700"}, "Change In Inventories": {"2020-12-31": "", "2019-12-31": "-2415.00000", "2018-12-31": "-2266.00000", "2017-12-31": "4431.00000", "2016-12-31": "-1940.00000", "2015-12-31": "-5677.00000", "2014-12-31": "-1799.00000", "2013-12-31": "-1463.00000", "2012-12-31": "-1806.83300", "2011-12-31": "-1106.07700", "2010-12-31": "398.50700", "2009-12-31": "-2971.40900", "2008-12-31": "1149.89200", "2007-12-31": "-2826.13400", "2006-12-31": "-2488.65900", "2005-12-31": "-1257.06900"}, "Change In Accounts Payable": {"2020-12-31": "", "2019-12-31": "8255.00000", "2018-12-31": "445.00000", "2017-12-31": "5817.00000", "2016-12-31": "4647.00000", "2015-12-31": "5288.00000", "2014-12-31": "5476.00000", "2013-12-31": "4897.00000", "2012-12-31": "4121.87300", "2011-12-31": "2239.62600", "2010-12-31": "4465.27200", "2009-12-31": "3656.28900", "2008-12-31": "-698.73500", "2007-12-31": "3713.55700", "2006-12-31": "1495.04900", "2005-12-31": "887.59300"}, "Change In Assets/Liabilities": {"2020-12-31": "", "2019-12-31": "-108.00000", "2018-12-31": "51.00000", "2017-12-31": "129.00000", "2016-12-31": "-174.00000", "2015-12-31": "190.00000", "2014-12-31": "-70.00000", "2013-12-31": "-93.00000", "2012-12-31": "81.72300", "2011-12-31": "-249.88300", "2010-12-31": "214.19100", "2009-12-31": "-1509.76300", "2008-12-31": "10.35700", "2007-12-31": "884.25000", "2006-12-31": "679.34700", "2005-12-31": "17.78300"}, "Total Change In Assets/Liabilities": {"2020-12-31": "", "2019-12-31": "1404.00000", "2018-12-31": "1122.00000", "2017-12-31": "121.00000", "2016-12-31": "-174.00000", "2015-12-31": "70.00000", "2014-12-31": "-134.00000", "2013-12-31": "-422.00000", "2012-12-31": "121.41100", "2011-12-31": "165.55600", "2010-12-31": "1089.37500", "2009-12-31": "-390.58910", "2008-12-31": "783.21090", "2007-12-31": "-947.29910", "2006-12-31": "-1013.46100", "2005-12-31": "-628.98040"}, "Cash Flow From Operating Activities": {"2020-12-31": "", "2019-12-31": "2666.00000", "2018-12-31": "2356.00000", "2017-12-31": "1065.00000", "2016-12-31": "635.00000", "2015-12-31": "725.00000", "2014-12-31": "417.00000", "2013-12-31": "140.00000", "2012-12-31": "725.46400", "2011-12-31": "991.54800", "2010-12-31": "1693.34400", "2009-12-31": "150.65300", "2008-12-31": "2092.32400", "2007-12-31": "-89.66800", "2006-12-31": "-219.30100", "2005-12-31": "-110.51900"}, "Net Change In Property, Plant, And Equipment": {"2020-12-31": "", "2019-12-31": "-74.00000", "2018-12-31": "-36.00000", "2017-12-31": "-28.00000", "2016-12-31": "-27.00000", "2015-12-31": "-30.00000", "2014-12-31": "-19.00000", "2013-12-31": "-17.00000", "2012-12-31": "-17.99700", "2011-12-31": "-13.54600", "2010-12-31": "-18.10800", "2009-12-31": "-18.49200", "2008-12-31": "-26.69500", "2007-12-31": "-25.96800", "2006-12-31": "-12.34900", "2005-12-31": "-12.83600"}, "Net Change In Intangible Assets": {"2020-12-31": "", "2019-12-31": "", "2018-12-31": "", "2017-12-31": "", "2016-12-31": "", "2015-12-31": "", "2014-12-31": "", "2013-12-31": "", "2012-12-31": "", "2011-12-31": "", "2010-12-31": "", "2009-12-31": "", "2008-12-31": "", "2007-12-31": "-0.75000", "2006-12-31": "", "2005-12-31": "0.53700"}, "Net Acquisitions/Divestitures": {"2020-12-31": "", "2019-12-31": "", "2018-12-31": "", "2017-12-31": "", "2016-12-31": "", "2015-12-31": "", "2014-12-31": "", "2013-12-31": "", "2012-12-31": "", "2011-12-31": "", "2010-12-31": "", "2009-12-31": "", "2008-12-31": "", "2007-12-31": "", "2006-12-31": "", "2005-12-31": ""}, "Net Change In Short-term Investments": {"2020-12-31": "", "2019-12-31": "-19.00000", "2018-12-31": "-22.00000", "2017-12-31": "", "2016-12-31": "-17.00000", "2015-12-31": "-16.00000", "2014-12-31": "-443.00000", "2013-12-31": "-264.00000", "2012-12-31": "-453.16100", "2011-12-31": "-193.11100", "2010-12-31": "", "2009-12-31": "", "2008-12-31": "5.86600", "2007-12-31": "-9.55400", "2006-12-31": "-39.26800", "2005-12-31": "2.59600"}, "Net Change In Long-Term Investments": {"2020-12-31": "", "2019-12-31": "", "2018-12-31": "", "2017-12-31": "", "2016-12-31": "", "2015-12-31": "", "2014-12-31": "516.00000", "2013-12-31": "248.00000", "2012-12-31": "417.15800", "2011-12-31": "66.91500", "2010-12-31": "0.81700", "2009-12-31": "-11.30000", "2008-12-31": "", "2007-12-31": "-1177.89200", "2006-12-31": "", "2005-12-31": ""}, "Net Change In Investments - Total": {"2020-12-31": "", "2019-12-31": "-19.00000", "2018-12-31": "-22.00000", "2017-12-31": "", "2016-12-31": "-17.00000", "2015-12-31": "-16.00000", "2014-12-31": "73.00000", "2013-12-31": "-16.00000", "2012-12-31": "-36.00300", "2011-12-31": "-126.19600", "2010-12-31": "0.81700", "2009-12-31": "-11.30000", "2008-12-31": "5.86600", "2007-12-31": "-1187.44600", "2006-12-31": "-39.26800", "2005-12-31": "2.59600"}, "Investing Activities - Other": {"2020-12-31": "", "2019-12-31": "4.00000", "2018-12-31": "1.00000", "2017-12-31": "2.00000", "2016-12-31": "38.00000", "2015-12-31": "11.00000", "2014-12-31": "", "2013-12-31": "", "2012-12-31": "1.56700", "2011-12-31": "2.71500", "2010-12-31": "", "2009-12-31": "2.29200", "2008-12-31": "0.63500", "2007-12-31": "", "2006-12-31": "1.22900", "2005-12-31": ""}, "Cash Flow From Investing Activities": {"2020-12-31": "", "2019-12-31": "-89.00000", "2018-12-31": "-57.00000", "2017-12-31": "-26.00000", "2016-12-31": "-6.00000", "2015-12-31": "-35.00000", "2014-12-31": "54.00000", "2013-12-31": "-33.00000", "2012-12-31": "-52.43300", "2011-12-31": "-137.02700", "2010-12-31": "-17.29100", "2009-12-31": "-27.50000", "2008-12-31": "-20.19400", "2007-12-31": "-1214.16400", "2006-12-31": "-50.38800", "2005-12-31": "-9.70300"}, "Net Long-Term Debt": {"2020-12-31": "", "2019-12-31": "", "2018-12-31": "", "2017-12-31": "", "2016-12-31": "", "2015-12-31": "", "2014-12-31": "", "2013-12-31": "", "2012-12-31": "-101.41100", "2011-12-31": "-193.19200", "2010-12-31": "88.82600", "2009-12-31": "-237.27700", "2008-12-31": "-17.40200", "2007-12-31": "159.85800", "2006-12-31": "135.93190", "2005-12-31": "55.85500"}, "Net Current Debt": {"2020-12-31": "", "2019-12-31": "-1.00000", "2018-12-31": "2.00000", "2017-12-31": "-59.00000", "2016-12-31": "74.00000", "2015-12-31": "-34.00000", "2014-12-31": "10.00000", "2013-12-31": "-86.00000", "2012-12-31": "103.88200", "2011-12-31": "-180.84200", "2010-12-31": "-160.44500", "2009-12-31": "86.46400", "2008-12-31": "-1281.10800", "2007-12-31": "24.37800", "2006-12-31": "525.88700", "2005-12-31": "403.25100"}, "Debt Issuance/Retirement Net - Total": {"2020-12-31": "", "2019-12-31": "-1.00000", "2018-12-31": "2.00000", "2017-12-31": "-59.00000", "2016-12-31": "74.00000", "2015-12-31": "-34.00000", "2014-12-31": "10.00000", "2013-12-31": "-86.00000", "2012-12-31": "2.47100", "2011-12-31": "-374.03400", "2010-12-31": "-71.61900", "2009-12-31": "-150.81300", "2008-12-31": "-1298.51000", "2007-12-31": "184.23600", "2006-12-31": "661.81900", "2005-12-31": "459.10600"}, "Net Common Equity Issued/Repurchased": {"2020-12-31": "", "2019-12-31": "-1.00000", "2018-12-31": "-5.00000", "2017-12-31": "", "2016-12-31": "-1.00000", "2015-12-31": "4.00000", "2014-12-31": "", "2013-12-31": "", "2012-12-31": "", "2011-12-31": "", "2010-12-31": "", "2009-12-31": "", "2008-12-31": "-0.86600", "2007-12-31": "1176.01600", "2006-12-31": "", "2005-12-31": ""}, "Net Total Equity Issued/Repurchased": {"2020-12-31": "", "2019-12-31": "-1.00000", "2018-12-31": "-5.00000", "2017-12-31": "", "2016-12-31": "-1.00000", "2015-12-31": "4.00000", "2014-12-31": "", "2013-12-31": "", "2012-12-31": "", "2011-12-31": "", "2010-12-31": "", "2009-12-31": "", "2008-12-31": "-0.86600", "2007-12-31": "1176.01600", "2006-12-31": "", "2005-12-31": ""}, "Total Common And Preferred Stock Dividends Paid": {"2020-12-31": "", "2019-12-31": "-388.00000", "2018-12-31": "-368.00000", "2017-12-31": "-300.00000", "2016-12-31": "-245.00000", "2015-12-31": "-252.00000", "2014-12-31": "-302.00000", "2013-12-31": "-162.00000", "2012-12-31": "-591.55100", "2011-12-31": "-187.71500", "2010-12-31": "-1074.76000", "2009-12-31": "-124.75700", "2008-12-31": "-222.77600", "2007-12-31": "-269.65800", "2006-12-31": "-164.50000", "2005-12-31": "-88.50000"}, "Financial Activities - Other": {"2020-12-31": "", "2019-12-31": "-29.00000", "2018-12-31": "-28.00000", "2017-12-31": "-15.00000", "2016-12-31": "-17.00000", "2015-12-31": "-13.00000", "2014-12-31": "-16.00000", "2013-12-31": "", "2012-12-31": "-16.11500", "2011-12-31": "-1.59500", "2010-12-31": "-28.42990", "2009-12-31": "-14.88000", "2008-12-31": "-76.00100", "2007-12-31": "37.00000", "2006-12-31": "6.70900", "2005-12-31": "3.48200"}, "Cash Flow From Financial Activities": {"2020-12-31": "", "2019-12-31": "-419.00000", "2018-12-31": "-399.00000", "2017-12-31": "-374.00000", "2016-12-31": "-189.00000", "2015-12-31": "-295.00000", "2014-12-31": "-308.00000", "2013-12-31": "-248.00000", "2012-12-31": "-605.19500", "2011-12-31": "-563.34400", "2010-12-31": "-1174.80900", "2009-12-31": "-290.45000", "2008-12-31": "-1598.15300", "2007-12-31": "1127.59400", "2006-12-31": "504.02800", "2005-12-31": "374.08800"}, "Net Cash Flow": {"2020-12-31": "", "2019-12-31": "2182.00000", "2018-12-31": "1821.00000", "2017-12-31": "730.00000", "2016-12-31": "415.00000", "2015-12-31": "332.00000", "2014-12-31": "56.00000", "2013-12-31": "-168.00000", "2012-12-31": "96.05700", "2011-12-31": "260.72600", "2010-12-31": "547.65900", "2009-12-31": "-136.93700", "2008-12-31": "421.72100", "2007-12-31": "-147.49500", "2006-12-31": "261.03900", "2005-12-31": "239.39500"}, "Stock-Based Compensation": {"2020-12-31": "", "2019-12-31": "60.00000", "2018-12-31": "58.00000", "2017-12-31": "53.00000", "2016-12-31": "51.00000", "2015-12-31": "50.00000", "2014-12-31": "41.00000", "2013-12-31": "41.00000", "2012-12-31": "67.09200", "2011-12-31": "49.18600", "2010-12-31": "41.70000", "2009-12-31": "39.40200", "2008-12-31": "25.92100", "2007-12-31": "13.26400", "2006-12-31": "", "2005-12-31": ""}, "Common Stock Dividends Paid": {"2020-12-31": "", "2019-12-31": "-388.00000", "2018-12-31": "-368.00000", "2017-12-31": "-300.00000", "2016-12-31": "-245.00000", "2015-12-31": "-252.00000", "2014-12-31": "-302.00000", "2013-12-31": "-162.00000", "2012-12-31": "-591.55100", "2011-12-31": "-187.71500", "2010-12-31": "-1074.76000", "2009-12-31": "-124.75700", "2008-12-31": "-222.77600", "2007-12-31": "-269.65800", "2006-12-31": "-164.50000", "2005-12-31": "-88.50000"}}, "cash flow statement, quarterly": {"Net Income/Loss": {"2020-12-31": -799, "2020-09-30": 302, "2020-06-30": 207, "2020-03-31": "290.00000", "2019-12-31": 294, "2019-09-30": 261, "2019-06-30": 210, "2019-03-31": "324.00000", "2018-12-31": 290, "2018-09-30": 258, "2018-06-30": 258, "2018-03-31": "319.00000", "2017-12-31": 164, "2017-09-30": 247, "2017-06-30": 187, "2017-03-31": "195.00000", "2016-12-31": 21, "2016-09-30": 168, "2016-06-30": 200, "2016-03-31": "310.00000", "2015-12-31": 121, "2015-09-30": 182, "2015-06-30": 221, "2015-03-31": "-109.00000", "2014-12-31": 66, "2014-09-30": 31, "2014-06-30": 161, "2014-03-31": "201.00000", "2013-12-31": 36.708, "2013-09-30": 185.968, "2013-06-30": 120.036, "2013-03-31": "75.28800", "2012-12-31": 100.64, "2012-09-30": 157.873, "2012-06-30": 97.53, "2012-03-31": "140.94300", "2011-12-31": 144.804, "2011-09-30": 202.487, "2011-06-30": 136.648, "2011-03-31": "203.24000", "2010-12-31": 3.96, "2010-09-30": 148.719, "2010-06-30": 64.768, "2010-03-31": "59.68700", "2009-12-31": 42.014, "2009-09-30": 120.099, "2009-06-30": 166.917, "2009-03-31": "155.11500", "2008-12-31": 235.113, "2008-09-30": 315.07, "2008-06-30": 230.807, "2008-03-31": "340.61100", "2007-12-31": 587.162, "2007-09-30": 22.243, "2007-06-30": 75.142, "2007-03-31": "184.19600", "2006-12-31": 155.882, "2006-09-30": 214.258, "2006-06-30": 157.854, "2006-03-31": "206.17500"}, "Total Depreciation And Amortization - Cash Flow": {"2020-12-31": -45, "2020-09-30": 15, "2020-06-30": 15, "2020-03-31": "15.00000", "2019-12-31": 16, "2019-09-30": 12, "2019-06-30": 12, "2019-03-31": "12.00000", "2018-12-31": 8, "2018-09-30": 6, "2018-06-30": 5, "2018-03-31": "7.00000", "2017-12-31": 7, "2017-09-30": 6, "2017-06-30": 6, "2017-03-31": "6.00000", "2016-12-31": 7, "2016-09-30": 6, "2016-06-30": 6, "2016-03-31": "6.00000", "2015-12-31": 6, "2015-09-30": 5, "2015-06-30": 6, "2015-03-31": "5.00000", "2014-12-31": 6, "2014-09-30": 5, "2014-06-30": 4, "2014-03-31": "5.00000", "2013-12-31": 5.086, "2013-09-30": 4.475, "2013-06-30": 4.47, "2013-03-31": "4.96900", "2012-12-31": 5.068, "2012-09-30": 4.451, "2012-06-30": 4.557, "2012-03-31": "5.19300", "2011-12-31": 5.071, "2011-09-30": 4.269, "2011-06-30": 4.414, "2011-03-31": "4.94600", "2010-12-31": 5.167, "2010-09-30": 4.483, "2010-06-30": 4.32, "2010-03-31": "4.73200", "2009-12-31": 5.756, "2009-09-30": 5.075, "2009-06-30": 5.263, "2009-03-31": "4.98000", "2008-12-31": 4.783, "2008-09-30": 4.547, "2008-06-30": 4.217, "2008-03-31": "4.35000", "2007-12-31": 3.114, "2007-09-30": 3.003, "2007-06-30": 2.998, "2007-03-31": "2.95300", "2006-12-31": 2.443, "2006-09-30": 2.442, "2006-06-30": 3.501, "2006-03-31": "3.24400"}, "Other Non-Cash Items": {"2020-12-31": -76, "2020-09-30": 25, "2020-06-30": 4, "2020-03-31": "47.00000", "2019-12-31": 37, "2019-09-30": 26, "2019-06-30": 96, "2019-03-31": "-38.00000", "2018-12-31": 19, "2018-09-30": 22, "2018-06-30": 22, "2018-03-31": "20.00000", "2017-12-31": 45, "2017-09-30": 19, "2017-06-30": 43, "2017-03-31": "19.00000", "2016-12-31": 19, "2016-09-30": 16, "2016-06-30": 26, "2016-03-31": "24.00000", "2015-12-31": 18, "2015-09-30": 51, "2015-06-30": 11, "2015-03-31": "138.00000", "2014-12-31": 14, "2014-09-30": 23, "2014-06-30": 22, "2014-03-31": "13.00000", "2013-12-31": 86.006, "2013-09-30": 4.756, "2013-06-30": 15.422, "2013-03-31": "18.81600", "2012-12-31": 9.214, "2012-09-30": 20.74, "2012-06-30": 45.559, "2012-03-31": "12.28500", "2011-12-31": 28.449, "2011-09-30": 41.996, "2011-06-30": 48.339, "2011-03-31": "1.32900", "2010-12-31": 96.839, "2010-09-30": 25.706, "2010-06-30": 129.553, "2010-03-31": "56.03500", "2009-12-31": 8.468, "2009-09-30": 8.697, "2009-06-30": 22.465, "2009-03-31": "-3.60700", "2008-12-31": 88.564, "2008-09-30": 37.048, "2008-06-30": -26.675, "2008-03-31": "70.67800", "2007-12-31": -349.458, "2007-09-30": 262.603, "2007-06-30": 73.446, "2007-03-31": "-9.77100", "2006-12-31": -5.755, "2006-09-30": -4.915, "2006-06-30": 58.357, "2006-03-31": "0.67400"}, "Total Non-Cash Items": {"2020-12-31": -121, "2020-09-30": 40, "2020-06-30": 19, "2020-03-31": "62.00000", "2019-12-31": 53, "2019-09-30": 38, "2019-06-30": 108, "2019-03-31": "-26.00000", "2018-12-31": 27, "2018-09-30": 28, "2018-06-30": 27, "2018-03-31": "27.00000", "2017-12-31": 52, "2017-09-30": 25, "2017-06-30": 49, "2017-03-31": "25.00000", "2016-12-31": 26, "2016-09-30": 22, "2016-06-30": 32, "2016-03-31": "30.00000", "2015-12-31": 24, "2015-09-30": 56, "2015-06-30": 17, "2015-03-31": "143.00000", "2014-12-31": 20, "2014-09-30": 28, "2014-06-30": 26, "2014-03-31": "18.00000", "2013-12-31": 91.092, "2013-09-30": 9.231, "2013-06-30": 19.892, "2013-03-31": "23.78500", "2012-12-31": 14.282, "2012-09-30": 25.191, "2012-06-30": 50.116, "2012-03-31": "17.47800", "2011-12-31": 33.52, "2011-09-30": 46.265, "2011-06-30": 52.753, "2011-03-31": "6.27500", "2010-12-31": 102.006, "2010-09-30": 30.189, "2010-06-30": 133.873, "2010-03-31": "60.76700", "2009-12-31": 14.224, "2009-09-30": 13.772, "2009-06-30": 27.728, "2009-03-31": "1.37300", "2008-12-31": 93.347, "2008-09-30": 41.595, "2008-06-30": -22.458, "2008-03-31": "75.02800", "2007-12-31": -346.344, "2007-09-30": 265.606, "2007-06-30": 76.444, "2007-03-31": "-6.81800", "2006-12-31": -3.312, "2006-09-30": -2.473, "2006-06-30": 61.858, "2006-03-31": "3.91800"}, "Change In Accounts Receivable": {"2020-12-31": 853, "2020-09-30": -5836, "2020-06-30": -5417, "2020-03-31": "10400.00000", "2019-12-31": -5177, "2019-09-30": -198, "2019-06-30": -28, "2019-03-31": "1075.00000", "2018-12-31": 4010, "2018-09-30": -1654, "2018-06-30": 344, "2018-03-31": "192.00000", "2017-12-31": -4316, "2017-09-30": -2388, "2017-06-30": -1670, "2017-03-31": "-1882.00000", "2016-12-31": -1453, "2016-09-30": -2510, "2016-06-30": -550, "2016-03-31": "1806.00000", "2015-12-31": -1002, "2015-09-30": 3447, "2015-06-30": -1750, "2015-03-31": "-426.00000", "2014-12-31": -27, "2014-09-30": -2070, "2014-06-30": -772, "2014-03-31": "-872.00000", "2013-12-31": -1238.753, "2013-09-30": -957.62, "2013-06-30": -268.022, "2013-03-31": "-1298.60500", "2012-12-31": -431.113, "2012-09-30": -681.533, "2012-06-30": 65.626, "2012-03-31": "-1228.33200", "2011-12-31": -434.734, "2011-09-30": 2279.095, "2011-06-30": -243.347, "2011-03-31": "-2319.12400", "2010-12-31": -1752.116, "2010-09-30": -895.139, "2010-06-30": 54.74, "2010-03-31": "-1396.08000", "2009-12-31": 1204.2459, "2009-09-30": -613.55, "2009-06-30": -575.085, "2009-03-31": "418.68300", "2008-12-31": 60.953, "2008-09-30": 552.923, "2008-06-30": -1170.94, "2008-03-31": "878.76100", "2007-12-31": -581.257, "2007-09-30": 913.414, "2007-06-30": -1997.189, "2007-03-31": "-1053.94000", "2006-12-31": 112.199, "2006-09-30": -471.649, "2006-06-30": -223.325, "2006-03-31": "-116.42300"}, "Change In Inventories": {"2020-12-31": 9256, "2020-09-30": 5212, "2020-06-30": -2385, "2020-03-31": "-12083.00000", "2019-12-31": 3600, "2019-09-30": -1259, "2019-06-30": -1206, "2019-03-31": "-3550.00000", "2018-12-31": -3018, "2018-09-30": 302, "2018-06-30": -457, "2018-03-31": "907.00000", "2017-12-31": 2772, "2017-09-30": 1432, "2017-06-30": 318, "2017-03-31": "-91.00000", "2016-12-31": 2678, "2016-09-30": -689, "2016-06-30": -633, "2016-03-31": "-3296.00000", "2015-12-31": -758, "2015-09-30": -4523, "2015-06-30": -88, "2015-03-31": "-308.00000", "2014-12-31": -1509, "2014-09-30": 816, "2014-06-30": -935, "2014-03-31": "-171.00000", "2013-12-31": -141.901, "2013-09-30": -1014.483, "2013-06-30": 268.055, "2013-03-31": "-574.67100", "2012-12-31": 857.075, "2012-09-30": -1841.208, "2012-06-30": 449.473, "2012-03-31": "-1272.17300", "2011-12-31": 851.551, "2011-09-30": -1417.934, "2011-06-30": -248.511, "2011-03-31": "-291.18300", "2010-12-31": 781.23, "2010-09-30": -350.772, "2010-06-30": 263.15, "2010-03-31": "-295.10100", "2009-12-31": -685.428, "2009-09-30": -359.086, "2009-06-30": -1013.0801, "2009-03-31": "-913.81490", "2008-12-31": 1903.0639, "2008-09-30": -2396.1789, "2008-06-30": 1609.932, "2008-03-31": "33.07500", "2007-12-31": -1484.856, "2007-09-30": -1771.4219, "2007-06-30": 646.3359, "2007-03-31": "-216.19200", "2006-12-31": -1026.531, "2006-09-30": -378.74, "2006-06-30": -772.4801, "2006-03-31": "-310.90790"}, "Change In Accounts Payable": {"2020-12-31": -12582, "2020-09-30": 34, "2020-06-30": 6057, "2020-03-31": "6491.00000", "2019-12-31": 1774, "2019-09-30": 1420, "2019-06-30": 2312, "2019-03-31": "2749.00000", "2018-12-31": -1830, "2018-09-30": 1584, "2018-06-30": 816, "2018-03-31": "-125.00000", "2017-12-31": -2, "2017-09-30": 1600, "2017-06-30": 1649, "2017-03-31": "2570.00000", "2016-12-31": -755, "2016-09-30": 3167, "2016-06-30": 929, "2016-03-31": "1306.00000", "2015-12-31": 1769, "2015-09-30": 1478, "2015-06-30": 1612, "2015-03-31": "429.00000", "2014-12-31": 1830, "2014-09-30": 1554, "2014-06-30": 1436, "2014-03-31": "656.00000", "2013-12-31": 1509.629, "2013-09-30": 1854.458, "2013-06-30": -106.011, "2013-03-31": "1638.92400", "2012-12-31": 143.397, "2012-09-30": 2041.215, "2012-06-30": -257.93, "2012-03-31": "2195.19100", "2011-12-31": 23.592, "2011-09-30": -878.66, "2011-06-30": 748.592, "2011-03-31": "2346.10200", "2010-12-31": 1574.411, "2010-09-30": 1268.521, "2010-06-30": 76.107, "2010-03-31": "1546.23300", "2009-12-31": 803.345, "2009-09-30": 740.988, "2009-06-30": 1709.411, "2009-03-31": "402.54500", "2008-12-31": -1001.413, "2008-09-30": 946.662, "2008-06-30": -17.023, "2008-03-31": "-626.96100", "2007-12-31": 639.507, "2007-09-30": 114.694, "2007-06-30": 1642.795, "2007-03-31": "1316.56100", "2006-12-31": -203.609, "2006-09-30": 779.549, "2006-06-30": 483.314, "2006-03-31": "435.79500"}, "Change In Assets/Liabilities": {"2020-12-31": -79, "2020-09-30": 74, "2020-06-30": -38, "2020-03-31": "43.00000", "2019-12-31": -56, "2019-09-30": -129, "2019-06-30": 46, "2019-03-31": "31.00000", "2018-12-31": 113, "2018-09-30": 114, "2018-06-30": -57, "2018-03-31": "-119.00000", "2017-12-31": 100, "2017-09-30": -207, "2017-06-30": 274, "2017-03-31": "-38.00000", "2016-12-31": 4, "2016-09-30": -56, "2016-06-30": -88, "2016-03-31": "-34.00000", "2015-12-31": -56, "2015-09-30": 86, "2015-06-30": 109, "2015-03-31": "51.00000", "2014-12-31": -2, "2014-09-30": -116, "2014-06-30": 139, "2014-03-31": "-91.00000", "2013-12-31": 10.737, "2013-09-30": -32.753, "2013-06-30": 2.648, "2013-03-31": "-73.63200", "2012-12-31": -170.536, "2012-09-30": -9.377, "2012-06-30": 168.673, "2012-03-31": "92.96300", "2011-12-31": -301.573, "2011-09-30": 26.929, "2011-06-30": 6.808, "2011-03-31": "17.95300", "2010-12-31": 210.523, "2010-09-30": 5.029, "2010-06-30": -1.615, "2010-03-31": "0.25400", "2009-12-31": -1507.896, "2009-09-30": -1.513, "2009-06-30": 6.865, "2009-03-31": "-7.21900", "2008-12-31": 1.074, "2008-09-30": -10.682, "2008-06-30": -7.597, "2008-03-31": "27.56200", "2007-12-31": 890.592, "2007-09-30": 256.479, "2007-06-30": -255.658, "2007-03-31": "-7.16300", "2006-12-31": 692.715, "2006-09-30": -32.68, "2006-06-30": 26.024, "2006-03-31": "-6.71200"}, "Total Change In Assets/Liabilities": {"2020-12-31": -2552, "2020-09-30": -516, "2020-06-30": -1783, "2020-03-31": "4851.00000", "2019-12-31": 141, "2019-09-30": -166, "2019-06-30": 1124, "2019-03-31": "305.00000", "2018-12-31": -725, "2018-09-30": 346, "2018-06-30": 646, "2018-03-31": "855.00000", "2017-12-31": -1446, "2017-09-30": 437, "2017-06-30": 571, "2017-03-31": "559.00000", "2016-12-31": 474, "2016-09-30": -88, "2016-06-30": -342, "2016-03-31": "-218.00000", "2015-12-31": -47, "2015-09-30": 488, "2015-06-30": -117, "2015-03-31": "-254.00000", "2014-12-31": 292, "2014-09-30": 184, "2014-06-30": -132, "2014-03-31": "-478.00000", "2013-12-31": 139.7121, "2013-09-30": -150.3981, "2013-06-30": -103.33, "2013-03-31": "-307.98400", "2012-12-31": 398.8234, "2012-09-30": -490.9034, "2012-06-30": 425.8422, "2012-03-31": "-212.35120", "2011-12-31": 138.8362, "2011-09-30": 9.4297, "2011-06-30": 263.5422, "2011-03-31": "-246.25210", "2010-12-31": 814.0481, "2010-09-30": 27.6387, "2010-06-30": 392.3823, "2010-03-31": "-144.69410", "2009-12-31": -185.7328, "2009-09-30": -233.1612, "2009-06-30": 128.1109, "2009-03-31": "-99.80600", "2008-12-31": 963.6778, "2008-09-30": -907.2759, "2008-06-30": 414.372, "2008-03-31": "312.43700", "2007-12-31": -536.014, "2007-09-30": -486.8349, "2007-06-30": 36.2836, "2007-03-31": "39.26620", "2006-12-31": -425.2257, "2006-09-30": -103.5203, "2006-06-30": -486.4671, "2006-03-31": "1.75210"}, "Cash Flow From Operating Activities": {"2020-12-31": -3472, "2020-09-30": -174, "2020-06-30": -1557, "2020-03-31": "5203.00000", "2019-12-31": 488, "2019-09-30": 133, "2019-06-30": 1442, "2019-03-31": "603.00000", "2018-12-31": -408, "2018-09-30": 632, "2018-06-30": 931, "2018-03-31": "1201.00000", "2017-12-31": -1230, "2017-09-30": 709, "2017-06-30": 807, "2017-03-31": "779.00000", "2016-12-31": 521, "2016-09-30": 102, "2016-06-30": -110, "2016-03-31": "122.00000", "2015-12-31": 98, "2015-09-30": 726, "2015-06-30": 121, "2015-03-31": "-220.00000", "2014-12-31": 378, "2014-09-30": 243, "2014-06-30": 55, "2014-03-31": "-259.00000", "2013-12-31": 267.512, "2013-09-30": 44.801, "2013-06-30": 36.598, "2013-03-31": "-208.91100", "2012-12-31": 513.745, "2012-09-30": -307.839, "2012-06-30": 573.488, "2012-03-31": "-53.93000", "2011-12-31": 317.16, "2011-09-30": 258.182, "2011-06-30": 452.943, "2011-03-31": "-36.73700", "2010-12-31": 920.014, "2010-09-30": 206.547, "2010-06-30": 591.023, "2010-03-31": "-24.24000", "2009-12-31": -129.495, "2009-09-30": -99.29, "2009-06-30": 322.756, "2009-03-31": "56.68200", "2008-12-31": 1292.138, "2008-09-30": -550.611, "2008-06-30": 622.721, "2008-03-31": "728.07600", "2007-12-31": -295.196, "2007-09-30": -198.986, "2007-06-30": 187.87, "2007-03-31": "216.64400", "2006-12-31": -272.656, "2006-09-30": 108.265, "2006-06-30": -266.755, "2006-03-31": "211.84500"}, "Net Change In Property, Plant, And Equipment": {"2020-12-31": 31, "2020-09-30": -9, "2020-06-30": -10, "2020-03-31": "-12.00000", "2019-12-31": -12, "2019-09-30": -17, "2019-06-30": -19, "2019-03-31": "-26.00000", "2018-12-31": -13, "2018-09-30": -8, "2018-06-30": -7, "2018-03-31": "-8.00000", "2017-12-31": -12, "2017-09-30": -6, "2017-06-30": -4, "2017-03-31": "-6.00000", "2016-12-31": -6, "2016-09-30": -7, "2016-06-30": -7, "2016-03-31": "-7.00000", "2015-12-31": -7, "2015-09-30": -3, "2015-06-30": -14, "2015-03-31": "-6.00000", "2014-12-31": -5, "2014-09-30": -4, "2014-06-30": -5, "2014-03-31": "-5.00000", "2013-12-31": -4.994, "2013-09-30": -4.06, "2013-06-30": -4.244, "2013-03-31": "-3.70200", "2012-12-31": -4.026, "2012-09-30": -4.242, "2012-06-30": -4.553, "2012-03-31": "-5.17600", "2011-12-31": -3.873, "2011-09-30": -2.682, "2011-06-30": -3.824, "2011-03-31": "-3.16700", "2010-12-31": -3.598, "2010-09-30": -3.625, "2010-06-30": -6.748, "2010-03-31": "-4.13700", "2009-12-31": -1.123, "2009-09-30": -4.631, "2009-06-30": -7.747, "2009-03-31": "-4.99100", "2008-12-31": -15.46, "2008-09-30": -3.099, "2008-06-30": -3.871, "2008-03-31": "-4.26500", "2007-12-31": -13.961, "2007-09-30": -4.039, "2007-06-30": -3.92, "2007-03-31": "-4.04800", "2006-12-31": -4.085, "2006-09-30": -3.051, "2006-06-30": -2.788, "2006-03-31": "-2.42500"}, "Net Change In Intangible Assets": {"2020-12-31": 0, "2020-09-30": 0, "2020-06-30": 0, "2020-03-31": "", "2019-12-31": 0, "2019-09-30": 0, "2019-06-30": 0, "2019-03-31": "", "2018-12-31": 0, "2018-09-30": 0, "2018-06-30": 0, "2018-03-31": "", "2017-12-31": 0, "2017-09-30": 0, "2017-06-30": 0, "2017-03-31": "", "2016-12-31": 0, "2016-09-30": 0, "2016-06-30": 0, "2016-03-31": "", "2015-12-31": 0, "2015-09-30": 0, "2015-06-30": 0, "2015-03-31": "", "2014-12-31": 0, "2014-09-30": 0, "2014-06-30": 0, "2014-03-31": "", "2013-12-31": 0, "2013-09-30": 0, "2013-06-30": 0, "2013-03-31": "", "2012-12-31": 0, "2012-09-30": 0, "2012-06-30": 0, "2012-03-31": "", "2011-12-31": 0, "2011-09-30": 0, "2011-06-30": 0, "2011-03-31": "", "2010-12-31": 0, "2010-09-30": 0, "2010-06-30": 0, "2010-03-31": "", "2009-12-31": 0, "2009-09-30": 0, "2009-06-30": 0, "2009-03-31": "", "2008-12-31": 0, "2008-09-30": 0, "2008-06-30": 0, "2008-03-31": "", "2007-12-31": 0, "2007-09-30": -0.75, "2007-06-30": 0, "2007-03-31": "", "2006-12-31": 0, "2006-09-30": 0, "2006-06-30": 0, "2006-03-31": ""}, "Net Acquisitions/Divestitures": {"2020-12-31": 0, "2020-09-30": 0, "2020-06-30": 0, "2020-03-31": "", "2019-12-31": 0, "2019-09-30": 0, "2019-06-30": 0, "2019-03-31": "", "2018-12-31": 0, "2018-09-30": 0, "2018-06-30": 0, "2018-03-31": "", "2017-12-31": 0, "2017-09-30": 0, "2017-06-30": 0, "2017-03-31": "", "2016-12-31": 0, "2016-09-30": 0, "2016-06-30": 0, "2016-03-31": "", "2015-12-31": 0, "2015-09-30": 0, "2015-06-30": 0, "2015-03-31": "", "2014-12-31": 0, "2014-09-30": 0, "2014-06-30": 0, "2014-03-31": "", "2013-12-31": 0, "2013-09-30": 0, "2013-06-30": 0, "2013-03-31": "", "2012-12-31": 0, "2012-09-30": 0, "2012-06-30": 0, "2012-03-31": "", "2011-12-31": 0, "2011-09-30": 0, "2011-06-30": 0, "2011-03-31": "", "2010-12-31": 0, "2010-09-30": 0, "2010-06-30": 0, "2010-03-31": "", "2009-12-31": 0, "2009-09-30": 0, "2009-06-30": 0, "2009-03-31": "", "2008-12-31": 0, "2008-09-30": 0, "2008-06-30": 0, "2008-03-31": "", "2007-12-31": 0, "2007-09-30": 0, "2007-06-30": 0, "2007-03-31": "", "2006-12-31": 0, "2006-09-30": 0, "2006-06-30": 0, "2006-03-31": ""}, "Net Change In Short-term Investments": {"2020-12-31": 0, "2020-09-30": 0, "2020-06-30": 0, "2020-03-31": "", "2019-12-31": -19, "2019-09-30": 0, "2019-06-30": 0, "2019-03-31": "", "2018-12-31": -22, "2018-09-30": 0, "2018-06-30": 0, "2018-03-31": "", "2017-12-31": 0, "2017-09-30": 0, "2017-06-30": 0, "2017-03-31": "", "2016-12-31": -17, "2016-09-30": 6, "2016-06-30": 0, "2016-03-31": "-6.00000", "2015-12-31": -16, "2015-09-30": 36, "2015-06-30": -22, "2015-03-31": "-14.00000", "2014-12-31": -443, "2014-09-30": 74, "2014-06-30": -14, "2014-03-31": "-60.00000", "2013-12-31": -264, "2013-09-30": 0, "2013-06-30": 67.482, "2013-03-31": "-67.48200", "2012-12-31": -453.161, "2012-09-30": 0, "2012-06-30": 64.705, "2012-03-31": "-64.70500", "2011-12-31": -193.111, "2011-09-30": 0, "2011-06-30": 0, "2011-03-31": "", "2010-12-31": 0.001, "2010-09-30": 0, "2010-06-30": -0.001, "2010-03-31": "", "2009-12-31": 9.526, "2009-09-30": -1.961, "2009-06-30": 0, "2009-03-31": "-7.56500", "2008-12-31": 5.256, "2008-09-30": 0.31, "2008-06-30": 0, "2008-03-31": "0.30000", "2007-12-31": 0.387, "2007-09-30": -0.263, "2007-06-30": -0.259, "2007-03-31": "-9.41900", "2006-12-31": -12.768, "2006-09-30": -2.25, "2006-06-30": 0, "2006-03-31": "-24.25000"}, "Net Change In Long-Term Investments": {"2020-12-31": 2, "2020-09-30": 0, "2020-06-30": -2, "2020-03-31": "", "2019-12-31": 19, "2019-09-30": 0, "2019-06-30": -3, "2019-03-31": "-16.00000", "2018-12-31": 21, "2018-09-30": 0, "2018-06-30": -21, "2018-03-31": "", "2017-12-31": 0, "2017-09-30": 0, "2017-06-30": 0, "2017-03-31": "", "2016-12-31": 6, "2016-09-30": -6, "2016-06-30": 0, "2016-03-31": "", "2015-12-31": 9, "2015-09-30": -9, "2015-06-30": 0, "2015-03-31": "", "2014-12-31": 438, "2014-09-30": -220, "2014-06-30": 146, "2014-03-31": "152.00000", "2013-12-31": 235.689, "2013-09-30": -20.657, "2013-06-30": -34.266, "2013-03-31": "67.23400", "2012-12-31": 451.116, "2012-09-30": -11.912, "2012-06-30": -79.874, "2012-03-31": "57.82800", "2011-12-31": 163.177, "2011-09-30": -79.555, "2011-06-30": 15.114, "2011-03-31": "-31.82100", "2010-12-31": 0.817, "2010-09-30": 0, "2010-06-30": 0, "2010-03-31": "", "2009-12-31": -11.3, "2009-09-30": 0, "2009-06-30": 0, "2009-03-31": "", "2008-12-31": 0, "2008-09-30": 0, "2008-06-30": 0, "2008-03-31": "", "2007-12-31": 0, "2007-09-30": 0, "2007-06-30": -1177.892, "2007-03-31": "", "2006-12-31": 0, "2006-09-30": 0, "2006-06-30": 0, "2006-03-31": ""}, "Net Change In Investments - Total": {"2020-12-31": 2, "2020-09-30": 0, "2020-06-30": -2, "2020-03-31": "", "2019-12-31": 0, "2019-09-30": 0, "2019-06-30": -3, "2019-03-31": "-16.00000", "2018-12-31": -1, "2018-09-30": 0, "2018-06-30": -21, "2018-03-31": "", "2017-12-31": 0, "2017-09-30": 0, "2017-06-30": 0, "2017-03-31": "", "2016-12-31": -11, "2016-09-30": 0, "2016-06-30": 0, "2016-03-31": "-6.00000", "2015-12-31": -7, "2015-09-30": 27, "2015-06-30": -22, "2015-03-31": "-14.00000", "2014-12-31": -5, "2014-09-30": -146, "2014-06-30": 132, "2014-03-31": "92.00000", "2013-12-31": -28.311, "2013-09-30": -20.657, "2013-06-30": 33.216, "2013-03-31": "-0.24800", "2012-12-31": -2.045, "2012-09-30": -11.912, "2012-06-30": -15.169, "2012-03-31": "-6.87700", "2011-12-31": -29.934, "2011-09-30": -79.555, "2011-06-30": 15.114, "2011-03-31": "-31.82100", "2010-12-31": 0.818, "2010-09-30": 0, "2010-06-30": -0.001, "2010-03-31": "", "2009-12-31": -1.774, "2009-09-30": -1.961, "2009-06-30": 0, "2009-03-31": "-7.56500", "2008-12-31": 5.256, "2008-09-30": 0.31, "2008-06-30": 0, "2008-03-31": "0.30000", "2007-12-31": 0.387, "2007-09-30": -0.263, "2007-06-30": -1178.151, "2007-03-31": "-9.41900", "2006-12-31": -12.768, "2006-09-30": -2.25, "2006-06-30": 0, "2006-03-31": "-24.25000"}, "Investing Activities - Other": {"2020-12-31": -5, "2020-09-30": 4, "2020-06-30": 0, "2020-03-31": "1.00000", "2019-12-31": 0, "2019-09-30": 2, "2019-06-30": 2, "2019-03-31": "", "2018-12-31": 0, "2018-09-30": 1, "2018-06-30": 0, "2018-03-31": "", "2017-12-31": 0, "2017-09-30": 2, "2017-06-30": 0, "2017-03-31": "", "2016-12-31": 0, "2016-09-30": 0, "2016-06-30": 2, "2016-03-31": "36.00000", "2015-12-31": 5, "2015-09-30": -33, "2015-06-30": 23, "2015-03-31": "16.00000", "2014-12-31": 0, "2014-09-30": -1, "2014-06-30": 1, "2014-03-31": "", "2013-12-31": -11.054, "2013-09-30": 0, "2013-06-30": 0, "2013-03-31": "11.05400", "2012-12-31": 0, "2012-09-30": 0, "2012-06-30": 0, "2012-03-31": "1.56700", "2011-12-31": 2.715, "2011-09-30": 0, "2011-06-30": 0, "2011-03-31": "", "2010-12-31": 0, "2010-09-30": 0, "2010-06-30": 0, "2010-03-31": "", "2009-12-31": 0, "2009-09-30": 0.443, "2009-06-30": 0.719, "2009-03-31": "1.13000", "2008-12-31": 0.635, "2008-09-30": 0, "2008-06-30": 0, "2008-03-31": "", "2007-12-31": 0, "2007-09-30": -5.288, "2007-06-30": 5.288, "2007-03-31": "", "2006-12-31": 0.622, "2006-09-30": 0.607, "2006-06-30": 0, "2006-03-31": ""}, "Cash Flow From Investing Activities": {"2020-12-31": 28, "2020-09-30": -5, "2020-06-30": -12, "2020-03-31": "-11.00000", "2019-12-31": -12, "2019-09-30": -15, "2019-06-30": -20, "2019-03-31": "-42.00000", "2018-12-31": -14, "2018-09-30": -7, "2018-06-30": -28, "2018-03-31": "-8.00000", "2017-12-31": -12, "2017-09-30": -4, "2017-06-30": -4, "2017-03-31": "-6.00000", "2016-12-31": -17, "2016-09-30": -7, "2016-06-30": -5, "2016-03-31": "23.00000", "2015-12-31": -9, "2015-09-30": -9, "2015-06-30": -13, "2015-03-31": "-4.00000", "2014-12-31": -10, "2014-09-30": -151, "2014-06-30": 128, "2014-03-31": "87.00000", "2013-12-31": -44.359, "2013-09-30": -24.717, "2013-06-30": 28.972, "2013-03-31": "7.10400", "2012-12-31": -6.071, "2012-09-30": -16.154, "2012-06-30": -19.722, "2012-03-31": "-10.48600", "2011-12-31": -31.092, "2011-09-30": -82.237, "2011-06-30": 11.29, "2011-03-31": "-34.98800", "2010-12-31": -2.78, "2010-09-30": -3.625, "2010-06-30": -6.749, "2010-03-31": "-4.13700", "2009-12-31": -2.897, "2009-09-30": -6.149, "2009-06-30": -7.028, "2009-03-31": "-11.42600", "2008-12-31": -9.569, "2008-09-30": -2.789, "2008-06-30": -3.871, "2008-03-31": "-3.96500", "2007-12-31": -13.574, "2007-09-30": -10.34, "2007-06-30": -1176.783, "2007-03-31": "-13.46700", "2006-12-31": -16.231, "2006-09-30": -4.694, "2006-06-30": -2.788, "2006-03-31": "-26.67500"}, "Net Long-Term Debt": {"2020-12-31": 0, "2020-09-30": 0, "2020-06-30": 0, "2020-03-31": "", "2019-12-31": 0, "2019-09-30": 0, "2019-06-30": 0, "2019-03-31": "", "2018-12-31": 0, "2018-09-30": 0, "2018-06-30": 0, "2018-03-31": "", "2017-12-31": 0, "2017-09-30": 0, "2017-06-30": 0, "2017-03-31": "", "2016-12-31": 0, "2016-09-30": 0, "2016-06-30": 0, "2016-03-31": "", "2015-12-31": 0, "2015-09-30": 0, "2015-06-30": 0, "2015-03-31": "", "2014-12-31": 0, "2014-09-30": 0, "2014-06-30": 0, "2014-03-31": "", "2013-12-31": 0, "2013-09-30": 0, "2013-06-30": 0, "2013-03-31": "", "2012-12-31": 0, "2012-09-30": 0, "2012-06-30": -30.238, "2012-03-31": "-71.17300", "2011-12-31": -24.462, "2011-09-30": -52.427, "2011-06-30": -22.589, "2011-03-31": "-93.71400", "2010-12-31": 74.971, "2010-09-30": -11.222, "2010-06-30": 12.656, "2010-03-31": "12.42100", "2009-12-31": 20.654, "2009-09-30": 25.484, "2009-06-30": 13.549, "2009-03-31": "-296.96400", "2008-12-31": -38.665, "2008-09-30": 250.985, "2008-06-30": -84.289, "2008-03-31": "-145.43300", "2007-12-31": 93.539, "2007-09-30": 62.219, "2007-06-30": 0.094, "2007-03-31": "4.00600", "2006-12-31": 6.9059, "2006-09-30": -40.304, "2006-06-30": 138.031, "2006-03-31": "31.29900"}, "Net Current Debt": {"2020-12-31": -612, "2020-09-30": 489, "2020-06-30": 125, "2020-03-31": "-2.00000", "2019-12-31": 1, "2019-09-30": 0, "2019-06-30": 0, "2019-03-31": "-2.00000", "2018-12-31": -11, "2018-09-30": -165, "2018-06-30": 174, "2018-03-31": "4.00000", "2017-12-31": -23, "2017-09-30": 29, "2017-06-30": -29, "2017-03-31": "-36.00000", "2016-12-31": 50, "2016-09-30": 16, "2016-06-30": 4, "2016-03-31": "4.00000", "2015-12-31": -4, "2015-09-30": -5, "2015-06-30": -21, "2015-03-31": "-4.00000", "2014-12-31": -25, "2014-09-30": 44, "2014-06-30": -18, "2014-03-31": "9.00000", "2013-12-31": 21.841, "2013-09-30": -10.247, "2013-06-30": -6.021, "2013-03-31": "-91.57300", "2012-12-31": 93.874, "2012-09-30": 3.421, "2012-06-30": -1.028, "2012-03-31": "7.61500", "2011-12-31": -158.267, "2011-09-30": 132.625, "2011-06-30": -136.423, "2011-03-31": "-18.77700", "2010-12-31": 21.207, "2010-09-30": -29.673, "2010-06-30": -242.419, "2010-03-31": "90.44000", "2009-12-31": 56.167, "2009-09-30": 90.703, "2009-06-30": -112.215, "2009-03-31": "51.80900", "2008-12-31": -747.548, "2008-09-30": 454.613, "2008-06-30": -584.69, "2008-03-31": "-403.48300", "2007-12-31": 244.792, "2007-09-30": -166.536, "2007-06-30": 189.346, "2007-03-31": "-243.22400", "2006-12-31": 283.599, "2006-09-30": 62.553, "2006-06-30": 297.828, "2006-03-31": "-118.09300"}, "Debt Issuance/Retirement Net - Total": {"2020-12-31": -612, "2020-09-30": 489, "2020-06-30": 125, "2020-03-31": "-2.00000", "2019-12-31": 1, "2019-09-30": 0, "2019-06-30": 0, "2019-03-31": "-2.00000", "2018-12-31": -11, "2018-09-30": -165, "2018-06-30": 174, "2018-03-31": "4.00000", "2017-12-31": -23, "2017-09-30": 29, "2017-06-30": -29, "2017-03-31": "-36.00000", "2016-12-31": 50, "2016-09-30": 16, "2016-06-30": 4, "2016-03-31": "4.00000", "2015-12-31": -4, "2015-09-30": -5, "2015-06-30": -21, "2015-03-31": "-4.00000", "2014-12-31": -25, "2014-09-30": 44, "2014-06-30": -18, "2014-03-31": "9.00000", "2013-12-31": 21.841, "2013-09-30": -10.247, "2013-06-30": -6.021, "2013-03-31": "-91.57300", "2012-12-31": 93.874, "2012-09-30": 3.421, "2012-06-30": -31.266, "2012-03-31": "-63.55800", "2011-12-31": -182.729, "2011-09-30": 80.198, "2011-06-30": -159.012, "2011-03-31": "-112.49100", "2010-12-31": 96.178, "2010-09-30": -40.895, "2010-06-30": -229.763, "2010-03-31": "102.86100", "2009-12-31": 76.821, "2009-09-30": 116.187, "2009-06-30": -98.666, "2009-03-31": "-245.15500", "2008-12-31": -786.213, "2008-09-30": 705.598, "2008-06-30": -668.979, "2008-03-31": "-548.91600", "2007-12-31": 338.331, "2007-09-30": -104.317, "2007-06-30": 189.44, "2007-03-31": "-239.21800", "2006-12-31": 290.505, "2006-09-30": 22.249, "2006-06-30": 435.859, "2006-03-31": "-86.79400"}, "Net Common Equity Issued/Repurchased": {"2020-12-31": -1, "2020-09-30": 0, "2020-06-30": 1, "2020-03-31": "", "2019-12-31": 0, "2019-09-30": 0, "2019-06-30": -1, "2019-03-31": "", "2018-12-31": 0, "2018-09-30": 0, "2018-06-30": -5, "2018-03-31": "", "2017-12-31": 0, "2017-09-30": 0, "2017-06-30": 0, "2017-03-31": "", "2016-12-31": 0, "2016-09-30": 25, "2016-06-30": -26, "2016-03-31": "", "2015-12-31": 12, "2015-09-30": 17, "2015-06-30": -25, "2015-03-31": "", "2014-12-31": 0, "2014-09-30": 0, "2014-06-30": 0, "2014-03-31": "", "2013-12-31": 0, "2013-09-30": 0, "2013-06-30": 0, "2013-03-31": "", "2012-12-31": 0, "2012-09-30": 0, "2012-06-30": 0, "2012-03-31": "", "2011-12-31": 0, "2011-09-30": 0, "2011-06-30": 0, "2011-03-31": "", "2010-12-31": 0, "2010-09-30": 0, "2010-06-30": 0, "2010-03-31": "", "2009-12-31": 0, "2009-09-30": 0, "2009-06-30": 0, "2009-03-31": "", "2008-12-31": -0.866, "2008-09-30": 0, "2008-06-30": 0, "2008-03-31": "", "2007-12-31": 0, "2007-09-30": -1.376, "2007-06-30": 1177.392, "2007-03-31": "", "2006-12-31": 0, "2006-09-30": 0, "2006-06-30": 0, "2006-03-31": ""}, "Net Total Equity Issued/Repurchased": {"2020-12-31": -1, "2020-09-30": 0, "2020-06-30": 1, "2020-03-31": "", "2019-12-31": 0, "2019-09-30": 0, "2019-06-30": -1, "2019-03-31": "", "2018-12-31": 0, "2018-09-30": 0, "2018-06-30": -5, "2018-03-31": "", "2017-12-31": 0, "2017-09-30": 0, "2017-06-30": 0, "2017-03-31": "", "2016-12-31": 0, "2016-09-30": 25, "2016-06-30": -26, "2016-03-31": "", "2015-12-31": 12, "2015-09-30": 17, "2015-06-30": -25, "2015-03-31": "", "2014-12-31": 0, "2014-09-30": 0, "2014-06-30": 0, "2014-03-31": "", "2013-12-31": 0, "2013-09-30": 0, "2013-06-30": 0, "2013-03-31": "", "2012-12-31": 0, "2012-09-30": 0, "2012-06-30": 0, "2012-03-31": "", "2011-12-31": 0, "2011-09-30": 0, "2011-06-30": 0, "2011-03-31": "", "2010-12-31": 0, "2010-09-30": 0, "2010-06-30": 0, "2010-03-31": "", "2009-12-31": 0, "2009-09-30": 0, "2009-06-30": 0, "2009-03-31": "", "2008-12-31": -0.866, "2008-09-30": 0, "2008-06-30": 0, "2008-03-31": "", "2007-12-31": 0, "2007-09-30": -1.376, "2007-06-30": 1177.392, "2007-03-31": "", "2006-12-31": 0, "2006-09-30": 0, "2006-06-30": 0, "2006-03-31": ""}, "Total Common And Preferred Stock Dividends Paid": {"2020-12-31": 270, "2020-09-30": -73, "2020-06-30": -136, "2020-03-31": "-61.00000", "2019-12-31": -62, "2019-09-30": -213, "2019-06-30": -45, "2019-03-31": "-68.00000", "2018-12-31": -47, "2018-09-30": -57, "2018-06-30": -257, "2018-03-31": "-7.00000", "2017-12-31": -279, "2017-09-30": 75, "2017-06-30": -89, "2017-03-31": "-7.00000", "2016-12-31": -41, "2016-09-30": -31, "2016-06-30": -166, "2016-03-31": "-7.00000", "2015-12-31": -53, "2015-09-30": -118, "2015-06-30": -75, "2015-03-31": "-6.00000", "2014-12-31": -41, "2014-09-30": -47, "2014-06-30": -152, "2014-03-31": "-62.00000", "2013-12-31": -39.56, "2013-09-30": -42.289, "2013-06-30": -40.264, "2013-03-31": "-39.88700", "2012-12-31": -472.232, "2012-09-30": -39.884, "2012-06-30": -39.885, "2012-03-31": "-39.55000", "2011-12-31": -40.252, "2011-09-30": -72.175, "2011-06-30": -75.288, "2011-03-31": "", "2010-12-31": -960.55, "2010-09-30": -33.05, "2010-06-30": -47.042, "2010-03-31": "-34.11800", "2009-12-31": -0.009, "2009-09-30": -27.648, "2009-06-30": -63.319, "2009-03-31": "-33.78100", "2008-12-31": 0, "2008-09-30": -57.606, "2008-06-30": -132.127, "2008-03-31": "-33.04300", "2007-12-31": -8.727, "2007-09-30": -102.431, "2007-06-30": -134, "2007-03-31": "-24.50000", "2006-12-31": -12.5, "2006-09-30": -33, "2006-06-30": -33, "2006-03-31": "-86.00000"}, "Financial Activities - Other": {"2020-12-31": 17, "2020-09-30": 0, "2020-06-30": -17, "2020-03-31": "", "2019-12-31": 0, "2019-09-30": -29, "2019-06-30": 0, "2019-03-31": "", "2018-12-31": 0, "2018-09-30": 0, "2018-06-30": 33, "2018-03-31": "-61.00000", "2017-12-31": 222, "2017-09-30": -237, "2017-06-30": 34, "2017-03-31": "-34.00000", "2016-12-31": 0, "2016-09-30": 0, "2016-06-30": 18, "2016-03-31": "-35.00000", "2015-12-31": -2, "2015-09-30": -12, "2015-06-30": 36, "2015-03-31": "-35.00000", "2014-12-31": 0, "2014-09-30": 0, "2014-06-30": -16, "2014-03-31": "", "2013-12-31": 0, "2013-09-30": 0, "2013-06-30": 0, "2013-03-31": "", "2012-12-31": -16.115, "2012-09-30": 0, "2012-06-30": 0, "2012-03-31": "", "2011-12-31": 0, "2011-09-30": -0.78, "2011-06-30": 0.001, "2011-03-31": "-0.81600", "2010-12-31": -1.2259, "2010-09-30": 0, "2010-06-30": -27.204, "2010-03-31": "", "2009-12-31": 0, "2009-09-30": -0.164, "2009-06-30": -14.738, "2009-03-31": "0.02200", "2008-12-31": -3.986, "2008-09-30": 0, "2008-06-30": -72.015, "2008-03-31": "", "2007-12-31": 0, "2007-09-30": 33.118, "2007-06-30": 3.882, "2007-03-31": "", "2006-12-31": 0.082, "2006-09-30": 9.547, "2006-06-30": -1.617, "2006-03-31": "-1.30300"}, "Cash Flow From Financial Activities": {"2020-12-31": -326, "2020-09-30": 416, "2020-06-30": -27, "2020-03-31": "-63.00000", "2019-12-31": -61, "2019-09-30": -242, "2019-06-30": -46, "2019-03-31": "-70.00000", "2018-12-31": -58, "2018-09-30": -222, "2018-06-30": -55, "2018-03-31": "-64.00000", "2017-12-31": -80, "2017-09-30": -133, "2017-06-30": -84, "2017-03-31": "-77.00000", "2016-12-31": 9, "2016-09-30": 10, "2016-06-30": -170, "2016-03-31": "-38.00000", "2015-12-31": -47, "2015-09-30": -118, "2015-06-30": -85, "2015-03-31": "-45.00000", "2014-12-31": -66, "2014-09-30": -3, "2014-06-30": -186, "2014-03-31": "-53.00000", "2013-12-31": -17.719, "2013-09-30": -52.536, "2013-06-30": -46.285, "2013-03-31": "-131.46000", "2012-12-31": -394.473, "2012-09-30": -36.463, "2012-06-30": -71.151, "2012-03-31": "-103.10800", "2011-12-31": -222.981, "2011-09-30": 7.243, "2011-06-30": -234.299, "2011-03-31": "-113.30700", "2010-12-31": -865.598, "2010-09-30": -73.945, "2010-06-30": -304.009, "2010-03-31": "68.74300", "2009-12-31": 76.812, "2009-09-30": 88.375, "2009-06-30": -176.723, "2009-03-31": "-278.91400", "2008-12-31": -791.065, "2008-09-30": 647.992, "2008-06-30": -873.121, "2008-03-31": "-581.95900", "2007-12-31": 329.604, "2007-09-30": -175.006, "2007-06-30": 1236.714, "2007-03-31": "-263.71800", "2006-12-31": 278.087, "2006-09-30": -1.204, "2006-06-30": 401.242, "2006-03-31": "-174.09700"}, "Net Cash Flow": {"2020-12-31": -3799, "2020-09-30": 282, "2020-06-30": -1574, "2020-03-31": "5091.00000", "2019-12-31": 453, "2019-09-30": -152, "2019-06-30": 1392, "2019-03-31": "489.00000", "2018-12-31": -485, "2018-09-30": 399, "2018-06-30": 770, "2018-03-31": "1137.00000", "2017-12-31": -1323, "2017-09-30": 577, "2017-06-30": 757, "2017-03-31": "719.00000", "2016-12-31": 466, "2016-09-30": 107, "2016-06-30": -304, "2016-03-31": "146.00000", "2015-12-31": 13, "2015-09-30": 547, "2015-06-30": 51, "2015-03-31": "-279.00000", "2014-12-31": 258, "2014-09-30": 11, "2014-06-30": 9, "2014-03-31": "-222.00000", "2013-12-31": 211.751, "2013-09-30": -2.808, "2013-06-30": -12.312, "2013-03-31": "-364.63100", "2012-12-31": 132.047, "2012-09-30": -344, "2012-06-30": 452.106, "2012-03-31": "-144.09600", "2011-12-31": 59.21, "2011-09-30": 132.8, "2011-06-30": 246.775, "2011-03-31": "-178.05900", "2010-12-31": 62.502, "2010-09-30": 180.673, "2010-06-30": 260.823, "2010-03-31": "43.66100", "2009-12-31": -53.375, "2009-09-30": -3.834, "2009-06-30": 160.277, "2009-03-31": "-240.00500", "2008-12-31": 472.449, "2008-09-30": 39.784, "2008-06-30": -264.123, "2008-03-31": "173.61100", "2007-12-31": 20.966, "2007-09-30": -367.776, "2007-06-30": 260.81, "2007-03-31": "-61.49500", "2006-12-31": 7.055, "2006-09-30": 91.294, "2006-06-30": 151.946, "2006-03-31": "10.74400"}, "Stock-Based Compensation": {"2020-12-31": -46, "2020-09-30": 17, "2020-06-30": 13, "2020-03-31": "16.00000", "2019-12-31": 17, "2019-09-30": 13, "2019-06-30": 14, "2019-03-31": "16.00000", "2018-12-31": 16, "2018-09-30": 13, "2018-06-30": 15, "2018-03-31": "14.00000", "2017-12-31": 15, "2017-09-30": 13, "2017-06-30": 12, "2017-03-31": "13.00000", "2016-12-31": 17, "2016-09-30": 12, "2016-06-30": 10, "2016-03-31": "12.00000", "2015-12-31": 12, "2015-09-30": 14, "2015-06-30": 11, "2015-03-31": "13.00000", "2014-12-31": 9, "2014-09-30": 10, "2014-06-30": 12, "2014-03-31": "10.00000", "2013-12-31": 12.914, "2013-09-30": 3.905, "2013-06-30": 15.711, "2013-03-31": "8.47000", "2012-12-31": 13.06, "2012-09-30": 16.984, "2012-06-30": 16.469, "2012-03-31": "20.57900", "2011-12-31": 18.2, "2011-09-30": 9.676, "2011-06-30": 10.843, "2011-03-31": "10.46700", "2010-12-31": 11.516, "2010-09-30": 10.018, "2010-06-30": 9.985, "2010-03-31": "10.18100", "2009-12-31": 15.625, "2009-09-30": 7.843, "2009-06-30": 8.025, "2009-03-31": "7.90900", "2008-12-31": 5.266, "2008-09-30": 6.843, "2008-06-30": 6.976, "2008-03-31": "6.83600", "2007-12-31": 2.277, "2007-09-30": 5.347, "2007-06-30": 5.64, "2007-03-31": "", "2006-12-31": 0, "2006-09-30": 0, "2006-06-30": 0, "2006-03-31": ""}, "Common Stock Dividends Paid": {"2020-12-31": 270, "2020-09-30": -73, "2020-06-30": -136, "2020-03-31": "-61.00000", "2019-12-31": -62, "2019-09-30": -213, "2019-06-30": -45, "2019-03-31": "-68.00000", "2018-12-31": -47, "2018-09-30": -57, "2018-06-30": -257, "2018-03-31": "-7.00000", "2017-12-31": -279, "2017-09-30": 75, "2017-06-30": -89, "2017-03-31": "-7.00000", "2016-12-31": -41, "2016-09-30": -31, "2016-06-30": -166, "2016-03-31": "-7.00000", "2015-12-31": -53, "2015-09-30": -118, "2015-06-30": -75, "2015-03-31": "-6.00000", "2014-12-31": -41, "2014-09-30": -47, "2014-06-30": -152, "2014-03-31": "-62.00000", "2013-12-31": -39.56, "2013-09-30": -42.289, "2013-06-30": -40.264, "2013-03-31": "-39.88700", "2012-12-31": -472.232, "2012-09-30": -39.884, "2012-06-30": -39.885, "2012-03-31": "-39.55000", "2011-12-31": -40.252, "2011-09-30": -72.175, "2011-06-30": -75.288, "2011-03-31": "0.00000", "2010-12-31": -960.55, "2010-09-30": -33.05, "2010-06-30": -47.042, "2010-03-31": "-34.11800", "2009-12-31": -0.009, "2009-09-30": -27.648, "2009-06-30": -63.319, "2009-03-31": "-33.78100", "2008-12-31": 0, "2008-09-30": -57.606, "2008-06-30": -132.127, "2008-03-31": "-33.04300", "2007-12-31": -8.727, "2007-09-30": -102.431, "2007-06-30": -134, "2007-03-31": "-24.50000", "2006-12-31": -12.5, "2006-09-30": -33, "2006-06-30": -33, "2006-03-31": "-86.00000"}}, "financial ratios": {"Current Ratio": {"2019-12-31": "1.11700", "2018-12-31": "1.12850", "2017-12-31": "1.11220", "2016-12-31": "1.11000", "2015-12-31": "1.11210", "2014-12-31": "1.12350", "2013-12-31": "1.13710", "2012-12-31": "1.14920", "2011-12-31": "1.17140", "2010-12-31": "1.17170", "2009-12-31": "1.21290", "2008-12-31": "1.18500", "2007-12-31": "1.11430", "2006-12-31": "1.10240", "2005-12-31": ""}, "Long-term Debt / Capital": {"2019-12-31": "", "2018-12-31": "", "2017-12-31": "", "2016-12-31": "", "2015-12-31": "", "2014-12-31": "", "2013-12-31": "", "2012-12-31": "", "2011-12-31": "-0.28470", "2010-12-31": "-0.17000", "2009-12-31": "0.04050", "2008-12-31": "0.09130", "2007-12-31": "0.53000", "2006-12-31": "1.00000", "2005-12-31": ""}, "Debt/Equity Ratio": {"2019-12-31": "0.85540", "2018-12-31": "0.66170", "2017-12-31": "1.01690", "2016-12-31": "1.11890", "2015-12-31": "1.03130", "2014-12-31": "1.11900", "2013-12-31": "1.12760", "2012-12-31": "1.29560", "2011-12-31": "-16.71570", "2010-12-31": "-4.07680", "2009-12-31": "2.13720", "2008-12-31": "3.35400", "2007-12-31": "51.81380", "2006-12-31": "", "2005-12-31": ""}, "Gross Margin": {"2019-12-31": "87.04180", "2018-12-31": "85.86440", "2017-12-31": "85.84020", "2016-12-31": "82.52150", "2015-12-31": "80.57190", "2014-12-31": "79.67400", "2013-12-31": "77.41640", "2012-12-31": "77.79870", "2011-12-31": "79.28690", "2010-12-31": "70.43640", "2009-12-31": "75.17100", "2008-12-31": "82.55760", "2007-12-31": "77.13420", "2006-12-31": "74.98650", "2005-12-31": "76.86250"}, "Operating Margin": {"2019-12-31": "62.00310", "2018-12-31": "63.05830", "2017-12-31": "61.75090", "2016-12-31": "54.94270", "2015-12-31": "50.79900", "2014-12-31": "48.80150", "2013-12-31": "48.14130", "2012-12-31": "46.61570", "2011-12-31": "54.55800", "2010-12-31": "36.59170", "2009-12-31": "48.91970", "2008-12-31": "67.55300", "2007-12-31": "63.45660", "2006-12-31": "60.80770", "2005-12-31": "61.27360"}, "EBIT Margin": {"2019-12-31": "62.00310", "2018-12-31": "63.05830", "2017-12-31": "61.75090", "2016-12-31": "54.94270", "2015-12-31": "50.79900", "2014-12-31": "48.80150", "2013-12-31": "48.14130", "2012-12-31": "46.61570", "2011-12-31": "54.55800", "2010-12-31": "36.59170", "2009-12-31": "48.91970", "2008-12-31": "67.55300", "2007-12-31": "63.45660", "2006-12-31": "60.80770", "2005-12-31": "61.27360"}, "EBITDA Margin": {"2019-12-31": "64.68770", "2018-12-31": "64.42460", "2017-12-31": "63.21980", "2016-12-31": "56.73350", "2015-12-31": "52.64930", "2014-12-31": "50.71910", "2013-12-31": "49.90710", "2012-12-31": "48.32020", "2011-12-31": "55.93470", "2010-12-31": "38.61990", "2009-12-31": "50.83490", "2008-12-31": "68.52020", "2007-12-31": "64.27850", "2006-12-31": "61.73630", "2005-12-31": "62.44820"}, "Pre-Tax Profit Margin": {"2019-12-31": "59.73150", "2018-12-31": "62.84810", "2017-12-31": "61.63340", "2016-12-31": "54.51290", "2015-12-31": "38.51980", "2014-12-31": "48.51390", "2013-12-31": "41.91450", "2012-12-31": "46.61570", "2011-12-31": "54.55800", "2010-12-31": "36.59170", "2009-12-31": "48.91970", "2008-12-31": "67.55300", "2007-12-31": "63.45660", "2006-12-31": "60.80770", "2005-12-31": "61.27360"}, "Net Profit Margin": {"2019-12-31": "8.31180", "2018-12-31": "8.88070", "2017-12-31": "4.46530", "2016-12-31": "6.01720", "2015-12-31": "4.12110", "2014-12-31": "4.31450", "2013-12-31": "3.43870", "2012-12-31": "3.69530", "2011-12-31": "4.48940", "2010-12-31": "-1.04240", "2009-12-31": "2.99140", "2008-12-31": "5.02860", "2007-12-31": "20.46430", "2006-12-31": "58.62050", "2005-12-31": "57.63810"}, "Asset Turnover": {"2019-12-31": "0.02700", "2018-12-31": "0.03140", "2017-12-31": "0.02780", "2016-12-31": "0.02550", "2015-12-31": "0.02440", "2014-12-31": "0.02400", "2013-12-31": "0.02840", "2012-12-31": "0.03410", "2011-12-31": "0.04470", "2010-12-31": "0.03240", "2009-12-31": "0.04140", "2008-12-31": "0.06530", "2007-12-31": "0.04250", "2006-12-31": "0.03900", "2005-12-31": ""}, "Inventory Turnover Ratio": {"2019-12-31": "", "2018-12-31": "", "2017-12-31": "", "2016-12-31": "", "2015-12-31": "", "2014-12-31": "", "2013-12-31": "", "2012-12-31": "", "2011-12-31": "", "2010-12-31": "", "2009-12-31": "", "2008-12-31": "", "2007-12-31": "", "2006-12-31": "", "2005-12-31": ""}, "Receiveable Turnover": {"2019-12-31": "0.06030", "2018-12-31": "0.06830", "2017-12-31": "0.05530", "2016-12-31": "0.06810", "2015-12-31": "0.06680", "2014-12-31": "0.05720", "2013-12-31": "0.07430", "2012-12-31": "0.10550", "2011-12-31": "0.16090", "2010-12-31": "0.11940", "2009-12-31": "0.29350", "2008-12-31": "0.44320", "2007-12-31": "0.32730", "2006-12-31": "0.70830", "2005-12-31": ""}, "Days Sales In Receivables": {"2019-12-31": "6057.64400", "2018-12-31": "5344.38300", "2017-12-31": "6596.59200", "2016-12-31": "5361.52500", "2015-12-31": "5465.79100", "2014-12-31": "6375.77600", "2013-12-31": "4912.34700", "2012-12-31": "3460.75600", "2011-12-31": "2268.95600", "2010-12-31": "3058.03700", "2009-12-31": "1243.45900", "2008-12-31": "823.55120", "2007-12-31": "1115.03500", "2006-12-31": "515.31460", "2005-12-31": ""}, "ROE - Return On Equity": {"2019-12-31": "13.71540", "2018-12-31": "15.72110", "2017-12-31": "12.32710", "2016-12-31": "12.01030", "2015-12-31": "7.76570", "2014-12-31": "8.85250", "2013-12-31": "8.20880", "2012-12-31": "10.32560", "2011-12-31": "-150.14920", "2010-12-31": "-18.57300", "2009-12-31": "9.92680", "2008-12-31": "25.44430", "2007-12-31": "212.71710", "2006-12-31": "", "2005-12-31": ""}, "Return On Tangible Equity": {"2019-12-31": "13.71540", "2018-12-31": "15.72110", "2017-12-31": "12.32710", "2016-12-31": "12.01030", "2015-12-31": "7.76570", "2014-12-31": "8.85250", "2013-12-31": "8.20880", "2012-12-31": "10.32560", "2011-12-31": "-150.14920", "2010-12-31": "-13.66700", "2009-12-31": "9.92680", "2008-12-31": "25.44430", "2007-12-31": "212.71740", "2006-12-31": "", "2005-12-31": ""}, "ROA - Return On Assets": {"2019-12-31": "1.51930", "2018-12-31": "1.85810", "2017-12-31": "1.29660", "2016-12-31": "1.27850", "2015-12-31": "0.85160", "2014-12-31": "1.05800", "2013-12-31": "1.10380", "2012-12-31": "1.49700", "2011-12-31": "2.26010", "2010-12-31": "0.97240", "2009-12-31": "1.81970", "2008-12-31": "3.95530", "2007-12-31": "2.51500", "2006-12-31": "2.28850", "2005-12-31": ""}, "ROI - Return On Investment": {"2019-12-31": "13.71540", "2018-12-31": "15.72110", "2017-12-31": "12.32710", "2016-12-31": "12.01030", "2015-12-31": "7.76570", "2014-12-31": "8.85250", "2013-12-31": "8.20880", "2012-12-31": "10.32560", "2011-12-31": "-192.89070", "2010-12-31": "-15.99010", "2009-12-31": "9.52500", "2008-12-31": "23.12050", "2007-12-31": "99.98670", "2006-12-31": "244.23610", "2005-12-31": ""}, "Book Value Per Share": {"2019-12-31": "103.45280", "2018-12-31": "95.28500", "2017-12-31": "90.00220", "2016-12-31": "85.60710", "2015-12-31": "83.51960", "2014-12-31": "88.67340", "2013-12-31": "93.15320", "2012-12-31": "101.32940", "2011-12-31": "-10.04160", "2010-12-31": "-48.01490", "2009-12-31": "118.32810", "2008-12-31": "108.74170", "2007-12-31": "10.17350", "2006-12-31": "", "2005-12-31": ""}, "Operating Cash Flow Per Share": {"2019-12-31": 2.978, "2018-12-31": 16.7037, "2017-12-31": 5.5846, "2016-12-31": -2.1626, "2015-12-31": 4.3723, "2014-12-31": 4.4767, "2013-12-31": -12.663, "2012-12-31": -6.9377, "2011-12-31": -17.4945, "2010-12-31": 36.2401, "2009-12-31": -46.8607, "2008-12-31": 52.6346, "2007-12-31": -2.1697, "2006-12-31": 0, "2005-12-31": 0}, "Free Cash Flow Per Share": {"2019-12-31": 2.4995, "2018-12-31": 16.6139, "2017-12-31": 5.5909, "2016-12-31": -2.0839, "2015-12-31": 4.2216, "2014-12-31": 4.4813, "2013-12-31": -12.6145, "2012-12-31": -7.0147, "2011-12-31": -17.3737, "2010-12-31": 36.2564, "2009-12-31": -46.6592, "2008-12-31": 52.619, "2007-12-31": -2.798, "2006-12-31": 0, "2005-12-31": 0}}, "financial ratios, quarterly": {"Current Ratio": {"2020-09-30": "1.10610", "2020-06-30": "1.10280", "2020-03-31": "1.11340", "2019-12-31": "1.11700", "2019-09-30": "1.11930", "2019-06-30": "1.12210", "2019-03-31": "1.12250", "2018-12-31": "1.12850", "2018-09-30": "1.11970", "2018-06-30": "1.11900", "2018-03-31": "1.12230", "2017-12-31": "1.11220", "2017-09-30": "1.11020", "2017-06-30": "1.11260", "2017-03-31": "1.11070", "2016-12-31": "1.11000", "2016-09-30": "1.11010", "2016-06-30": "1.11350", "2016-03-31": "1.11660", "2015-12-31": "1.11210", "2015-09-30": "1.11450", "2015-06-30": "1.11840", "2015-03-31": "1.11840", "2014-12-31": "1.12350", "2014-09-30": "1.12920", "2014-06-30": "1.13690", "2014-03-31": "1.14060", "2013-12-31": "1.13710", "2013-09-30": "1.14570", "2013-06-30": "1.14390", "2013-03-31": "1.14030", "2012-12-31": "1.14920", "2012-09-30": "1.15960", "2012-06-30": "1.16180", "2012-03-31": "1.16050", "2011-12-31": "1.17140", "2011-09-30": "1.14820", "2011-06-30": "1.16500", "2011-03-31": "1.16280", "2010-12-31": "1.17170", "2010-09-30": "1.19900", "2010-06-30": "1.20410", "2010-03-31": "1.18960", "2009-12-31": "1.21290", "2009-09-30": "1.18880", "2009-06-30": "1.19830", "2009-03-31": "1.19780", "2008-12-31": "1.18500", "2008-09-30": "1.16590", "2008-06-30": "1.14580", "2008-03-31": "1.13160", "2007-12-31": "1.11430", "2007-09-30": "1.10010", "2007-06-30": "1.09670", "2007-03-31": "1.10760", "2006-12-31": "1.10240", "2006-09-30": "", "2006-06-30": "", "2006-03-31": ""}, "Long-term Debt / Capital": {"2020-09-30": "", "2020-06-30": "", "2020-03-31": "", "2019-12-31": "", "2019-09-30": "", "2019-06-30": "", "2019-03-31": "", "2018-12-31": "", "2018-09-30": "", "2018-06-30": "", "2018-03-31": "", "2017-12-31": "", "2017-09-30": "", "2017-06-30": "", "2017-03-31": "", "2016-12-31": "", "2016-09-30": "", "2016-06-30": "", "2016-03-31": "", "2015-12-31": "", "2015-09-30": "", "2015-06-30": "", "2015-03-31": "", "2014-12-31": "", "2014-09-30": "", "2014-06-30": "", "2014-03-31": "", "2013-12-31": "", "2013-09-30": "", "2013-06-30": "", "2013-03-31": "", "2012-12-31": "", "2012-09-30": "", "2012-06-30": "", "2012-03-31": "-0.03020", "2011-12-31": "-0.28470", "2011-09-30": "0.02640", "2011-06-30": "0.03740", "2011-03-31": "0.04330", "2010-12-31": "-0.17000", "2010-09-30": "0.04120", "2010-06-30": "0.04550", "2010-03-31": "0.04280", "2009-12-31": "0.04050", "2009-09-30": "0.03700", "2009-06-30": "0.03330", "2009-03-31": "0.03190", "2008-12-31": "0.09130", "2008-09-30": "0.49460", "2008-06-30": "0.32690", "2008-03-31": "0.41470", "2007-12-31": "0.53000", "2007-09-30": "0.49900", "2007-06-30": "0.46940", "2007-03-31": "1.00000", "2006-12-31": "1.00000", "2006-09-30": "", "2006-06-30": "", "2006-03-31": ""}, "Debt/Equity Ratio": {"2020-09-30": "0.76680", "2020-06-30": "0.75470", "2020-03-31": "0.51790", "2019-12-31": "0.85540", "2019-09-30": "0.64640", "2019-06-30": "0.58700", "2019-03-31": "0.60870", "2018-12-31": "0.66170", "2018-09-30": "0.69200", "2018-06-30": "0.73340", "2018-03-31": "0.66090", "2017-12-31": "1.01690", "2017-09-30": "0.84710", "2017-06-30": "0.74540", "2017-03-31": "0.89370", "2016-12-31": "1.11890", "2016-09-30": "1.03920", "2016-06-30": "1.08080", "2016-03-31": "0.94740", "2015-12-31": "1.03130", "2015-09-30": "1.09430", "2015-06-30": "1.01890", "2015-03-31": "1.06630", "2014-12-31": "1.11900", "2014-09-30": "1.12190", "2014-06-30": "1.05740", "2014-03-31": "1.16990", "2013-12-31": "1.12760", "2013-09-30": "1.14110", "2013-06-30": "1.33240", "2013-03-31": "1.36450", "2012-12-31": "1.29560", "2012-09-30": "1.26270", "2012-06-30": "1.44720", "2012-03-31": "-7.26200", "2011-12-31": "-16.71570", "2011-09-30": "2.20380", "2011-06-30": "1.50880", "2011-03-31": "1.62680", "2010-12-31": "-4.07680", "2010-09-30": "2.01740", "2010-06-30": "2.00350", "2010-03-31": "2.37840", "2009-12-31": "2.13720", "2009-09-30": "2.48400", "2009-06-30": "2.26650", "2009-03-31": "2.50450", "2008-12-31": "3.35400", "2008-09-30": "30.58510", "2008-06-30": "34.83730", "2008-03-31": "44.82270", "2007-12-31": "51.81380", "2007-09-30": "67.38000", "2007-06-30": "65.82050", "2007-03-31": "", "2006-12-31": "", "2006-09-30": "", "2006-06-30": "", "2006-03-31": ""}, "Gross Margin": {"2020-09-30": "86.49640", "2020-06-30": "85.89980", "2020-03-31": "85.52630", "2019-12-31": "88.20000", "2019-09-30": "85.40770", "2019-06-30": "84.74580", "2019-03-31": "89.06810", "2018-12-31": "85.16260", "2018-09-30": "87.01600", "2018-06-30": "85.16850", "2018-03-31": "86.14800", "2017-12-31": "89.12620", "2017-09-30": "85.68080", "2017-06-30": "83.72090", "2017-03-31": "83.68980", "2016-12-31": "68.39380", "2016-09-30": "82.02900", "2016-06-30": "84.01080", "2016-03-31": "87.32110", "2015-12-31": "80.07380", "2015-09-30": "82.45130", "2015-06-30": "84.75450", "2015-03-31": "68.02330", "2014-12-31": "74.03850", "2014-09-30": "69.59060", "2014-06-30": "83.17150", "2014-03-31": "84.78870", "2013-12-31": "74.88490", "2013-09-30": "82.83050", "2013-06-30": "77.20530", "2013-03-31": "72.44460", "2012-12-31": "76.30660", "2012-09-30": "80.65090", "2012-06-30": "74.63630", "2012-03-31": "78.73670", "2011-12-31": "78.25770", "2011-09-30": "78.70960", "2011-06-30": "77.74840", "2011-03-31": "81.99530", "2010-12-31": "64.81720", "2010-09-30": "79.30550", "2010-06-30": "66.62100", "2010-03-31": "66.90510", "2009-12-31": "64.13830", "2009-09-30": "74.42950", "2009-06-30": "78.69060", "2009-03-31": "79.36740", "2008-12-31": "81.67010", "2008-09-30": "83.31950", "2008-06-30": "81.29230", "2008-03-31": "83.50880", "2007-12-31": "80.11190", "2007-09-30": "80.86700", "2007-06-30": "72.39050", "2007-03-31": "72.75760", "2006-12-31": "71.87640", "2006-09-30": "77.43280", "2006-06-30": "71.52260", "2006-03-31": "78.29740"}, "Operating Margin": {"2020-09-30": "61.49640", "2020-06-30": "41.74400", "2020-03-31": "59.21050", "2019-12-31": "62.20000", "2019-09-30": "59.87130", "2019-06-30": "55.44790", "2019-03-31": "68.45880", "2018-12-31": "63.21140", "2018-09-30": "62.64240", "2018-06-30": "60.89890", "2018-03-31": "65.08540", "2017-12-31": "70.67960", "2017-09-30": "62.91080", "2017-06-30": "52.97160", "2017-03-31": "57.21930", "2016-12-31": "14.50780", "2016-09-30": "53.91300", "2016-06-30": "58.53660", "2016-03-31": "68.91620", "2015-12-31": "47.23250", "2015-09-30": "58.21730", "2015-06-30": "61.75710", "2015-03-31": "16.27910", "2014-12-31": "36.05770", "2014-09-30": "23.97660", "2014-06-30": "56.31070", "2014-03-31": "61.69010", "2013-12-31": "42.23520", "2013-09-30": "60.19340", "2013-06-30": "47.16440", "2013-03-31": "38.05320", "2012-12-31": "38.92820", "2012-09-30": "54.18100", "2012-06-30": "41.59140", "2012-03-31": "49.24850", "2011-12-31": "49.42070", "2011-09-30": "56.48310", "2011-06-30": "50.22700", "2011-03-31": "60.33680", "2010-12-31": "20.67280", "2010-09-30": "54.12890", "2010-06-30": "31.87290", "2010-03-31": "30.82730", "2009-12-31": "22.93360", "2009-09-30": "49.08690", "2009-06-30": "57.84680", "2009-03-31": "56.33610", "2008-12-31": "62.67270", "2008-09-30": "69.90200", "2008-06-30": "65.60200", "2008-03-31": "70.76830", "2007-12-31": "67.62300", "2007-09-30": "69.15940", "2007-06-30": "55.86530", "2007-03-31": "57.53760", "2006-12-31": "55.12730", "2006-09-30": "64.77710", "2006-06-30": "56.54390", "2006-03-31": "65.54450"}, "EBIT Margin": {"2020-09-30": "61.49640", "2020-06-30": "41.74400", "2020-03-31": "59.21050", "2019-12-31": "62.20000", "2019-09-30": "59.87130", "2019-06-30": "55.44790", "2019-03-31": "68.45880", "2018-12-31": "63.21140", "2018-09-30": "62.64240", "2018-06-30": "60.89890", "2018-03-31": "65.08540", "2017-12-31": "70.67960", "2017-09-30": "62.91080", "2017-06-30": "52.97160", "2017-03-31": "57.21930", "2016-12-31": "14.50780", "2016-09-30": "53.91300", "2016-06-30": "58.53660", "2016-03-31": "68.91620", "2015-12-31": "47.23250", "2015-09-30": "58.21730", "2015-06-30": "61.75710", "2015-03-31": "16.27910", "2014-12-31": "36.05770", "2014-09-30": "23.97660", "2014-06-30": "56.31070", "2014-03-31": "61.69010", "2013-12-31": "42.23520", "2013-09-30": "60.19340", "2013-06-30": "47.16440", "2013-03-31": "38.05320", "2012-12-31": "38.92830", "2012-09-30": "54.18100", "2012-06-30": "41.59140", "2012-03-31": "49.24850", "2011-12-31": "49.42070", "2011-09-30": "56.48310", "2011-06-30": "50.22700", "2011-03-31": "60.33680", "2010-12-31": "20.67280", "2010-09-30": "54.12890", "2010-06-30": "31.87290", "2010-03-31": "30.82730", "2009-12-31": "22.93360", "2009-09-30": "49.08690", "2009-06-30": "57.84680", "2009-03-31": "56.33610", "2008-12-31": "62.67270", "2008-09-30": "69.90200", "2008-06-30": "65.60200", "2008-03-31": "70.76830", "2007-12-31": "67.62300", "2007-09-30": "69.15940", "2007-06-30": "55.86530", "2007-03-31": "57.53760", "2006-12-31": "55.12730", "2006-09-30": "64.77710", "2006-06-30": "56.54390", "2006-03-31": "65.54450"}, "EBITDA Margin": {"2020-09-30": "", "2020-06-30": "", "2020-03-31": "", "2019-12-31": "", "2019-09-30": "", "2019-06-30": "", "2019-03-31": "", "2018-12-31": "", "2018-09-30": "", "2018-06-30": "", "2018-03-31": "", "2017-12-31": "", "2017-09-30": "", "2017-06-30": "", "2017-03-31": "", "2016-12-31": "", "2016-09-30": "", "2016-06-30": "", "2016-03-31": "", "2015-12-31": "", "2015-09-30": "", "2015-06-30": "", "2015-03-31": "", "2014-12-31": "", "2014-09-30": "", "2014-06-30": "", "2014-03-31": "", "2013-12-31": "", "2013-09-30": "", "2013-06-30": "", "2013-03-31": "", "2012-12-31": "", "2012-09-30": "", "2012-06-30": "", "2012-03-31": "", "2011-12-31": "", "2011-09-30": "", "2011-06-30": "", "2011-03-31": "", "2010-12-31": "", "2010-09-30": "", "2010-06-30": "", "2010-03-31": "", "2009-12-31": "", "2009-09-30": "", "2009-06-30": "", "2009-03-31": "", "2008-12-31": "", "2008-09-30": "", "2008-06-30": "", "2008-03-31": "", "2007-12-31": "", "2007-09-30": "", "2007-06-30": "", "2007-03-31": "", "2006-12-31": "", "2006-09-30": "", "2006-06-30": "", "2006-03-31": ""}, "Pre-Tax Profit Margin": {"2020-09-30": "60.94890", "2020-06-30": "41.18740", "2020-03-31": "57.89470", "2019-12-31": "62.40000", "2019-09-30": "60.30040", "2019-06-30": "54.47940", "2019-03-31": "60.75270", "2018-12-31": "62.80490", "2018-09-30": "62.87020", "2018-06-30": "60.89890", "2018-03-31": "64.51610", "2017-12-31": "70.67960", "2017-09-30": "62.91080", "2017-06-30": "52.71320", "2017-03-31": "56.95190", "2016-12-31": "14.50780", "2016-09-30": "53.04350", "2016-06-30": "57.72360", "2016-03-31": "68.91620", "2015-12-31": "46.86350", "2015-09-30": "56.26740", "2015-06-30": "62.01550", "2015-03-31": "-64.53490", "2014-12-31": "35.57690", "2014-09-30": "23.39180", "2014-06-30": "56.31070", "2014-03-31": "61.40850", "2013-12-31": "15.40500", "2013-09-30": "60.19340", "2013-06-30": "47.16440", "2013-03-31": "38.05320", "2012-12-31": "38.92830", "2012-09-30": "54.18100", "2012-06-30": "41.59140", "2012-03-31": "49.24850", "2011-12-31": "49.42070", "2011-09-30": "56.48310", "2011-06-30": "50.22700", "2011-03-31": "60.33680", "2010-12-31": "20.67280", "2010-09-30": "54.12890", "2010-06-30": "31.87290", "2010-03-31": "30.82730", "2009-12-31": "22.93360", "2009-09-30": "49.08690", "2009-06-30": "57.84680", "2009-03-31": "56.33610", "2008-12-31": "62.67270", "2008-09-30": "69.90200", "2008-06-30": "65.60200", "2008-03-31": "70.76830", "2007-12-31": "67.62300", "2007-09-30": "69.15940", "2007-06-30": "55.86530", "2007-03-31": "57.53760", "2006-12-31": "55.12730", "2006-09-30": "64.77710", "2006-06-30": "56.54400", "2006-03-31": "65.54450"}, "Net Profit Margin": {"2020-09-30": "8.39420", "2020-06-30": "5.93690", "2020-03-31": "8.64660", "2019-12-31": "8.80000", "2019-09-30": "7.72530", "2019-06-30": "7.74820", "2019-03-31": "8.78140", "2018-12-31": "8.73980", "2018-09-30": "8.88380", "2018-06-30": "9.21350", "2018-03-31": "8.72870", "2017-12-31": "-0.38830", "2017-09-30": "7.27700", "2017-06-30": "5.94320", "2017-03-31": "6.41710", "2016-12-31": "2.07250", "2016-09-30": "5.79710", "2016-06-30": "7.31710", "2016-03-31": "6.74850", "2015-12-31": "6.27310", "2015-09-30": "6.12810", "2015-06-30": "5.94320", "2015-03-31": "-7.55810", "2014-12-31": "3.84620", "2014-09-30": "1.75440", "2014-06-30": "4.85440", "2014-03-31": "5.35210", "2013-12-31": "1.44880", "2013-09-30": "5.04120", "2013-06-30": "3.65480", "2013-03-31": "3.03460", "2012-12-31": "3.68780", "2012-09-30": "3.91970", "2012-06-30": "3.00970", "2012-03-31": "4.05470", "2011-12-31": "4.25710", "2011-09-30": "5.61520", "2011-06-30": "3.22150", "2011-03-31": "4.52750", "2010-12-31": "-15.23590", "2010-09-30": "3.68930", "2010-06-30": "1.69810", "2010-03-31": "1.84780", "2009-12-31": "-0.46600", "2009-09-30": "3.09770", "2009-06-30": "3.85970", "2009-03-31": "4.25930", "2008-12-31": "4.74210", "2008-09-30": "5.46150", "2008-06-30": "4.64020", "2008-03-31": "5.14480", "2007-12-31": "4.75510", "2007-09-30": "4.99670", "2007-06-30": "25.49540", "2007-03-31": "55.68060", "2006-12-31": "53.16520", "2006-09-30": "63.04510", "2006-06-30": "54.28490", "2006-03-31": "62.74940"}, "Asset Turnover": {"2020-09-30": "0.00650", "2020-06-30": "0.00640", "2020-03-31": "0.00700", "2019-12-31": "0.00700", "2019-09-30": "0.00690", "2019-06-30": "0.00630", "2019-03-31": "0.00880", "2018-12-31": "0.00810", "2018-09-30": "0.00710", "2018-06-30": "0.00740", "2018-03-31": "0.00890", "2017-12-31": "0.00840", "2017-09-30": "0.00710", "2017-06-30": "0.00670", "2017-03-31": "0.00660", "2016-12-31": "0.00350", "2016-09-30": "0.00630", "2016-06-30": "0.00710", "2016-03-31": "0.00970", "2015-12-31": "0.00560", "2015-09-30": "0.00760", "2015-06-30": "0.00860", "2015-03-31": "0.00400", "2014-12-31": "0.00480", "2014-09-30": "0.00410", "2014-06-30": "0.00770", "2014-03-31": "0.00910", "2013-12-31": "0.00660", "2013-09-30": "0.00900", "2013-06-30": "0.00810", "2013-03-31": "0.00610", "2012-12-31": "0.00740", "2012-09-30": "0.00940", "2012-06-30": "0.00810", "2012-03-31": "0.00930", "2011-12-31": "0.01010", "2011-09-30": "0.01160", "2011-06-30": "0.00970", "2011-03-31": "0.01220", "2010-12-31": "0.00650", "2010-09-30": "0.01010", "2010-06-30": "0.00820", "2010-03-31": "0.00720", "2009-12-31": "0.00750", "2009-09-30": "0.00940", "2009-06-30": "0.01260", "2009-03-31": "0.01180", "2008-12-31": "0.01510", "2008-09-30": "0.01690", "2008-06-30": "0.01330", "2008-03-31": "0.01590", "2007-12-31": "0.01150", "2007-09-30": "0.01230", "2007-06-30": "0.00880", "2007-03-31": "0.01030", "2006-12-31": "0.00910", "2006-09-30": "", "2006-06-30": "", "2006-03-31": ""}, "Inventory Turnover Ratio": {"2020-09-30": "", "2020-06-30": "", "2020-03-31": "", "2019-12-31": "", "2019-09-30": "", "2019-06-30": "", "2019-03-31": "", "2018-12-31": "", "2018-09-30": "", "2018-06-30": "", "2018-03-31": "", "2017-12-31": "", "2017-09-30": "", "2017-06-30": "", "2017-03-31": "", "2016-12-31": "", "2016-09-30": "", "2016-06-30": "", "2016-03-31": "", "2015-12-31": "", "2015-09-30": "", "2015-06-30": "", "2015-03-31": "", "2014-12-31": "", "2014-09-30": "", "2014-06-30": "", "2014-03-31": "", "2013-12-31": "", "2013-09-30": "", "2013-06-30": "", "2013-03-31": "", "2012-12-31": "", "2012-09-30": "", "2012-06-30": "", "2012-03-31": "", "2011-12-31": "", "2011-09-30": "", "2011-06-30": "", "2011-03-31": "", "2010-12-31": "", "2010-09-30": "", "2010-06-30": "", "2010-03-31": "", "2009-12-31": "", "2009-09-30": "", "2009-06-30": "", "2009-03-31": "", "2008-12-31": "", "2008-09-30": "", "2008-06-30": "", "2008-03-31": "", "2007-12-31": "", "2007-09-30": "", "2007-06-30": "", "2007-03-31": "", "2006-12-31": "", "2006-09-30": "", "2006-06-30": "", "2006-03-31": ""}, "Receiveable Turnover": {"2020-09-30": "0.01660", "2020-06-30": "0.01980", "2020-03-31": "0.02450", "2019-12-31": "0.01560", "2019-09-30": "0.01730", "2019-06-30": "0.01540", "2019-03-31": "0.02090", "2018-12-31": "0.01770", "2018-09-30": "0.01380", "2018-06-30": "0.01470", "2018-03-31": "0.01720", "2017-12-31": "0.01670", "2017-09-30": "0.01610", "2017-06-30": "0.01610", "2017-03-31": "0.01670", "2016-12-31": "0.00940", "2016-09-30": "0.01810", "2016-06-30": "0.02230", "2016-03-31": "0.03060", "2015-12-31": "0.01520", "2015-09-30": "0.02140", "2015-06-30": "0.01910", "2015-03-31": "0.00930", "2014-12-31": "0.01140", "2014-09-30": "0.00940", "2014-06-30": "0.01920", "2014-03-31": "0.02310", "2013-12-31": "0.01720", "2013-09-30": "0.02460", "2013-06-30": "0.02310", "2013-03-31": "0.01800", "2012-12-31": "0.02310", "2012-09-30": "0.03100", "2012-06-30": "0.02720", "2012-03-31": "0.03140", "2011-12-31": "0.03650", "2011-09-30": "0.04810", "2011-06-30": "0.02890", "2011-03-31": "0.03660", "2010-12-31": "0.02410", "2010-09-30": "0.05010", "2010-06-30": "0.04460", "2010-03-31": "0.04100", "2009-12-31": "0.05350", "2009-09-30": "0.05480", "2009-06-30": "0.07650", "2009-03-31": "0.07900", "2008-12-31": "0.10280", "2008-09-30": "0.11740", "2008-06-30": "0.08160", "2008-03-31": "0.14410", "2007-12-31": "0.08870", "2007-09-30": "0.11250", "2007-06-30": "0.06080", "2007-03-31": "0.11700", "2006-12-31": "0.16580", "2006-09-30": "", "2006-06-30": "", "2006-03-31": ""}, "Days Sales In Receivables": {"2020-09-30": "5417.57300", "2020-06-30": "4534.06300", "2020-03-31": "3677.82000", "2019-12-31": "5786.46000", "2019-09-30": "5208.60500", "2019-06-30": "5833.65600", "2019-03-31": "4313.87100", "2018-12-31": "5097.07300", "2018-09-30": "6534.94300", "2018-06-30": "6112.11200", "2018-03-31": "5219.82900", "2017-12-31": "5375.53400", "2017-09-30": "5586.76000", "2017-06-30": "5594.41800", "2017-03-31": "5387.24600", "2016-12-31": "9562.38300", "2016-09-30": "4970.34800", "2016-06-30": "4035.61000", "2016-03-31": "2944.60100", "2015-12-31": "5913.10000", "2015-09-30": "4212.45100", "2015-06-30": "4710.69800", "2015-03-31": "9683.37200", "2014-12-31": "7883.22100", "2014-09-30": "9575.31800", "2014-06-30": "4696.59000", "2014-03-31": "3892.03900", "2013-12-31": "5219.16600", "2013-09-30": "3653.30100", "2013-06-30": "3893.95200", "2013-03-31": "5005.64200", "2012-12-31": "3903.97200", "2012-09-30": "2906.19900", "2012-06-30": "3313.46100", "2012-03-31": "2864.61000", "2011-12-31": "2467.65100", "2011-09-30": "1869.23900", "2011-06-30": "3119.03900", "2011-03-31": "2457.68100", "2010-12-31": "3732.89100", "2010-09-30": "1797.55600", "2010-06-30": "2016.79500", "2010-03-31": "2193.51300", "2009-12-31": "1683.41300", "2009-09-30": "1642.69800", "2009-06-30": "1176.76600", "2009-03-31": "1139.65100", "2008-12-31": "875.12500", "2008-09-30": "766.39830", "2008-06-30": "1102.63700", "2008-03-31": "624.44290", "2007-12-31": "1015.17400", "2007-09-30": "799.92140", "2007-06-30": "1479.05900", "2007-03-31": "769.35730", "2006-12-31": "542.74620", "2006-09-30": "", "2006-06-30": "", "2006-03-31": ""}, "ROE - Return On Equity": {"2020-09-30": "3.53380", "2020-06-30": "2.50790", "2020-03-31": "3.55960", "2019-12-31": "3.70280", "2019-09-30": "3.41040", "2019-06-30": "2.75590", "2019-03-31": "4.36300", "2018-12-31": "4.05250", "2018-09-30": "3.73750", "2018-06-30": "3.85070", "2018-03-31": "4.75690", "2017-12-31": "2.54940", "2017-09-30": "3.91320", "2017-06-30": "3.02050", "2017-03-31": "3.24460", "2016-12-31": "0.36080", "2016-09-30": "2.86200", "2016-06-30": "3.51370", "2016-03-31": "5.47410", "2015-12-31": "2.26420", "2015-09-30": "3.44570", "2015-06-30": "4.22240", "2015-03-31": "-2.16360", "2014-12-31": "1.27290", "2014-09-30": "0.59700", "2014-06-30": "3.05180", "2014-03-31": "3.83280", "2013-12-31": "0.72090", "2013-09-30": "3.66590", "2013-06-30": "2.45220", "2013-03-31": "1.56010", "2012-12-31": "2.09090", "2012-09-30": "3.06260", "2012-06-30": "1.95190", "2012-03-31": "-13.67020", "2011-12-31": "-31.63980", "2011-09-30": "4.37030", "2011-06-30": "2.98000", "2011-03-31": "4.57670", "2010-12-31": "-0.26540", "2010-09-30": "2.90760", "2010-06-30": "1.33720", "2010-03-31": "1.22250", "2009-12-31": "0.86140", "2009-09-30": "2.49040", "2009-06-30": "3.59870", "2009-03-31": "3.49770", "2008-12-31": "5.33370", "2008-09-30": "64.01610", "2008-06-30": "48.58550", "2008-03-31": "76.59410", "2007-12-31": "143.77000", "2007-09-30": "", "2007-06-30": "", "2007-03-31": "", "2006-12-31": "", "2006-09-30": "", "2006-06-30": "", "2006-03-31": ""}, "Return On Tangible Equity": {"2020-09-30": "3.53380", "2020-06-30": "2.50790", "2020-03-31": "3.55960", "2019-12-31": "3.70280", "2019-09-30": "3.41040", "2019-06-30": "2.75590", "2019-03-31": "4.36300", "2018-12-31": "4.05250", "2018-09-30": "3.73750", "2018-06-30": "3.85070", "2018-03-31": "4.75690", "2017-12-31": "2.54940", "2017-09-30": "3.91320", "2017-06-30": "3.02050", "2017-03-31": "3.24460", "2016-12-31": "0.36080", "2016-09-30": "2.86200", "2016-06-30": "3.51370", "2016-03-31": "5.47410", "2015-12-31": "2.26420", "2015-09-30": "3.44570", "2015-06-30": "4.22240", "2015-03-31": "-2.16360", "2014-12-31": "1.27290", "2014-09-30": "0.59700", "2014-06-30": "3.05180", "2014-03-31": "3.83280", "2013-12-31": "0.72090", "2013-09-30": "3.66590", "2013-06-30": "2.45220", "2013-03-31": "1.56010", "2012-12-31": "2.09090", "2012-09-30": "3.06260", "2012-06-30": "1.95190", "2012-03-31": "-13.67020", "2011-12-31": "-31.63980", "2011-09-30": "4.37030", "2011-06-30": "2.98000", "2011-03-31": "4.57670", "2010-12-31": "-0.19530", "2010-09-30": "2.90760", "2010-06-30": "1.33720", "2010-03-31": "1.22250", "2009-12-31": "0.86140", "2009-09-30": "2.49040", "2009-06-30": "3.59870", "2009-03-31": "3.49770", "2008-12-31": "5.33370", "2008-09-30": "64.01600", "2008-06-30": "48.58560", "2008-03-31": "76.59460", "2007-12-31": "143.77020", "2007-09-30": "6.03810", "2007-06-30": "21.81320", "2007-03-31": "", "2006-12-31": "", "2006-09-30": "", "2006-06-30": "", "2006-03-31": ""}, "ROA - Return On Assets": {"2020-09-30": "0.35660", "2020-06-30": "0.24650", "2020-03-31": "0.38230", "2019-12-31": "0.41020", "2019-09-30": "0.38490", "2019-06-30": "0.31800", "2019-03-31": "0.51000", "2018-12-31": "0.47900", "2018-09-30": "0.41570", "2018-06-30": "0.42780", "2018-03-31": "0.53980", "2017-12-31": "0.26810", "2017-09-30": "0.41270", "2017-06-30": "0.32470", "2017-03-31": "0.34660", "2016-12-31": "0.03840", "2016-09-30": "0.30510", "2016-06-30": "0.38590", "2016-03-31": "0.61770", "2015-12-31": "0.24830", "2015-09-30": "0.38540", "2015-06-30": "0.48940", "2015-03-31": "-0.25180", "2014-12-31": "0.15210", "2014-09-30": "0.07450", "2014-06-30": "0.40090", "2014-03-31": "0.51560", "2013-12-31": "0.09690", "2013-09-30": "0.51260", "2013-06-30": "0.34240", "2013-03-31": "0.21420", "2012-12-31": "0.30310", "2012-09-30": "0.46620", "2012-06-30": "0.30120", "2012-03-31": "0.43110", "2011-12-31": "0.47630", "2011-09-30": "0.61080", "2011-06-30": "0.44600", "2011-03-31": "0.67620", "2010-12-31": "0.01390", "2010-09-30": "0.50140", "2010-06-30": "0.23570", "2010-03-31": "0.20330", "2009-12-31": "0.15790", "2009-09-30": "0.41640", "2009-06-30": "0.63120", "2009-03-31": "0.61710", "2008-12-31": "0.82910", "2008-09-30": "1.07340", "2008-06-30": "0.77470", "2008-03-31": "1.02620", "2007-12-31": "1.69980", "2007-09-30": "0.06140", "2007-06-30": "0.22400", "2007-03-31": "0.57120", "2006-12-31": "0.48590", "2006-09-30": "", "2006-06-30": "", "2006-03-31": ""}, "ROI - Return On Investment": {"2020-09-30": "3.53380", "2020-06-30": "2.50790", "2020-03-31": "3.55960", "2019-12-31": "3.70280", "2019-09-30": "3.41040", "2019-06-30": "2.75590", "2019-03-31": "4.36300", "2018-12-31": "4.05250", "2018-09-30": "3.73750", "2018-06-30": "3.85070", "2018-03-31": "4.75690", "2017-12-31": "2.54940", "2017-09-30": "3.91320", "2017-06-30": "3.02050", "2017-03-31": "3.24460", "2016-12-31": "0.36080", "2016-09-30": "2.86200", "2016-06-30": "3.51370", "2016-03-31": "5.47410", "2015-12-31": "2.26420", "2015-09-30": "3.44570", "2015-06-30": "4.22240", "2015-03-31": "-2.16360", "2014-12-31": "1.27290", "2014-09-30": "0.59700", "2014-06-30": "3.05180", "2014-03-31": "3.83280", "2013-12-31": "0.72090", "2013-09-30": "3.66590", "2013-06-30": "2.45220", "2013-03-31": "1.56010", "2012-12-31": "2.09090", "2012-09-30": "3.06260", "2012-06-30": "1.95190", "2012-03-31": "-14.08320", "2011-12-31": "-40.64640", "2011-09-30": "4.25470", "2011-06-30": "2.86840", "2011-03-31": "4.37860", "2010-12-31": "-0.22850", "2010-09-30": "2.78790", "2010-06-30": "1.27640", "2010-03-31": "1.17020", "2009-12-31": "0.82660", "2009-09-30": "2.39830", "2009-06-30": "3.47890", "2009-03-31": "3.38610", "2008-12-31": "4.84660", "2008-09-30": "32.35160", "2008-06-30": "32.70210", "2008-03-31": "44.83380", "2007-12-31": "67.57840", "2007-09-30": "3.02510", "2007-06-30": "11.57510", "2007-03-31": "60.47060", "2006-12-31": "51.85760", "2006-09-30": "", "2006-06-30": "", "2006-03-31": ""}, "Book Value Per Share": {"2020-09-30": "108.10320", "2020-06-30": "105.74990", "2020-03-31": "106.14690", "2019-12-31": "103.45260", "2019-09-30": "99.71450", "2019-06-30": "99.31300", "2019-03-31": "98.87870", "2018-12-31": "95.28500", "2018-09-30": "91.92100", "2018-06-30": "91.10060", "2018-03-31": "93.81500", "2017-12-31": "90.00220", "2017-09-30": "88.31170", "2017-06-30": "88.12670", "2017-03-31": "88.39780", "2016-12-31": "85.60710", "2016-09-30": "86.34500", "2016-06-30": "86.67300", "2016-03-31": "88.49950", "2015-12-31": "83.51960", "2015-09-30": "83.24930", "2015-06-30": "86.91900", "2015-03-31": "86.15060", "2014-12-31": "88.67340", "2014-09-30": "90.93120", "2014-06-30": "92.39380", "2014-03-31": "95.93000", "2013-12-31": "93.15320", "2013-09-30": "101.51450", "2013-06-30": "97.97110", "2013-03-31": "101.58790", "2012-12-31": "101.32940", "2012-09-30": "108.54810", "2012-06-30": "105.21950", "2012-03-31": "-22.62010", "2011-12-31": "-10.04160", "2011-09-30": "101.67580", "2011-06-30": "105.21640", "2011-03-31": "105.15240", "2010-12-31": "-48.01490", "2010-09-30": "121.14290", "2010-06-30": "114.71500", "2010-03-31": "118.45980", "2009-12-31": "118.32810", "2009-09-30": "117.01200", "2009-06-30": "112.53870", "2009-03-31": "109.40150", "2008-12-31": "108.74170", "2008-09-30": "12.12190", "2008-06-30": "11.70020", "2008-03-31": "11.07750", "2007-12-31": "10.17350", "2007-09-30": "9.17680", "2007-06-30": "8.57180", "2007-03-31": "", "2006-12-31": "", "2006-09-30": "", "2006-06-30": "", "2006-03-31": ""}, "Operating Cash Flow Per Share": {"2020-09-30": -2.8428, "2020-06-30": -20.3516, "2020-03-31": "67.07660", "2019-12-31": 6.5437, "2019-09-30": 1.4592, "2019-06-30": 18.7622, "2019-03-31": "7.93670", "2018-12-31": -4.9535, "2018-09-30": 7.6029, "2018-06-30": 12.5116, "2018-03-31": "16.56280", "2017-12-31": -16.8669, "2017-09-30": 9.2502, "2017-06-30": 11.3727, "2017-03-31": "11.26410", "2016-12-31": 7.7705, "2016-09-30": 1.4845, "2016-06-30": -1.6891, "2016-03-31": "1.86960", "2015-12-31": 1.8057, "2015-09-30": 11.4143, "2015-06-30": 2.1405, "2015-03-31": "-3.76240", "2014-12-31": 6.5559, "2014-09-30": 4.2301, "2014-06-30": 1.0614, "2014-03-31": "-4.62160", "2013-12-31": 5.2499, "2013-09-30": 1.0149, "2013-06-30": 0.8651, "2013-03-31": "-4.38080", "2012-12-31": 10.9717, "2012-09-30": -6.6242, "2012-06-30": 12.2382, "2012-03-31": "-1.17360", "2011-12-31": 7.4327, "2011-09-30": 5.3428, "2011-06-30": 10.4328, "2011-03-31": "-0.85850", "2010-12-31": 21.7695, "2010-09-30": 4.7205, "2010-06-30": 13.9319, "2010-03-31": "-0.57760", "2009-12-31": -3.0701, "2009-09-30": -2.4123, "2009-06-30": 7.7203, "2009-03-31": "1.36630", "2008-12-31": 31.207, "2008-09-30": -13.3291, "2008-06-30": 30.7727, "2008-03-31": "1.81430", "2007-12-31": -2.6818, "2007-09-30": -0.4957, "2007-06-30": 1.0078, "2007-03-31": "", "2006-12-31": 0, "2006-09-30": 0, "2006-06-30": 0, "2006-03-31": ""}, "Free Cash Flow Per Share": {"2020-09-30": -2.9527, "2020-06-30": -20.4788, "2020-03-31": "66.92190", "2019-12-31": 6.3821, "2019-09-30": 1.2451, "2019-06-30": 18.5169, "2019-03-31": "7.59450", "2018-12-31": -5.133, "2018-09-30": 7.5022, "2018-06-30": 12.4174, "2018-03-31": "16.45250", "2017-12-31": -17.0395, "2017-09-30": 9.1707, "2017-06-30": 11.3167, "2017-03-31": "11.17730", "2016-12-31": 7.676, "2016-09-30": 1.3884, "2016-06-30": -1.7924, "2016-03-31": "1.76230", "2015-12-31": 1.685, "2015-09-30": 11.3828, "2015-06-30": 1.9154, "2015-03-31": "-3.86500", "2014-12-31": 6.4672, "2014-09-30": 4.1641, "2014-06-30": 0.9761, "2014-03-31": "-4.71080", "2013-12-31": 5.1516, "2013-09-30": 0.9415, "2013-06-30": 0.7806, "2013-03-31": "-4.45840", "2012-12-31": 10.8824, "2012-09-30": -6.71, "2012-06-30": 12.1437, "2012-03-31": "-1.28630", "2011-12-31": 7.3413, "2011-09-30": 5.2897, "2011-06-30": 10.346, "2011-03-31": "-0.93250", "2010-12-31": 21.6825, "2010-09-30": 4.6379, "2010-06-30": 13.774, "2010-03-31": "-0.67620", "2009-12-31": -3.0987, "2009-09-30": -2.5211, "2009-06-30": 7.5356, "2009-03-31": "1.24600", "2008-12-31": 30.8335, "2008-09-30": -13.4032, "2008-06-30": 30.587, "2008-03-31": "1.80370", "2007-12-31": -3.2802, "2007-09-30": -0.5058, "2007-06-30": 0.988, "2007-03-31": "", "2006-12-31": 0, "2006-09-30": 0, "2006-06-30": 0, "2006-03-31": ""}}, "revenue": {"Interactive Brokers Annual Revenue (Millions of US $)": {"2020": "$2,218", "2019": "$1,937", "2018": "$1,903", "2017": "$1,702", "2016": "$1,396", "2015": "$1,189", "2014": "$1,043", "2013": "$1,076", "2012": "$1,131", "2011": "$1,358", "2010": "$922", "2009": "$1,100", "2008": "$1,850", "2007": "$1,468", "2006": "$1,252", "2005": "$929"}, "Interactive Brokers Quarterly Revenue (Millions of US $)": {"2020-12-31": "$599", "2020-09-30": "$548", "2020-06-30": "$539", "2020-03-31": "$532", "2019-12-31": "$500", "2019-09-30": "$466", "2019-06-30": "$413", "2019-03-31": "$558", "2018-12-31": "$492", "2018-09-30": "$439", "2018-06-30": "$445", "2018-03-31": "$527", "2017-12-31": "$515", "2017-09-30": "$426", "2017-06-30": "$387", "2017-03-31": "$374", "2016-12-31": "$193", "2016-09-30": "$345", "2016-06-30": "$369", "2016-03-31": "$489", "2015-12-31": "$271", "2015-09-30": "$359", "2015-06-30": "$387", "2015-03-31": "$172", "2014-12-31": "$208", "2014-09-30": "$171", "2014-06-30": "$309", "2014-03-31": "$355", "2013-12-31": "$250", "2013-09-30": "$326", "2013-06-30": "$284", "2013-03-31": "$216", "2012-12-31": "$247", "2012-09-30": "$319", "2012-06-30": "$261", "2012-03-31": "$304", "2011-12-31": "$308", "2011-09-30": "$386", "2011-06-30": "$297", "2011-03-31": "$368", "2010-12-31": "$186", "2010-09-30": "$299", "2010-06-30": "$226", "2010-03-31": "$211", "2009-12-31": "$200", "2009-09-30": "$271", "2009-06-30": "$332", "2009-03-31": "$296", "2008-12-31": "$429", "2008-09-30": "$497", "2008-06-30": "$395", "2008-03-31": "$529", "2007-12-31": "$398", "2007-09-30": "$445", "2007-06-30": "$295", "2007-03-31": "$331", "2006-12-31": "$293", "2006-09-30": "$340", "2006-06-30": "$291", "2006-03-31": "$329"}}, "gross-profit": {"Interactive Brokers Annual Gross Profit (Millions of US $)": {"2020": "$1,925", "2019": "$1,686", "2018": "$1,634", "2017": "$1,461", "2016": "$1,152", "2015": "$958", "2014": "$831", "2013": "$833", "2012": "$880", "2011": "$1,077", "2010": "$650", "2009": "$827", "2008": "$1,528", "2007": "$1,133", "2006": "$939", "2005": "$714"}, "Interactive Brokers Quarterly Gross Profit (Millions of US $)": {"2020-12-31": "$533", "2020-09-30": "$474", "2020-06-30": "$463", "2020-03-31": "$455", "2019-12-31": "$441", "2019-09-30": "$398", "2019-06-30": "$350", "2019-03-31": "$497", "2018-12-31": "$419", "2018-09-30": "$382", "2018-06-30": "$379", "2018-03-31": "$454", "2017-12-31": "$459", "2017-09-30": "$365", "2017-06-30": "$324", "2017-03-31": "$313", "2016-12-31": "$132", "2016-09-30": "$283", "2016-06-30": "$310", "2016-03-31": "$427", "2015-12-31": "$217", "2015-09-30": "$296", "2015-06-30": "$328", "2015-03-31": "$117", "2014-12-31": "$154", "2014-09-30": "$119", "2014-06-30": "$257", "2014-03-31": "$301", "2013-12-31": "$187", "2013-09-30": "$270", "2013-06-30": "$219", "2013-03-31": "$157", "2012-12-31": "$189", "2012-09-30": "$257", "2012-06-30": "$195", "2012-03-31": "$239", "2011-12-31": "$241", "2011-09-30": "$303", "2011-06-30": "$231", "2011-03-31": "$302", "2010-12-31": "$121", "2010-09-30": "$237", "2010-06-30": "$151", "2010-03-31": "$141", "2009-12-31": "$129", "2009-09-30": "$202", "2009-06-30": "$261", "2009-03-31": "$235", "2008-12-31": "$351", "2008-09-30": "$414", "2008-06-30": "$321", "2008-03-31": "$441", "2007-12-31": "$319", "2007-09-30": "$360", "2007-06-30": "$213", "2007-03-31": "$241", "2006-12-31": "$211", "2006-09-30": "$263", "2006-06-30": "$208", "2006-03-31": "$257"}}, "operating-income": {"Interactive Brokers Annual Operating Income (Millions of US $)": {"2020": "$1,269", "2019": "$1,201", "2018": "$1,200", "2017": "$1,051", "2016": "$767", "2015": "$604", "2014": "$509", "2013": "$518", "2012": "$527", "2011": "$741", "2010": "$337", "2009": "$538", "2008": "$1,250", "2007": "$932", "2006": "$762", "2005": "$569"}, "Interactive Brokers Quarterly Operating Income (Millions of US $)": {"2020-12-31": "$392", "2020-09-30": "$337", "2020-06-30": "$225", "2020-03-31": "$315", "2019-12-31": "$311", "2019-09-30": "$279", "2019-06-30": "$229", "2019-03-31": "$382", "2018-12-31": "$311", "2018-09-30": "$275", "2018-06-30": "$271", "2018-03-31": "$343", "2017-12-31": "$364", "2017-09-30": "$268", "2017-06-30": "$205", "2017-03-31": "$214", "2016-12-31": "$28", "2016-09-30": "$186", "2016-06-30": "$216", "2016-03-31": "$337", "2015-12-31": "$128", "2015-09-30": "$209", "2015-06-30": "$239", "2015-03-31": "$28", "2014-12-31": "$75", "2014-09-30": "$41", "2014-06-30": "$174", "2014-03-31": "$219", "2013-12-31": "$105", "2013-09-30": "$196", "2013-06-30": "$134", "2013-03-31": "$82", "2012-12-31": "$96", "2012-09-30": "$173", "2012-06-30": "$109", "2012-03-31": "$150", "2011-12-31": "$152", "2011-09-30": "$218", "2011-06-30": "$149", "2011-03-31": "$222", "2010-12-31": "$39", "2010-09-30": "$162", "2010-06-30": "$72", "2010-03-31": "$65", "2009-12-31": "$46", "2009-09-30": "$133", "2009-06-30": "$192", "2009-03-31": "$167", "2008-12-31": "$269", "2008-09-30": "$347", "2008-06-30": "$259", "2008-03-31": "$374", "2007-12-31": "$269", "2007-09-30": "$308", "2007-06-30": "$165", "2007-03-31": "$190", "2006-12-31": "$162", "2006-09-30": "$220", "2006-06-30": "$164", "2006-03-31": "$215"}}, "ebitda": {"Interactive Brokers Annual EBITDA (Millions of US $)": {"2019": "$1,253", "2018": "$1,226", "2017": "$1,076", "2016": "$792", "2015": "$626", "2014": "$529", "2013": "$537", "2012": "$546", "2011": "$760", "2010": "$356", "2009": "$559", "2008": "$1,268", "2007": "$944", "2006": "$773", "2005": "$580"}, "Interactive Brokers Quarterly EBITDA (Millions of US $)": {"2020-09-30": "$352", "2020-06-30": "$240", "2020-03-31": "$330", "2019-12-31": "$327", "2019-09-30": "$291", "2019-06-30": "$241", "2019-03-31": "$394", "2018-12-31": "$319", "2018-09-30": "$281", "2018-06-30": "$276", "2018-03-31": "$350", "2017-12-31": "$371", "2017-09-30": "$274", "2017-06-30": "$211", "2017-03-31": "$220", "2016-12-31": "$35", "2016-09-30": "$192", "2016-06-30": "$222", "2016-03-31": "$343", "2015-12-31": "$134", "2015-09-30": "$214", "2015-06-30": "$245", "2015-03-31": "$33", "2014-12-31": "$81", "2014-09-30": "$46", "2014-06-30": "$178", "2014-03-31": "$224", "2013-12-31": "$111", "2013-09-30": "$201", "2013-06-30": "$138", "2013-03-31": "$87", "2012-12-31": "$101", "2012-09-30": "$177", "2012-06-30": "$113", "2012-03-31": "$155", "2011-12-31": "$157", "2011-09-30": "$222", "2011-06-30": "$154", "2011-03-31": "$227", "2010-12-31": "$44", "2010-09-30": "$166", "2010-06-30": "$76", "2010-03-31": "$70", "2009-12-31": "$52", "2009-09-30": "$138", "2009-06-30": "$197", "2009-03-31": "$172", "2008-12-31": "$274", "2008-09-30": "$352", "2008-06-30": "$264", "2008-03-31": "$378", "2007-12-31": "$272", "2007-09-30": "$311", "2007-06-30": "$168", "2007-03-31": "$193", "2006-12-31": "$164", "2006-09-30": "$223", "2006-06-30": "$168", "2006-03-31": "$219"}}, "net-income": {"Interactive Brokers Annual Net Income (Millions of US $)": {"2020": "$195", "2019": "$161", "2018": "$169", "2017": "$76", "2016": "$84", "2015": "$49", "2014": "$45", "2013": "$37", "2012": "$42", "2011": "$61", "2010": "$-10", "2009": "$33", "2008": "$93", "2007": "$300", "2006": "$734", "2005": "$536"}, "Interactive Brokers Quarterly Net Income (Millions of US $)": {"2020-12-31": "$71", "2020-09-30": "$46", "2020-06-30": "$32", "2020-03-31": "$46", "2019-12-31": "$44", "2019-09-30": "$36", "2019-06-30": "$32", "2019-03-31": "$49", "2018-12-31": "$43", "2018-09-30": "$39", "2018-06-30": "$41", "2018-03-31": "$46", "2017-12-31": "$-2", "2017-09-30": "$31", "2017-06-30": "$23", "2017-03-31": "$24", "2016-12-31": "$4", "2016-09-30": "$20", "2016-06-30": "$27", "2016-03-31": "$33", "2015-12-31": "$17", "2015-09-30": "$22", "2015-06-30": "$23", "2015-03-31": "$-13", "2014-12-31": "$8", "2014-09-30": "$3", "2014-06-30": "$15", "2014-03-31": "$19", "2013-12-31": "$4", "2013-09-30": "$16", "2013-06-30": "$10", "2013-03-31": "$7", "2012-12-31": "$9", "2012-09-30": "$12", "2012-06-30": "$8", "2012-03-31": "$12", "2011-12-31": "$13", "2011-09-30": "$22", "2011-06-30": "$10", "2011-03-31": "$17", "2010-12-31": "$-28", "2010-09-30": "$11", "2010-06-30": "$4", "2010-03-31": "$4", "2009-12-31": "$-1", "2009-09-30": "$8", "2009-06-30": "$13", "2009-03-31": "$13", "2008-12-31": "$20", "2008-09-30": "$27", "2008-06-30": "$18", "2008-03-31": "$27", "2007-12-31": "$19", "2007-09-30": "$22", "2007-06-30": "$75", "2007-03-31": "$184", "2006-12-31": "$156", "2006-09-30": "$214", "2006-06-30": "$158", "2006-03-31": "$206"}}, "eps-earnings-per-share-diluted": {"Interactive Brokers Annual EPS": {"2020": "$2.42", "2019": "$2.10", "2018": "$2.28", "2017": "$1.07", "2016": "$1.25", "2015": "$0.78", "2014": "$0.77", "2013": "$0.73", "2012": "$0.89", "2011": "$1.37", "2010": "$-0.23", "2009": "$0.79", "2008": "$2.24", "2007": "$1.16", "2006": "$0.00", "2005": "$0.00"}, "Interactive Brokers Quarterly EPS": {"2020-12-31": "$0.81", "2020-09-30": "$0.58", "2020-06-30": "$0.40", "2020-03-31": "$0.60", "2019-12-31": "$0.58", "2019-09-30": "$0.45", "2019-06-30": "$0.43", "2019-03-31": "$0.64", "2018-12-31": "$0.57", "2018-09-30": "$0.51", "2018-06-30": "$0.57", "2018-03-31": "$0.63", "2017-12-31": "$-0.02", "2017-09-30": "$0.43", "2017-06-30": "$0.32", "2017-03-31": "$0.34", "2016-12-31": "$0.04", "2016-09-30": "$0.30", "2016-06-30": "$0.40", "2016-03-31": "$0.51", "2015-12-31": "$0.28", "2015-09-30": "$0.35", "2015-06-30": "$0.37", "2015-03-31": "$-0.22", "2014-12-31": "$0.12", "2014-09-30": "$0.05", "2014-06-30": "$0.26", "2014-03-31": "$0.34", "2013-12-31": "$0.06", "2013-09-30": "$0.32", "2013-06-30": "$0.21", "2013-03-31": "$0.14", "2012-12-31": "$0.19", "2012-09-30": "$0.26", "2012-06-30": "$0.17", "2012-03-31": "$0.27", "2011-12-31": "$0.28", "2011-09-30": "$0.48", "2011-06-30": "$0.22", "2011-03-31": "$0.39", "2010-12-31": "$-0.67", "2010-09-30": "$0.26", "2010-06-30": "$0.09", "2010-03-31": "$0.09", "2009-12-31": "$-0.02", "2009-09-30": "$0.20", "2009-06-30": "$0.31", "2009-03-31": "$0.30", "2008-12-31": "$0.49", "2008-09-30": "$0.65", "2008-06-30": "$0.44", "2008-03-31": "$0.66", "2007-12-31": "$0.46", "2007-09-30": "$0.53", "2007-06-30": "$0.17", "2007-03-31": "$0.00", "2006-12-31": "$0.00", "2006-09-30": "$0.00", "2006-06-30": "$0.00", "2006-03-31": "$0.00"}}, "shares-outstanding": {"Interactive Brokers Annual Shares Outstanding (Millions of Shares)": {"2020": "81", "2019": "77", "2018": "74", "2017": "71", "2016": "67", "2015": "63", "2014": "58", "2013": "51", "2012": "47", "2011": "44", "2010": "42", "2009": "42", "2008": "41", "2007": "41", "2006": "0", "2005": "0"}, "Interactive Brokers Quarterly Shares Outstanding (Millions of Shares)": {"2020-12-31": "88", "2020-09-30": "79", "2020-06-30": "78", "2020-03-31": "78", "2019-12-31": "77", "2019-09-30": "77", "2019-06-30": "77", "2019-03-31": "76", "2018-12-31": "74", "2018-09-30": "75", "2018-06-30": "73", "2018-03-31": "73", "2017-12-31": "71", "2017-09-30": "72", "2017-06-30": "70", "2017-03-31": "69", "2016-12-31": "67", "2016-09-30": "68", "2016-06-30": "66", "2016-03-31": "65", "2015-12-31": "63", "2015-09-30": "64", "2015-06-30": "61", "2015-03-31": "58", "2014-12-31": "58", "2014-09-30": "58", "2014-06-30": "57", "2014-03-31": "56", "2013-12-31": "51", "2013-09-30": "51", "2013-06-30": "49", "2013-03-31": "48", "2012-12-31": "47", "2012-09-30": "48", "2012-06-30": "47", "2012-03-31": "46", "2011-12-31": "44", "2011-09-30": "45", "2011-06-30": "43", "2011-03-31": "43", "2010-12-31": "42", "2010-09-30": "43", "2010-06-30": "42", "2010-03-31": "42", "2009-12-31": "42", "2009-09-30": "42", "2009-06-30": "42", "2009-03-31": "41", "2008-12-31": "41", "2008-09-30": "42", "2008-06-30": "41", "2008-03-31": "401", "2007-12-31": "41", "2007-09-30": "401", "2007-06-30": "401", "2007-03-31": "", "2006-12-31": "", "2006-09-30": "0", "2006-06-30": "0", "2006-03-31": ""}}, "total-assets": {"Interactive Brokers Annual Total Assets (Millions of US $)": {"2019": "$71,676", "2018": "$60,547", "2017": "$61,162", "2016": "$54,673", "2015": "$48,734", "2014": "$43,385", "2013": "$37,871", "2012": "$33,200", "2011": "$30,404", "2010": "$28,500", "2009": "$26,606", "2008": "$28,357", "2007": "$34,542", "2006": "$32,081", "2005": "$0"}, "Interactive Brokers Quarterly Total Assets (Millions of US $)": {"2020-09-30": "$84,698", "2020-06-30": "$83,965", "2020-03-31": "$75,849", "2019-12-31": "$71,676", "2019-09-30": "$67,804", "2019-06-30": "$66,034", "2019-03-31": "$63,526", "2018-12-31": "$60,547", "2018-09-30": "$62,062", "2018-06-30": "$60,303", "2018-03-31": "$59,093", "2017-12-31": "$61,162", "2017-09-30": "$59,843", "2017-06-30": "$57,597", "2017-03-31": "$56,257", "2016-12-31": "$54,673", "2016-09-30": "$55,064", "2016-06-30": "$51,829", "2016-03-31": "$50,186", "2015-12-31": "$48,734", "2015-09-30": "$47,226", "2015-06-30": "$45,159", "2015-03-31": "$43,294", "2014-12-31": "$43,385", "2014-09-30": "$41,608", "2014-06-30": "$40,156", "2014-03-31": "$38,980", "2013-12-31": "$37,871", "2013-09-30": "$36,277", "2013-06-30": "$35,057", "2013-03-31": "$35,144", "2012-12-31": "$33,200", "2012-09-30": "$33,862", "2012-06-30": "$32,384", "2012-03-31": "$32,696", "2011-12-31": "$30,404", "2011-09-30": "$33,151", "2011-06-30": "$30,640", "2011-03-31": "$30,055", "2010-12-31": "$28,500", "2010-09-30": "$29,660", "2010-06-30": "$27,482", "2010-03-31": "$29,362", "2009-12-31": "$26,606", "2009-09-30": "$28,845", "2009-06-30": "$26,444", "2009-03-31": "$25,136", "2008-12-31": "$28,357", "2008-09-30": "$29,352", "2008-06-30": "$29,794", "2008-03-31": "$33,191", "2007-12-31": "$34,542", "2007-09-30": "$36,251", "2007-06-30": "$33,545", "2007-03-31": "$32,249", "2006-12-31": "$32,081", "2006-09-30": "$0", "2006-06-30": "$0", "2006-03-31": "$0"}}, "cash-on-hand": {"Interactive Brokers Annual Cash on Hand (Millions of US $)": {"2019": "$37,133", "2018": "$30,268", "2017": "$26,956", "2016": "$29,682", "2015": "$27,029", "2014": "$20,719", "2013": "$18,343", "2012": "$17,359", "2011": "$14,802", "2010": "$12,871", "2009": "$13,012", "2008": "$12,563", "2007": "$12,651", "2006": "$14,358", "2005": "$"}, "Interactive Brokers Quarterly Cash on Hand (Millions of US $)": {"2020-09-30": "$50,793", "2020-06-30": "$55,452", "2020-03-31": "$52,440", "2019-12-31": "$37,133", "2019-09-30": "$38,476", "2019-06-30": "$37,584", "2019-03-31": "$34,897", "2018-12-31": "$30,268", "2018-09-30": "$27,299", "2018-06-30": "$27,675", "2018-03-31": "$25,814", "2017-12-31": "$26,956", "2017-09-30": "$30,406", "2017-06-30": "$30,563", "2017-03-31": "$30,401", "2016-12-31": "$29,682", "2016-09-30": "$31,733", "2016-06-30": "$30,573", "2016-03-31": "$30,071", "2015-12-31": "$27,029", "2015-09-30": "$26,098", "2015-06-30": "$20,785", "2015-03-31": "$20,805", "2014-12-31": "$20,719", "2014-09-30": "$19,531", "2014-06-30": "$20,293", "2014-03-31": "$19,700", "2013-12-31": "$18,343", "2013-09-30": "$18,081", "2013-06-30": "$17,805", "2013-03-31": "$17,892", "2012-12-31": "$17,359", "2012-09-30": "$17,296", "2012-06-30": "$16,051", "2012-03-31": "$16,029", "2011-12-31": "$14,802", "2011-09-30": "$15,707", "2011-06-30": "$13,751", "2011-03-31": "$13,084", "2010-12-31": "$12,871", "2010-09-30": "$13,980", "2010-06-30": "$12,921", "2010-03-31": "$14,381", "2009-12-31": "$13,012", "2009-09-30": "$13,132", "2009-06-30": "$12,774", "2009-03-31": "$10,090", "2008-12-31": "$12,563", "2008-09-30": "$10,866", "2008-06-30": "$11,149", "2008-03-31": "$13,102", "2007-12-31": "$12,651", "2007-09-30": "$14,504", "2007-06-30": "$13,403", "2007-03-31": "$14,569", "2006-12-31": "$14,358", "2006-09-30": "", "2006-06-30": "", "2006-03-31": ""}}, "long-term-debt": {"Interactive Brokers Annual Long Term Debt (Millions of US $)": {"2019": "$", "2018": "$", "2017": "$", "2016": "$", "2015": "$", "2014": "$", "2013": "$", "2012": "$", "2011": "$101", "2010": "$295", "2009": "$206", "2008": "$443", "2007": "$460", "2006": "$301", "2005": "$"}, "Interactive Brokers Quarterly Long Term Debt (Millions of US $)": {"2020-09-30": "", "2020-06-30": "", "2020-03-31": "", "2019-12-31": "", "2019-09-30": "", "2019-06-30": "", "2019-03-31": "", "2018-12-31": "", "2018-09-30": "", "2018-06-30": "", "2018-03-31": "", "2017-12-31": "", "2017-09-30": "", "2017-06-30": "", "2017-03-31": "", "2016-12-31": "", "2016-09-30": "", "2016-06-30": "", "2016-03-31": "", "2015-12-31": "", "2015-09-30": "", "2015-06-30": "", "2015-03-31": "", "2014-12-31": "", "2014-09-30": "", "2014-06-30": "", "2014-03-31": "", "2013-12-31": "", "2013-09-30": "", "2013-06-30": "", "2013-03-31": "", "2012-12-31": "", "2012-09-30": "", "2012-06-30": "", "2012-03-31": "$30", "2011-12-31": "$101", "2011-09-30": "$126", "2011-06-30": "$178", "2011-03-31": "$201", "2010-12-31": "$295", "2010-09-30": "$220", "2010-06-30": "$231", "2010-03-31": "$218", "2009-12-31": "$206", "2009-09-30": "$185", "2009-06-30": "$160", "2009-03-31": "$146", "2008-12-31": "$443", "2008-09-30": "$482", "2008-06-30": "$231", "2008-03-31": "$315", "2007-12-31": "$460", "2007-09-30": "$367", "2007-06-30": "$305", "2007-03-31": "$305", "2006-12-31": "$301", "2006-09-30": "", "2006-06-30": "", "2006-03-31": ""}}, "total-liabilities": {"Interactive Brokers Annual Total Liabilities (Millions of US $)": {"2019": "$63,736", "2018": "$53,391", "2017": "$54,729", "2016": "$48,853", "2015": "$43,390", "2014": "$38,200", "2013": "$32,779", "2012": "$28,386", "2011": "$30,862", "2010": "$30,528", "2009": "$21,728", "2008": "$23,949", "2007": "$34,134", "2006": "$32,081", "2005": "$"}, "Interactive Brokers Quarterly Total Liabilities (Millions of US $)": {"2020-09-30": "$76,152", "2020-06-30": "$75,711", "2020-03-31": "$67,702", "2019-12-31": "$63,736", "2019-09-30": "$60,151", "2019-06-30": "$58,414", "2019-03-31": "$56,100", "2018-12-31": "$53,391", "2018-09-30": "$55,159", "2018-06-30": "$53,603", "2018-03-31": "$52,387", "2017-12-31": "$54,729", "2017-09-30": "$53,531", "2017-06-30": "$51,406", "2017-03-31": "$50,247", "2016-12-31": "$48,853", "2016-09-30": "$49,194", "2016-06-30": "$46,137", "2016-03-31": "$44,523", "2015-12-31": "$43,390", "2015-09-30": "$41,944", "2015-06-30": "$39,925", "2015-03-31": "$38,256", "2014-12-31": "$38,200", "2014-09-30": "$36,416", "2014-06-30": "$34,880", "2014-03-31": "$33,736", "2013-12-31": "$32,779", "2013-09-30": "$31,204", "2013-06-30": "$30,161", "2013-03-31": "$30,318", "2012-12-31": "$28,386", "2012-09-30": "$28,707", "2012-06-30": "$27,387", "2012-03-31": "$33,727", "2011-12-31": "$30,862", "2011-09-30": "$28,518", "2011-06-30": "$26,055", "2011-03-31": "$25,614", "2010-12-31": "$30,528", "2010-09-30": "$24,546", "2010-06-30": "$22,638", "2010-03-31": "$24,480", "2009-12-31": "$21,728", "2009-09-30": "$24,023", "2009-06-30": "$21,805", "2009-03-31": "$20,701", "2008-12-31": "$23,949", "2008-09-30": "$28,860", "2008-06-30": "$29,319", "2008-03-31": "$32,746", "2007-12-31": "$34,134", "2007-09-30": "$35,883", "2007-06-30": "$33,200", "2007-03-31": "$32,249", "2006-12-31": "$32,081", "2006-09-30": "", "2006-06-30": "", "2006-03-31": ""}}, "total-share-holder-equity": {"Interactive Brokers Annual Share Holder Equity (Millions of US $)": {"2019": "$7,940", "2018": "$7,156", "2017": "$6,433", "2016": "$5,820", "2015": "$5,344", "2014": "$5,185", "2013": "$5,092", "2012": "$4,813", "2011": "$-458", "2010": "$-2,028", "2009": "$4,877", "2008": "$4,408", "2007": "$408", "2006": "$", "2005": "$"}, "Interactive Brokers Quarterly Share Holder Equity (Millions of US $)": {"2020-09-30": "$8,546", "2020-06-30": "$8,254", "2020-03-31": "$8,147", "2019-12-31": "$7,940", "2019-09-30": "$7,653", "2019-06-30": "$7,620", "2019-03-31": "$7,426", "2018-12-31": "$7,156", "2018-09-30": "$6,903", "2018-06-30": "$6,700", "2018-03-31": "$6,706", "2017-12-31": "$6,433", "2017-09-30": "$6,312", "2017-06-30": "$6,191", "2017-03-31": "$6,010", "2016-12-31": "$5,820", "2016-09-30": "$5,870", "2016-06-30": "$5,692", "2016-03-31": "$5,663", "2015-12-31": "$5,344", "2015-09-30": "$5,282", "2015-06-30": "$5,234", "2015-03-31": "$5,038", "2014-12-31": "$5,185", "2014-09-30": "$5,193", "2014-06-30": "$5,276", "2014-03-31": "$5,244", "2013-12-31": "$5,092", "2013-09-30": "$5,073", "2013-06-30": "$4,895", "2013-03-31": "$4,826", "2012-12-31": "$4,813", "2012-09-30": "$5,155", "2012-06-30": "$4,997", "2012-03-31": "$-1,031", "2011-12-31": "$-458", "2011-09-30": "$4,633", "2011-06-30": "$4,586", "2011-03-31": "$4,441", "2010-12-31": "$-2,028", "2010-09-30": "$5,115", "2010-06-30": "$4,843", "2010-03-31": "$4,883", "2009-12-31": "$4,877", "2009-09-30": "$4,823", "2009-06-30": "$4,638", "2009-03-31": "$4,435", "2008-12-31": "$4,408", "2008-09-30": "$492", "2008-06-30": "$475", "2008-03-31": "$445", "2007-12-31": "$408", "2007-09-30": "$368", "2007-06-30": "$344", "2007-03-31": "", "2006-12-31": "", "2006-09-30": "", "2006-06-30": "", "2006-03-31": ""}}, "profit-margins": {"current": "7.93%"}, "gross margin": {"2020-12-31": "86.79%", "2020-09-30": "86.50%", "2020-06-30": "86.25%", "2020-03-31": "86.03%", "2019-12-31": "87.04%", "2019-09-30": "86.26%", "2019-06-30": "86.65%", "2019-03-31": "86.71%", "2018-12-31": "85.86%", "2018-09-30": "86.92%", "2018-06-30": "86.62%", "2018-03-31": "86.36%", "2017-12-31": "85.84%", "2017-09-30": "82.17%", "2017-06-30": "80.99%", "2017-03-31": "81.03%", "2016-12-31": "82.52%", "2016-09-30": "83.92%", "2016-06-30": "84.01%", "2016-03-31": "84.20%", "2015-12-31": "80.57%", "2015-09-30": "79.48%", "2015-06-30": "76.55%", "2015-03-31": "75.23%", "2014-12-31": "79.67%", "2014-09-30": "79.63%", "2014-06-30": "81.85%", "2014-03-31": "80.41%", "2013-12-31": "77.42%", "2013-09-30": "77.82%", "2013-06-30": "77.11%", "2013-03-31": "76.51%", "2012-12-31": "77.81%", "2012-09-30": "78.19%", "2012-06-30": "77.68%", "2012-03-31": "78.30%", "2011-12-31": "79.25%", "2011-09-30": "77.36%", "2011-06-30": "77.48%", "2011-03-31": "75.16%", "2010-12-31": "70.50%", "2010-09-30": "70.30%", "2010-06-30": "68.61%", "2010-03-31": "72.29%", "2009-12-31": "75.25%", "2009-09-30": "78.99%", "2009-06-30": "81.15%", "2009-03-31": "81.69%", "2008-12-31": "82.54%", "2008-09-30": "82.19%", "2008-06-30": "81.55%", "2008-03-31": "79.96%", "2007-12-31": "77.13%", "2007-09-30": "75.15%", "2007-06-30": "73.71%", "2007-03-31": "73.55%", "2006-12-31": "74.94%"}, "operating margin": {"2020-12-31": "57.21%", "2020-09-30": "56.06%", "2020-06-30": "55.47%", "2020-03-31": "59.34%", "2019-12-31": "62.00%", "2019-09-30": "62.26%", "2019-06-30": "62.93%", "2019-03-31": "64.06%", "2018-12-31": "63.06%", "2018-09-30": "65.06%", "2018-06-30": "65.13%", "2018-03-31": "63.61%", "2017-12-31": "61.75%", "2017-09-30": "51.81%", "2017-06-30": "48.73%", "2017-03-31": "50.27%", "2016-12-31": "54.94%", "2016-09-30": "58.82%", "2016-06-30": "59.81%", "2016-03-31": "60.62%", "2015-12-31": "50.80%", "2015-09-30": "48.93%", "2015-06-30": "40.83%", "2015-03-31": "36.98%", "2014-12-31": "48.80%", "2014-09-30": "49.68%", "2014-06-30": "55.97%", "2014-03-31": "53.83%", "2013-12-31": "48.05%", "2013-09-30": "47.34%", "2013-06-30": "45.50%", "2013-03-31": "44.10%", "2012-12-31": "46.68%", "2012-09-30": "48.99%", "2012-06-30": "49.96%", "2012-03-31": "51.66%", "2011-12-31": "54.53%", "2011-09-30": "50.77%", "2011-06-30": "49.74%", "2011-03-31": "45.88%", "2010-12-31": "36.66%", "2010-09-30": "36.86%", "2010-06-30": "34.80%", "2010-03-31": "43.00%", "2009-12-31": "48.95%", "2009-09-30": "57.30%", "2009-06-30": "62.74%", "2009-03-31": "64.44%", "2008-12-31": "67.51%", "2008-09-30": "68.66%", "2008-06-30": "68.48%", "2008-03-31": "66.95%", "2007-12-31": "63.44%", "2007-09-30": "60.48%", "2007-06-30": "58.54%", "2007-03-31": "58.65%", "2006-12-31": "60.73%"}, "ebitda margin": {"2020-09-30": "58.94%", "2020-06-30": "58.32%", "2020-03-31": "62.22%", "2019-12-31": "64.69%", "2019-09-30": "64.54%", "2019-06-30": "64.93%", "2019-03-31": "65.67%", "2018-12-31": "64.42%", "2018-09-30": "66.36%", "2018-06-30": "66.44%", "2018-03-31": "65.01%", "2017-12-31": "63.22%", "2017-09-30": "53.62%", "2017-06-30": "50.65%", "2017-03-31": "52.22%", "2016-12-31": "56.73%", "2016-09-30": "60.45%", "2016-06-30": "61.36%", "2016-03-31": "62.15%", "2015-12-31": "52.65%", "2015-09-30": "50.89%", "2015-06-30": "43.18%", "2015-03-31": "39.30%", "2014-12-31": "50.72%", "2014-09-30": "51.52%", "2014-06-30": "57.58%", "2014-03-31": "55.47%", "2013-12-31": "49.91%", "2013-09-30": "49.11%", "2013-06-30": "47.19%", "2013-03-31": "45.83%", "2012-12-31": "48.28%", "2012-09-30": "50.50%", "2012-06-30": "51.39%", "2012-03-31": "53.13%", "2011-12-31": "55.92%", "2011-09-30": "52.30%", "2011-06-30": "51.39%", "2011-03-31": "47.54%", "2010-12-31": "38.61%", "2010-09-30": "38.89%", "2010-06-30": "37.00%", "2010-03-31": "45.07%", "2009-12-31": "50.86%", "2009-09-30": "58.81%", "2009-06-30": "64.03%", "2009-03-31": "65.68%", "2008-12-31": "68.54%", "2008-09-30": "69.60%", "2008-06-30": "69.33%", "2008-03-31": "67.73%", "2007-12-31": "64.26%", "2007-09-30": "61.29%", "2007-06-30": "59.41%", "2007-03-31": "59.60%", "2006-12-31": "61.77%"}, "pre tax profit margin": {"2020-12-31": "56.63%", "2020-09-30": "55.50%", "2020-06-30": "55.13%", "2020-03-31": "58.92%", "2019-12-31": "59.73%", "2019-09-30": "59.82%", "2019-06-30": "60.41%", "2019-03-31": "61.79%", "2018-12-31": "62.85%", "2018-09-30": "64.95%", "2018-06-30": "64.98%", "2018-03-31": "63.40%", "2017-12-31": "61.63%", "2017-09-30": "51.67%", "2017-06-30": "48.34%", "2017-03-31": "49.73%", "2016-12-31": "54.51%", "2016-09-30": "58.34%", "2016-06-30": "59.07%", "2016-03-31": "60.16%", "2015-12-31": "38.52%", "2015-09-30": "35.97%", "2015-06-30": "25.91%", "2015-03-31": "20.58%", "2014-12-31": "48.51%", "2014-09-30": "43.32%", "2014-06-30": "50.48%", "2014-03-31": "48.23%", "2013-12-31": "41.82%", "2013-09-30": "47.34%", "2013-06-30": "45.50%", "2013-03-31": "44.10%", "2012-12-31": "46.68%", "2012-09-30": "48.99%", "2012-06-30": "49.96%", "2012-03-31": "51.66%", "2011-12-31": "54.53%", "2011-09-30": "50.77%", "2011-06-30": "49.74%", "2011-03-31": "45.88%", "2010-12-31": "36.66%", "2010-09-30": "36.86%", "2010-06-30": "34.80%", "2010-03-31": "43.00%", "2009-12-31": "48.95%", "2009-09-30": "57.30%", "2009-06-30": "62.74%", "2009-03-31": "64.44%", "2008-12-31": "67.51%", "2008-09-30": "68.66%", "2008-06-30": "68.48%", "2008-03-31": "66.95%", "2007-12-31": "63.44%", "2007-09-30": "60.48%", "2007-06-30": "58.54%", "2007-03-31": "58.65%", "2006-12-31": "60.73%"}, "net profit margin": {"2020-12-31": "8.79%", "2020-09-30": "7.93%", "2020-06-30": "7.76%", "2020-03-31": "8.27%", "2019-12-31": "8.31%", "2019-09-30": "8.29%", "2019-06-30": "8.57%", "2019-03-31": "8.89%", "2018-12-31": "8.88%", "2018-09-30": "6.44%", "2018-06-30": "6.06%", "2018-03-31": "5.28%", "2017-12-31": "4.47%", "2017-09-30": "5.94%", "2017-06-30": "5.47%", "2017-03-31": "5.85%", "2016-12-31": "6.02%", "2016-09-30": "6.58%", "2016-06-30": "6.65%", "2016-03-31": "6.31%", "2015-12-31": "4.12%", "2015-09-30": "3.55%", "2015-06-30": "2.24%", "2015-03-31": "1.51%", "2014-12-31": "4.31%", "2014-09-30": "3.78%", "2014-06-30": "4.35%", "2014-03-31": "4.03%", "2013-12-31": "3.44%", "2013-09-30": "3.91%", "2013-06-30": "3.56%", "2013-03-31": "3.45%", "2012-12-31": "3.63%", "2012-09-30": "3.78%", "2012-06-30": "4.37%", "2012-03-31": "4.40%", "2011-12-31": "4.56%", "2011-09-30": "1.70%", "2011-06-30": "0.87%", "2011-03-31": "0.37%", "2010-12-31": "-0.98%", "2010-09-30": "1.92%", "2010-06-30": "1.65%", "2010-03-31": "2.37%", "2009-12-31": "3.00%", "2009-09-30": "4.07%", "2009-06-30": "4.70%", "2009-03-31": "4.82%", "2008-12-31": "4.97%", "2008-09-30": "5.00%", "2008-06-30": "4.87%", "2008-03-31": "8.58%", "2007-12-31": "20.42%", "2007-09-30": "32.04%", "2007-06-30": "49.96%", "2007-03-31": "56.73%", "2006-12-31": "58.58%"}, "pe ratio": {"current": "29.00", "2021-02-05": "45.52", "2020-12-31": "38.56", "2020-09-30": "22.44", "2020-06-30": "20.60", "2020-03-31": "20.93", "2019-12-31": "22.13", "2019-09-30": "26.42", "2019-06-30": "25.64", "2019-03-31": "23.92", "2018-12-31": "23.98", "2018-09-30": "31.98", "2018-06-30": "39.02", "2018-03-31": "48.45", "2017-12-31": "54.15", "2017-09-30": "37.93", "2017-06-30": "35.40", "2017-03-31": "30.39", "2016-12-31": "27.64", "2016-09-30": "23.35", "2016-06-30": "22.60", "2016-03-31": "25.54", "2015-12-31": "55.73", "2015-09-30": "60.89", "2015-06-30": "123.92", "2015-03-31": "154.14", "2014-12-31": "35.92", "2014-09-30": "32.75", "2014-06-30": "22.14", "2014-03-31": "21.60", "2013-12-31": "30.68", "2013-09-30": "20.28", "2013-06-30": "18.44", "2013-03-31": "18.00", "2012-12-31": "14.50", "2012-09-30": "12.22", "2012-06-30": "10.21", "2012-03-31": "11.24", "2011-12-31": "8.84", "2011-09-30": "26.04", "2011-06-30": "63.94", "2011-03-31": "184.36", "2010-12-31": "0.00", "2010-09-30": "25.35", "2010-06-30": "27.79", "2010-03-31": "18.02", "2009-12-31": "15.00", "2009-09-30": "11.26", "2009-06-30": "6.54", "2009-03-31": "6.32", "2008-12-31": "5.88", "2008-09-30": "7.39", "2008-06-30": "11.32", "2008-03-31": "11.46"}, "price sales": {"2021-02-05": "2.61", "2020-12-31": "2.21", "2020-09-30": "1.77", "2020-06-30": "1.58", "2020-03-31": "1.73", "2019-12-31": "1.83", "2019-09-30": "2.18", "2019-06-30": "2.19", "2019-03-31": "2.13", "2018-12-31": "2.13", "2018-09-30": "2.06", "2018-06-30": "2.38", "2018-03-31": "2.54", "2017-12-31": "2.40", "2017-09-30": "2.23", "2017-06-30": "1.94", "2017-03-31": "1.79", "2016-12-31": "1.69", "2016-09-30": "1.52", "2016-06-30": "1.48", "2016-03-31": "1.59", "2015-12-31": "2.17", "2015-09-30": "2.04", "2015-06-30": "2.51", "2015-03-31": "2.18", "2014-12-31": "1.51", "2014-09-30": "1.21", "2014-06-30": "0.95", "2014-03-31": "0.87", "2013-12-31": "1.05", "2013-09-30": "0.79", "2013-06-30": "0.66", "2013-03-31": "0.62", "2012-12-31": "0.52", "2012-09-30": "0.46", "2012-06-30": "0.45", "2012-03-31": "0.49", "2011-12-31": "0.40", "2011-09-30": "0.40", "2011-06-30": "0.48", "2011-03-31": "0.51", "2010-12-31": "0.67", "2010-09-30": "0.57", "2010-06-30": "0.57", "2010-03-31": "0.49", "2009-12-31": "0.50", "2009-09-30": "0.46", "2009-06-30": "0.31", "2009-03-31": "0.30", "2008-12-31": "0.40", "2008-09-30": "0.50", "2008-06-30": "1.10", "2008-03-31": "1.48"}, "price book": {"current": "3.33", "2021-02-05": "0.67", "2020-09-30": "0.45", "2020-06-30": "0.39", "2020-03-31": "0.40", "2019-12-31": "0.45", "2019-09-30": "0.55", "2019-06-30": "0.56", "2019-03-31": "0.56", "2018-12-31": "0.58", "2018-09-30": "0.59", "2018-06-30": "0.69", "2018-03-31": "0.70", "2017-12-31": "0.64", "2017-09-30": "0.50", "2017-06-30": "0.41", "2017-03-31": "0.38", "2016-12-31": "0.41", "2016-09-30": "0.39", "2016-06-30": "0.39", "2016-03-31": "0.43", "2015-12-31": "0.50", "2015-09-30": "0.45", "2015-06-30": "0.46", "2015-03-31": "0.38", "2014-12-31": "0.31", "2014-09-30": "0.26", "2014-06-30": "0.24", "2014-03-31": "0.21", "2013-12-31": "0.24", "2013-09-30": "0.17", "2013-06-30": "0.15", "2013-03-31": "0.13", "2012-12-31": "0.12", "2012-09-30": "0.11", "2012-06-30": "0.12", "2012-03-31": "-0.63", "2011-12-31": "-1.23", "2011-09-30": "0.11", "2011-06-30": "0.12", "2011-03-31": "0.12", "2010-12-31": "-0.30", "2010-09-30": "0.10", "2010-06-30": "0.11", "2010-03-31": "0.10", "2009-12-31": "0.11", "2009-09-30": "0.13", "2009-06-30": "0.10", "2009-03-31": "0.11", "2008-12-31": "0.12", "2008-09-30": "1.35", "2008-06-30": "2.02", "2008-03-31": "1.71", "2007-12-31": "2.34", "2007-09-30": "2.11", "2007-06-30": "2.33"}, "price fcf": {"2021-02-05": "", "2020-09-30": "$49.87", "2020-06-30": "$54.07", "2020-03-31": "$93.07", "2019-12-31": "$33.74", "2019-09-30": "$22.22", "2019-06-30": "$28.48", "2019-03-31": "$22.38", "2018-12-31": "$31.24", "2018-09-30": "$19.33", "2018-06-30": "$21.00", "2018-03-31": "$19.90", "2017-12-31": "$14.63", "2017-09-30": "$39.34", "2017-06-30": "$31.56", "2017-03-31": "$18.45", "2016-12-31": "$9.03", "2016-09-30": "$3.04", "2016-06-30": "$13.04", "2016-03-31": "$16.75", "2015-12-31": "$11.12", "2015-09-30": "$15.90", "2015-06-30": "$8.68", "2015-03-31": "$7.74", "2014-12-31": "$6.90", "2014-09-30": "$5.58", "2014-06-30": "$2.36", "2014-03-31": "$2.16", "2013-12-31": "$2.42", "2013-09-30": "$8.15", "2013-06-30": "$0.49", "2013-03-31": "$11.86", "2012-12-31": "$15.03", "2012-09-30": "$11.49", "2012-06-30": "$23.49", "2012-03-31": "$21.69", "2011-12-31": "$22.04", "2011-09-30": "$36.39", "2011-06-30": "$35.73", "2011-03-31": "$39.16", "2010-12-31": "$39.42", "2010-09-30": "$14.64", "2010-06-30": "$7.48", "2010-03-31": "$1.24", "2009-12-31": "$3.16", "2009-09-30": "$37.09", "2009-06-30": "$26.21", "2009-03-31": "$49.26", "2008-12-31": "$49.82", "2008-09-30": "$15.71", "2008-06-30": "$28.60", "2008-03-31": "$-0.99"}, "net worth": {"value": "$29.97B"}, "current ratio": {"2020-12-31": "1.10", "2020-09-30": "1.11", "2020-06-30": "1.10", "2020-03-31": "1.11", "2019-12-31": "1.12", "2019-09-30": "1.12", "2019-06-30": "1.12", "2019-03-31": "1.12", "2018-12-31": "1.13", "2018-09-30": "1.12", "2018-06-30": "1.12", "2018-03-31": "1.12", "2017-12-31": "1.11", "2017-09-30": "1.11", "2017-06-30": "1.11", "2017-03-31": "1.11", "2016-12-31": "1.11", "2016-09-30": "1.11", "2016-06-30": "1.11", "2016-03-31": "1.12", "2015-12-31": "1.11", "2015-09-30": "1.11", "2015-06-30": "1.12", "2015-03-31": "1.12", "2014-12-31": "1.12", "2014-09-30": "1.13", "2014-06-30": "1.14", "2014-03-31": "1.14", "2013-12-31": "1.14", "2013-09-30": "1.15", "2013-06-30": "1.14", "2013-03-31": "1.14", "2012-12-31": "1.15", "2012-09-30": "1.16", "2012-06-30": "1.16", "2012-03-31": "1.16", "2011-12-31": "1.17", "2011-09-30": "1.15", "2011-06-30": "1.17", "2011-03-31": "1.16", "2010-12-31": "1.17", "2010-09-30": "1.20", "2010-06-30": "1.20", "2010-03-31": "1.19", "2009-12-31": "1.21", "2009-09-30": "1.19", "2009-06-30": "1.20", "2009-03-31": "1.20", "2008-12-31": "1.19", "2008-09-30": "1.17", "2008-06-30": "1.15", "2008-03-31": "1.13", "2007-12-31": "1.11", "2007-09-30": "1.10", "2007-06-30": "1.10", "2007-03-31": "1.11", "2006-12-31": "1.10", "2006-09-30": "0.00", "2006-06-30": "0.00", "2006-03-31": "0.00"}, "quick ratio": {"2020-12-31": "1.09", "2020-09-30": "1.10", "2020-06-30": "1.09", "2020-03-31": "1.10", "2019-12-31": "1.09", "2019-09-30": "1.09", "2019-06-30": "1.10", "2019-03-31": "1.10", "2018-12-31": "1.09", "2018-09-30": "1.07", "2018-06-30": "1.08", "2018-03-31": "1.08", "2017-12-31": "1.06", "2017-09-30": "1.06", "2017-06-30": "1.06", "2017-03-31": "1.05", "2016-12-31": "1.03", "2016-09-30": "1.03", "2016-06-30": "1.02", "2016-03-31": "1.04", "2015-12-31": "1.03", "2015-09-30": "1.02", "2015-06-30": "1.03", "2015-03-31": "1.03", "2014-12-31": "1.02", "2014-09-30": "1.04", "2014-06-30": "1.04", "2014-03-31": "1.04", "2013-12-31": "1.00", "2013-09-30": "1.00", "2013-06-30": "1.00", "2013-03-31": "0.99", "2012-12-31": "0.99", "2012-09-30": "0.96", "2012-06-30": "0.94", "2012-03-31": "0.93", "2011-12-31": "0.91", "2011-09-30": "0.84", "2011-06-30": "0.93", "2011-03-31": "0.91", "2010-12-31": "0.86", "2010-09-30": "0.82", "2010-06-30": "0.80", "2010-03-31": "0.80", "2009-12-31": "0.78", "2009-09-30": "0.76", "2009-06-30": "0.79", "2009-03-31": "0.67", "2008-12-31": "0.71", "2008-09-30": "0.61", "2008-06-30": "0.63", "2008-03-31": "0.58", "2007-12-31": "0.56", "2007-09-30": "0.57", "2007-06-30": "0.60", "2007-03-31": "0.60", "2006-12-31": "0.56", "2006-09-30": "0.00", "2006-06-30": "0.00", "2006-03-31": "0.00"}, "debt equity ratio": {"current": "0.00", "2020-12-31": "9.63", "2020-09-30": "8.91", "2020-06-30": "9.17", "2020-03-31": "8.31", "2019-12-31": "8.03", "2019-09-30": "7.86", "2019-06-30": "7.67", "2019-03-31": "7.56", "2018-12-31": "7.46", "2018-09-30": "7.99", "2018-06-30": "8.00", "2018-03-31": "7.81", "2017-12-31": "8.51", "2017-09-30": "8.48", "2017-06-30": "8.30", "2017-03-31": "8.36", "2016-12-31": "8.39", "2016-09-30": "8.38", "2016-06-30": "8.11", "2016-03-31": "7.86", "2015-12-31": "8.12", "2015-09-30": "7.94", "2015-06-30": "7.63", "2015-03-31": "7.59", "2014-12-31": "7.37", "2014-09-30": "7.01", "2014-06-30": "6.61", "2014-03-31": "6.43", "2013-12-31": "6.44", "2013-09-30": "6.15", "2013-06-30": "6.16", "2013-03-31": "6.28", "2012-12-31": "5.90", "2012-09-30": "5.57", "2012-06-30": "5.48", "2012-03-31": "-32.71", "2011-12-31": "-67.43", "2011-09-30": "6.16", "2011-06-30": "5.68", "2011-03-31": "5.77", "2010-12-31": "-15.06", "2010-09-30": "4.80", "2010-06-30": "4.67", "2010-03-31": "5.01", "2009-12-31": "4.46", "2009-09-30": "4.98", "2009-06-30": "4.70", "2009-03-31": "4.67", "2008-12-31": "5.43", "2008-09-30": "58.64", "2008-06-30": "61.72", "2008-03-31": "73.64", "2007-12-31": "83.58", "2007-09-30": "97.41", "2007-06-30": "96.38", "2007-03-31": "0.00", "2006-12-31": "0.00", "2006-09-30": "0.00", "2006-06-30": "0.00", "2006-03-31": "0.00"}, "return on equity": {"2020-12-31": "2.30%", "2020-09-30": "2.04%", "2020-06-30": "1.98%", "2020-03-31": "2.02%", "2019-12-31": "2.10%", "2019-09-30": "2.14%", "2019-06-30": "2.24%", "2019-03-31": "2.44%", "2018-12-31": "2.46%", "2018-09-30": "1.85%", "2018-06-30": "1.77%", "2018-03-31": "1.53%", "2017-12-31": "1.22%", "2017-09-30": "1.35%", "2017-06-30": "1.19%", "2017-03-31": "1.28%", "2016-12-31": "1.46%", "2016-09-30": "1.72%", "2016-06-30": "1.80%", "2016-03-31": "1.77%", "2015-12-31": "0.94%", "2015-09-30": "0.77%", "2015-06-30": "0.41%", "2015-03-31": "0.25%", "2014-12-31": "0.86%", "2014-09-30": "0.79%", "2014-06-30": "1.04%", "2014-03-31": "0.97%", "2013-12-31": "0.74%", "2013-09-30": "0.86%", "2013-06-30": "0.77%", "2013-03-31": "0.73%", "2012-12-31": "1.18%", "2012-09-30": "2.08%", "2012-06-30": "2.70%", "2012-03-31": "2.95%", "2011-12-31": "1.88%", "2011-09-30": "0.72%", "2011-06-30": "0.33%", "2011-03-31": "0.13%", "2010-12-31": "-0.28%", "2010-09-30": "0.37%", "2010-06-30": "0.31%", "2010-03-31": "0.50%", "2009-12-31": "0.70%", "2009-09-30": "1.18%", "2009-06-30": "2.09%", "2009-03-31": "3.18%", "2008-12-31": "6.32%", "2008-09-30": "20.00%", "2008-06-30": "20.28%", "2008-03-31": "36.55%", "2007-12-31": "107.14%", "2007-09-30": "245.51%", "2007-06-30": "731.40%", "2007-03-31": "inf%", "2006-12-31": "inf%"}, "return on assets": {"2020-12-31": "0.23%", "2020-09-30": "0.21%", "2020-06-30": "0.21%", "2020-03-31": "0.22%", "2019-12-31": "0.24%", "2019-09-30": "0.25%", "2019-06-30": "0.26%", "2019-03-31": "0.28%", "2018-12-31": "0.28%", "2018-09-30": "0.20%", "2018-06-30": "0.19%", "2018-03-31": "0.16%", "2017-12-31": "0.13%", "2017-09-30": "0.14%", "2017-06-30": "0.13%", "2017-03-31": "0.14%", "2016-12-31": "0.16%", "2016-09-30": "0.19%", "2016-06-30": "0.20%", "2016-03-31": "0.20%", "2015-12-31": "0.11%", "2015-09-30": "0.09%", "2015-06-30": "0.05%", "2015-03-31": "0.03%", "2014-12-31": "0.11%", "2014-09-30": "0.10%", "2014-06-30": "0.14%", "2014-03-31": "0.13%", "2013-12-31": "0.10%", "2013-09-30": "0.12%", "2013-06-30": "0.11%", "2013-03-31": "0.11%", "2012-12-31": "0.12%", "2012-09-30": "0.14%", "2012-06-30": "0.17%", "2012-03-31": "0.18%", "2011-12-31": "0.20%", "2011-09-30": "0.07%", "2011-06-30": "0.03%", "2011-03-31": "0.01%", "2010-12-31": "-0.03%", "2010-09-30": "0.06%", "2010-06-30": "0.05%", "2010-03-31": "0.09%", "2009-12-31": "0.12%", "2009-09-30": "0.20%", "2009-06-30": "0.27%", "2009-03-31": "0.28%", "2008-12-31": "0.30%", "2008-09-30": "0.29%", "2008-06-30": "0.26%", "2008-03-31": "0.42%", "2007-12-31": "0.88%", "2007-09-30": "1.30%", "2007-06-30": "2.57%", "2007-03-31": "4.43%", "2006-12-31": "9.15%"}, "return on investments": {"2020-12-31": "inf%", "2020-09-30": "inf%", "2020-06-30": "inf%", "2020-03-31": "inf%", "2019-12-31": "inf%", "2019-09-30": "inf%", "2019-06-30": "inf%", "2019-03-31": "inf%", "2018-12-31": "inf%", "2018-09-30": "inf%", "2018-06-30": "inf%", "2018-03-31": "inf%", "2017-12-31": "inf%", "2017-09-30": "inf%", "2017-06-30": "inf%", "2017-03-31": "inf%", "2016-12-31": "inf%", "2016-09-30": "inf%", "2016-06-30": "inf%", "2016-03-31": "inf%", "2015-12-31": "inf%", "2015-09-30": "inf%", "2015-06-30": "inf%", "2015-03-31": "inf%", "2014-12-31": "inf%", "2014-09-30": "inf%", "2014-06-30": "inf%", "2014-03-31": "inf%", "2013-12-31": "inf%", "2013-09-30": "inf%", "2013-06-30": "inf%", "2013-03-31": "inf%", "2012-12-31": "-210.99%", "2012-09-30": "-172.14%", "2012-06-30": "73.96%", "2012-03-31": "32.77%", "2011-12-31": "21.46%", "2011-09-30": "20.21%", "2011-06-30": "17.59%", "2011-03-31": "14.87%", "2010-12-31": "9.81%", "2010-09-30": "6.70%", "2010-06-30": "6.24%", "2010-03-31": "8.72%", "2009-12-31": "11.05%", "2009-09-30": "15.82%", "2009-06-30": "25.65%", "2009-03-31": "37.51%", "2008-12-31": "68.52%", "2008-09-30": "150.98%", "2008-06-30": "157.65%", "2008-03-31": "148.16%", "2007-12-31": "165.47%", "2007-09-30": "238.44%", "2007-06-30": "454.24%", "2007-03-31": "inf%", "2006-12-31": "inf%"}, "return on tangible equity": {"2020-09-30": "2.04%", "2020-06-30": "1.98%", "2020-03-31": "2.02%", "2019-12-31": "2.10%", "2019-09-30": "2.14%", "2019-06-30": "2.24%", "2019-03-31": "2.44%", "2018-12-31": "2.46%", "2018-09-30": "1.85%", "2018-06-30": "1.77%", "2018-03-31": "1.53%", "2017-12-31": "1.22%", "2017-09-30": "1.35%", "2017-06-30": "1.19%", "2017-03-31": "1.28%", "2016-12-31": "1.46%", "2016-09-30": "1.72%", "2016-06-30": "1.80%", "2016-03-31": "1.77%", "2015-12-31": "0.94%", "2015-09-30": "0.77%", "2015-06-30": "0.41%", "2015-03-31": "0.25%", "2014-12-31": "0.86%", "2014-09-30": "0.79%", "2014-06-30": "1.04%", "2014-03-31": "0.97%", "2013-12-31": "0.74%", "2013-09-30": "0.86%", "2013-06-30": "0.77%", "2013-03-31": "0.73%", "2012-12-31": "1.18%", "2012-09-30": "2.08%", "2012-06-30": "2.70%", "2012-03-31": "2.95%", "2011-12-31": "1.88%", "2011-09-30": "0.72%", "2011-06-30": "0.33%", "2011-03-31": "0.13%", "2010-12-31": "-0.28%", "2010-09-30": "0.37%", "2010-06-30": "0.31%", "2010-03-31": "0.50%", "2009-12-31": "0.70%", "2009-09-30": "1.18%", "2009-06-30": "2.09%", "2009-03-31": "3.18%", "2008-12-31": "6.32%", "2008-09-30": "20.00%", "2008-06-30": "20.28%", "2008-03-31": "36.55%", "2007-12-31": "107.14%", "2007-09-30": "245.51%", "2007-06-30": "731.40%", "2007-03-31": "inf%", "2006-12-31": "inf%"}, "dividend yield history": {"last payout": "$0.40", "last yield": "0.56%"}}