{"ticker": "IP", "price": {"title": "International Paper Historical Annual Stock Price Data", "value": 47.03, "historical": {"2021": {"Average Stock Price": "50.5800", "Year Open": "48.4900", "Year High": "52.8400", "Year Low": "46.7500", "Year Close": "47.0300", "Annual % Change": "-5.41%"}, "2020": {"Average Stock Price": "39.3530", "Year Open": "45.5200", "Year High": "51.8700", "Year Low": "26.4700", "Year Close": "49.7200", "Annual % Change": "7.97%"}, "2019": {"Average Stock Price": "43.9931", "Year Open": "41.0200", "Year High": "47.7600", "Year Low": "36.7400", "Year Close": "46.0500", "Annual % Change": "14.10%"}, "2018": {"Average Stock Price": "52.2800", "Year Open": "59.7700", "Year High": "65.0800", "Year Low": "37.5600", "Year Close": "40.3600", "Annual % Change": "-30.34%"}, "2017": {"Average Stock Price": "54.6301", "Year Open": "53.3900", "Year High": "58.6700", "Year Low": "49.6400", "Year Close": "57.9400", "Annual % Change": "9.20%"}, "2016": {"Average Stock Price": "43.5929", "Year Open": "37.6700", "Year High": "54.2800", "Year Low": "32.5800", "Year Close": "53.0600", "Annual % Change": "40.74%"}, "2015": {"Average Stock Price": "48.0337", "Year Open": "53.2400", "Year High": "57.5900", "Year Low": "36.8000", "Year Close": "37.7000", "Annual % Change": "-29.64%"}, "2014": {"Average Stock Price": "48.7387", "Year Open": "48.8000", "Year High": "55.2500", "Year Low": "44.8800", "Year Close": "53.5800", "Annual % Change": "9.28%"}, "2013": {"Average Stock Price": "45.7401", "Year Open": "40.4900", "Year High": "50.1900", "Year Low": "40.0100", "Year Close": "49.0300", "Annual % Change": "23.07%"}, "2012": {"Average Stock Price": "33.5431", "Year Open": "29.9700", "Year High": "39.8400", "Year Low": "27.8100", "Year Close": "39.8400", "Annual % Change": "34.59%"}, "2011": {"Average Stock Price": "28.1515", "Year Open": "28.0200", "Year High": "32.8600", "Year Low": "22.6500", "Year Close": "29.6000", "Annual % Change": "8.66%"}, "2010": {"Average Stock Price": "24.3652", "Year Open": "27.1800", "Year High": "28.6300", "Year Low": "19.8800", "Year Close": "27.2400", "Annual % Change": "1.72%"}, "2009": {"Average Stock Price": "16.4004", "Year Open": "12.4300", "Year High": "27.6600", "Year Low": "4.0900", "Year Close": "26.7800", "Annual % Change": "126.95%"}, "2008": {"Average Stock Price": "24.7548", "Year Open": "31.8100", "Year High": "33.5000", "Year Low": "10.3600", "Year Close": "11.8000", "Annual % Change": "-63.56%"}, "2007": {"Average Stock Price": "36.0022", "Year Open": "34.6500", "Year High": "41.4600", "Year Low": "31.6600", "Year Close": "32.3800", "Annual % Change": "-5.04%"}, "2006": {"Average Stock Price": "33.8411", "Year Open": "33.4900", "Year High": "37.6100", "Year Low": "30.8000", "Year Close": "34.1000", "Annual % Change": "1.46%"}, "2005": {"Average Stock Price": "33.5638", "Year Open": "42.0100", "Year High": "42.0100", "Year Low": "27.1500", "Year Close": "33.6100", "Annual % Change": "-19.98%"}, "2004": {"Average Stock Price": "41.6612", "Year Open": "42.7400", "Year High": "44.9800", "Year Low": "37.8000", "Year Close": "42.0000", "Annual % Change": "-2.57%"}, "2003": {"Average Stock Price": "37.6715", "Year Open": "35.5300", "Year High": "43.1200", "Year Low": "33.4400", "Year Close": "43.1100", "Annual % Change": "23.28%"}, "2002": {"Average Stock Price": "39.6410", "Year Open": "40.1500", "Year High": "46.0500", "Year Low": "31.4500", "Year Close": "34.9700", "Annual % Change": "-13.33%"}, "2001": {"Average Stock Price": "37.9864", "Year Open": "39.4375", "Year High": "42.6250", "Year Low": "32.3600", "Year Close": "40.3500", "Annual % Change": "-1.13%"}, "2000": {"Average Stock Price": "36.8474", "Year Open": "55.5000", "Year High": "58.6250", "Year Low": "26.8125", "Year Close": "40.8125", "Annual % Change": "-27.69%"}, "1999": {"Average Stock Price": "49.8257", "Year Open": "42.1250", "Year High": "57.8750", "Year Low": "39.5625", "Year Close": "56.4375", "Annual % Change": "25.94%"}, "1998": {"Average Stock Price": "46.1449", "Year Open": "45.1875", "Year High": "55.1875", "Year Low": "37.0000", "Year Close": "44.8125", "Annual % Change": "3.91%"}, "1997": {"Average Stock Price": "48.0007", "Year Open": "41.7500", "Year High": "59.9375", "Year Low": "39.0000", "Year Close": "43.1250", "Annual % Change": "6.48%"}, "1996": {"Average Stock Price": "40.2237", "Year Open": "39.1250", "Year High": "44.3750", "Year Low": "35.7500", "Year Close": "40.5000", "Annual % Change": "6.93%"}, "1995": {"Average Stock Price": "38.9705", "Year Open": "37.5625", "Year High": "45.3750", "Year Low": "34.8750", "Year Close": "37.8750", "Annual % Change": "0.50%"}, "1994": {"Average Stock Price": "35.9740", "Year Open": "34.0000", "Year High": "39.9375", "Year Low": "30.5000", "Year Close": "37.6875", "Annual % Change": "11.25%"}, "1993": {"Average Stock Price": "32.1776", "Year Open": "33.1250", "Year High": "34.6250", "Year Low": "28.3750", "Year Close": "33.8750", "Annual % Change": "1.69%"}, "1992": {"Average Stock Price": "34.1233", "Year Open": "35.0000", "Year High": "39.0000", "Year Low": "30.0000", "Year Close": "33.3125", "Annual % Change": "-5.83%"}, "1991": {"Average Stock Price": "33.0166", "Year Open": "26.4375", "Year High": "38.3750", "Year Low": "25.6875", "Year Close": "35.3750", "Annual % Change": "32.24%"}, "1990": {"Average Stock Price": "25.2769", "Year Open": "28.6250", "Year High": "29.1875", "Year Low": "21.7500", "Year Close": "26.7500", "Annual % Change": "-5.31%"}, "1989": {"Average Stock Price": "25.1972", "Year Open": "23.2500", "Year High": "29.3750", "Year Low": "22.6250", "Year Close": "28.2500", "Annual % Change": "21.83%"}, "1988": {"Average Stock Price": "21.9879", "Year Open": "21.9375", "Year High": "24.6250", "Year Low": "18.6250", "Year Close": "23.1875", "Annual % Change": "9.76%"}, "1987": {"Average Stock Price": "23.2714", "Year Open": "19.0313", "Year High": "28.6250", "Year Low": "14.8125", "Year Close": "21.1250", "Annual % Change": "12.48%"}, "1986": {"Average Stock Price": "15.9435", "Year Open": "12.5000", "Year High": "19.7500", "Year Low": "12.2500", "Year Close": "18.7813", "Annual % Change": "48.03%"}, "1985": {"Average Stock Price": "12.4252", "Year Open": "13.3125", "Year High": "14.1875", "Year Low": "11.0938", "Year Close": "12.6875", "Annual % Change": "-5.80%"}, "1984": {"Average Stock Price": "13.0104", "Year Open": "14.7188", "Year High": "14.8750", "Year Low": "11.5313", "Year Close": "13.4688", "Annual % Change": "-8.69%"}, "1983": {"Average Stock Price": "13.4364", "Year Open": "11.7500", "Year High": "14.8750", "Year Low": "11.6875", "Year Close": "14.7500", "Annual % Change": "21.96%"}, "1982": {"Average Stock Price": "9.7500", "Year Open": "9.8125", "Year High": "12.7188", "Year Low": "8.2188", "Year Close": "12.0938", "Annual % Change": "23.64%"}, "1981": {"Average Stock Price": "11.0410", "Year Open": "10.6563", "Year High": "12.7813", "Year Low": "9.3750", "Year Close": "9.7813", "Annual % Change": "-6.84%"}, "1980": {"Average Stock Price": "9.7052", "Year Open": "9.1563", "Year High": "11.5938", "Year Low": "7.7813", "Year Close": "10.5000", "Annual % Change": "13.51%"}, "1979": {"Average Stock Price": "10.5405", "Year Open": "9.2188", "Year High": "11.8125", "Year Low": "9.0000", "Year Close": "9.2500", "Annual % Change": "1.37%"}, "1978": {"Average Stock Price": "10.2487", "Year Open": "10.8125", "Year High": "12.1875", "Year Low": "8.9063", "Year Close": "9.1250", "Annual % Change": "-16.57%"}, "1977": {"Average Stock Price": "12.5706", "Year Open": "17.3438", "Year High": "17.3438", "Year Low": "9.7500", "Year Close": "10.9375", "Annual % Change": "-36.48%"}, "1976": {"Average Stock Price": "17.5274", "Year Open": "14.5625", "Year High": "19.8125", "Year Low": "14.5625", "Year Close": "17.2188", "Annual % Change": "19.26%"}, "1975": {"Average Stock Price": "12.3863", "Year Open": "9.1563", "Year High": "15.1250", "Year Low": "8.7813", "Year Close": "14.4375", "Annual % Change": "61.54%"}, "1974": {"Average Stock Price": "11.2312", "Year Open": "13.1250", "Year High": "13.9688", "Year Low": "7.9375", "Year Close": "8.9375", "Annual % Change": "-31.25%"}, "1973": {"Average Stock Price": "10.3109", "Year Open": "10.3750", "Year High": "13.8750", "Year Low": "8.3125", "Year Close": "13.0000", "Annual % Change": "24.18%"}, "1972": {"Average Stock Price": "9.2312", "Year Open": "8.7500", "Year High": "10.5000", "Year Low": "8.4063", "Year Close": "10.4688", "Annual % Change": "19.64%"}, "1971": {"Average Stock Price": "8.7495", "Year Open": "8.4688", "Year High": "10.0000", "Year Low": "7.1875", "Year Close": "8.7500", "Annual % Change": "-0.71%"}}}, "market cap": {"value": "$18.49B"}, "income statement": {"Revenue": {"2020-12-31": "20580.00000", "2019-12-31": "22376.00000", "2018-12-31": "23306.00000", "2017-12-31": "21743.00000", "2016-12-31": "19495.00000", "2015-12-31": "20675.00000", "2014-12-31": "23617.00000", "2013-12-31": "23483.00000", "2012-12-31": "21852.00000", "2011-12-31": "26034.00000", "2010-12-31": "25179.00000", "2009-12-31": "23366.00000", "2008-12-31": "24829.00000", "2007-12-31": "21890.00000", "2006-12-31": "21995.00000", "2005-12-31": "21700.00000"}, "Cost Of Goods Sold": {"2020-12-31": "14373.00000", "2019-12-31": "15268.00000", "2018-12-31": "15555.00000", "2017-12-31": "14802.00000", "2016-12-31": "13419.00000", "2015-12-31": "14313.00000", "2014-12-31": "16254.00000", "2013-12-31": "16282.00000", "2012-12-31": "15287.00000", "2011-12-31": "18960.00000", "2010-12-31": "18482.00000", "2009-12-31": "15220.00000", "2008-12-31": "18742.00000", "2007-12-31": "16060.00000", "2006-12-31": "16248.00000", "2005-12-31": "16334.00000"}, "Gross Profit": {"2020-12-31": "6207.00000", "2019-12-31": "7108.00000", "2018-12-31": "7751.00000", "2017-12-31": "6941.00000", "2016-12-31": "6076.00000", "2015-12-31": "6362.00000", "2014-12-31": "7363.00000", "2013-12-31": "7201.00000", "2012-12-31": "6565.00000", "2011-12-31": "7074.00000", "2010-12-31": "6697.00000", "2009-12-31": "8146.00000", "2008-12-31": "6087.00000", "2007-12-31": "5830.00000", "2006-12-31": "5747.00000", "2005-12-31": "5366.00000"}, "Research And Development Expenses": {"2020-12-31": "", "2019-12-31": "", "2018-12-31": "", "2017-12-31": "", "2016-12-31": "", "2015-12-31": "", "2014-12-31": "", "2013-12-31": "", "2012-12-31": "", "2011-12-31": "", "2010-12-31": "", "2009-12-31": "", "2008-12-31": "", "2007-12-31": "", "2006-12-31": "", "2005-12-31": ""}, "SG&A Expenses": {"2020-12-31": "3071.00000", "2019-12-31": "3207.00000", "2018-12-31": "3290.00000", "2017-12-31": "3055.00000", "2016-12-31": "2695.00000", "2015-12-31": "2787.00000", "2014-12-31": "3314.00000", "2013-12-31": "3379.00000", "2012-12-31": "3144.00000", "2011-12-31": "3277.00000", "2010-12-31": "3248.00000", "2009-12-31": "3206.00000", "2008-12-31": "3233.00000", "2007-12-31": "2865.00000", "2006-12-31": "2923.00000", "2005-12-31": "2809.00000"}, "Other Operating Income Or Expenses": {"2020-12-31": "", "2019-12-31": "", "2018-12-31": "", "2017-12-31": "", "2016-12-31": "", "2015-12-31": "", "2014-12-31": "", "2013-12-31": "", "2012-12-31": "", "2011-12-31": "", "2010-12-31": "", "2009-12-31": "", "2008-12-31": "", "2007-12-31": "", "2006-12-31": "", "2005-12-31": ""}, "Operating Expenses": {"2020-12-31": "18731.00000", "2019-12-31": "19781.00000", "2018-12-31": "20173.00000", "2017-12-31": "19200.00000", "2016-12-31": "17238.00000", "2015-12-31": "18267.00000", "2014-12-31": "20974.00000", "2013-12-31": "21192.00000", "2012-12-31": "19904.00000", "2011-12-31": "23569.00000", "2010-12-31": "23186.00000", "2009-12-31": "19898.00000", "2008-12-31": "23322.00000", "2007-12-31": "20011.00000", "2006-12-31": "20329.00000", "2005-12-31": "20417.00000"}, "Operating Income": {"2020-12-31": "1849.00000", "2019-12-31": "2595.00000", "2018-12-31": "3133.00000", "2017-12-31": "2543.00000", "2016-12-31": "2257.00000", "2015-12-31": "2408.00000", "2014-12-31": "2643.00000", "2013-12-31": "2291.00000", "2012-12-31": "1948.00000", "2011-12-31": "2465.00000", "2010-12-31": "1993.00000", "2009-12-31": "3468.00000", "2008-12-31": "1507.00000", "2007-12-31": "1879.00000", "2006-12-31": "1666.00000", "2005-12-31": "1283.00000"}, "Total Non-Operating Income/Expense": {"2020-12-31": "-1199.00000", "2019-12-31": "-991.00000", "2018-12-31": "-1352.00000", "2017-12-31": "-1695.00000", "2016-12-31": "-1462.00000", "2015-12-31": "-1276.00000", "2014-12-31": "-1771.00000", "2013-12-31": "-1063.00000", "2012-12-31": "-981.00000", "2011-12-31": "-1007.00000", "2010-12-31": "-1171.00000", "2009-12-31": "-2269.00000", "2008-12-31": "-2660.00000", "2007-12-31": "-225.00000", "2006-12-31": "1522.00000", "2005-12-31": "-997.00000"}, "Pre-Tax Income": {"2020-12-31": "650.00000", "2019-12-31": "1604.00000", "2018-12-31": "1781.00000", "2017-12-31": "848.00000", "2016-12-31": "795.00000", "2015-12-31": "1132.00000", "2014-12-31": "872.00000", "2013-12-31": "1228.00000", "2012-12-31": "967.00000", "2011-12-31": "1458.00000", "2010-12-31": "822.00000", "2009-12-31": "1199.00000", "2008-12-31": "-1153.00000", "2007-12-31": "1654.00000", "2006-12-31": "3188.00000", "2005-12-31": "286.00000"}, "Income Taxes": {"2020-12-31": "245.00000", "2019-12-31": "634.00000", "2018-12-31": "445.00000", "2017-12-31": "-1085.00000", "2016-12-31": "193.00000", "2015-12-31": "417.00000", "2014-12-31": "123.00000", "2013-12-31": "-498.00000", "2012-12-31": "306.00000", "2011-12-31": "311.00000", "2010-12-31": "221.00000", "2009-12-31": "469.00000", "2008-12-31": "162.00000", "2007-12-31": "415.00000", "2006-12-31": "1889.00000", "2005-12-31": "-407.00000"}, "Income After Taxes": {"2020-12-31": "405.00000", "2019-12-31": "970.00000", "2018-12-31": "1336.00000", "2017-12-31": "1933.00000", "2016-12-31": "602.00000", "2015-12-31": "715.00000", "2014-12-31": "749.00000", "2013-12-31": "1726.00000", "2012-12-31": "661.00000", "2011-12-31": "1147.00000", "2010-12-31": "601.00000", "2009-12-31": "730.00000", "2008-12-31": "-1315.00000", "2007-12-31": "1239.00000", "2006-12-31": "1299.00000", "2005-12-31": "693.00000"}, "Other Income": {"2020-12-31": "", "2019-12-31": "", "2018-12-31": "", "2017-12-31": "", "2016-12-31": "", "2015-12-31": "", "2014-12-31": "", "2013-12-31": "", "2012-12-31": "", "2011-12-31": "", "2010-12-31": "", "2009-12-31": "", "2008-12-31": "", "2007-12-31": "", "2006-12-31": "", "2005-12-31": ""}, "Income From Continuous Operations": {"2020-12-31": "482.00000", "2019-12-31": "1220.00000", "2018-12-31": "1672.00000", "2017-12-31": "2110.00000", "2016-12-31": "800.00000", "2015-12-31": "832.00000", "2014-12-31": "549.00000", "2013-12-31": "1687.00000", "2012-12-31": "722.00000", "2011-12-31": "1287.00000", "2010-12-31": "712.00000", "2009-12-31": "681.00000", "2008-12-31": "-1266.00000", "2007-12-31": "1239.00000", "2006-12-31": "1282.00000", "2005-12-31": "684.00000"}, "Income From Discontinued Operations": {"2020-12-31": "", "2019-12-31": "", "2018-12-31": "345.00000", "2017-12-31": "34.00000", "2016-12-31": "102.00000", "2015-12-31": "85.00000", "2014-12-31": "-13.00000", "2013-12-31": "-309.00000", "2012-12-31": "77.00000", "2011-12-31": "49.00000", "2010-12-31": "0.00000", "2009-12-31": "0.00000", "2008-12-31": "-13.00000", "2007-12-31": "-47.00000", "2006-12-31": "-232.00000", "2005-12-31": "416.00000"}, "Net Income": {"2020-12-31": "482.00000", "2019-12-31": "1225.00000", "2018-12-31": "2012.00000", "2017-12-31": "2144.00000", "2016-12-31": "904.00000", "2015-12-31": "938.00000", "2014-12-31": "555.00000", "2013-12-31": "1395.00000", "2012-12-31": "794.00000", "2011-12-31": "1322.00000", "2010-12-31": "691.00000", "2009-12-31": "663.00000", "2008-12-31": "-1282.00000", "2007-12-31": "1168.00000", "2006-12-31": "1050.00000", "2005-12-31": "1100.00000"}, "EBITDA": {"2020-12-31": "3136.00000", "2019-12-31": "3901.00000", "2018-12-31": "4461.00000", "2017-12-31": "3966.00000", "2016-12-31": "3484.00000", "2015-12-31": "3702.00000", "2014-12-31": "4057.00000", "2013-12-31": "3838.00000", "2012-12-31": "3434.00000", "2011-12-31": "3797.00000", "2010-12-31": "3449.00000", "2009-12-31": "4940.00000", "2008-12-31": "4631.00000", "2007-12-31": "2965.00000", "2006-12-31": "3583.00000", "2005-12-31": "2557.00000"}, "EBIT": {"2020-12-31": "1849.00000", "2019-12-31": "2595.00000", "2018-12-31": "3133.00000", "2017-12-31": "2543.00000", "2016-12-31": "2257.00000", "2015-12-31": "2408.00000", "2014-12-31": "2643.00000", "2013-12-31": "2291.00000", "2012-12-31": "1948.00000", "2011-12-31": "2465.00000", "2010-12-31": "1993.00000", "2009-12-31": "3468.00000", "2008-12-31": "1507.00000", "2007-12-31": "1879.00000", "2006-12-31": "1666.00000", "2005-12-31": "1283.00000"}, "Basic Shares Outstanding": {"2020-12-31": "391.86990", "2019-12-31": "395.30000", "2018-12-31": "409.10000", "2017-12-31": "412.70000", "2016-12-31": "411.10000", "2015-12-31": "417.40000", "2014-12-31": "427.70000", "2013-12-31": "443.30000", "2012-12-31": "435.20000", "2011-12-31": "432.20000", "2010-12-31": "429.80000", "2009-12-31": "425.30000", "2008-12-31": "421.00000", "2007-12-31": "428.90000", "2006-12-31": "476.10000", "2005-12-31": "486.00000"}, "Shares Outstanding": {"2020-12-31": "395.70000", "2019-12-31": "398.80000", "2018-12-31": "414.20000", "2017-12-31": "417.70000", "2016-12-31": "415.60000", "2015-12-31": "420.60000", "2014-12-31": "432.00000", "2013-12-31": "448.10000", "2012-12-31": "440.20000", "2011-12-31": "437.00000", "2010-12-31": "434.20000", "2009-12-31": "428.00000", "2008-12-31": "421.00000", "2007-12-31": "433.00000", "2006-12-31": "488.70000", "2005-12-31": "509.70000"}, "Basic EPS": {"2020-12-31": "1.23000", "2019-12-31": "3.10000", "2018-12-31": "4.91000", "2017-12-31": "5.19000", "2016-12-31": "2.20000", "2015-12-31": "2.25000", "2014-12-31": "1.30000", "2013-12-31": "3.15000", "2012-12-31": "1.82000", "2011-12-31": "3.06000", "2010-12-31": "1.61000", "2009-12-31": "1.56000", "2008-12-31": "-3.05000", "2007-12-31": "2.72000", "2006-12-31": "2.21000", "2005-12-31": "2.26000"}, "EPS - Earnings Per Share": {"2020-12-31": "1.22000", "2019-12-31": "3.07000", "2018-12-31": "4.85000", "2017-12-31": "5.13000", "2016-12-31": "2.18000", "2015-12-31": "2.23000", "2014-12-31": "1.29000", "2013-12-31": "3.11000", "2012-12-31": "1.80000", "2011-12-31": "3.03000", "2010-12-31": "1.59000", "2009-12-31": "1.55000", "2008-12-31": "-3.05000", "2007-12-31": "2.70000", "2006-12-31": "2.18000", "2005-12-31": "2.21000"}}, "income statement, quarterly": {"Revenue": {"2020-12-31": "5239.00000", "2020-09-30": "5123.00000", "2020-06-30": "4866.00000", "2020-03-31": "5352.00000", "2019-12-31": "5498.00000", "2019-09-30": "5568.00000", "2019-06-30": "5667.00000", "2019-03-31": "5643.00000", "2018-12-31": "5951.00000", "2018-09-30": "5901.00000", "2018-06-30": "5833.00000", "2018-03-31": "5621.00000", "2017-12-31": "5711.00000", "2017-09-30": "5517.00000", "2017-06-30": "5383.00000", "2017-03-31": "5132.00000", "2016-12-31": "3797.00000", "2016-09-30": "5266.00000", "2016-06-30": "5322.00000", "2016-03-31": "5110.00000", "2015-12-31": "3753.00000", "2015-09-30": "5691.00000", "2015-06-30": "5714.00000", "2015-03-31": "5517.00000", "2014-12-31": "5943.00000", "2014-09-30": "6051.00000", "2014-06-30": "5899.00000", "2014-03-31": "5724.00000", "2013-12-31": "7249.00000", "2013-09-30": "5975.00000", "2013-06-30": "7335.00000", "2013-03-31": "7090.00000", "2012-12-31": "7075.00000", "2012-09-30": "7026.00000", "2012-06-30": "7077.00000", "2012-03-31": "6655.00000", "2011-12-31": "6367.00000", "2011-09-30": "6632.00000", "2011-06-30": "6648.00000", "2011-03-31": "6387.00000", "2010-12-31": "6531.00000", "2010-09-30": "6720.00000", "2010-06-30": "6121.00000", "2010-03-31": "5807.00000", "2009-12-31": "5977.00000", "2009-09-30": "5919.00000", "2009-06-30": "5802.00000", "2009-03-31": "5668.00000", "2008-12-31": "6546.00000", "2008-09-30": "6808.00000", "2008-06-30": "5807.00000", "2008-03-31": "5668.00000", "2007-12-31": "5841.00000", "2007-09-30": "5541.00000", "2007-06-30": "5291.00000", "2007-03-31": "5217.00000", "2006-12-31": "5324.00000", "2006-09-30": "5429.00000", "2006-06-30": "5716.00000", "2006-03-31": "5526.00000", "2005-12-31": "4322.00000", "2005-09-30": "5925.00000", "2005-06-30": "5860.00000", "2005-03-31": "5593.00000"}, "Cost Of Goods Sold": {"2020-12-31": "3659.00000", "2020-09-30": "3541.00000", "2020-06-30": "3427.00000", "2020-03-31": "3746.00000", "2019-12-31": "3666.00000", "2019-09-30": "3772.00000", "2019-06-30": "3901.00000", "2019-03-31": "3929.00000", "2018-12-31": "3798.00000", "2018-09-30": "3887.00000", "2018-06-30": "3922.00000", "2018-03-31": "3948.00000", "2017-12-31": "3702.00000", "2017-09-30": "3713.00000", "2017-06-30": "3749.00000", "2017-03-31": "3638.00000", "2016-12-31": "2074.00000", "2016-09-30": "3622.00000", "2016-06-30": "4112.00000", "2016-03-31": "3611.00000", "2015-12-31": "2610.00000", "2015-09-30": "3891.00000", "2015-06-30": "3968.00000", "2015-03-31": "3844.00000", "2014-12-31": "4105.00000", "2014-09-30": "4055.00000", "2014-06-30": "4060.00000", "2014-03-31": "4034.00000", "2013-12-31": "5276.00000", "2013-09-30": "4048.00000", "2013-06-30": "5414.00000", "2013-03-31": "5220.00000", "2012-12-31": "5193.00000", "2012-09-30": "5140.00000", "2012-06-30": "5270.00000", "2012-03-31": "4984.00000", "2011-12-31": "4662.00000", "2011-09-30": "4793.00000", "2011-06-30": "4880.00000", "2011-03-31": "4625.00000", "2010-12-31": "4770.00000", "2010-09-30": "4758.00000", "2010-06-30": "4490.00000", "2010-03-31": "4464.00000", "2009-12-31": "3950.00000", "2009-09-30": "3758.00000", "2009-06-30": "3781.00000", "2009-03-31": "3731.00000", "2008-12-31": "5022.00000", "2008-09-30": "5154.00000", "2008-06-30": "4305.00000", "2008-03-31": "4261.00000", "2007-12-31": "4242.00000", "2007-09-30": "4086.00000", "2007-06-30": "3881.00000", "2007-03-31": "3851.00000", "2006-12-31": "3903.00000", "2006-09-30": "3906.00000", "2006-06-30": "4271.00000", "2006-03-31": "4168.00000", "2005-12-31": "3424.00000", "2005-09-30": "4444.00000", "2005-06-30": "4359.00000", "2005-03-31": "4107.00000"}, "Gross Profit": {"2020-12-31": "1580.00000", "2020-09-30": "1582.00000", "2020-06-30": "1439.00000", "2020-03-31": "1606.00000", "2019-12-31": "1832.00000", "2019-09-30": "1796.00000", "2019-06-30": "1766.00000", "2019-03-31": "1714.00000", "2018-12-31": "2153.00000", "2018-09-30": "2014.00000", "2018-06-30": "1911.00000", "2018-03-31": "1673.00000", "2017-12-31": "2009.00000", "2017-09-30": "1804.00000", "2017-06-30": "1634.00000", "2017-03-31": "1494.00000", "2016-12-31": "1723.00000", "2016-09-30": "1644.00000", "2016-06-30": "1210.00000", "2016-03-31": "1499.00000", "2015-12-31": "1143.00000", "2015-09-30": "1800.00000", "2015-06-30": "1746.00000", "2015-03-31": "1673.00000", "2014-12-31": "1838.00000", "2014-09-30": "1996.00000", "2014-06-30": "1839.00000", "2014-03-31": "1690.00000", "2013-12-31": "1973.00000", "2013-09-30": "1927.00000", "2013-06-30": "1921.00000", "2013-03-31": "1870.00000", "2012-12-31": "1882.00000", "2012-09-30": "1886.00000", "2012-06-30": "1807.00000", "2012-03-31": "1671.00000", "2011-12-31": "1705.00000", "2011-09-30": "1839.00000", "2011-06-30": "1768.00000", "2011-03-31": "1762.00000", "2010-12-31": "1761.00000", "2010-09-30": "1962.00000", "2010-06-30": "1631.00000", "2010-03-31": "1343.00000", "2009-12-31": "2027.00000", "2009-09-30": "2161.00000", "2009-06-30": "2021.00000", "2009-03-31": "1937.00000", "2008-12-31": "1524.00000", "2008-09-30": "1654.00000", "2008-06-30": "1502.00000", "2008-03-31": "1407.00000", "2007-12-31": "1599.00000", "2007-09-30": "1455.00000", "2007-06-30": "1410.00000", "2007-03-31": "1366.00000", "2006-12-31": "1421.00000", "2006-09-30": "1523.00000", "2006-06-30": "1445.00000", "2006-03-31": "1358.00000", "2005-12-31": "898.00000", "2005-09-30": "1481.00000", "2005-06-30": "1501.00000", "2005-03-31": "1486.00000"}, "Research And Development Expenses": {"2020-12-31": "", "2020-09-30": "", "2020-06-30": "", "2020-03-31": "", "2019-12-31": "", "2019-09-30": "", "2019-06-30": "", "2019-03-31": "", "2018-12-31": "", "2018-09-30": "", "2018-06-30": "", "2018-03-31": "", "2017-12-31": "", "2017-09-30": "", "2017-06-30": "", "2017-03-31": "", "2016-12-31": "", "2016-09-30": "", "2016-06-30": "", "2016-03-31": "", "2015-12-31": "", "2015-09-30": "", "2015-06-30": "", "2015-03-31": "", "2014-12-31": "", "2014-09-30": "", "2014-06-30": "", "2014-03-31": "", "2013-12-31": "", "2013-09-30": "", "2013-06-30": "", "2013-03-31": "", "2012-12-31": "", "2012-09-30": "", "2012-06-30": "", "2012-03-31": "", "2011-12-31": "", "2011-09-30": "", "2011-06-30": "", "2011-03-31": "", "2010-12-31": "", "2010-09-30": "", "2010-06-30": "", "2010-03-31": "", "2009-12-31": "", "2009-09-30": "", "2009-06-30": "", "2009-03-31": "", "2008-12-31": "", "2008-09-30": "", "2008-06-30": "", "2008-03-31": "", "2007-12-31": "", "2007-09-30": "", "2007-06-30": "", "2007-03-31": "", "2006-12-31": "", "2006-09-30": "", "2006-06-30": "", "2006-03-31": "", "2005-12-31": "", "2005-09-30": "", "2005-06-30": "", "2005-03-31": ""}, "SG&A Expenses": {"2020-12-31": "812.00000", "2020-09-30": "737.00000", "2020-06-30": "697.00000", "2020-03-31": "825.00000", "2019-12-31": "837.00000", "2019-09-30": "782.00000", "2019-06-30": "786.00000", "2019-03-31": "802.00000", "2018-12-31": "847.00000", "2018-09-30": "802.00000", "2018-06-30": "854.00000", "2018-03-31": "787.00000", "2017-12-31": "807.00000", "2017-09-30": "755.00000", "2017-06-30": "752.00000", "2017-03-31": "741.00000", "2016-12-31": "541.00000", "2016-09-30": "733.00000", "2016-06-30": "725.00000", "2016-03-31": "696.00000", "2015-12-31": "503.00000", "2015-09-30": "751.00000", "2015-06-30": "770.00000", "2015-03-31": "763.00000", "2014-12-31": "846.00000", "2014-09-30": "861.00000", "2014-06-30": "813.00000", "2014-03-31": "794.00000", "2013-12-31": "974.00000", "2013-09-30": "875.00000", "2013-06-30": "964.00000", "2013-03-31": "989.00000", "2012-12-31": "991.00000", "2012-09-30": "930.00000", "2012-06-30": "922.00000", "2012-03-31": "860.00000", "2011-12-31": "778.00000", "2011-09-30": "829.00000", "2011-06-30": "845.00000", "2011-03-31": "825.00000", "2010-12-31": "865.00000", "2010-09-30": "843.00000", "2010-06-30": "802.00000", "2010-03-31": "738.00000", "2009-12-31": "814.00000", "2009-09-30": "826.00000", "2009-06-30": "787.00000", "2009-03-31": "779.00000", "2008-12-31": "833.00000", "2008-09-30": "883.00000", "2008-06-30": "760.00000", "2008-03-31": "757.00000", "2007-12-31": "769.00000", "2007-09-30": "710.00000", "2007-06-30": "695.00000", "2007-03-31": "691.00000", "2006-12-31": "701.00000", "2006-09-30": "732.00000", "2006-06-30": "733.00000", "2006-03-31": "757.00000", "2005-12-31": "629.00000", "2005-09-30": "720.00000", "2005-06-30": "721.00000", "2005-03-31": "739.00000"}, "Other Operating Income Or Expenses": {"2020-12-31": "", "2020-09-30": "", "2020-06-30": "", "2020-03-31": "", "2019-12-31": "", "2019-09-30": "", "2019-06-30": "", "2019-03-31": "", "2018-12-31": "", "2018-09-30": "", "2018-06-30": "", "2018-03-31": "", "2017-12-31": "", "2017-09-30": "", "2017-06-30": "", "2017-03-31": "", "2016-12-31": "", "2016-09-30": "", "2016-06-30": "", "2016-03-31": "", "2015-12-31": "", "2015-09-30": "", "2015-06-30": "", "2015-03-31": "", "2014-12-31": "", "2014-09-30": "", "2014-06-30": "", "2014-03-31": "", "2013-12-31": "", "2013-09-30": "", "2013-06-30": "", "2013-03-31": "", "2012-12-31": "", "2012-09-30": "", "2012-06-30": "", "2012-03-31": "", "2011-12-31": "", "2011-09-30": "", "2011-06-30": "", "2011-03-31": "", "2010-12-31": "", "2010-09-30": "", "2010-06-30": "", "2010-03-31": "", "2009-12-31": "", "2009-09-30": "", "2009-06-30": "", "2009-03-31": "", "2008-12-31": "", "2008-09-30": "", "2008-06-30": "", "2008-03-31": "", "2007-12-31": "", "2007-09-30": "", "2007-06-30": "", "2007-03-31": "", "2006-12-31": "", "2006-09-30": "", "2006-06-30": "", "2006-03-31": "", "2005-12-31": "", "2005-09-30": "", "2005-06-30": "", "2005-03-31": ""}, "Operating Expenses": {"2020-12-31": "4803.00000", "2020-09-30": "4598.00000", "2020-06-30": "4436.00000", "2020-03-31": "4894.00000", "2019-12-31": "4846.00000", "2019-09-30": "4881.00000", "2019-06-30": "5008.00000", "2019-03-31": "5046.00000", "2018-12-31": "4983.00000", "2018-09-30": "5024.00000", "2018-06-30": "5106.00000", "2018-03-31": "5060.00000", "2017-12-31": "4848.00000", "2017-09-30": "4818.00000", "2017-06-30": "4835.00000", "2017-03-31": "4699.00000", "2016-12-31": "2840.00000", "2016-09-30": "4669.00000", "2016-06-30": "5138.00000", "2016-03-31": "4591.00000", "2015-12-31": "3300.00000", "2015-09-30": "4971.00000", "2015-06-30": "5066.00000", "2015-03-31": "4930.00000", "2014-12-31": "5297.00000", "2014-09-30": "5274.00000", "2014-06-30": "5228.00000", "2014-03-31": "5175.00000", "2013-12-31": "6621.00000", "2013-09-30": "5320.00000", "2013-06-30": "6774.00000", "2013-03-31": "6588.00000", "2012-12-31": "6559.00000", "2012-09-30": "6453.00000", "2012-06-30": "6558.00000", "2012-03-31": "6206.00000", "2011-12-31": "5761.00000", "2011-09-30": "5957.00000", "2011-06-30": "6061.00000", "2011-03-31": "5790.00000", "2010-12-31": "5995.00000", "2010-09-30": "5963.00000", "2010-06-30": "5655.00000", "2010-03-31": "5573.00000", "2009-12-31": "5148.00000", "2009-09-30": "4962.00000", "2009-06-30": "4935.00000", "2009-03-31": "4853.00000", "2008-12-31": "6237.00000", "2008-09-30": "6411.00000", "2008-06-30": "5370.00000", "2008-03-31": "5304.00000", "2007-12-31": "5289.00000", "2007-09-30": "5073.00000", "2007-06-30": "4845.00000", "2007-03-31": "4804.00000", "2006-12-31": "4879.00000", "2006-09-30": "4925.00000", "2006-06-30": "5286.00000", "2006-03-31": "5239.00000", "2005-12-31": "4339.00000", "2005-09-30": "5503.00000", "2005-06-30": "5413.00000", "2005-03-31": "5162.00000"}, "Operating Income": {"2020-12-31": "436.00000", "2020-09-30": "525.00000", "2020-06-30": "430.00000", "2020-03-31": "458.00000", "2019-12-31": "652.00000", "2019-09-30": "687.00000", "2019-06-30": "659.00000", "2019-03-31": "597.00000", "2018-12-31": "968.00000", "2018-09-30": "877.00000", "2018-06-30": "727.00000", "2018-03-31": "561.00000", "2017-12-31": "863.00000", "2017-09-30": "699.00000", "2017-06-30": "548.00000", "2017-03-31": "433.00000", "2016-12-31": "957.00000", "2016-09-30": "597.00000", "2016-06-30": "184.00000", "2016-03-31": "519.00000", "2015-12-31": "453.00000", "2015-09-30": "720.00000", "2015-06-30": "648.00000", "2015-03-31": "587.00000", "2014-12-31": "646.00000", "2014-09-30": "777.00000", "2014-06-30": "671.00000", "2014-03-31": "549.00000", "2013-12-31": "628.00000", "2013-09-30": "655.00000", "2013-06-30": "561.00000", "2013-03-31": "502.00000", "2012-12-31": "516.00000", "2012-09-30": "573.00000", "2012-06-30": "519.00000", "2012-03-31": "449.00000", "2011-12-31": "606.00000", "2011-09-30": "675.00000", "2011-06-30": "587.00000", "2011-03-31": "597.00000", "2010-12-31": "536.00000", "2010-09-30": "757.00000", "2010-06-30": "466.00000", "2010-03-31": "234.00000", "2009-12-31": "829.00000", "2009-09-30": "957.00000", "2009-06-30": "867.00000", "2009-03-31": "815.00000", "2008-12-31": "309.00000", "2008-09-30": "397.00000", "2008-06-30": "437.00000", "2008-03-31": "364.00000", "2007-12-31": "552.00000", "2007-09-30": "468.00000", "2007-06-30": "446.00000", "2007-03-31": "413.00000", "2006-12-31": "445.00000", "2006-09-30": "504.00000", "2006-06-30": "430.00000", "2006-03-31": "287.00000", "2005-12-31": "-17.00000", "2005-09-30": "422.00000", "2005-06-30": "447.00000", "2005-03-31": "431.00000"}, "Total Non-Operating Income/Expense": {"2020-12-31": "-313.00000", "2020-09-30": "-243.00000", "2020-06-30": "-169.00000", "2020-03-31": "-474.00000", "2019-12-31": "-252.00000", "2019-09-30": "-235.00000", "2019-06-30": "-325.00000", "2019-03-31": "-179.00000", "2018-12-31": "-586.00000", "2018-09-30": "-324.00000", "2018-06-30": "-237.00000", "2018-03-31": "-205.00000", "2017-12-31": "-666.00000", "2017-09-30": "-242.00000", "2017-06-30": "-571.00000", "2017-03-31": "-216.00000", "2016-12-31": "-838.00000", "2016-09-30": "-224.00000", "2016-06-30": "-198.00000", "2016-03-31": "-202.00000", "2015-12-31": "-322.00000", "2015-09-30": "-391.00000", "2015-06-30": "-382.00000", "2015-03-31": "-181.00000", "2014-12-31": "-339.00000", "2014-09-30": "-225.00000", "2014-06-30": "-519.00000", "2014-03-31": "-688.00000", "2013-12-31": "-783.00000", "2013-09-30": "-252.00000", "2013-06-30": "-198.00000", "2013-03-31": "-272.00000", "2012-12-31": "-229.00000", "2012-09-30": "-253.00000", "2012-06-30": "-315.00000", "2012-03-31": "-236.00000", "2011-12-31": "-190.00000", "2011-09-30": "-294.00000", "2011-06-30": "-294.00000", "2011-03-31": "-229.00000", "2010-12-31": "-204.00000", "2010-09-30": "-210.00000", "2010-06-30": "-348.00000", "2010-03-31": "-409.00000", "2009-12-31": "-1257.00000", "2009-09-30": "-368.00000", "2009-06-30": "-347.00000", "2009-03-31": "-297.00000", "2008-12-31": "-2227.00000", "2008-09-30": "-132.00000", "2008-06-30": "-135.00000", "2008-03-31": "-166.00000", "2007-12-31": "-113.00000", "2007-09-30": "-153.00000", "2007-06-30": "-152.00000", "2007-03-31": "193.00000", "2006-12-31": "3273.00000", "2006-09-30": "90.00000", "2006-06-30": "-331.00000", "2006-03-31": "-1510.00000", "2005-12-31": "-418.00000", "2005-09-30": "-63.00000", "2005-06-30": "-187.00000", "2005-03-31": "-329.00000"}, "Pre-Tax Income": {"2020-12-31": "123.00000", "2020-09-30": "282.00000", "2020-06-30": "261.00000", "2020-03-31": "-16.00000", "2019-12-31": "400.00000", "2019-09-30": "452.00000", "2019-06-30": "334.00000", "2019-03-31": "418.00000", "2018-12-31": "382.00000", "2018-09-30": "553.00000", "2018-06-30": "490.00000", "2018-03-31": "356.00000", "2017-12-31": "197.00000", "2017-09-30": "457.00000", "2017-06-30": "-23.00000", "2017-03-31": "217.00000", "2016-12-31": "119.00000", "2016-09-30": "373.00000", "2016-06-30": "-14.00000", "2016-03-31": "317.00000", "2015-12-31": "131.00000", "2015-09-30": "329.00000", "2015-06-30": "266.00000", "2015-03-31": "406.00000", "2014-12-31": "307.00000", "2014-09-30": "552.00000", "2014-06-30": "152.00000", "2014-03-31": "-139.00000", "2013-12-31": "-155.00000", "2013-09-30": "403.00000", "2013-06-30": "363.00000", "2013-03-31": "230.00000", "2012-12-31": "287.00000", "2012-09-30": "320.00000", "2012-06-30": "204.00000", "2012-03-31": "213.00000", "2011-12-31": "416.00000", "2011-09-30": "381.00000", "2011-06-30": "293.00000", "2011-03-31": "368.00000", "2010-12-31": "332.00000", "2010-09-30": "547.00000", "2010-06-30": "118.00000", "2010-03-31": "-175.00000", "2009-12-31": "-428.00000", "2009-09-30": "589.00000", "2009-06-30": "520.00000", "2009-03-31": "518.00000", "2008-12-31": "-1918.00000", "2008-09-30": "265.00000", "2008-06-30": "302.00000", "2008-03-31": "198.00000", "2007-12-31": "439.00000", "2007-09-30": "315.00000", "2007-06-30": "294.00000", "2007-03-31": "606.00000", "2006-12-31": "3718.00000", "2006-09-30": "594.00000", "2006-06-30": "99.00000", "2006-03-31": "-1223.00000", "2005-12-31": "-435.00000", "2005-09-30": "359.00000", "2005-06-30": "260.00000", "2005-03-31": "102.00000"}, "Income Taxes": {"2020-12-31": "34.00000", "2020-09-30": "50.00000", "2020-06-30": "67.00000", "2020-03-31": "94.00000", "2019-12-31": "263.00000", "2019-09-30": "137.00000", "2019-06-30": "128.00000", "2019-03-31": "106.00000", "2018-12-31": "143.00000", "2018-09-30": "83.00000", "2018-06-30": "130.00000", "2018-03-31": "89.00000", "2017-12-31": "-1207.00000", "2017-09-30": "136.00000", "2017-06-30": "-87.00000", "2017-03-31": "73.00000", "2016-12-31": "54.00000", "2016-09-30": "107.00000", "2016-06-30": "-9.00000", "2016-03-31": "41.00000", "2015-12-31": "71.00000", "2015-09-30": "106.00000", "2015-06-30": "110.00000", "2015-03-31": "130.00000", "2014-12-31": "34.00000", "2014-09-30": "147.00000", "2014-06-30": "22.00000", "2014-03-31": "-80.00000", "2013-12-31": "-589.00000", "2013-09-30": "38.00000", "2013-06-30": "94.00000", "2013-03-31": "-69.00000", "2012-12-31": "74.00000", "2012-09-30": "130.00000", "2012-06-30": "57.00000", "2012-03-31": "70.00000", "2011-12-31": "154.00000", "2011-09-30": "-84.00000", "2011-06-30": "118.00000", "2011-03-31": "123.00000", "2010-12-31": "50.00000", "2010-09-30": "170.00000", "2010-06-30": "25.00000", "2010-03-31": "-24.00000", "2009-12-31": "-321.00000", "2009-09-30": "212.00000", "2009-06-30": "348.00000", "2009-03-31": "230.00000", "2008-12-31": "-112.00000", "2008-09-30": "118.00000", "2008-06-30": "97.00000", "2008-03-31": "59.00000", "2007-12-31": "94.00000", "2007-09-30": "89.00000", "2007-06-30": "89.00000", "2007-03-31": "143.00000", "2006-12-31": "1668.00000", "2006-09-30": "204.00000", "2006-06-30": "33.00000", "2006-03-31": "-16.00000", "2005-12-31": "-198.00000", "2005-09-30": "-377.00000", "2005-06-30": "166.00000", "2005-03-31": "2.00000"}, "Income After Taxes": {"2020-12-31": "89.00000", "2020-09-30": "232.00000", "2020-06-30": "194.00000", "2020-03-31": "-110.00000", "2019-12-31": "137.00000", "2019-09-30": "315.00000", "2019-06-30": "206.00000", "2019-03-31": "312.00000", "2018-12-31": "239.00000", "2018-09-30": "470.00000", "2018-06-30": "360.00000", "2018-03-31": "267.00000", "2017-12-31": "1404.00000", "2017-09-30": "321.00000", "2017-06-30": "64.00000", "2017-03-31": "144.00000", "2016-12-31": "65.00000", "2016-09-30": "266.00000", "2016-06-30": "-5.00000", "2016-03-31": "276.00000", "2015-12-31": "60.00000", "2015-09-30": "223.00000", "2015-06-30": "156.00000", "2015-03-31": "276.00000", "2014-12-31": "273.00000", "2014-09-30": "405.00000", "2014-06-30": "130.00000", "2014-03-31": "-59.00000", "2013-12-31": "434.00000", "2013-09-30": "365.00000", "2013-06-30": "269.00000", "2013-03-31": "299.00000", "2012-12-31": "213.00000", "2012-09-30": "190.00000", "2012-06-30": "147.00000", "2012-03-31": "143.00000", "2011-12-31": "262.00000", "2011-09-30": "465.00000", "2011-06-30": "175.00000", "2011-03-31": "245.00000", "2010-12-31": "282.00000", "2010-09-30": "377.00000", "2010-06-30": "93.00000", "2010-03-31": "-151.00000", "2009-12-31": "-107.00000", "2009-09-30": "377.00000", "2009-06-30": "172.00000", "2009-03-31": "288.00000", "2008-12-31": "-1806.00000", "2008-09-30": "147.00000", "2008-06-30": "205.00000", "2008-03-31": "139.00000", "2007-12-31": "345.00000", "2007-09-30": "226.00000", "2007-06-30": "205.00000", "2007-03-31": "463.00000", "2006-12-31": "2050.00000", "2006-09-30": "390.00000", "2006-06-30": "66.00000", "2006-03-31": "-1207.00000", "2005-12-31": "-237.00000", "2005-09-30": "736.00000", "2005-06-30": "94.00000", "2005-03-31": "100.00000"}, "Other Income": {"2020-12-31": "", "2020-09-30": "", "2020-06-30": "", "2020-03-31": "", "2019-12-31": "", "2019-09-30": "", "2019-06-30": "", "2019-03-31": "", "2018-12-31": "", "2018-09-30": "", "2018-06-30": "", "2018-03-31": "", "2017-12-31": "", "2017-09-30": "", "2017-06-30": "", "2017-03-31": "", "2016-12-31": "", "2016-09-30": "", "2016-06-30": "", "2016-03-31": "", "2015-12-31": "", "2015-09-30": "", "2015-06-30": "", "2015-03-31": "", "2014-12-31": "", "2014-09-30": "", "2014-06-30": "", "2014-03-31": "", "2013-12-31": "", "2013-09-30": "", "2013-06-30": "", "2013-03-31": "", "2012-12-31": "", "2012-09-30": "", "2012-06-30": "", "2012-03-31": "", "2011-12-31": "", "2011-09-30": "", "2011-06-30": "", "2011-03-31": "", "2010-12-31": "", "2010-09-30": "", "2010-06-30": "", "2010-03-31": "", "2009-12-31": "", "2009-09-30": "", "2009-06-30": "", "2009-03-31": "", "2008-12-31": "", "2008-09-30": "", "2008-06-30": "", "2008-03-31": "", "2007-12-31": "", "2007-09-30": "", "2007-06-30": "", "2007-03-31": "", "2006-12-31": "", "2006-09-30": "", "2006-06-30": "", "2006-03-31": "", "2005-12-31": "", "2005-09-30": "", "2005-06-30": "", "2005-03-31": ""}, "Income From Continuous Operations": {"2020-12-31": "153.00000", "2020-09-30": "204.00000", "2020-06-30": "266.00000", "2020-03-31": "-141.00000", "2019-12-31": "166.00000", "2019-09-30": "342.00000", "2019-06-30": "286.00000", "2019-03-31": "426.00000", "2018-12-31": "318.00000", "2018-09-30": "562.00000", "2018-06-30": "430.00000", "2018-03-31": "362.00000", "2017-12-31": "1468.00000", "2017-09-30": "366.00000", "2017-06-30": "84.00000", "2017-03-31": "192.00000", "2016-12-31": "112.00000", "2016-09-30": "309.00000", "2016-06-30": "40.00000", "2016-03-31": "339.00000", "2015-12-31": "93.00000", "2015-09-30": "210.00000", "2015-06-30": "218.00000", "2015-03-31": "311.00000", "2014-12-31": "137.00000", "2014-09-30": "333.00000", "2014-06-30": "171.00000", "2014-03-31": "-92.00000", "2013-12-31": "425.00000", "2013-09-30": "381.00000", "2013-06-30": "233.00000", "2013-03-31": "289.00000", "2012-12-31": "222.00000", "2012-09-30": "224.00000", "2012-06-30": "121.00000", "2012-03-31": "187.00000", "2011-12-31": "285.00000", "2011-09-30": "465.00000", "2011-06-30": "227.00000", "2011-03-31": "310.00000", "2010-12-31": "366.00000", "2010-09-30": "399.00000", "2010-06-30": "100.00000", "2010-03-31": "-153.00000", "2009-12-31": "-97.00000", "2009-09-30": "377.00000", "2009-06-30": "140.00000", "2009-03-31": "261.00000", "2008-12-31": "-1808.00000", "2008-09-30": "152.00000", "2008-06-30": "235.00000", "2008-03-31": "155.00000", "2007-12-31": "362.00000", "2007-09-30": "220.00000", "2007-06-30": "200.00000", "2007-03-31": "457.00000", "2006-12-31": "2047.00000", "2006-09-30": "385.00000", "2006-06-30": "62.00000", "2006-03-31": "-1212.00000", "2005-12-31": "-238.00000", "2005-09-30": "733.00000", "2005-06-30": "91.00000", "2005-03-31": "98.00000"}, "Income From Discontinued Operations": {"2020-12-31": "", "2020-09-30": "", "2020-06-30": "", "2020-03-31": "", "2019-12-31": "", "2019-09-30": "", "2019-06-30": "", "2019-03-31": "", "2018-12-31": "", "2018-09-30": "", "2018-06-30": "-23.00000", "2018-03-31": "368.00000", "2017-12-31": "-8.00000", "2017-09-30": "29.00000", "2017-06-30": "-4.00000", "2017-03-31": "17.00000", "2016-12-31": "107.00000", "2016-09-30": "", "2016-06-30": "", "2016-03-31": "-5.00000", "2015-12-31": "", "2015-09-30": "0.00000", "2015-06-30": "", "2015-03-31": "0.00000", "2014-12-31": "-9.00000", "2014-09-30": "16.00000", "2014-06-30": "-13.00000", "2014-03-31": "-7.00000", "2013-12-31": "5.00000", "2013-09-30": "-5.00000", "2013-06-30": "24.00000", "2013-03-31": "26.00000", "2012-12-31": "10.00000", "2012-09-30": "14.00000", "2012-06-30": "16.00000", "2012-03-31": "5.00000", "2011-12-31": "", "2011-09-30": "0.00000", "2011-06-30": "0.00000", "2011-03-31": "49.00000", "2010-12-31": "", "2010-09-30": "0.00000", "2010-06-30": "0.00000", "2010-03-31": "0.00000", "2009-12-31": "", "2009-09-30": "", "2009-06-30": "", "2009-03-31": "", "2008-12-31": "5.00000", "2008-09-30": "", "2008-06-30": "-1.00000", "2008-03-31": "-17.00000", "2007-12-31": "-11.00000", "2007-09-30": "-3.00000", "2007-06-30": "-10.00000", "2007-03-31": "-23.00000", "2006-12-31": "-68.00000", "2006-09-30": "-161.00000", "2006-06-30": "21.00000", "2006-03-31": "-24.00000", "2005-12-31": "161.00000", "2005-09-30": "290.00000", "2005-06-30": "-14.00000", "2005-03-31": "-21.00000"}, "Net Income": {"2020-12-31": "153.00000", "2020-09-30": "204.00000", "2020-06-30": "266.00000", "2020-03-31": "-141.00000", "2019-12-31": "165.00000", "2019-09-30": "344.00000", "2019-06-30": "292.00000", "2019-03-31": "424.00000", "2018-12-31": "316.00000", "2018-09-30": "562.00000", "2018-06-30": "405.00000", "2018-03-31": "729.00000", "2017-12-31": "1460.00000", "2017-09-30": "395.00000", "2017-06-30": "80.00000", "2017-03-31": "209.00000", "2016-12-31": "218.00000", "2016-09-30": "312.00000", "2016-06-30": "40.00000", "2016-03-31": "334.00000", "2015-12-31": "178.00000", "2015-09-30": "220.00000", "2015-06-30": "227.00000", "2015-03-31": "313.00000", "2014-12-31": "134.00000", "2014-09-30": "355.00000", "2014-06-30": "161.00000", "2014-03-31": "-95.00000", "2013-12-31": "436.00000", "2013-09-30": "382.00000", "2013-06-30": "259.00000", "2013-03-31": "318.00000", "2012-12-31": "235.00000", "2012-09-30": "237.00000", "2012-06-30": "134.00000", "2012-03-31": "188.00000", "2011-12-31": "281.00000", "2011-09-30": "468.00000", "2011-06-30": "219.00000", "2011-03-31": "354.00000", "2010-12-31": "363.00000", "2010-09-30": "397.00000", "2010-06-30": "93.00000", "2010-03-31": "-162.00000", "2009-12-31": "-101.00000", "2009-09-30": "371.00000", "2009-06-30": "136.00000", "2009-03-31": "257.00000", "2008-12-31": "-1791.00000", "2008-09-30": "149.00000", "2008-06-30": "227.00000", "2008-03-31": "133.00000", "2007-12-31": "327.00000", "2007-09-30": "217.00000", "2007-06-30": "190.00000", "2007-03-31": "434.00000", "2006-12-31": "1979.00000", "2006-09-30": "224.00000", "2006-06-30": "83.00000", "2006-03-31": "-1236.00000", "2005-12-31": "-77.00000", "2005-09-30": "1023.00000", "2005-06-30": "77.00000", "2005-03-31": "77.00000"}, "EBITDA": {"2020-12-31": "", "2020-09-30": "845.00000", "2020-06-30": "742.00000", "2020-03-31": "781.00000", "2019-12-31": "995.00000", "2019-09-30": "1014.00000", "2019-06-30": "980.00000", "2019-03-31": "912.00000", "2018-12-31": "1306.00000", "2018-09-30": "1212.00000", "2018-06-30": "1057.00000", "2018-03-31": "886.00000", "2017-12-31": "1211.00000", "2017-09-30": "1072.00000", "2017-06-30": "905.00000", "2017-03-31": "778.00000", "2016-12-31": "1285.00000", "2016-09-30": "911.00000", "2016-06-30": "485.00000", "2016-03-31": "803.00000", "2015-12-31": "767.00000", "2015-09-30": "1049.00000", "2015-06-30": "976.00000", "2015-03-31": "910.00000", "2014-12-31": "992.00000", "2014-09-30": "1134.00000", "2014-06-30": "1030.00000", "2014-03-31": "901.00000", "2013-12-31": "999.00000", "2013-09-30": "1056.00000", "2013-06-30": "957.00000", "2013-03-31": "881.00000", "2012-12-31": "891.00000", "2012-09-30": "956.00000", "2012-06-30": "885.00000", "2012-03-31": "811.00000", "2011-12-31": "927.00000", "2011-09-30": "1010.00000", "2011-06-30": "923.00000", "2011-03-31": "937.00000", "2010-12-31": "896.00000", "2010-09-30": "1119.00000", "2010-06-30": "829.00000", "2010-03-31": "605.00000", "2009-12-31": "1213.00000", "2009-09-30": "1335.00000", "2009-06-30": "1234.00000", "2009-03-31": "1158.00000", "2008-12-31": "2468.00000", "2008-09-30": "771.00000", "2008-06-30": "742.00000", "2008-03-31": "650.00000", "2007-12-31": "830.00000", "2007-09-30": "745.00000", "2007-06-30": "715.00000", "2007-03-31": "675.00000", "2006-12-31": "1479.00000", "2006-09-30": "791.00000", "2006-06-30": "712.00000", "2006-03-31": "601.00000", "2005-12-31": "252.00000", "2005-09-30": "754.00000", "2005-06-30": "804.00000", "2005-03-31": "747.00000"}, "EBIT": {"2020-12-31": "436.00000", "2020-09-30": "525.00000", "2020-06-30": "430.00000", "2020-03-31": "458.00000", "2019-12-31": "652.00000", "2019-09-30": "687.00000", "2019-06-30": "659.00000", "2019-03-31": "597.00000", "2018-12-31": "968.00000", "2018-09-30": "877.00000", "2018-06-30": "727.00000", "2018-03-31": "561.00000", "2017-12-31": "863.00000", "2017-09-30": "699.00000", "2017-06-30": "548.00000", "2017-03-31": "433.00000", "2016-12-31": "957.00000", "2016-09-30": "597.00000", "2016-06-30": "184.00000", "2016-03-31": "519.00000", "2015-12-31": "453.00000", "2015-09-30": "720.00000", "2015-06-30": "648.00000", "2015-03-31": "587.00000", "2014-12-31": "646.00000", "2014-09-30": "777.00000", "2014-06-30": "671.00000", "2014-03-31": "549.00000", "2013-12-31": "628.00000", "2013-09-30": "655.00000", "2013-06-30": "561.00000", "2013-03-31": "502.00000", "2012-12-31": "516.00000", "2012-09-30": "573.00000", "2012-06-30": "519.00000", "2012-03-31": "449.00000", "2011-12-31": "606.00000", "2011-09-30": "675.00000", "2011-06-30": "587.00000", "2011-03-31": "597.00000", "2010-12-31": "536.00000", "2010-09-30": "757.00000", "2010-06-30": "466.00000", "2010-03-31": "234.00000", "2009-12-31": "829.00000", "2009-09-30": "957.00000", "2009-06-30": "867.00000", "2009-03-31": "815.00000", "2008-12-31": "309.00000", "2008-09-30": "397.00000", "2008-06-30": "437.00000", "2008-03-31": "364.00000", "2007-12-31": "552.00000", "2007-09-30": "468.00000", "2007-06-30": "446.00000", "2007-03-31": "413.00000", "2006-12-31": "445.00000", "2006-09-30": "504.00000", "2006-06-30": "430.00000", "2006-03-31": "287.00000", "2005-12-31": "-17.00000", "2005-09-30": "422.00000", "2005-06-30": "447.00000", "2005-03-31": "431.00000"}, "Basic Shares Outstanding": {"2020-12-31": "392.30770", "2020-09-30": "394.60000", "2020-06-30": "393.10000", "2020-03-31": "392.60000", "2019-12-31": "395.30000", "2019-09-30": "395.40000", "2019-06-30": "398.20000", "2019-03-31": "403.20000", "2018-12-31": "409.10000", "2018-09-30": "407.40000", "2018-06-30": "413.20000", "2018-03-31": "413.50000", "2017-12-31": "412.70000", "2017-09-30": "412.90000", "2017-06-30": "412.90000", "2017-03-31": "412.10000", "2016-12-31": "411.10000", "2016-09-30": "411.20000", "2016-06-30": "411.20000", "2016-03-31": "410.80000", "2015-12-31": "417.40000", "2015-09-30": "415.10000", "2015-06-30": "420.00000", "2015-03-31": "421.20000", "2014-12-31": "427.70000", "2014-09-30": "425.30000", "2014-06-30": "428.90000", "2014-03-31": "435.60000", "2013-12-31": "445.30000", "2013-09-30": "445.90000", "2013-06-30": "444.90000", "2013-03-31": "441.50000", "2012-12-31": "441.50000", "2012-09-30": "435.10000", "2012-06-30": "434.80000", "2012-03-31": "434.10000", "2011-12-31": "432.20000", "2011-09-30": "432.30000", "2011-06-30": "428.60000", "2011-03-31": "430.20000", "2010-12-31": "429.80000", "2010-09-30": "430.10000", "2010-06-30": "429.60000", "2010-03-31": "428.80000", "2009-12-31": "425.30000", "2009-09-30": "426.10000", "2009-06-30": "425.30000", "2009-03-31": "423.10000", "2008-12-31": "421.00000", "2008-09-30": "421.20000", "2008-06-30": "421.10000", "2008-03-31": "420.60000", "2007-12-31": "428.90000", "2007-09-30": "422.30000", "2007-06-30": "428.00000", "2007-03-31": "445.30000", "2006-12-31": "476.10000", "2006-09-30": "482.50000", "2006-06-30": "486.90000", "2006-03-31": "486.30000", "2005-12-31": "486.00000", "2005-09-30": "486.00000", "2005-06-30": "485.90000", "2005-03-31": "486.10000"}, "Shares Outstanding": {"2020-12-31": "395.90000", "2020-09-30": "394.60000", "2020-06-30": "393.10000", "2020-03-31": "392.60000", "2019-12-31": "398.80000", "2019-09-30": "395.40000", "2019-06-30": "398.20000", "2019-03-31": "403.20000", "2018-12-31": "414.20000", "2018-09-30": "411.40000", "2018-06-30": "417.70000", "2018-03-31": "418.20000", "2017-12-31": "417.70000", "2017-09-30": "417.40000", "2017-06-30": "416.40000", "2017-03-31": "416.00000", "2016-12-31": "415.60000", "2016-09-30": "415.30000", "2016-06-30": "414.70000", "2016-03-31": "414.00000", "2015-12-31": "420.60000", "2015-09-30": "417.50000", "2015-06-30": "421.90000", "2015-03-31": "423.70000", "2014-12-31": "432.00000", "2014-09-30": "428.60000", "2014-06-30": "432.10000", "2014-03-31": "435.60000", "2013-12-31": "445.30000", "2013-09-30": "449.70000", "2013-06-30": "448.50000", "2013-03-31": "446.10000", "2012-12-31": "441.50000", "2012-09-30": "439.80000", "2012-06-30": "438.20000", "2012-03-31": "438.60000", "2011-12-31": "437.00000", "2011-09-30": "435.20000", "2011-06-30": "430.50000", "2011-03-31": "433.80000", "2010-12-31": "434.20000", "2010-09-30": "433.80000", "2010-06-30": "433.40000", "2010-03-31": "428.80000", "2009-12-31": "428.00000", "2009-09-30": "428.70000", "2009-06-30": "425.40000", "2009-03-31": "423.10000", "2008-12-31": "421.00000", "2008-09-30": "423.40000", "2008-06-30": "422.60000", "2008-03-31": "423.30000", "2007-12-31": "433.00000", "2007-09-30": "425.60000", "2007-06-30": "431.20000", "2007-03-31": "448.40000", "2006-12-31": "488.70000", "2006-09-30": "484.90000", "2006-06-30": "487.20000", "2006-03-31": "486.30000", "2005-12-31": "509.70000", "2005-09-30": "507.10000", "2005-06-30": "487.40000", "2005-03-31": "488.90000"}, "Basic EPS": {"2020-12-31": "0.39000", "2020-09-30": "0.52000", "2020-06-30": "0.67000", "2020-03-31": "-0.36000", "2019-12-31": "0.42000", "2019-09-30": "0.88000", "2019-06-30": "0.74000", "2019-03-31": "1.06000", "2018-12-31": "0.79000", "2018-09-30": "1.38000", "2018-06-30": "0.98000", "2018-03-31": "1.76000", "2017-12-31": "3.53000", "2017-09-30": "0.96000", "2017-06-30": "0.19000", "2017-03-31": "0.51000", "2016-12-31": "0.53000", "2016-09-30": "0.76000", "2016-06-30": "0.10000", "2016-03-31": "0.81000", "2015-12-31": "0.44000", "2015-09-30": "0.53000", "2015-06-30": "0.54000", "2015-03-31": "0.74000", "2014-12-31": "0.30000", "2014-09-30": "0.84000", "2014-06-30": "0.37000", "2014-03-31": "-0.21000", "2013-12-31": "0.99000", "2013-09-30": "0.86000", "2013-06-30": "0.58000", "2013-03-31": "0.72000", "2012-12-31": "0.54000", "2012-09-30": "0.54000", "2012-06-30": "0.31000", "2012-03-31": "0.43000", "2011-12-31": "0.65000", "2011-09-30": "1.08000", "2011-06-30": "0.51000", "2011-03-31": "0.82000", "2010-12-31": "0.85000", "2010-09-30": "0.92000", "2010-06-30": "0.22000", "2010-03-31": "-0.38000", "2009-12-31": "-0.24000", "2009-09-30": "0.87000", "2009-06-30": "0.32000", "2009-03-31": "0.61000", "2008-12-31": "-4.26000", "2008-09-30": "0.35000", "2008-06-30": "0.54000", "2008-03-31": "0.32000", "2007-12-31": "0.79000", "2007-09-30": "0.51000", "2007-06-30": "0.44000", "2007-03-31": "0.98000", "2006-12-31": "4.11000", "2006-09-30": "0.47000", "2006-06-30": "0.17000", "2006-03-31": "-2.54000", "2005-12-31": "-0.16000", "2005-09-30": "2.10000", "2005-06-30": "0.16000", "2005-03-31": "0.16000"}, "EPS - Earnings Per Share": {"2020-12-31": "0.39000", "2020-09-30": "0.52000", "2020-06-30": "0.67000", "2020-03-31": "-0.36000", "2019-12-31": "0.42000", "2019-09-30": "0.87000", "2019-06-30": "0.73000", "2019-03-31": "1.05000", "2018-12-31": "0.77000", "2018-09-30": "1.37000", "2018-06-30": "0.97000", "2018-03-31": "1.74000", "2017-12-31": "3.49000", "2017-09-30": "0.95000", "2017-06-30": "0.19000", "2017-03-31": "0.50000", "2016-12-31": "0.52000", "2016-09-30": "0.75000", "2016-06-30": "0.10000", "2016-03-31": "0.81000", "2015-12-31": "0.42000", "2015-09-30": "0.53000", "2015-06-30": "0.54000", "2015-03-31": "0.74000", "2014-12-31": "0.30000", "2014-09-30": "0.83000", "2014-06-30": "0.37000", "2014-03-31": "-0.21000", "2013-12-31": "0.98000", "2013-09-30": "0.85000", "2013-06-30": "0.57000", "2013-03-31": "0.71000", "2012-12-31": "0.53000", "2012-09-30": "0.54000", "2012-06-30": "0.31000", "2012-03-31": "0.43000", "2011-12-31": "0.63000", "2011-09-30": "1.08000", "2011-06-30": "0.51000", "2011-03-31": "0.81000", "2010-12-31": "0.85000", "2010-09-30": "0.91000", "2010-06-30": "0.21000", "2010-03-31": "-0.38000", "2009-12-31": "-0.25000", "2009-09-30": "0.87000", "2009-06-30": "0.32000", "2009-03-31": "0.61000", "2008-12-31": "-4.25000", "2008-09-30": "0.35000", "2008-06-30": "0.54000", "2008-03-31": "0.31000", "2007-12-31": "0.78000", "2007-09-30": "0.51000", "2007-06-30": "0.44000", "2007-03-31": "0.97000", "2006-12-31": "4.09000", "2006-09-30": "0.46000", "2006-06-30": "0.17000", "2006-03-31": "-2.54000", "2005-12-31": "-0.14000", "2005-09-30": "2.03000", "2005-06-30": "0.16000", "2005-03-31": "0.16000"}}, "balance sheet": {"Cash On Hand": {"2020-12-31": "595.00000", "2019-12-31": "511.00000", "2018-12-31": "589.00000", "2017-12-31": "1018.00000", "2016-12-31": "1033.00000", "2015-12-31": "1050.00000", "2014-12-31": "1881.00000", "2013-12-31": "1802.00000", "2012-12-31": "1302.00000", "2011-12-31": "3994.00000", "2010-12-31": "2073.00000", "2009-12-31": "1892.00000", "2008-12-31": "1144.00000", "2007-12-31": "905.00000", "2006-12-31": "1624.00000", "2005-12-31": "1641.00000"}, "Receivables": {"2020-12-31": "3064.00000", "2019-12-31": "3280.00000", "2018-12-31": "3521.00000", "2017-12-31": "3287.00000", "2016-12-31": "2852.00000", "2015-12-31": "2675.00000", "2014-12-31": "3083.00000", "2013-12-31": "3756.00000", "2012-12-31": "3562.00000", "2011-12-31": "3486.00000", "2010-12-31": "3039.00000", "2009-12-31": "2695.00000", "2008-12-31": "3288.00000", "2007-12-31": "3152.00000", "2006-12-31": "2704.00000", "2005-12-31": "2416.00000"}, "Inventory": {"2020-12-31": "2050.00000", "2019-12-31": "2208.00000", "2018-12-31": "2241.00000", "2017-12-31": "2313.00000", "2016-12-31": "2233.00000", "2015-12-31": "2228.00000", "2014-12-31": "2424.00000", "2013-12-31": "2825.00000", "2012-12-31": "2730.00000", "2011-12-31": "2320.00000", "2010-12-31": "2347.00000", "2009-12-31": "2179.00000", "2008-12-31": "2495.00000", "2007-12-31": "2071.00000", "2006-12-31": "1909.00000", "2005-12-31": "1932.00000"}, "Pre-Paid Expenses": {"2020-12-31": "", "2019-12-31": "", "2018-12-31": "", "2017-12-31": "", "2016-12-31": "", "2015-12-31": "", "2014-12-31": "", "2013-12-31": "", "2012-12-31": "", "2011-12-31": "", "2010-12-31": "", "2009-12-31": "", "2008-12-31": "", "2007-12-31": "", "2006-12-31": "", "2005-12-31": ""}, "Other Current Assets": {"2020-12-31": "5527.00000", "2019-12-31": "640.00000", "2018-12-31": "645.00000", "2017-12-31": "1659.00000", "2016-12-31": "552.00000", "2015-12-31": "212.00000", "2014-12-31": "240.00000", "2013-12-31": "340.00000", "2012-12-31": "988.00000", "2011-12-31": "360.00000", "2010-12-31": "230.00000", "2009-12-31": "417.00000", "2008-12-31": "172.00000", "2007-12-31": "394.00000", "2006-12-31": "1910.00000", "2005-12-31": "5492.00000"}, "Total Current Assets": {"2020-12-31": "11236.00000", "2019-12-31": "6639.00000", "2018-12-31": "6996.00000", "2017-12-31": "8277.00000", "2016-12-31": "6670.00000", "2015-12-31": "6477.00000", "2014-12-31": "7959.00000", "2013-12-31": "9025.00000", "2012-12-31": "8905.00000", "2011-12-31": "10456.00000", "2010-12-31": "8028.00000", "2009-12-31": "7551.00000", "2008-12-31": "7360.00000", "2007-12-31": "6735.00000", "2006-12-31": "8637.00000", "2005-12-31": "11759.00000"}, "Property, Plant, And Equipment": {"2020-12-31": "12217.00000", "2019-12-31": "13004.00000", "2018-12-31": "13067.00000", "2017-12-31": "13265.00000", "2016-12-31": "13003.00000", "2015-12-31": "11980.00000", "2014-12-31": "12728.00000", "2013-12-31": "13672.00000", "2012-12-31": "13949.00000", "2011-12-31": "11817.00000", "2010-12-31": "12002.00000", "2009-12-31": "12688.00000", "2008-12-31": "14202.00000", "2007-12-31": "10141.00000", "2006-12-31": "8993.00000", "2005-12-31": "9073.00000"}, "Long-Term Investments": {"2020-12-31": "1178.00000", "2019-12-31": "1721.00000", "2018-12-31": "1648.00000", "2017-12-31": "390.00000", "2016-12-31": "360.00000", "2015-12-31": "228.00000", "2014-12-31": "248.00000", "2013-12-31": "733.00000", "2012-12-31": "887.00000", "2011-12-31": "657.00000", "2010-12-31": "1092.00000", "2009-12-31": "1077.00000", "2008-12-31": "1274.00000", "2007-12-31": "1276.00000", "2006-12-31": "641.00000", "2005-12-31": "616.00000"}, "Goodwill And Intangible Assets": {"2020-12-31": "3315.00000", "2019-12-31": "3347.00000", "2018-12-31": "3374.00000", "2017-12-31": "3411.00000", "2016-12-31": "3364.00000", "2015-12-31": "3335.00000", "2014-12-31": "3773.00000", "2013-12-31": "3987.00000", "2012-12-31": "4315.00000", "2011-12-31": "2346.00000", "2010-12-31": "2308.00000", "2009-12-31": "2290.00000", "2008-12-31": "2027.00000", "2007-12-31": "3650.00000", "2006-12-31": "2929.00000", "2005-12-31": "3621.00000"}, "Other Long-Term Assets": {"2020-12-31": "2257.00000", "2019-12-31": "7088.00000", "2018-12-31": "7070.00000", "2017-12-31": "7051.00000", "2016-12-31": "8051.00000", "2015-12-31": "7014.00000", "2014-12-31": "2145.00000", "2013-12-31": "2127.00000", "2012-12-31": "2108.00000", "2011-12-31": "", "2010-12-31": "", "2009-12-31": "", "2008-12-31": "", "2007-12-31": "", "2006-12-31": "1324.00000", "2005-12-31": ""}, "Total Long-Term Assets": {"2020-12-31": "20482.00000", "2019-12-31": "26832.00000", "2018-12-31": "26580.00000", "2017-12-31": "25626.00000", "2016-12-31": "26423.00000", "2015-12-31": "24054.00000", "2014-12-31": "20725.00000", "2013-12-31": "22503.00000", "2012-12-31": "23248.00000", "2011-12-31": "16562.00000", "2010-12-31": "17340.00000", "2009-12-31": "17997.00000", "2008-12-31": "19553.00000", "2007-12-31": "17424.00000", "2006-12-31": "15397.00000", "2005-12-31": "17012.00000"}, "Total Assets": {"2020-12-31": "31718.00000", "2019-12-31": "33471.00000", "2018-12-31": "33576.00000", "2017-12-31": "33903.00000", "2016-12-31": "33093.00000", "2015-12-31": "30531.00000", "2014-12-31": "28684.00000", "2013-12-31": "31528.00000", "2012-12-31": "32153.00000", "2011-12-31": "27018.00000", "2010-12-31": "25368.00000", "2009-12-31": "25548.00000", "2008-12-31": "26913.00000", "2007-12-31": "24159.00000", "2006-12-31": "24034.00000", "2005-12-31": "28771.00000"}, "Total Current Liabilities": {"2020-12-31": "8284.00000", "2019-12-31": "8646.00000", "2018-12-31": "4694.00000", "2017-12-31": "5102.00000", "2016-12-31": "4069.00000", "2015-12-31": "3924.00000", "2014-12-31": "4909.00000", "2013-12-31": "5127.00000", "2012-12-31": "4998.00000", "2011-12-31": "4738.00000", "2010-12-31": "4503.00000", "2009-12-31": "4012.00000", "2008-12-31": "4755.00000", "2007-12-31": "3842.00000", "2006-12-31": "4641.00000", "2005-12-31": "4955.00000"}, "Long Term Debt": {"2020-12-31": "8064.00000", "2019-12-31": "9597.00000", "2018-12-31": "10015.00000", "2017-12-31": "10846.00000", "2016-12-31": "11075.00000", "2015-12-31": "8844.00000", "2014-12-31": "8631.00000", "2013-12-31": "8827.00000", "2012-12-31": "9696.00000", "2011-12-31": "9189.00000", "2010-12-31": "8358.00000", "2009-12-31": "8729.00000", "2008-12-31": "11246.00000", "2007-12-31": "6353.00000", "2006-12-31": "6531.00000", "2005-12-31": "11019.00000"}, "Other Non-Current Liabilities": {"2020-12-31": "3138.00000", "2019-12-31": "2725.00000", "2018-12-31": "6858.00000", "2017-12-31": "6858.00000", "2016-12-31": "6733.00000", "2015-12-31": "6711.00000", "2014-12-31": "2603.00000", "2013-12-31": "2745.00000", "2012-12-31": "3212.00000", "2011-12-31": "758.00000", "2010-12-31": "649.00000", "2009-12-31": "824.00000", "2008-12-31": "631.00000", "2007-12-31": "1119.00000", "2006-12-31": "2453.00000", "2005-12-31": "3577.00000"}, "Total Long Term Liabilities": {"2020-12-31": "15566.00000", "2019-12-31": "17107.00000", "2018-12-31": "21499.00000", "2017-12-31": "22260.00000", "2016-12-31": "24665.00000", "2015-12-31": "22698.00000", "2014-12-31": "18512.00000", "2013-12-31": "18117.00000", "2012-12-31": "20519.00000", "2011-12-31": "15295.00000", "2010-12-31": "13781.00000", "2009-12-31": "15281.00000", "2008-12-31": "17757.00000", "2007-12-31": "11645.00000", "2006-12-31": "11430.00000", "2005-12-31": "15465.00000"}, "Total Liabilities": {"2020-12-31": "23850.00000", "2019-12-31": "25753.00000", "2018-12-31": "26193.00000", "2017-12-31": "27362.00000", "2016-12-31": "28734.00000", "2015-12-31": "26622.00000", "2014-12-31": "23421.00000", "2013-12-31": "23244.00000", "2012-12-31": "25517.00000", "2011-12-31": "20033.00000", "2010-12-31": "18284.00000", "2009-12-31": "19293.00000", "2008-12-31": "22512.00000", "2007-12-31": "15487.00000", "2006-12-31": "16071.00000", "2005-12-31": "20420.00000"}, "Common Stock Net": {"2020-12-31": "", "2019-12-31": "449.00000", "2018-12-31": "449.00000", "2017-12-31": "449.00000", "2016-12-31": "449.00000", "2015-12-31": "449.00000", "2014-12-31": "449.00000", "2013-12-31": "447.00000", "2012-12-31": "440.00000", "2011-12-31": "439.00000", "2010-12-31": "439.00000", "2009-12-31": "437.00000", "2008-12-31": "434.00000", "2007-12-31": "494.00000", "2006-12-31": "493.00000", "2005-12-31": "491.00000"}, "Retained Earnings (Accumulated Deficit)": {"2020-12-31": "8070.00000", "2019-12-31": "8408.00000", "2018-12-31": "7465.00000", "2017-12-31": "6180.00000", "2016-12-31": "4818.00000", "2015-12-31": "4649.00000", "2014-12-31": "4409.00000", "2013-12-31": "4446.00000", "2012-12-31": "3662.00000", "2011-12-31": "3355.00000", "2010-12-31": "2416.00000", "2009-12-31": "1949.00000", "2008-12-31": "1430.00000", "2007-12-31": "4375.00000", "2006-12-31": "3737.00000", "2005-12-31": "3172.00000"}, "Comprehensive Income": {"2020-12-31": "", "2019-12-31": "-4739.00000", "2018-12-31": "-4500.00000", "2017-12-31": "-4633.00000", "2016-12-31": "-5362.00000", "2015-12-31": "-5708.00000", "2014-12-31": "-4646.00000", "2013-12-31": "-2759.00000", "2012-12-31": "-3840.00000", "2011-12-31": "-3005.00000", "2010-12-31": "-1822.00000", "2009-12-31": "-2077.00000", "2008-12-31": "-3322.00000", "2007-12-31": "-471.00000", "2006-12-31": "-1564.00000", "2005-12-31": "-1935.00000"}, "Other Share Holders Equity": {"2020-12-31": "-216.00000", "2019-12-31": "", "2018-12-31": "", "2017-12-31": "", "2016-12-31": "", "2015-12-31": "", "2014-12-31": "", "2013-12-31": "", "2012-12-31": "", "2011-12-31": "", "2010-12-31": "", "2009-12-31": "", "2008-12-31": "", "2007-12-31": "", "2006-12-31": "", "2005-12-31": ""}, "Share Holder Equity": {"2020-12-31": "7868.00000", "2019-12-31": "7718.00000", "2018-12-31": "7383.00000", "2017-12-31": "6541.00000", "2016-12-31": "4359.00000", "2015-12-31": "3909.00000", "2014-12-31": "5263.00000", "2013-12-31": "8284.00000", "2012-12-31": "6636.00000", "2011-12-31": "6985.00000", "2010-12-31": "7084.00000", "2009-12-31": "6255.00000", "2008-12-31": "4401.00000", "2007-12-31": "8672.00000", "2006-12-31": "7963.00000", "2005-12-31": "8351.00000"}, "Total Liabilities And Share Holders Equity": {"2020-12-31": "31718.00000", "2019-12-31": "33471.00000", "2018-12-31": "33576.00000", "2017-12-31": "33903.00000", "2016-12-31": "33093.00000", "2015-12-31": "30531.00000", "2014-12-31": "28684.00000", "2013-12-31": "31528.00000", "2012-12-31": "32153.00000", "2011-12-31": "27018.00000", "2010-12-31": "25368.00000", "2009-12-31": "25548.00000", "2008-12-31": "26913.00000", "2007-12-31": "24159.00000", "2006-12-31": "24034.00000", "2005-12-31": "28771.00000"}}, "balance sheet, quarterly": {"Cash On Hand": {"2020-12-31": "595.00000", "2020-09-30": "678.00000", "2020-06-30": "847.00000", "2020-03-31": "1239.00000", "2019-12-31": "511.00000", "2019-09-30": "697.00000", "2019-06-30": "787.00000", "2019-03-31": "641.00000", "2018-12-31": "589.00000", "2018-09-30": "1026.00000", "2018-06-30": "1073.00000", "2018-03-31": "1141.00000", "2017-12-31": "1018.00000", "2017-09-30": "998.00000", "2017-06-30": "1041.00000", "2017-03-31": "998.00000", "2016-12-31": "1033.00000", "2016-09-30": "2562.00000", "2016-06-30": "1254.00000", "2016-03-31": "1155.00000", "2015-12-31": "1050.00000", "2015-09-30": "1104.00000", "2015-06-30": "1590.00000", "2015-03-31": "1576.00000", "2014-12-31": "1881.00000", "2014-09-30": "1718.00000", "2014-06-30": "1293.00000", "2014-03-31": "1341.00000", "2013-12-31": "1802.00000", "2013-09-30": "1946.00000", "2013-06-30": "1205.00000", "2013-03-31": "934.00000", "2012-12-31": "1302.00000", "2012-09-30": "1275.00000", "2012-06-30": "1228.00000", "2012-03-31": "1288.00000", "2011-12-31": "3994.00000", "2011-09-30": "2722.00000", "2011-06-30": "2399.00000", "2011-03-31": "2049.00000", "2010-12-31": "2073.00000", "2010-09-30": "1429.00000", "2010-06-30": "1871.00000", "2010-03-31": "1749.00000", "2009-12-31": "1892.00000", "2009-09-30": "1652.00000", "2009-06-30": "1654.00000", "2009-03-31": "955.00000", "2008-12-31": "1144.00000", "2008-09-30": "771.00000", "2008-06-30": "3979.00000", "2008-03-31": "880.00000", "2007-12-31": "905.00000", "2007-09-30": "1702.00000", "2007-06-30": "1681.00000", "2007-03-31": "2390.00000", "2006-12-31": "1624.00000", "2006-09-30": "736.00000", "2006-06-30": "274.00000", "2006-03-31": "709.00000", "2005-12-31": "1641.00000", "2005-09-30": "1092.00000", "2005-06-30": "1251.00000", "2005-03-31": "1529.00000"}, "Receivables": {"2020-12-31": "3064.00000", "2020-09-30": "3034.00000", "2020-06-30": "3060.00000", "2020-03-31": "3226.00000", "2019-12-31": "3280.00000", "2019-09-30": "3305.00000", "2019-06-30": "3477.00000", "2019-03-31": "3493.00000", "2018-12-31": "3521.00000", "2018-09-30": "3580.00000", "2018-06-30": "3526.00000", "2018-03-31": "3416.00000", "2017-12-31": "3287.00000", "2017-09-30": "3343.00000", "2017-06-30": "3283.00000", "2017-03-31": "3078.00000", "2016-12-31": "2852.00000", "2016-09-30": "2807.00000", "2016-06-30": "2837.00000", "2016-03-31": "2641.00000", "2015-12-31": "2675.00000", "2015-09-30": "2832.00000", "2015-06-30": "3140.00000", "2015-03-31": "3074.00000", "2014-12-31": "3083.00000", "2014-09-30": "3293.00000", "2014-06-30": "3969.00000", "2014-03-31": "3933.00000", "2013-12-31": "3756.00000", "2013-09-30": "4024.00000", "2013-06-30": "3946.00000", "2013-03-31": "3869.00000", "2012-12-31": "3562.00000", "2012-09-30": "3699.00000", "2012-06-30": "3601.00000", "2012-03-31": "3802.00000", "2011-12-31": "3486.00000", "2011-09-30": "3830.00000", "2011-06-30": "3961.00000", "2011-03-31": "3428.00000", "2010-12-31": "3039.00000", "2010-09-30": "3310.00000", "2010-06-30": "3033.00000", "2010-03-31": "2867.00000", "2009-12-31": "2695.00000", "2009-09-30": "3080.00000", "2009-06-30": "3312.00000", "2009-03-31": "3455.00000", "2008-12-31": "3288.00000", "2008-09-30": "3864.00000", "2008-06-30": "3284.00000", "2008-03-31": "3206.00000", "2007-12-31": "3152.00000", "2007-09-30": "3080.00000", "2007-06-30": "3000.00000", "2007-03-31": "2924.00000", "2006-12-31": "2704.00000", "2006-09-30": "3048.00000", "2006-06-30": "2987.00000", "2006-03-31": "2923.00000", "2005-12-31": "2416.00000", "2005-09-30": "2918.00000", "2005-06-30": "3195.00000", "2005-03-31": "3180.00000"}, "Inventory": {"2020-12-31": "2050.00000", "2020-09-30": "2007.00000", "2020-06-30": "2010.00000", "2020-03-31": "2002.00000", "2019-12-31": "2208.00000", "2019-09-30": "2194.00000", "2019-06-30": "2224.00000", "2019-03-31": "2301.00000", "2018-12-31": "2241.00000", "2018-09-30": "2130.00000", "2018-06-30": "2050.00000", "2018-03-31": "2057.00000", "2017-12-31": "2313.00000", "2017-09-30": "2465.00000", "2017-06-30": "2361.00000", "2017-03-31": "2394.00000", "2016-12-31": "2233.00000", "2016-09-30": "2222.00000", "2016-06-30": "2165.00000", "2016-03-31": "2217.00000", "2015-12-31": "2228.00000", "2015-09-30": "2340.00000", "2015-06-30": "2424.00000", "2015-03-31": "2437.00000", "2014-12-31": "2424.00000", "2014-09-30": "2493.00000", "2014-06-30": "2798.00000", "2014-03-31": "2809.00000", "2013-12-31": "2825.00000", "2013-09-30": "2841.00000", "2013-06-30": "2745.00000", "2013-03-31": "2793.00000", "2012-12-31": "2730.00000", "2012-09-30": "2667.00000", "2012-06-30": "2650.00000", "2012-03-31": "2748.00000", "2011-12-31": "2320.00000", "2011-09-30": "2326.00000", "2011-06-30": "2405.00000", "2011-03-31": "2390.00000", "2010-12-31": "2347.00000", "2010-09-30": "2336.00000", "2010-06-30": "2212.00000", "2010-03-31": "2145.00000", "2009-12-31": "2179.00000", "2009-09-30": "2278.00000", "2009-06-30": "2209.00000", "2009-03-31": "2340.00000", "2008-12-31": "2495.00000", "2008-09-30": "2766.00000", "2008-06-30": "2219.00000", "2008-03-31": "2147.00000", "2007-12-31": "2071.00000", "2007-09-30": "2030.00000", "2007-06-30": "2013.00000", "2007-03-31": "2009.00000", "2006-12-31": "1909.00000", "2006-09-30": "2306.00000", "2006-06-30": "2334.00000", "2006-03-31": "2315.00000", "2005-12-31": "1932.00000", "2005-09-30": "2427.00000", "2005-06-30": "2830.00000", "2005-03-31": "2830.00000"}, "Pre-Paid Expenses": {"2020-12-31": "", "2020-09-30": "", "2020-06-30": "", "2020-03-31": "", "2019-12-31": "", "2019-09-30": "", "2019-06-30": "", "2019-03-31": "", "2018-12-31": "", "2018-09-30": "", "2018-06-30": "", "2018-03-31": "", "2017-12-31": "", "2017-09-30": "", "2017-06-30": "", "2017-03-31": "", "2016-12-31": "", "2016-09-30": "", "2016-06-30": "", "2016-03-31": "", "2015-12-31": "", "2015-09-30": "", "2015-06-30": "", "2015-03-31": "", "2014-12-31": "", "2014-09-30": "", "2014-06-30": "", "2014-03-31": "", "2013-12-31": "", "2013-09-30": "", "2013-06-30": "", "2013-03-31": "", "2012-12-31": "", "2012-09-30": "", "2012-06-30": "", "2012-03-31": "", "2011-12-31": "", "2011-09-30": "", "2011-06-30": "", "2011-03-31": "", "2010-12-31": "", "2010-09-30": "", "2010-06-30": "", "2010-03-31": "", "2009-12-31": "", "2009-09-30": "", "2009-06-30": "", "2009-03-31": "", "2008-12-31": "", "2008-09-30": "", "2008-06-30": "", "2008-03-31": "", "2007-12-31": "", "2007-09-30": "", "2007-06-30": "", "2007-03-31": "", "2006-12-31": "", "2006-09-30": "", "2006-06-30": "", "2006-03-31": "", "2005-12-31": "", "2005-09-30": "", "2005-06-30": "", "2005-03-31": ""}, "Other Current Assets": {"2020-12-31": "5527.00000", "2020-09-30": "5569.00000", "2020-06-30": "682.00000", "2020-03-31": "748.00000", "2019-12-31": "640.00000", "2019-09-30": "855.00000", "2019-06-30": "900.00000", "2019-03-31": "627.00000", "2018-12-31": "645.00000", "2018-09-30": "582.00000", "2018-06-30": "623.00000", "2018-03-31": "646.00000", "2017-12-31": "1659.00000", "2017-09-30": "405.00000", "2017-06-30": "552.00000", "2017-03-31": "251.00000", "2016-12-31": "552.00000", "2016-09-30": "225.00000", "2016-06-30": "318.00000", "2016-03-31": "484.00000", "2015-12-31": "212.00000", "2015-09-30": "6152.00000", "2015-06-30": "243.00000", "2015-03-31": "240.00000", "2014-12-31": "240.00000", "2014-09-30": "301.00000", "2014-06-30": "384.00000", "2014-03-31": "347.00000", "2013-12-31": "340.00000", "2013-09-30": "243.00000", "2013-06-30": "1050.00000", "2013-03-31": "1045.00000", "2012-12-31": "988.00000", "2012-09-30": "840.00000", "2012-06-30": "1304.00000", "2012-03-31": "906.00000", "2011-12-31": "360.00000", "2011-09-30": "507.00000", "2011-06-30": "317.00000", "2011-03-31": "278.00000", "2010-12-31": "230.00000", "2010-09-30": "403.00000", "2010-06-30": "285.00000", "2010-03-31": "454.00000", "2009-12-31": "417.00000", "2009-09-30": "300.00000", "2009-06-30": "208.00000", "2009-03-31": "189.00000", "2008-12-31": "172.00000", "2008-09-30": "272.00000", "2008-06-30": "353.00000", "2008-03-31": "273.00000", "2007-12-31": "394.00000", "2007-09-30": "177.00000", "2007-06-30": "222.00000", "2007-03-31": "263.00000", "2006-12-31": "1910.00000", "2006-09-30": "406.00000", "2006-06-30": "1819.00000", "2006-03-31": "1867.00000", "2005-12-31": "5492.00000", "2005-09-30": "237.00000", "2005-06-30": "333.00000", "2005-03-31": "679.00000"}, "Total Current Assets": {"2020-12-31": "11236.00000", "2020-09-30": "11288.00000", "2020-06-30": "6599.00000", "2020-03-31": "7215.00000", "2019-12-31": "6639.00000", "2019-09-30": "7051.00000", "2019-06-30": "7388.00000", "2019-03-31": "7062.00000", "2018-12-31": "6996.00000", "2018-09-30": "7318.00000", "2018-06-30": "7272.00000", "2018-03-31": "7260.00000", "2017-12-31": "8277.00000", "2017-09-30": "7211.00000", "2017-06-30": "7237.00000", "2017-03-31": "6721.00000", "2016-12-31": "6670.00000", "2016-09-30": "8103.00000", "2016-06-30": "6871.00000", "2016-03-31": "6792.00000", "2015-12-31": "6477.00000", "2015-09-30": "12754.00000", "2015-06-30": "7727.00000", "2015-03-31": "7660.00000", "2014-12-31": "7959.00000", "2014-09-30": "8139.00000", "2014-06-30": "8751.00000", "2014-03-31": "8733.00000", "2013-12-31": "9025.00000", "2013-09-30": "9475.00000", "2013-06-30": "9268.00000", "2013-03-31": "8981.00000", "2012-12-31": "8905.00000", "2012-09-30": "8993.00000", "2012-06-30": "9281.00000", "2012-03-31": "9212.00000", "2011-12-31": "10456.00000", "2011-09-30": "9935.00000", "2011-06-30": "9416.00000", "2011-03-31": "8488.00000", "2010-12-31": "8028.00000", "2010-09-30": "7808.00000", "2010-06-30": "7729.00000", "2010-03-31": "7549.00000", "2009-12-31": "7551.00000", "2009-09-30": "7517.00000", "2009-06-30": "7549.00000", "2009-03-31": "7137.00000", "2008-12-31": "7360.00000", "2008-09-30": "7890.00000", "2008-06-30": "10019.00000", "2008-03-31": "6712.00000", "2007-12-31": "6735.00000", "2007-09-30": "7505.00000", "2007-06-30": "7424.00000", "2007-03-31": "8077.00000", "2006-12-31": "8637.00000", "2006-09-30": "6784.00000", "2006-06-30": "7721.00000", "2006-03-31": "8096.00000", "2005-12-31": "11759.00000", "2005-09-30": "7063.00000", "2005-06-30": "8031.00000", "2005-03-31": "8689.00000"}, "Property, Plant, And Equipment": {"2020-12-31": "12217.00000", "2020-09-30": "12410.00000", "2020-06-30": "12586.00000", "2020-03-31": "12691.00000", "2019-12-31": "13004.00000", "2019-09-30": "12845.00000", "2019-06-30": "12962.00000", "2019-03-31": "13071.00000", "2018-12-31": "13067.00000", "2018-09-30": "13088.00000", "2018-06-30": "13193.00000", "2018-03-31": "13335.00000", "2017-12-31": "13265.00000", "2017-09-30": "14065.00000", "2017-06-30": "14040.00000", "2017-03-31": "14049.00000", "2016-12-31": "13003.00000", "2016-09-30": "12205.00000", "2016-06-30": "12233.00000", "2016-03-31": "12037.00000", "2015-12-31": "11980.00000", "2015-09-30": "11832.00000", "2015-06-30": "12561.00000", "2015-03-31": "12488.00000", "2014-12-31": "12728.00000", "2014-09-30": "12897.00000", "2014-06-30": "13204.00000", "2014-03-31": "13194.00000", "2013-12-31": "13672.00000", "2013-09-30": "13697.00000", "2013-06-30": "13838.00000", "2013-03-31": "14141.00000", "2012-12-31": "13949.00000", "2012-09-30": "13923.00000", "2012-06-30": "13956.00000", "2012-03-31": "15159.00000", "2011-12-31": "11817.00000", "2011-09-30": "11401.00000", "2011-06-30": "11821.00000", "2011-03-31": "11952.00000", "2010-12-31": "12002.00000", "2010-09-30": "12030.00000", "2010-06-30": "12008.00000", "2010-03-31": "12235.00000", "2009-12-31": "12688.00000", "2009-09-30": "13699.00000", "2009-06-30": "13766.00000", "2009-03-31": "13802.00000", "2008-12-31": "14202.00000", "2008-09-30": "14755.00000", "2008-06-30": "10442.00000", "2008-03-31": "10290.00000", "2007-12-31": "10141.00000", "2007-09-30": "9842.00000", "2007-06-30": "9678.00000", "2007-03-31": "9992.00000", "2006-12-31": "8993.00000", "2006-09-30": "9992.00000", "2006-06-30": "10248.00000", "2006-03-31": "10244.00000", "2005-12-31": "9073.00000", "2005-09-30": "11850.00000", "2005-06-30": "13150.00000", "2005-03-31": "13204.00000"}, "Long-Term Investments": {"2020-12-31": "1178.00000", "2020-09-30": "1100.00000", "2020-06-30": "1407.00000", "2020-03-31": "1370.00000", "2019-12-31": "1721.00000", "2019-09-30": "1651.00000", "2019-06-30": "1646.00000", "2019-03-31": "1770.00000", "2018-12-31": "1648.00000", "2018-09-30": "1615.00000", "2018-06-30": "1538.00000", "2018-03-31": "1490.00000", "2017-12-31": "390.00000", "2017-09-30": "336.00000", "2017-06-30": "325.00000", "2017-03-31": "311.00000", "2016-12-31": "360.00000", "2016-09-30": "325.00000", "2016-06-30": "279.00000", "2016-03-31": "287.00000", "2015-12-31": "228.00000", "2015-09-30": "260.00000", "2015-06-30": "335.00000", "2015-03-31": "272.00000", "2014-12-31": "248.00000", "2014-09-30": "530.00000", "2014-06-30": "727.00000", "2014-03-31": "659.00000", "2013-12-31": "733.00000", "2013-09-30": "755.00000", "2013-06-30": "730.00000", "2013-03-31": "810.00000", "2012-12-31": "887.00000", "2012-09-30": "870.00000", "2012-06-30": "759.00000", "2012-03-31": "869.00000", "2011-12-31": "657.00000", "2011-09-30": "706.00000", "2011-06-30": "684.00000", "2011-03-31": "1095.00000", "2010-12-31": "1092.00000", "2010-09-30": "1065.00000", "2010-06-30": "1101.00000", "2010-03-31": "1077.00000", "2009-12-31": "1077.00000", "2009-09-30": "1102.00000", "2009-06-30": "1068.00000", "2009-03-31": "1167.00000", "2008-12-31": "1274.00000", "2008-09-30": "1377.00000", "2008-06-30": "1357.00000", "2008-03-31": "1317.00000", "2007-12-31": "1276.00000", "2007-09-30": "608.00000", "2007-06-30": "616.00000", "2007-03-31": "631.00000", "2006-12-31": "641.00000", "2006-09-30": "648.00000", "2006-06-30": "618.00000", "2006-03-31": "620.00000", "2005-12-31": "616.00000", "2005-09-30": "597.00000", "2005-06-30": "644.00000", "2005-03-31": "655.00000"}, "Goodwill And Intangible Assets": {"2020-12-31": "3315.00000", "2020-09-30": "3304.00000", "2020-06-30": "3304.00000", "2020-03-31": "3304.00000", "2019-12-31": "3347.00000", "2019-09-30": "3412.00000", "2019-06-30": "3441.00000", "2019-03-31": "3393.00000", "2018-12-31": "3374.00000", "2018-09-30": "3371.00000", "2018-06-30": "3378.00000", "2018-03-31": "3414.00000", "2017-12-31": "3411.00000", "2017-09-30": "3420.00000", "2017-06-30": "3409.00000", "2017-03-31": "3402.00000", "2016-12-31": "3364.00000", "2016-09-30": "3362.00000", "2016-06-30": "3367.00000", "2016-03-31": "3354.00000", "2015-12-31": "3335.00000", "2015-09-30": "3472.00000", "2015-06-30": "3686.00000", "2015-03-31": "3677.00000", "2014-12-31": "3773.00000", "2014-09-30": "3931.00000", "2014-06-30": "4007.00000", "2014-03-31": "3996.00000", "2013-12-31": "3987.00000", "2013-09-30": "4491.00000", "2013-06-30": "4437.00000", "2013-03-31": "4527.00000", "2012-12-31": "4315.00000", "2012-09-30": "4406.00000", "2012-06-30": "4230.00000", "2012-03-31": "4218.00000", "2011-12-31": "2346.00000", "2011-09-30": "2243.00000", "2011-06-30": "2344.00000", "2011-03-31": "2320.00000", "2010-12-31": "2308.00000", "2010-09-30": "2285.00000", "2010-06-30": "2249.00000", "2010-03-31": "2267.00000", "2009-12-31": "2290.00000", "2009-09-30": "2288.00000", "2009-06-30": "2240.00000", "2009-03-31": "2113.00000", "2008-12-31": "2027.00000", "2008-09-30": "3877.00000", "2008-06-30": "3722.00000", "2008-03-31": "3658.00000", "2007-12-31": "3650.00000", "2007-09-30": "3652.00000", "2007-06-30": "3526.00000", "2007-03-31": "3251.00000", "2006-12-31": "2929.00000", "2006-09-30": "3661.00000", "2006-06-30": "3862.00000", "2006-03-31": "3840.00000", "2005-12-31": "3621.00000", "2005-09-30": "5043.00000", "2005-06-30": "5012.00000", "2005-03-31": "4998.00000"}, "Other Long-Term Assets": {"2020-12-31": "2257.00000", "2020-09-30": "2252.00000", "2020-06-30": "7098.00000", "2020-03-31": "7093.00000", "2019-12-31": "7088.00000", "2019-09-30": "7084.00000", "2019-06-30": "7079.00000", "2019-03-31": "7074.00000", "2018-12-31": "7070.00000", "2018-09-30": "7065.00000", "2018-06-30": "7061.00000", "2018-03-31": "7056.00000", "2017-12-31": "7051.00000", "2017-09-30": "7047.00000", "2017-06-30": "7042.00000", "2017-03-31": "7037.00000", "2016-12-31": "8051.00000", "2016-09-30": "7028.00000", "2016-06-30": "7023.00000", "2016-03-31": "7019.00000", "2015-12-31": "7014.00000", "2015-09-30": "2159.00000", "2015-06-30": "2155.00000", "2015-03-31": "2150.00000", "2014-12-31": "2145.00000", "2014-09-30": "2141.00000", "2014-06-30": "2136.00000", "2014-03-31": "2132.00000", "2013-12-31": "2127.00000", "2013-09-30": "2122.00000", "2013-06-30": "2118.00000", "2013-03-31": "2113.00000", "2012-12-31": "2108.00000", "2012-09-30": "2103.00000", "2012-06-30": "2475.00000", "2012-03-31": "2475.00000", "2011-12-31": "", "2011-09-30": "", "2011-06-30": "", "2011-03-31": "", "2010-12-31": "", "2010-09-30": "", "2010-06-30": "", "2010-03-31": "", "2009-12-31": "", "2009-09-30": "", "2009-06-30": "", "2009-03-31": "", "2008-12-31": "", "2008-09-30": "", "2008-06-30": "", "2008-03-31": "", "2007-12-31": "", "2007-09-30": "", "2007-06-30": "", "2007-03-31": "", "2006-12-31": "1324.00000", "2006-09-30": "1575.00000", "2006-06-30": "1666.00000", "2006-03-31": "", "2005-12-31": "", "2005-09-30": "", "2005-06-30": "", "2005-03-31": ""}, "Total Long-Term Assets": {"2020-12-31": "20482.00000", "2020-09-30": "20552.00000", "2020-06-30": "25920.00000", "2020-03-31": "26000.00000", "2019-12-31": "26832.00000", "2019-09-30": "26797.00000", "2019-06-30": "26959.00000", "2019-03-31": "27116.00000", "2018-12-31": "26580.00000", "2018-09-30": "26485.00000", "2018-06-30": "26524.00000", "2018-03-31": "26770.00000", "2017-12-31": "25626.00000", "2017-09-30": "26602.00000", "2017-06-30": "26640.00000", "2017-03-31": "26580.00000", "2016-12-31": "26423.00000", "2016-09-30": "24498.00000", "2016-06-30": "24521.00000", "2016-03-31": "24251.00000", "2015-12-31": "24054.00000", "2015-09-30": "19227.00000", "2015-06-30": "20451.00000", "2015-03-31": "20307.00000", "2014-12-31": "20725.00000", "2014-09-30": "21264.00000", "2014-06-30": "22051.00000", "2014-03-31": "21962.00000", "2013-12-31": "22503.00000", "2013-09-30": "23114.00000", "2013-06-30": "23277.00000", "2013-03-31": "23717.00000", "2012-12-31": "23248.00000", "2012-09-30": "23568.00000", "2012-06-30": "23807.00000", "2012-03-31": "24637.00000", "2011-12-31": "16562.00000", "2011-09-30": "15899.00000", "2011-06-30": "16628.00000", "2011-03-31": "17107.00000", "2010-12-31": "17340.00000", "2010-09-30": "17281.00000", "2010-06-30": "17318.00000", "2010-03-31": "17593.00000", "2009-12-31": "17997.00000", "2009-09-30": "19164.00000", "2009-06-30": "19091.00000", "2009-03-31": "19082.00000", "2008-12-31": "19553.00000", "2008-09-30": "22279.00000", "2008-06-30": "17954.00000", "2008-03-31": "17643.00000", "2007-12-31": "17424.00000", "2007-09-30": "16210.00000", "2007-06-30": "15728.00000", "2007-03-31": "15789.00000", "2006-12-31": "15397.00000", "2006-09-30": "17905.00000", "2006-06-30": "18433.00000", "2006-03-31": "18540.00000", "2005-12-31": "17012.00000", "2005-09-30": "21388.00000", "2005-06-30": "24515.00000", "2005-03-31": "24614.00000"}, "Total Assets": {"2020-12-31": "31718.00000", "2020-09-30": "31840.00000", "2020-06-30": "32519.00000", "2020-03-31": "33215.00000", "2019-12-31": "33471.00000", "2019-09-30": "33848.00000", "2019-06-30": "34347.00000", "2019-03-31": "34178.00000", "2018-12-31": "33576.00000", "2018-09-30": "33803.00000", "2018-06-30": "33796.00000", "2018-03-31": "34030.00000", "2017-12-31": "33903.00000", "2017-09-30": "33813.00000", "2017-06-30": "33877.00000", "2017-03-31": "33301.00000", "2016-12-31": "33093.00000", "2016-09-30": "32601.00000", "2016-06-30": "31392.00000", "2016-03-31": "31043.00000", "2015-12-31": "30531.00000", "2015-09-30": "31981.00000", "2015-06-30": "28178.00000", "2015-03-31": "27967.00000", "2014-12-31": "28684.00000", "2014-09-30": "29403.00000", "2014-06-30": "30802.00000", "2014-03-31": "30695.00000", "2013-12-31": "31528.00000", "2013-09-30": "32589.00000", "2013-06-30": "32545.00000", "2013-03-31": "32698.00000", "2012-12-31": "32153.00000", "2012-09-30": "32561.00000", "2012-06-30": "33088.00000", "2012-03-31": "33849.00000", "2011-12-31": "27018.00000", "2011-09-30": "25834.00000", "2011-06-30": "26044.00000", "2011-03-31": "25595.00000", "2010-12-31": "25368.00000", "2010-09-30": "25089.00000", "2010-06-30": "25047.00000", "2010-03-31": "25142.00000", "2009-12-31": "25548.00000", "2009-09-30": "26681.00000", "2009-06-30": "26640.00000", "2009-03-31": "26219.00000", "2008-12-31": "26913.00000", "2008-09-30": "30169.00000", "2008-06-30": "27973.00000", "2008-03-31": "24355.00000", "2007-12-31": "24159.00000", "2007-09-30": "23715.00000", "2007-06-30": "23152.00000", "2007-03-31": "23866.00000", "2006-12-31": "24034.00000", "2006-09-30": "24689.00000", "2006-06-30": "26154.00000", "2006-03-31": "26636.00000", "2005-12-31": "28771.00000", "2005-09-30": "28451.00000", "2005-06-30": "32546.00000", "2005-03-31": "33303.00000"}, "Total Current Liabilities": {"2020-12-31": "8284.00000", "2020-09-30": "8476.00000", "2020-06-30": "8330.00000", "2020-03-31": "9342.00000", "2019-12-31": "8646.00000", "2019-09-30": "4729.00000", "2019-06-30": "5049.00000", "2019-03-31": "4953.00000", "2018-12-31": "4694.00000", "2018-09-30": "4603.00000", "2018-06-30": "4618.00000", "2018-03-31": "4465.00000", "2017-12-31": "5102.00000", "2017-09-30": "4869.00000", "2017-06-30": "5002.00000", "2017-03-31": "4267.00000", "2016-12-31": "4069.00000", "2016-09-30": "3541.00000", "2016-06-30": "4082.00000", "2016-03-31": "4098.00000", "2015-12-31": "3924.00000", "2015-09-30": "9547.00000", "2015-06-30": "5104.00000", "2015-03-31": "4776.00000", "2014-12-31": "4909.00000", "2014-09-30": "4870.00000", "2014-06-30": "5393.00000", "2014-03-31": "5028.00000", "2013-12-31": "5127.00000", "2013-09-30": "5395.00000", "2013-06-30": "5677.00000", "2013-03-31": "5257.00000", "2012-12-31": "4998.00000", "2012-09-30": "4997.00000", "2012-06-30": "5227.00000", "2012-03-31": "5033.00000", "2011-12-31": "4738.00000", "2011-09-30": "4747.00000", "2011-06-30": "4821.00000", "2011-03-31": "4497.00000", "2010-12-31": "4503.00000", "2010-09-30": "4518.00000", "2010-06-30": "4166.00000", "2010-03-31": "4083.00000", "2009-12-31": "4012.00000", "2009-09-30": "4316.00000", "2009-06-30": "3950.00000", "2009-03-31": "4351.00000", "2008-12-31": "4755.00000", "2008-09-30": "4955.00000", "2008-06-30": "4338.00000", "2008-03-31": "4145.00000", "2007-12-31": "3842.00000", "2007-09-30": "4029.00000", "2007-06-30": "3889.00000", "2007-03-31": "3907.00000", "2006-12-31": "4641.00000", "2006-09-30": "5035.00000", "2006-06-30": "5585.00000", "2006-03-31": "4792.00000", "2005-12-31": "4955.00000", "2005-09-30": "4363.00000", "2005-06-30": "4601.00000", "2005-03-31": "4529.00000"}, "Long Term Debt": {"2020-12-31": "8064.00000", "2020-09-30": "8525.00000", "2020-06-30": "9432.00000", "2020-03-31": "9561.00000", "2019-12-31": "9597.00000", "2019-09-30": "9957.00000", "2019-06-30": "10050.00000", "2019-03-31": "9965.00000", "2018-12-31": "10015.00000", "2018-09-30": "10700.00000", "2018-06-30": "10805.00000", "2018-03-31": "10759.00000", "2017-12-31": "10846.00000", "2017-09-30": "11373.00000", "2017-06-30": "10392.00000", "2017-03-31": "10823.00000", "2016-12-31": "11075.00000", "2016-09-30": "10823.00000", "2016-06-30": "8820.00000", "2016-03-31": "8824.00000", "2015-12-31": "8844.00000", "2015-09-30": "8887.00000", "2015-06-30": "9017.00000", "2015-03-31": "8461.00000", "2014-12-31": "8631.00000", "2014-09-30": "8988.00000", "2014-06-30": "8997.00000", "2014-03-31": "8867.00000", "2013-12-31": "8827.00000", "2013-09-30": "8900.00000", "2013-06-30": "9057.00000", "2013-03-31": "9495.00000", "2012-12-31": "9696.00000", "2012-09-30": "10048.00000", "2012-06-30": "10478.00000", "2012-03-31": "10905.00000", "2011-12-31": "9189.00000", "2011-09-30": "7801.00000", "2011-06-30": "7875.00000", "2011-03-31": "8156.00000", "2010-12-31": "8358.00000", "2010-09-30": "8428.00000", "2010-06-30": "8574.00000", "2010-03-31": "8597.00000", "2009-12-31": "8729.00000", "2009-09-30": "9253.00000", "2009-06-30": "10531.00000", "2009-03-31": "10959.00000", "2008-12-31": "11246.00000", "2008-09-30": "11232.00000", "2008-06-30": "8915.00000", "2008-03-31": "6037.00000", "2007-12-31": "6353.00000", "2007-09-30": "6191.00000", "2007-06-30": "6219.00000", "2007-03-31": "6358.00000", "2006-12-31": "6531.00000", "2006-09-30": "9051.00000", "2006-06-30": "9038.00000", "2006-03-31": "10562.00000", "2005-12-31": "11019.00000", "2005-09-30": "10772.00000", "2005-06-30": "12812.00000", "2005-03-31": "13526.00000"}, "Other Non-Current Liabilities": {"2020-12-31": "3138.00000", "2020-09-30": "3147.00000", "2020-06-30": "3028.00000", "2020-03-31": "2723.00000", "2019-12-31": "2725.00000", "2019-09-30": "6870.00000", "2019-06-30": "6893.00000", "2019-03-31": "6889.00000", "2018-12-31": "6858.00000", "2018-09-30": "6840.00000", "2018-06-30": "6852.00000", "2018-03-31": "6851.00000", "2017-12-31": "6858.00000", "2017-09-30": "6749.00000", "2017-06-30": "6744.00000", "2017-03-31": "6732.00000", "2016-12-31": "6733.00000", "2016-09-30": "6706.00000", "2016-06-30": "6710.00000", "2016-03-31": "6713.00000", "2015-12-31": "6711.00000", "2015-09-30": "2506.00000", "2015-06-30": "2532.00000", "2015-03-31": "2546.00000", "2014-12-31": "2603.00000", "2014-09-30": "2633.00000", "2014-06-30": "2646.00000", "2014-03-31": "2619.00000", "2013-12-31": "2745.00000", "2013-09-30": "3055.00000", "2013-06-30": "3107.00000", "2013-03-31": "3127.00000", "2012-12-31": "3212.00000", "2012-09-30": "3329.00000", "2012-06-30": "3297.00000", "2012-03-31": "3244.00000", "2011-12-31": "758.00000", "2011-09-30": "1011.00000", "2011-06-30": "621.00000", "2011-03-31": "608.00000", "2010-12-31": "649.00000", "2010-09-30": "622.00000", "2010-06-30": "723.00000", "2010-03-31": "728.00000", "2009-12-31": "824.00000", "2009-09-30": "779.00000", "2009-06-30": "792.00000", "2009-03-31": "634.00000", "2008-12-31": "631.00000", "2008-09-30": "1854.00000", "2008-06-30": "1806.00000", "2008-03-31": "1823.00000", "2007-12-31": "1119.00000", "2007-09-30": "2567.00000", "2007-06-30": "2393.00000", "2007-03-31": "2163.00000", "2006-12-31": "2453.00000", "2006-09-30": "3790.00000", "2006-06-30": "3853.00000", "2006-03-31": "3768.00000", "2005-12-31": "3577.00000", "2005-09-30": "2959.00000", "2005-06-30": "3771.00000", "2005-03-31": "3750.00000"}, "Total Long Term Liabilities": {"2020-12-31": "15566.00000", "2020-09-30": "16268.00000", "2020-06-30": "17129.00000", "2020-03-31": "17012.00000", "2019-12-31": "17107.00000", "2019-09-30": "21663.00000", "2019-06-30": "21799.00000", "2019-03-31": "21756.00000", "2018-12-31": "21499.00000", "2018-09-30": "22142.00000", "2018-06-30": "22314.00000", "2018-03-31": "22300.00000", "2017-12-31": "22260.00000", "2017-09-30": "24011.00000", "2017-06-30": "24310.00000", "2017-03-31": "24440.00000", "2016-12-31": "24665.00000", "2016-09-30": "24831.00000", "2016-06-30": "23264.00000", "2016-03-31": "22685.00000", "2015-12-31": "22698.00000", "2015-09-30": "17964.00000", "2015-06-30": "18046.00000", "2015-03-31": "18188.00000", "2014-12-31": "18512.00000", "2014-09-30": "17556.00000", "2014-06-30": "17718.00000", "2014-03-31": "17921.00000", "2013-12-31": "18117.00000", "2013-09-30": "19652.00000", "2013-06-30": "19843.00000", "2013-03-31": "20307.00000", "2012-12-31": "20519.00000", "2012-09-30": "20219.00000", "2012-06-30": "20767.00000", "2012-03-31": "21323.00000", "2011-12-31": "15295.00000", "2011-09-30": "13425.00000", "2011-06-30": "13254.00000", "2011-03-31": "13523.00000", "2010-12-31": "13781.00000", "2010-09-30": "13933.00000", "2010-06-30": "14940.00000", "2010-03-31": "15007.00000", "2009-12-31": "15281.00000", "2009-09-30": "16481.00000", "2009-06-30": "17611.00000", "2009-03-31": "17492.00000", "2008-12-31": "17757.00000", "2008-09-30": "16449.00000", "2008-06-30": "14132.00000", "2008-03-31": "11211.00000", "2007-12-31": "11645.00000", "2007-09-30": "11730.00000", "2007-06-30": "11659.00000", "2007-03-31": "12034.00000", "2006-12-31": "11430.00000", "2006-09-30": "13780.00000", "2006-06-30": "13468.00000", "2006-03-31": "14796.00000", "2005-12-31": "15465.00000", "2005-09-30": "15221.00000", "2005-06-30": "19849.00000", "2005-03-31": "20524.00000"}, "Total Liabilities": {"2020-12-31": "23850.00000", "2020-09-30": "24744.00000", "2020-06-30": "25459.00000", "2020-03-31": "26354.00000", "2019-12-31": "25753.00000", "2019-09-30": "26392.00000", "2019-06-30": "26848.00000", "2019-03-31": "26709.00000", "2018-12-31": "26193.00000", "2018-09-30": "26745.00000", "2018-06-30": "26932.00000", "2018-03-31": "26765.00000", "2017-12-31": "27362.00000", "2017-09-30": "28880.00000", "2017-06-30": "29312.00000", "2017-03-31": "28707.00000", "2016-12-31": "28734.00000", "2016-09-30": "28372.00000", "2016-06-30": "27346.00000", "2016-03-31": "26783.00000", "2015-12-31": "26622.00000", "2015-09-30": "27511.00000", "2015-06-30": "23150.00000", "2015-03-31": "22964.00000", "2014-12-31": "23421.00000", "2014-09-30": "22426.00000", "2014-06-30": "23111.00000", "2014-03-31": "22949.00000", "2013-12-31": "23244.00000", "2013-09-30": "25047.00000", "2013-06-30": "25520.00000", "2013-03-31": "25564.00000", "2012-12-31": "25517.00000", "2012-09-30": "25216.00000", "2012-06-30": "25994.00000", "2012-03-31": "26356.00000", "2011-12-31": "20033.00000", "2011-09-30": "18172.00000", "2011-06-30": "18075.00000", "2011-03-31": "18020.00000", "2010-12-31": "18284.00000", "2010-09-30": "18451.00000", "2010-06-30": "19106.00000", "2010-03-31": "19090.00000", "2009-12-31": "19293.00000", "2009-09-30": "20797.00000", "2009-06-30": "21561.00000", "2009-03-31": "21843.00000", "2008-12-31": "22512.00000", "2008-09-30": "21404.00000", "2008-06-30": "18470.00000", "2008-03-31": "15356.00000", "2007-12-31": "15487.00000", "2007-09-30": "15759.00000", "2007-06-30": "15548.00000", "2007-03-31": "15941.00000", "2006-12-31": "16071.00000", "2006-09-30": "18815.00000", "2006-06-30": "19053.00000", "2006-03-31": "19588.00000", "2005-12-31": "20420.00000", "2005-09-30": "19584.00000", "2005-06-30": "24450.00000", "2005-03-31": "25053.00000"}, "Common Stock Net": {"2020-12-31": "", "2020-09-30": "449.00000", "2020-06-30": "449.00000", "2020-03-31": "449.00000", "2019-12-31": "449.00000", "2019-09-30": "449.00000", "2019-06-30": "449.00000", "2019-03-31": "449.00000", "2018-12-31": "449.00000", "2018-09-30": "449.00000", "2018-06-30": "449.00000", "2018-03-31": "449.00000", "2017-12-31": "449.00000", "2017-09-30": "449.00000", "2017-06-30": "449.00000", "2017-03-31": "449.00000", "2016-12-31": "449.00000", "2016-09-30": "449.00000", "2016-06-30": "449.00000", "2016-03-31": "449.00000", "2015-12-31": "449.00000", "2015-09-30": "449.00000", "2015-06-30": "449.00000", "2015-03-31": "449.00000", "2014-12-31": "449.00000", "2014-09-30": "449.00000", "2014-06-30": "448.00000", "2014-03-31": "448.00000", "2013-12-31": "447.00000", "2013-09-30": "447.00000", "2013-06-30": "446.00000", "2013-03-31": "445.00000", "2012-12-31": "440.00000", "2012-09-30": "439.00000", "2012-06-30": "439.00000", "2012-03-31": "439.00000", "2011-12-31": "439.00000", "2011-09-30": "439.00000", "2011-06-30": "439.00000", "2011-03-31": "439.00000", "2010-12-31": "439.00000", "2010-09-30": "438.00000", "2010-06-30": "438.00000", "2010-03-31": "438.00000", "2009-12-31": "437.00000", "2009-09-30": "437.00000", "2009-06-30": "436.00000", "2009-03-31": "435.00000", "2008-12-31": "434.00000", "2008-09-30": "494.00000", "2008-06-30": "494.00000", "2008-03-31": "494.00000", "2007-12-31": "494.00000", "2007-09-30": "494.00000", "2007-06-30": "493.00000", "2007-03-31": "493.00000", "2006-12-31": "493.00000", "2006-09-30": "494.00000", "2006-06-30": "493.00000", "2006-03-31": "493.00000", "2005-12-31": "491.00000", "2005-09-30": "490.00000", "2005-06-30": "490.00000", "2005-03-31": "490.00000"}, "Retained Earnings (Accumulated Deficit)": {"2020-12-31": "8070.00000", "2020-09-30": "8122.00000", "2020-06-30": "8123.00000", "2020-03-31": "8062.00000", "2019-12-31": "8408.00000", "2019-09-30": "8447.00000", "2019-06-30": "8302.00000", "2019-03-31": "8211.00000", "2018-12-31": "7465.00000", "2018-09-30": "7353.00000", "2018-06-30": "6988.00000", "2018-03-31": "6783.00000", "2017-12-31": "6180.00000", "2017-09-30": "4918.00000", "2017-06-30": "4717.00000", "2017-03-31": "4832.00000", "2016-12-31": "4818.00000", "2016-09-30": "4793.00000", "2016-06-30": "4657.00000", "2016-03-31": "4800.00000", "2015-12-31": "4649.00000", "2015-09-30": "4656.00000", "2015-06-30": "4604.00000", "2015-03-31": "4548.00000", "2014-12-31": "4409.00000", "2014-09-30": "4446.00000", "2014-06-30": "4235.00000", "2014-03-31": "4193.00000", "2013-12-31": "4446.00000", "2013-09-30": "4212.00000", "2013-06-30": "3967.00000", "2013-03-31": "3844.00000", "2012-12-31": "3662.00000", "2012-09-30": "3561.00000", "2012-06-30": "3440.00000", "2012-03-31": "3423.00000", "2011-12-31": "3355.00000", "2011-09-30": "3188.00000", "2011-06-30": "2785.00000", "2011-03-31": "2675.00000", "2010-12-31": "2416.00000", "2010-09-30": "2154.00000", "2010-06-30": "1812.00000", "2010-03-31": "1774.00000", "2009-12-31": "1949.00000", "2009-09-30": "2062.00000", "2009-06-30": "1701.00000", "2009-03-31": "1575.00000", "2008-12-31": "1430.00000", "2008-09-30": "4559.00000", "2008-06-30": "4517.00000", "2008-03-31": "4396.00000", "2007-12-31": "4375.00000", "2007-09-30": "4154.00000", "2007-06-30": "4044.00000", "2007-03-31": "3963.00000", "2006-12-31": "3737.00000", "2006-09-30": "1879.00000", "2006-06-30": "1803.00000", "2006-03-31": "1812.00000", "2005-12-31": "3172.00000", "2005-09-30": "3371.00000", "2005-06-30": "2470.00000", "2005-03-31": "2516.00000"}, "Comprehensive Income": {"2020-12-31": "", "2020-09-30": "-5132.00000", "2020-06-30": "-5149.00000", "2020-03-31": "-5255.00000", "2019-12-31": "-4739.00000", "2019-09-30": "-5014.00000", "2019-06-30": "-4870.00000", "2019-03-31": "-4975.00000", "2018-12-31": "-4500.00000", "2018-09-30": "-4887.00000", "2018-06-30": "-4881.00000", "2018-03-31": "-4530.00000", "2017-12-31": "-4633.00000", "2017-09-30": "-4949.00000", "2017-06-30": "-5108.00000", "2017-03-31": "-5152.00000", "2016-12-31": "-5362.00000", "2016-09-30": "-5458.00000", "2016-06-30": "-5481.00000", "2016-03-31": "-5389.00000", "2015-12-31": "-5708.00000", "2015-09-30": "-5358.00000", "2015-06-30": "-4886.00000", "2015-03-31": "-5042.00000", "2014-12-31": "-4646.00000", "2014-09-30": "-3065.00000", "2014-06-30": "-2628.00000", "2014-03-31": "-2778.00000", "2013-12-31": "-2759.00000", "2013-09-30": "-3812.00000", "2013-06-30": "-4036.00000", "2013-03-31": "-3762.00000", "2012-12-31": "-3840.00000", "2012-09-30": "-2959.00000", "2012-06-30": "-3124.00000", "2012-03-31": "-2702.00000", "2011-12-31": "-3005.00000", "2011-09-30": "-2077.00000", "2011-06-30": "-1362.00000", "2011-03-31": "-1611.00000", "2010-12-31": "-1822.00000", "2010-09-30": "-1975.00000", "2010-06-30": "-2301.00000", "2010-03-31": "-2115.00000", "2009-12-31": "-2077.00000", "2009-09-30": "-2558.00000", "2009-06-30": "-2977.00000", "2009-03-31": "-3518.00000", "2008-12-31": "-3322.00000", "2008-09-30": "-614.00000", "2008-06-30": "185.00000", "2008-03-31": "-179.00000", "2007-12-31": "-471.00000", "2007-09-30": "-1030.00000", "2007-06-30": "-1241.00000", "2007-03-31": "-1452.00000", "2006-12-31": "-1564.00000", "2006-09-30": "-1817.00000", "2006-06-30": "-1837.00000", "2006-03-31": "-1855.00000", "2005-12-31": "-1935.00000", "2005-09-30": "-1595.00000", "2005-06-30": "-1452.00000", "2005-03-31": "-1333.00000"}, "Other Share Holders Equity": {"2020-12-31": "-216.00000", "2020-09-30": "", "2020-06-30": "", "2020-03-31": "", "2019-12-31": "", "2019-09-30": "", "2019-06-30": "", "2019-03-31": "", "2018-12-31": "", "2018-09-30": "", "2018-06-30": "", "2018-03-31": "", "2017-12-31": "", "2017-09-30": "", "2017-06-30": "", "2017-03-31": "", "2016-12-31": "", "2016-09-30": "", "2016-06-30": "", "2016-03-31": "", "2015-12-31": "", "2015-09-30": "", "2015-06-30": "", "2015-03-31": "", "2014-12-31": "", "2014-09-30": "", "2014-06-30": "", "2014-03-31": "", "2013-12-31": "", "2013-09-30": "", "2013-06-30": "", "2013-03-31": "", "2012-12-31": "", "2012-09-30": "", "2012-06-30": "", "2012-03-31": "", "2011-12-31": "", "2011-09-30": "", "2011-06-30": "", "2011-03-31": "", "2010-12-31": "", "2010-09-30": "", "2010-06-30": "", "2010-03-31": "", "2009-12-31": "", "2009-09-30": "", "2009-06-30": "", "2009-03-31": "", "2008-12-31": "", "2008-09-30": "", "2008-06-30": "", "2008-03-31": "", "2007-12-31": "", "2007-09-30": "", "2007-06-30": "", "2007-03-31": "", "2006-12-31": "", "2006-09-30": "", "2006-06-30": "", "2006-03-31": "", "2005-12-31": "", "2005-09-30": "", "2005-06-30": "", "2005-03-31": ""}, "Share Holder Equity": {"2020-12-31": "7868.00000", "2020-09-30": "7096.00000", "2020-06-30": "7060.00000", "2020-03-31": "6861.00000", "2019-12-31": "7718.00000", "2019-09-30": "7456.00000", "2019-06-30": "7499.00000", "2019-03-31": "7469.00000", "2018-12-31": "7383.00000", "2018-09-30": "7058.00000", "2018-06-30": "6864.00000", "2018-03-31": "7265.00000", "2017-12-31": "6541.00000", "2017-09-30": "4933.00000", "2017-06-30": "4565.00000", "2017-03-31": "4594.00000", "2016-12-31": "4359.00000", "2016-09-30": "4229.00000", "2016-06-30": "4046.00000", "2016-03-31": "4260.00000", "2015-12-31": "3909.00000", "2015-09-30": "4470.00000", "2015-06-30": "5028.00000", "2015-03-31": "5003.00000", "2014-12-31": "5263.00000", "2014-09-30": "6977.00000", "2014-06-30": "7691.00000", "2014-03-31": "7746.00000", "2013-12-31": "8284.00000", "2013-09-30": "7542.00000", "2013-06-30": "7025.00000", "2013-03-31": "7134.00000", "2012-12-31": "6636.00000", "2012-09-30": "7345.00000", "2012-06-30": "7094.00000", "2012-03-31": "7493.00000", "2011-12-31": "6985.00000", "2011-09-30": "7662.00000", "2011-06-30": "7969.00000", "2011-03-31": "7575.00000", "2010-12-31": "7084.00000", "2010-09-30": "6638.00000", "2010-06-30": "5941.00000", "2010-03-31": "6052.00000", "2009-12-31": "6255.00000", "2009-09-30": "5884.00000", "2009-06-30": "5079.00000", "2009-03-31": "4376.00000", "2008-12-31": "4401.00000", "2008-09-30": "8765.00000", "2008-06-30": "9503.00000", "2008-03-31": "8999.00000", "2007-12-31": "8672.00000", "2007-09-30": "7956.00000", "2007-06-30": "7604.00000", "2007-03-31": "7925.00000", "2006-12-31": "7963.00000", "2006-09-30": "5874.00000", "2006-06-30": "7101.00000", "2006-03-31": "7048.00000", "2005-12-31": "8351.00000", "2005-09-30": "8867.00000", "2005-06-30": "8096.00000", "2005-03-31": "8250.00000"}, "Total Liabilities And Share Holders Equity": {"2020-12-31": "31718.00000", "2020-09-30": "31840.00000", "2020-06-30": "32519.00000", "2020-03-31": "33215.00000", "2019-12-31": "33471.00000", "2019-09-30": "33848.00000", "2019-06-30": "34347.00000", "2019-03-31": "34178.00000", "2018-12-31": "33576.00000", "2018-09-30": "33803.00000", "2018-06-30": "33796.00000", "2018-03-31": "34030.00000", "2017-12-31": "33903.00000", "2017-09-30": "33813.00000", "2017-06-30": "33877.00000", "2017-03-31": "33301.00000", "2016-12-31": "33093.00000", "2016-09-30": "32601.00000", "2016-06-30": "31392.00000", "2016-03-31": "31043.00000", "2015-12-31": "30531.00000", "2015-09-30": "31981.00000", "2015-06-30": "28178.00000", "2015-03-31": "27967.00000", "2014-12-31": "28684.00000", "2014-09-30": "29403.00000", "2014-06-30": "30802.00000", "2014-03-31": "30695.00000", "2013-12-31": "31528.00000", "2013-09-30": "32589.00000", "2013-06-30": "32545.00000", "2013-03-31": "32698.00000", "2012-12-31": "32153.00000", "2012-09-30": "32561.00000", "2012-06-30": "33088.00000", "2012-03-31": "33849.00000", "2011-12-31": "27018.00000", "2011-09-30": "25834.00000", "2011-06-30": "26044.00000", "2011-03-31": "25595.00000", "2010-12-31": "25368.00000", "2010-09-30": "25089.00000", "2010-06-30": "25047.00000", "2010-03-31": "25142.00000", "2009-12-31": "25548.00000", "2009-09-30": "26681.00000", "2009-06-30": "26640.00000", "2009-03-31": "26219.00000", "2008-12-31": "26913.00000", "2008-09-30": "30169.00000", "2008-06-30": "27973.00000", "2008-03-31": "24355.00000", "2007-12-31": "24159.00000", "2007-09-30": "23715.00000", "2007-06-30": "23152.00000", "2007-03-31": "23866.00000", "2006-12-31": "24034.00000", "2006-09-30": "24689.00000", "2006-06-30": "26154.00000", "2006-03-31": "26636.00000", "2005-12-31": "28771.00000", "2005-09-30": "28451.00000", "2005-06-30": "32546.00000", "2005-03-31": "33303.00000"}}, "cash flow statement": {"Net Income/Loss": {"2020-12-31": "482.00000", "2019-12-31": "1220.00000", "2018-12-31": "2017.00000", "2017-12-31": "2144.00000", "2016-12-31": "902.00000", "2015-12-31": "917.00000", "2014-12-31": "536.00000", "2013-12-31": "1378.00000", "2012-12-31": "799.00000", "2011-12-31": "1336.00000", "2010-12-31": "712.00000", "2009-12-31": "681.00000", "2008-12-31": "-1266.00000", "2007-12-31": "1168.00000", "2006-12-31": "1050.00000", "2005-12-31": "1100.00000"}, "Total Depreciation And Amortization - Cash Flow": {"2020-12-31": "1287.00000", "2019-12-31": "1306.00000", "2018-12-31": "1328.00000", "2017-12-31": "1423.00000", "2016-12-31": "1227.00000", "2015-12-31": "1294.00000", "2014-12-31": "1414.00000", "2013-12-31": "1547.00000", "2012-12-31": "1486.00000", "2011-12-31": "1332.00000", "2010-12-31": "1456.00000", "2009-12-31": "1472.00000", "2008-12-31": "3124.00000", "2007-12-31": "1086.00000", "2006-12-31": "1917.00000", "2005-12-31": "1274.00000"}, "Other Non-Cash Items": {"2020-12-31": "970.00000", "2019-12-31": "742.00000", "2018-12-31": "320.00000", "2017-12-31": "-1408.00000", "2016-12-31": "278.00000", "2015-12-31": "591.00000", "2014-12-31": "1285.00000", "2013-12-31": "589.00000", "2012-12-31": "598.00000", "2011-12-31": "512.00000", "2010-12-31": "-79.00000", "2009-12-31": "1722.00000", "2008-12-31": "545.00000", "2007-12-31": "172.00000", "2006-12-31": "-1390.00000", "2005-12-31": "-306.00000"}, "Total Non-Cash Items": {"2020-12-31": "2257.00000", "2019-12-31": "2048.00000", "2018-12-31": "1648.00000", "2017-12-31": "15.00000", "2016-12-31": "1505.00000", "2015-12-31": "1885.00000", "2014-12-31": "2699.00000", "2013-12-31": "2136.00000", "2012-12-31": "2084.00000", "2011-12-31": "1844.00000", "2010-12-31": "1377.00000", "2009-12-31": "3194.00000", "2008-12-31": "3669.00000", "2007-12-31": "1258.00000", "2006-12-31": "527.00000", "2005-12-31": "968.00000"}, "Change In Accounts Receivable": {"2020-12-31": "59.00000", "2019-12-31": "246.00000", "2018-12-31": "-342.00000", "2017-12-31": "-370.00000", "2016-12-31": "-94.00000", "2015-12-31": "7.00000", "2014-12-31": "-97.00000", "2013-12-31": "-134.00000", "2012-12-31": "377.00000", "2011-12-31": "-128.00000", "2010-12-31": "-327.00000", "2009-12-31": "604.00000", "2008-12-31": "451.00000", "2007-12-31": "-141.00000", "2006-12-31": "-39.00000", "2005-12-31": "59.00000"}, "Change In Inventories": {"2020-12-31": "35.00000", "2019-12-31": "-1.00000", "2018-12-31": "-236.00000", "2017-12-31": "-87.00000", "2016-12-31": "11.00000", "2015-12-31": "-131.00000", "2014-12-31": "-103.00000", "2013-12-31": "-114.00000", "2012-12-31": "-28.00000", "2011-12-31": "-56.00000", "2010-12-31": "-186.00000", "2009-12-31": "316.00000", "2008-12-31": "48.00000", "2007-12-31": "-82.00000", "2006-12-31": "-43.00000", "2005-12-31": "8.00000"}, "Change In Accounts Payable": {"2020-12-31": "", "2019-12-31": "", "2018-12-31": "", "2017-12-31": "", "2016-12-31": "", "2015-12-31": "", "2014-12-31": "", "2013-12-31": "", "2012-12-31": "", "2011-12-31": "", "2010-12-31": "", "2009-12-31": "", "2008-12-31": "", "2007-12-31": "", "2006-12-31": "", "2005-12-31": ""}, "Change In Assets/Liabilities": {"2020-12-31": "89.00000", "2019-12-31": "-42.00000", "2018-12-31": "-12.00000", "2017-12-31": "-59.00000", "2016-12-31": "56.00000", "2015-12-31": "-9.00000", "2014-12-31": "60.00000", "2013-12-31": "-128.00000", "2012-12-31": "8.00000", "2011-12-31": "68.00000", "2010-12-31": "107.00000", "2009-12-31": "181.00000", "2008-12-31": "84.00000", "2007-12-31": "-104.00000", "2006-12-31": "-132.00000", "2005-12-31": "9.00000"}, "Total Change In Assets/Liabilities": {"2020-12-31": "324.00000", "2019-12-31": "342.00000", "2018-12-31": "-439.00000", "2017-12-31": "-402.00000", "2016-12-31": "71.00000", "2015-12-31": "-222.00000", "2014-12-31": "-158.00000", "2013-12-31": "-486.00000", "2012-12-31": "84.00000", "2011-12-31": "-505.00000", "2010-12-31": "-458.00000", "2009-12-31": "780.00000", "2008-12-31": "266.00000", "2007-12-31": "-539.00000", "2006-12-31": "-354.00000", "2005-12-31": "-558.00000"}, "Cash Flow From Operating Activities": {"2020-12-31": "3063.00000", "2019-12-31": "3610.00000", "2018-12-31": "3226.00000", "2017-12-31": "1757.00000", "2016-12-31": "2478.00000", "2015-12-31": "2580.00000", "2014-12-31": "3077.00000", "2013-12-31": "3028.00000", "2012-12-31": "2967.00000", "2011-12-31": "2675.00000", "2010-12-31": "1631.00000", "2009-12-31": "4655.00000", "2008-12-31": "2669.00000", "2007-12-31": "1887.00000", "2006-12-31": "1223.00000", "2005-12-31": "1510.00000"}, "Net Change In Property, Plant, And Equipment": {"2020-12-31": "-743.00000", "2019-12-31": "-1258.00000", "2018-12-31": "-1549.00000", "2017-12-31": "-1365.00000", "2016-12-31": "-1329.00000", "2015-12-31": "-1450.00000", "2014-12-31": "-1305.00000", "2013-12-31": "-1133.00000", "2012-12-31": "-1383.00000", "2011-12-31": "-1159.00000", "2010-12-31": "-775.00000", "2009-12-31": "-534.00000", "2008-12-31": "-1002.00000", "2007-12-31": "-1288.00000", "2006-12-31": "626.00000", "2005-12-31": "-992.00000"}, "Net Change In Intangible Assets": {"2020-12-31": "", "2019-12-31": "", "2018-12-31": "", "2017-12-31": "", "2016-12-31": "", "2015-12-31": "", "2014-12-31": "", "2013-12-31": "", "2012-12-31": "", "2011-12-31": "", "2010-12-31": "", "2009-12-31": "", "2008-12-31": "", "2007-12-31": "", "2006-12-31": "", "2005-12-31": ""}, "Net Acquisitions/Divestitures": {"2020-12-31": "-25.00000", "2019-12-31": "-22.00000", "2018-12-31": "-8.00000", "2017-12-31": "-41.00000", "2016-12-31": "-2120.00000", "2015-12-31": "23.00000", "2014-12-31": "411.00000", "2013-12-31": "221.00000", "2012-12-31": "-3260.00000", "2011-12-31": "-329.00000", "2010-12-31": "-152.00000", "2009-12-31": "-17.00000", "2008-12-31": "-6072.00000", "2007-12-31": "1432.00000", "2006-12-31": "1666.00000", "2005-12-31": "1221.00000"}, "Net Change In Short-term Investments": {"2020-12-31": "", "2019-12-31": "", "2018-12-31": "", "2017-12-31": "", "2016-12-31": "", "2015-12-31": "", "2014-12-31": "", "2013-12-31": "", "2012-12-31": "", "2011-12-31": "", "2010-12-31": "", "2009-12-31": "", "2008-12-31": "", "2007-12-31": "", "2006-12-31": "", "2005-12-31": ""}, "Net Change In Long-Term Investments": {"2020-12-31": "500.00000", "2019-12-31": "", "2018-12-31": "", "2017-12-31": "", "2016-12-31": "", "2015-12-31": "-198.00000", "2014-12-31": "", "2013-12-31": "", "2012-12-31": "-45.00000", "2011-12-31": "", "2010-12-31": "", "2009-12-31": "", "2008-12-31": "-21.00000", "2007-12-31": "-578.00000", "2006-12-31": "", "2005-12-31": ""}, "Net Change In Investments - Total": {"2020-12-31": "500.00000", "2019-12-31": "", "2018-12-31": "", "2017-12-31": "", "2016-12-31": "", "2015-12-31": "-198.00000", "2014-12-31": "", "2013-12-31": "", "2012-12-31": "-45.00000", "2011-12-31": "", "2010-12-31": "", "2009-12-31": "", "2008-12-31": "-21.00000", "2007-12-31": "-578.00000", "2006-12-31": "", "2005-12-31": ""}, "Investing Activities - Other": {"2020-12-31": "-1.00000", "2019-12-31": "-20.00000", "2018-12-31": "-12.00000", "2017-12-31": "15.00000", "2016-12-31": "-49.00000", "2015-12-31": "-114.00000", "2014-12-31": "34.00000", "2013-12-31": "85.00000", "2012-12-31": "-170.00000", "2011-12-31": "1.00000", "2010-12-31": "93.00000", "2009-12-31": "-42.00000", "2008-12-31": "-102.00000", "2007-12-31": "-12.00000", "2006-12-31": "-1258.00000", "2005-12-31": "-222.00000"}, "Cash Flow From Investing Activities": {"2020-12-31": "-269.00000", "2019-12-31": "-1300.00000", "2018-12-31": "-1569.00000", "2017-12-31": "-1391.00000", "2016-12-31": "-3498.00000", "2015-12-31": "-1739.00000", "2014-12-31": "-860.00000", "2013-12-31": "-827.00000", "2012-12-31": "-4858.00000", "2011-12-31": "-1487.00000", "2010-12-31": "-834.00000", "2009-12-31": "-593.00000", "2008-12-31": "-7197.00000", "2007-12-31": "-446.00000", "2006-12-31": "1034.00000", "2005-12-31": "7.00000"}, "Net Long-Term Debt": {"2020-12-31": "-1695.00000", "2019-12-31": "-973.00000", "2018-12-31": "-518.00000", "2017-12-31": "483.00000", "2016-12-31": "1892.00000", "2015-12-31": "-74.00000", "2014-12-31": "-113.00000", "2013-12-31": "-604.00000", "2012-12-31": "-356.00000", "2011-12-31": "1249.00000", "2010-12-31": "-383.00000", "2009-12-31": "-3089.00000", "2008-12-31": "5328.00000", "2007-12-31": "-797.00000", "2006-12-31": "-318.00000", "2005-12-31": "-1701.00000"}, "Net Current Debt": {"2020-12-31": "35.00000", "2019-12-31": "-66.00000", "2018-12-31": "-1.00000", "2017-12-31": "26.00000", "2016-12-31": "", "2015-12-31": "-14.00000", "2014-12-31": "30.00000", "2013-12-31": "-123.00000", "2012-12-31": "11.00000", "2011-12-31": "-29.00000", "2010-12-31": "38.00000", "2009-12-31": "20.00000", "2008-12-31": "-36.00000", "2007-12-31": "77.00000", "2006-12-31": "10.00000", "2005-12-31": "4.00000"}, "Debt Issuance/Retirement Net - Total": {"2020-12-31": "-1660.00000", "2019-12-31": "-1039.00000", "2018-12-31": "-519.00000", "2017-12-31": "509.00000", "2016-12-31": "1892.00000", "2015-12-31": "-88.00000", "2014-12-31": "-83.00000", "2013-12-31": "-727.00000", "2012-12-31": "-345.00000", "2011-12-31": "1220.00000", "2010-12-31": "-345.00000", "2009-12-31": "-3069.00000", "2008-12-31": "5292.00000", "2007-12-31": "-720.00000", "2006-12-31": "-308.00000", "2005-12-31": "-1697.00000"}, "Net Common Equity Issued/Repurchased": {"2020-12-31": "-42.00000", "2019-12-31": "-535.00000", "2018-12-31": "-732.00000", "2017-12-31": "-47.00000", "2016-12-31": "-132.00000", "2015-12-31": "-603.00000", "2014-12-31": "-996.00000", "2013-12-31": "-214.00000", "2012-12-31": "73.00000", "2011-12-31": "-30.00000", "2010-12-31": "-26.00000", "2009-12-31": "-10.00000", "2008-12-31": "-46.00000", "2007-12-31": "-1096.00000", "2006-12-31": "-1401.00000", "2005-12-31": "23.00000"}, "Net Total Equity Issued/Repurchased": {"2020-12-31": "-42.00000", "2019-12-31": "-535.00000", "2018-12-31": "-732.00000", "2017-12-31": "-47.00000", "2016-12-31": "-132.00000", "2015-12-31": "-603.00000", "2014-12-31": "-996.00000", "2013-12-31": "-364.00000", "2012-12-31": "73.00000", "2011-12-31": "-30.00000", "2010-12-31": "-26.00000", "2009-12-31": "-10.00000", "2008-12-31": "-46.00000", "2007-12-31": "-1096.00000", "2006-12-31": "-1401.00000", "2005-12-31": "23.00000"}, "Total Common And Preferred Stock Dividends Paid": {"2020-12-31": "-806.00000", "2019-12-31": "-796.00000", "2018-12-31": "-789.00000", "2017-12-31": "-769.00000", "2016-12-31": "-733.00000", "2015-12-31": "-685.00000", "2014-12-31": "-620.00000", "2013-12-31": "-554.00000", "2012-12-31": "-476.00000", "2011-12-31": "-427.00000", "2010-12-31": "-175.00000", "2009-12-31": "-140.00000", "2008-12-31": "-428.00000", "2007-12-31": "-436.00000", "2006-12-31": "-485.00000", "2005-12-31": "-490.00000"}, "Financial Activities - Other": {"2020-12-31": "-192.00000", "2019-12-31": "-19.00000", "2018-12-31": "-6.00000", "2017-12-31": "-92.00000", "2016-12-31": "-45.00000", "2015-12-31": "-225.00000", "2014-12-31": "-387.00000", "2013-12-31": "-43.00000", "2012-12-31": "-47.00000", "2011-12-31": "-21.00000", "2010-12-31": "-42.00000", "2009-12-31": "-157.00000", "2008-12-31": "41.00000", "2007-12-31": "", "2006-12-31": "-110.00000", "2005-12-31": "-213.00000"}, "Cash Flow From Financial Activities": {"2020-12-31": "-2700.00000", "2019-12-31": "-2389.00000", "2018-12-31": "-2046.00000", "2017-12-31": "-399.00000", "2016-12-31": "982.00000", "2015-12-31": "-1601.00000", "2014-12-31": "-2086.00000", "2013-12-31": "-1688.00000", "2012-12-31": "-795.00000", "2011-12-31": "742.00000", "2010-12-31": "-588.00000", "2009-12-31": "-3376.00000", "2008-12-31": "4859.00000", "2007-12-31": "-2252.00000", "2006-12-31": "-2304.00000", "2005-12-31": "-2377.00000"}, "Net Cash Flow": {"2020-12-31": "84.00000", "2019-12-31": "-78.00000", "2018-12-31": "-429.00000", "2017-12-31": "-15.00000", "2016-12-31": "-17.00000", "2015-12-31": "-831.00000", "2014-12-31": "79.00000", "2013-12-31": "500.00000", "2012-12-31": "-2692.00000", "2011-12-31": "1921.00000", "2010-12-31": "181.00000", "2009-12-31": "748.00000", "2008-12-31": "239.00000", "2007-12-31": "-719.00000", "2006-12-31": "-17.00000", "2005-12-31": "-955.00000"}, "Stock-Based Compensation": {"2020-12-31": "", "2019-12-31": "", "2018-12-31": "", "2017-12-31": "", "2016-12-31": "", "2015-12-31": "", "2014-12-31": "", "2013-12-31": "", "2012-12-31": "", "2011-12-31": "", "2010-12-31": "", "2009-12-31": "", "2008-12-31": "", "2007-12-31": "", "2006-12-31": "", "2005-12-31": ""}, "Common Stock Dividends Paid": {"2020-12-31": "-806.00000", "2019-12-31": "-796.00000", "2018-12-31": "-789.00000", "2017-12-31": "-769.00000", "2016-12-31": "-733.00000", "2015-12-31": "-685.00000", "2014-12-31": "-620.00000", "2013-12-31": "-554.00000", "2012-12-31": "-476.00000", "2011-12-31": "-427.00000", "2010-12-31": "-175.00000", "2009-12-31": "-140.00000", "2008-12-31": "-428.00000", "2007-12-31": "-436.00000", "2006-12-31": "-485.00000", "2005-12-31": "-490.00000"}}, "cash flow statement, quarterly": {"Net Income/Loss": {"2020-12-31": 153, "2020-09-30": 204, "2020-06-30": 266, "2020-03-31": "-141.00000", "2019-12-31": 166, "2019-09-30": 342, "2019-06-30": 286, "2019-03-31": "426.00000", "2018-12-31": 318, "2018-09-30": 562, "2018-06-30": 407, "2018-03-31": "730.00000", "2017-12-31": 1460, "2017-09-30": 395, "2017-06-30": 80, "2017-03-31": "209.00000", "2016-12-31": 219, "2016-09-30": 309, "2016-06-30": 40, "2016-03-31": "334.00000", "2015-12-31": 178, "2015-09-30": 210, "2015-06-30": 218, "2015-03-31": "311.00000", "2014-12-31": 128, "2014-09-30": 349, "2014-06-30": 158, "2014-03-31": "-99.00000", "2013-12-31": 430, "2013-09-30": 376, "2013-06-30": 257, "2013-03-31": "315.00000", "2012-12-31": 232, "2012-09-30": 238, "2012-06-30": 137, "2012-03-31": "192.00000", "2011-12-31": 285, "2011-09-30": 465, "2011-06-30": 227, "2011-03-31": "359.00000", "2010-12-31": 366, "2010-09-30": 399, "2010-06-30": 100, "2010-03-31": "-153.00000", "2009-12-31": -97, "2009-09-30": 377, "2009-06-30": 140, "2009-03-31": "261.00000", "2008-12-31": -1775, "2008-09-30": 149, "2008-06-30": 227, "2008-03-31": "133.00000", "2007-12-31": 327, "2007-09-30": 217, "2007-06-30": 190, "2007-03-31": "434.00000", "2006-12-31": 1979, "2006-09-30": 224, "2006-06-30": 83, "2006-03-31": "-1236.00000", "2005-12-31": -77, "2005-09-30": 1023, "2005-06-30": 77, "2005-03-31": "77.00000"}, "Total Depreciation And Amortization - Cash Flow": {"2020-12-31": 332, "2020-09-30": 320, "2020-06-30": 312, "2020-03-31": "323.00000", "2019-12-31": 343, "2019-09-30": 327, "2019-06-30": 321, "2019-03-31": "315.00000", "2018-12-31": 338, "2018-09-30": 335, "2018-06-30": 330, "2018-03-31": "325.00000", "2017-12-31": 348, "2017-09-30": 373, "2017-06-30": 357, "2017-03-31": "345.00000", "2016-12-31": 328, "2016-09-30": 314, "2016-06-30": 301, "2016-03-31": "284.00000", "2015-12-31": 314, "2015-09-30": 329, "2015-06-30": 328, "2015-03-31": "323.00000", "2014-12-31": 346, "2014-09-30": 357, "2014-06-30": 359, "2014-03-31": "352.00000", "2013-12-31": 371, "2013-09-30": 401, "2013-06-30": 396, "2013-03-31": "379.00000", "2012-12-31": 375, "2012-09-30": 383, "2012-06-30": 366, "2012-03-31": "362.00000", "2011-12-31": 321, "2011-09-30": 335, "2011-06-30": 336, "2011-03-31": "340.00000", "2010-12-31": 360, "2010-09-30": 362, "2010-06-30": 363, "2010-03-31": "371.00000", "2009-12-31": 384, "2009-09-30": 378, "2009-06-30": 367, "2009-03-31": "343.00000", "2008-12-31": 2159, "2008-09-30": 374, "2008-06-30": 305, "2008-03-31": "286.00000", "2007-12-31": 278, "2007-09-30": 277, "2007-06-30": 269, "2007-03-31": "262.00000", "2006-12-31": 1034, "2006-09-30": 287, "2006-06-30": 282, "2006-03-31": "314.00000", "2005-12-31": 269, "2005-09-30": 332, "2005-06-30": 357, "2005-03-31": "316.00000"}, "Other Non-Cash Items": {"2020-12-31": 151, "2020-09-30": 227, "2020-06-30": 25, "2020-03-31": "567.00000", "2019-12-31": 253, "2019-09-30": 135, "2019-06-30": 375, "2019-03-31": "-21.00000", "2018-12-31": 355, "2018-09-30": 80, "2018-06-30": 145, "2018-03-31": "-260.00000", "2017-12-31": -785, "2017-09-30": -1558, "2017-06-30": 732, "2017-03-31": "203.00000", "2016-12-31": 174, "2016-09-30": -373, "2016-06-30": 421, "2016-03-31": "56.00000", "2015-12-31": 437, "2015-09-30": 437, "2015-06-30": -443, "2015-03-31": "160.00000", "2014-12-31": 492, "2014-09-30": 209, "2014-06-30": 140, "2014-03-31": "444.00000", "2013-12-31": 137, "2013-09-30": 126, "2013-06-30": 208, "2013-03-31": "118.00000", "2012-12-31": 190, "2012-09-30": 137, "2012-06-30": 178, "2012-03-31": "93.00000", "2011-12-31": 61, "2011-09-30": 264, "2011-06-30": 130, "2011-03-31": "57.00000", "2010-12-31": 84, "2010-09-30": -618, "2010-06-30": 179, "2010-03-31": "276.00000", "2009-12-31": 869, "2009-09-30": 44, "2009-06-30": 918, "2009-03-31": "-109.00000", "2008-12-31": 276, "2008-09-30": 296, "2008-06-30": -26, "2008-03-31": "-1.00000", "2007-12-31": 61, "2007-09-30": 54, "2007-06-30": 219, "2007-03-31": "-162.00000", "2006-12-31": -3385, "2006-09-30": 106, "2006-06-30": 450, "2006-03-31": "1439.00000", "2005-12-31": 139, "2005-09-30": -764, "2005-06-30": 187, "2005-03-31": "132.00000"}, "Total Non-Cash Items": {"2020-12-31": 483, "2020-09-30": 547, "2020-06-30": 337, "2020-03-31": "890.00000", "2019-12-31": 596, "2019-09-30": 462, "2019-06-30": 696, "2019-03-31": "294.00000", "2018-12-31": 693, "2018-09-30": 415, "2018-06-30": 475, "2018-03-31": "65.00000", "2017-12-31": -437, "2017-09-30": -1185, "2017-06-30": 1089, "2017-03-31": "548.00000", "2016-12-31": 502, "2016-09-30": -59, "2016-06-30": 722, "2016-03-31": "340.00000", "2015-12-31": 751, "2015-09-30": 766, "2015-06-30": -115, "2015-03-31": "483.00000", "2014-12-31": 838, "2014-09-30": 566, "2014-06-30": 499, "2014-03-31": "796.00000", "2013-12-31": 508, "2013-09-30": 527, "2013-06-30": 604, "2013-03-31": "497.00000", "2012-12-31": 565, "2012-09-30": 520, "2012-06-30": 544, "2012-03-31": "455.00000", "2011-12-31": 382, "2011-09-30": 599, "2011-06-30": 466, "2011-03-31": "397.00000", "2010-12-31": 444, "2010-09-30": -256, "2010-06-30": 542, "2010-03-31": "647.00000", "2009-12-31": 1253, "2009-09-30": 422, "2009-06-30": 1285, "2009-03-31": "234.00000", "2008-12-31": 2435, "2008-09-30": 670, "2008-06-30": 279, "2008-03-31": "285.00000", "2007-12-31": 339, "2007-09-30": 331, "2007-06-30": 488, "2007-03-31": "100.00000", "2006-12-31": -2351, "2006-09-30": 393, "2006-06-30": 732, "2006-03-31": "1753.00000", "2005-12-31": 408, "2005-09-30": -432, "2005-06-30": 544, "2005-03-31": "448.00000"}, "Change In Accounts Receivable": {"2020-12-31": -37, "2020-09-30": 22, "2020-06-30": 181, "2020-03-31": "-107.00000", "2019-12-31": 78, "2019-09-30": 120, "2019-06-30": 22, "2019-03-31": "26.00000", "2018-12-31": 99, "2018-09-30": -108, "2018-06-30": -211, "2018-03-31": "-122.00000", "2017-12-31": -77, "2017-09-30": -63, "2017-06-30": -173, "2017-03-31": "-57.00000", "2016-12-31": -11, "2016-09-30": 3, "2016-06-30": -79, "2016-03-31": "-7.00000", "2015-12-31": 173, "2015-09-30": -33, "2015-06-30": -57, "2015-03-31": "-76.00000", "2014-12-31": 117, "2014-09-30": -7, "2014-06-30": -37, "2014-03-31": "-170.00000", "2013-12-31": 223, "2013-09-30": -23, "2013-06-30": -112, "2013-03-31": "-222.00000", "2012-12-31": 151, "2012-09-30": -50, "2012-06-30": 163, "2012-03-31": "113.00000", "2011-12-31": 374, "2011-09-30": -64, "2011-06-30": -73, "2011-03-31": "-365.00000", "2010-12-31": 228, "2010-09-30": -231, "2010-06-30": -118, "2010-03-31": "-206.00000", "2009-12-31": 138, "2009-09-30": 271, "2009-06-30": -17, "2009-03-31": "212.00000", "2008-12-31": 463, "2008-09-30": 15, "2008-06-30": -32, "2008-03-31": "5.00000", "2007-12-31": -135, "2007-09-30": 150, "2007-06-30": -75, "2007-03-31": "-81.00000", "2006-12-31": 210, "2006-09-30": -109, "2006-06-30": -30, "2006-03-31": "-110.00000", "2005-12-31": 150, "2005-09-30": -21, "2005-06-30": 12, "2005-03-31": "-82.00000"}, "Change In Inventories": {"2020-12-31": -39, "2020-09-30": 9, "2020-06-30": 5, "2020-03-31": "60.00000", "2019-12-31": 8, "2019-09-30": -57, "2019-06-30": 70, "2019-03-31": "-22.00000", "2018-12-31": -116, "2018-09-30": -94, "2018-06-30": -47, "2018-03-31": "21.00000", "2017-12-31": -17, "2017-09-30": -91, "2017-06-30": 36, "2017-03-31": "-15.00000", "2016-12-31": 17, "2016-09-30": -54, "2016-06-30": 57, "2016-03-31": "-9.00000", "2015-12-31": 90, "2015-09-30": -162, "2015-06-30": 22, "2015-03-31": "-81.00000", "2014-12-31": 15, "2014-09-30": -126, "2014-06-30": 11, "2014-03-31": "-3.00000", "2013-12-31": 7, "2013-09-30": -89, "2013-06-30": 15, "2013-03-31": "-47.00000", "2012-12-31": -51, "2012-09-30": -10, "2012-06-30": -6, "2012-03-31": "39.00000", "2011-12-31": 29, "2011-09-30": -81, "2011-06-30": -11, "2011-03-31": "7.00000", "2010-12-31": -5, "2010-09-30": -70, "2010-06-30": -60, "2010-03-31": "-51.00000", "2009-12-31": 54, "2009-09-30": -48, "2009-06-30": 164, "2009-03-31": "146.00000", "2008-12-31": 152, "2008-09-30": -14, "2008-06-30": -58, "2008-03-31": "-32.00000", "2007-12-31": 9, "2007-09-30": 27, "2007-06-30": 11, "2007-03-31": "-129.00000", "2006-12-31": -11, "2006-09-30": -28, "2006-06-30": -13, "2006-03-31": "9.00000", "2005-12-31": 33, "2005-09-30": 91, "2005-06-30": -51, "2005-03-31": "-65.00000"}, "Change In Accounts Payable": {"2020-12-31": 0, "2020-09-30": 0, "2020-06-30": 0, "2020-03-31": "", "2019-12-31": 0, "2019-09-30": 0, "2019-06-30": 0, "2019-03-31": "", "2018-12-31": 0, "2018-09-30": 0, "2018-06-30": 0, "2018-03-31": "", "2017-12-31": 0, "2017-09-30": 0, "2017-06-30": 0, "2017-03-31": "", "2016-12-31": 0, "2016-09-30": 0, "2016-06-30": 0, "2016-03-31": "", "2015-12-31": 0, "2015-09-30": 0, "2015-06-30": 0, "2015-03-31": "", "2014-12-31": 0, "2014-09-30": 0, "2014-06-30": 0, "2014-03-31": "", "2013-12-31": 0, "2013-09-30": 0, "2013-06-30": 0, "2013-03-31": "", "2012-12-31": 0, "2012-09-30": 0, "2012-06-30": 0, "2012-03-31": "", "2011-12-31": 0, "2011-09-30": 0, "2011-06-30": 0, "2011-03-31": "", "2010-12-31": 0, "2010-09-30": 0, "2010-06-30": 0, "2010-03-31": "", "2009-12-31": 0, "2009-09-30": 165, "2009-06-30": -165, "2009-03-31": "", "2008-12-31": 0, "2008-09-30": 0, "2008-06-30": 0, "2008-03-31": "", "2007-12-31": 0, "2007-09-30": 0, "2007-06-30": 0, "2007-03-31": "", "2006-12-31": 0, "2006-09-30": 0, "2006-06-30": 0, "2006-03-31": "", "2005-12-31": 0, "2005-09-30": 0, "2005-06-30": 0, "2005-03-31": ""}, "Change In Assets/Liabilities": {"2020-12-31": 88, "2020-09-30": -84, "2020-06-30": 107, "2020-03-31": "-22.00000", "2019-12-31": -70, "2019-09-30": 28, "2019-06-30": 25, "2019-03-31": "-25.00000", "2018-12-31": -23, "2018-09-30": 7, "2018-06-30": 46, "2018-03-31": "-42.00000", "2017-12-31": 150, "2017-09-30": 120, "2017-06-30": -255, "2017-03-31": "-74.00000", "2016-12-31": 50, "2016-09-30": 103, "2016-06-30": -85, "2016-03-31": "-12.00000", "2015-12-31": -36, "2015-09-30": 61, "2015-06-30": -49, "2015-03-31": "15.00000", "2014-12-31": 15, "2014-09-30": 132, "2014-06-30": -125, "2014-03-31": "38.00000", "2013-12-31": -31, "2013-09-30": 9, "2013-06-30": -78, "2013-03-31": "-28.00000", "2012-12-31": -36, "2012-09-30": 63, "2012-06-30": -54, "2012-03-31": "35.00000", "2011-12-31": -31, "2011-09-30": 66, "2011-06-30": -69, "2011-03-31": "102.00000", "2010-12-31": 189, "2010-09-30": -138, "2010-06-30": 120, "2010-03-31": "-64.00000", "2009-12-31": 20, "2009-09-30": 232, "2009-06-30": -65, "2009-03-31": "-6.00000", "2008-12-31": 10, "2008-09-30": 8, "2008-06-30": 35, "2008-03-31": "31.00000", "2007-12-31": -105, "2007-09-30": 71, "2007-06-30": -59, "2007-03-31": "-11.00000", "2006-12-31": 50, "2006-09-30": -69, "2006-06-30": -26, "2006-03-31": "-87.00000", "2005-12-31": 65, "2005-09-30": 98, "2005-06-30": -146, "2005-03-31": "-8.00000"}, "Total Change In Assets/Liabilities": {"2020-12-31": 153, "2020-09-30": -16, "2020-06-30": 287, "2020-03-31": "-100.00000", "2019-12-31": 166, "2019-09-30": 78, "2019-06-30": 85, "2019-03-31": "13.00000", "2018-12-31": -190, "2018-09-30": -36, "2018-06-30": -81, "2018-03-31": "-132.00000", "2017-12-31": 165, "2017-09-30": 81, "2017-06-30": -524, "2017-03-31": "-124.00000", "2016-12-31": 191, "2016-09-30": 91, "2016-06-30": -157, "2016-03-31": "-54.00000", "2015-12-31": 61, "2015-09-30": -139, "2015-06-30": 12, "2015-03-31": "-156.00000", "2014-12-31": 178, "2014-09-30": 18, "2014-06-30": -128, "2014-03-31": "-226.00000", "2013-12-31": 99, "2013-09-30": -191, "2013-06-30": -113, "2013-03-31": "-281.00000", "2012-12-31": -84, "2012-09-30": 121, "2012-06-30": 113, "2012-03-31": "-66.00000", "2011-12-31": -30, "2011-09-30": -188, "2011-06-30": -45, "2011-03-31": "-242.00000", "2010-12-31": 234, "2010-09-30": -356, "2010-06-30": -1, "2010-03-31": "-335.00000", "2009-12-31": -71, "2009-09-30": 582, "2009-06-30": -30, "2009-03-31": "299.00000", "2008-12-31": 53, "2008-09-30": 127, "2008-06-30": 70, "2008-03-31": "16.00000", "2007-12-31": -130, "2007-09-30": 168, "2007-06-30": -295, "2007-03-31": "-282.00000", "2006-12-31": -43, "2006-09-30": 149, "2006-06-30": -189, "2006-03-31": "-271.00000", "2005-12-31": 223, "2005-09-30": -214, "2005-06-30": -197, "2005-03-31": "-370.00000"}, "Cash Flow From Operating Activities": {"2020-12-31": 789, "2020-09-30": 735, "2020-06-30": 890, "2020-03-31": "649.00000", "2019-12-31": 928, "2019-09-30": 882, "2019-06-30": 1067, "2019-03-31": "733.00000", "2018-12-31": 821, "2018-09-30": 941, "2018-06-30": 801, "2018-03-31": "663.00000", "2017-12-31": 1188, "2017-09-30": -709, "2017-06-30": 645, "2017-03-31": "633.00000", "2016-12-31": 912, "2016-09-30": 341, "2016-06-30": 605, "2016-03-31": "620.00000", "2015-12-31": 990, "2015-09-30": 837, "2015-06-30": 115, "2015-03-31": "638.00000", "2014-12-31": 1144, "2014-09-30": 933, "2014-06-30": 529, "2014-03-31": "471.00000", "2013-12-31": 1037, "2013-09-30": 712, "2013-06-30": 748, "2013-03-31": "531.00000", "2012-12-31": 713, "2012-09-30": 879, "2012-06-30": 794, "2012-03-31": "581.00000", "2011-12-31": 637, "2011-09-30": 876, "2011-06-30": 648, "2011-03-31": "514.00000", "2010-12-31": 1044, "2010-09-30": -213, "2010-06-30": 641, "2010-03-31": "159.00000", "2009-12-31": 1085, "2009-09-30": 1381, "2009-06-30": 1395, "2009-03-31": "794.00000", "2008-12-31": 713, "2008-09-30": 946, "2008-06-30": 576, "2008-03-31": "434.00000", "2007-12-31": 536, "2007-09-30": 716, "2007-06-30": 383, "2007-03-31": "252.00000", "2006-12-31": -415, "2006-09-30": 766, "2006-06-30": 626, "2006-03-31": "246.00000", "2005-12-31": 554, "2005-09-30": 377, "2005-06-30": 424, "2005-03-31": "155.00000"}, "Net Change In Property, Plant, And Equipment": {"2020-12-31": -89, "2020-09-30": -119, "2020-06-30": -250, "2020-03-31": "-285.00000", "2019-12-31": -360, "2019-09-30": -274, "2019-06-30": -334, "2019-03-31": "-290.00000", "2018-12-31": -275, "2018-09-30": -347, "2018-06-30": -439, "2018-03-31": "-488.00000", "2017-12-31": -452, "2017-09-30": -266, "2017-06-30": -274, "2017-03-31": "-373.00000", "2016-12-31": -439, "2016-09-30": -264, "2016-06-30": -325, "2016-03-31": "-301.00000", "2015-12-31": -484, "2015-09-30": -312, "2015-06-30": -344, "2015-03-31": "-310.00000", "2014-12-31": -393, "2014-09-30": -306, "2014-06-30": -329, "2014-03-31": "-277.00000", "2013-12-31": -450, "2013-09-30": -195, "2013-06-30": -272, "2013-03-31": "-216.00000", "2012-12-31": -382, "2012-09-30": -296, "2012-06-30": -420, "2012-03-31": "-285.00000", "2011-12-31": -434, "2011-09-30": -315, "2011-06-30": -229, "2011-03-31": "-181.00000", "2010-12-31": -318, "2010-09-30": -184, "2010-06-30": -153, "2010-03-31": "-120.00000", "2009-12-31": -167, "2009-09-30": -108, "2009-06-30": -131, "2009-03-31": "-128.00000", "2008-12-31": -270, "2008-09-30": -250, "2008-06-30": -267, "2008-03-31": "-215.00000", "2007-12-31": -484, "2007-09-30": -327, "2007-06-30": -299, "2007-03-31": "-178.00000", "2006-12-31": 1390, "2006-09-30": -294, "2006-06-30": -302, "2006-03-31": "-168.00000", "2005-12-31": -236, "2005-09-30": -269, "2005-06-30": -310, "2005-03-31": "-177.00000"}, "Net Change In Intangible Assets": {"2020-12-31": 0, "2020-09-30": 0, "2020-06-30": 0, "2020-03-31": "", "2019-12-31": 0, "2019-09-30": 0, "2019-06-30": 0, "2019-03-31": "", "2018-12-31": 0, "2018-09-30": 0, "2018-06-30": 0, "2018-03-31": "", "2017-12-31": 0, "2017-09-30": 0, "2017-06-30": 0, "2017-03-31": "", "2016-12-31": 0, "2016-09-30": 0, "2016-06-30": 0, "2016-03-31": "", "2015-12-31": 0, "2015-09-30": 0, "2015-06-30": 0, "2015-03-31": "", "2014-12-31": 0, "2014-09-30": 0, "2014-06-30": 0, "2014-03-31": "", "2013-12-31": 0, "2013-09-30": 0, "2013-06-30": 0, "2013-03-31": "", "2012-12-31": 0, "2012-09-30": 0, "2012-06-30": 0, "2012-03-31": "", "2011-12-31": 0, "2011-09-30": 0, "2011-06-30": 0, "2011-03-31": "", "2010-12-31": 0, "2010-09-30": 0, "2010-06-30": 0, "2010-03-31": "", "2009-12-31": 0, "2009-09-30": 0, "2009-06-30": 0, "2009-03-31": "", "2008-12-31": 0, "2008-09-30": 0, "2008-06-30": 0, "2008-03-31": "", "2007-12-31": 0, "2007-09-30": 0, "2007-06-30": 0, "2007-03-31": "", "2006-12-31": 0, "2006-09-30": 0, "2006-06-30": 0, "2006-03-31": "", "2005-12-31": 0, "2005-09-30": 0, "2005-06-30": 0, "2005-03-31": ""}, "Net Acquisitions/Divestitures": {"2020-12-31": 39, "2020-09-30": 0, "2020-06-30": -64, "2020-03-31": "", "2019-12-31": 60, "2019-09-30": 0, "2019-06-30": -82, "2019-03-31": "", "2018-12-31": -8, "2018-09-30": 0, "2018-06-30": 0, "2018-03-31": "", "2017-12-31": 0, "2017-09-30": 3, "2017-06-30": -44, "2017-03-31": "", "2016-12-31": -2169, "2016-09-30": 9, "2016-06-30": 40, "2016-03-31": "", "2015-12-31": 23, "2015-09-30": 0, "2015-06-30": 0, "2015-03-31": "", "2014-12-31": 26, "2014-09-30": 385, "2014-06-30": 0, "2014-03-31": "", "2013-12-31": -5, "2013-09-30": 727, "2013-06-30": 4, "2013-03-31": "-505.00000", "2012-12-31": 0, "2012-09-30": 469, "2012-06-30": 0, "2012-03-31": "-3729.00000", "2011-12-31": -376, "2011-09-30": -3, "2011-06-30": 0, "2011-03-31": "50.00000", "2010-12-31": 0, "2010-09-30": 3, "2010-06-30": -155, "2010-03-31": "", "2009-12-31": 0, "2009-09-30": -9, "2009-06-30": 0, "2009-03-31": "-8.00000", "2008-12-31": 0, "2008-09-30": -6086, "2008-06-30": 0, "2008-03-31": "14.00000", "2007-12-31": -16, "2007-09-30": -222, "2007-06-30": 37, "2007-03-31": "1633.00000", "2006-12-31": -497, "2006-09-30": 2163, "2006-06-30": 0, "2006-03-31": "", "2005-12-31": -180, "2005-09-30": 1121, "2005-06-30": 280, "2005-03-31": ""}, "Net Change In Short-term Investments": {"2020-12-31": 0, "2020-09-30": 0, "2020-06-30": 0, "2020-03-31": "", "2019-12-31": 0, "2019-09-30": 0, "2019-06-30": 0, "2019-03-31": "", "2018-12-31": 0, "2018-09-30": 0, "2018-06-30": 0, "2018-03-31": "", "2017-12-31": 0, "2017-09-30": 0, "2017-06-30": 0, "2017-03-31": "", "2016-12-31": 0, "2016-09-30": 0, "2016-06-30": 0, "2016-03-31": "", "2015-12-31": 0, "2015-09-30": 0, "2015-06-30": 0, "2015-03-31": "", "2014-12-31": 0, "2014-09-30": 0, "2014-06-30": 0, "2014-03-31": "", "2013-12-31": 0, "2013-09-30": 0, "2013-06-30": 0, "2013-03-31": "", "2012-12-31": 0, "2012-09-30": 0, "2012-06-30": 0, "2012-03-31": "", "2011-12-31": 0, "2011-09-30": 0, "2011-06-30": 0, "2011-03-31": "", "2010-12-31": 0, "2010-09-30": 0, "2010-06-30": 0, "2010-03-31": "", "2009-12-31": 0, "2009-09-30": 0, "2009-06-30": 0, "2009-03-31": "", "2008-12-31": 0, "2008-09-30": 0, "2008-06-30": 0, "2008-03-31": "", "2007-12-31": 0, "2007-09-30": 0, "2007-06-30": 0, "2007-03-31": "", "2006-12-31": 0, "2006-09-30": 0, "2006-06-30": 0, "2006-03-31": "", "2005-12-31": 0, "2005-09-30": 0, "2005-06-30": 0, "2005-03-31": ""}, "Net Change In Long-Term Investments": {"2020-12-31": 0, "2020-09-30": 250, "2020-06-30": 0, "2020-03-31": "250.00000", "2019-12-31": 0, "2019-09-30": 0, "2019-06-30": 0, "2019-03-31": "", "2018-12-31": 0, "2018-09-30": 0, "2018-06-30": 0, "2018-03-31": "", "2017-12-31": 0, "2017-09-30": 0, "2017-06-30": 0, "2017-03-31": "", "2016-12-31": 0, "2016-09-30": 0, "2016-06-30": 0, "2016-03-31": "", "2015-12-31": 0, "2015-09-30": -198, "2015-06-30": 0, "2015-03-31": "", "2014-12-31": 0, "2014-09-30": 0, "2014-06-30": 0, "2014-03-31": "", "2013-12-31": 0, "2013-09-30": 0, "2013-06-30": 0, "2013-03-31": "", "2012-12-31": 0, "2012-09-30": -45, "2012-06-30": 0, "2012-03-31": "", "2011-12-31": 0, "2011-09-30": 0, "2011-06-30": 0, "2011-03-31": "", "2010-12-31": 0, "2010-09-30": 0, "2010-06-30": 0, "2010-03-31": "", "2009-12-31": 0, "2009-09-30": 0, "2009-06-30": 0, "2009-03-31": "", "2008-12-31": 0, "2008-09-30": 0, "2008-06-30": -21, "2008-03-31": "", "2007-12-31": -578, "2007-09-30": 0, "2007-06-30": 0, "2007-03-31": "", "2006-12-31": 0, "2006-09-30": 0, "2006-06-30": 0, "2006-03-31": "", "2005-12-31": 0, "2005-09-30": 0, "2005-06-30": 0, "2005-03-31": ""}, "Net Change In Investments - Total": {"2020-12-31": 0, "2020-09-30": 250, "2020-06-30": 0, "2020-03-31": "250.00000", "2019-12-31": 0, "2019-09-30": 0, "2019-06-30": 0, "2019-03-31": "", "2018-12-31": 0, "2018-09-30": 0, "2018-06-30": 0, "2018-03-31": "", "2017-12-31": 0, "2017-09-30": 0, "2017-06-30": 0, "2017-03-31": "", "2016-12-31": 0, "2016-09-30": 0, "2016-06-30": 0, "2016-03-31": "", "2015-12-31": 0, "2015-09-30": -198, "2015-06-30": 0, "2015-03-31": "", "2014-12-31": 0, "2014-09-30": 0, "2014-06-30": 0, "2014-03-31": "", "2013-12-31": 0, "2013-09-30": 0, "2013-06-30": 0, "2013-03-31": "", "2012-12-31": 0, "2012-09-30": -45, "2012-06-30": 0, "2012-03-31": "", "2011-12-31": 0, "2011-09-30": 0, "2011-06-30": 0, "2011-03-31": "", "2010-12-31": 0, "2010-09-30": 0, "2010-06-30": 0, "2010-03-31": "", "2009-12-31": 0, "2009-09-30": 0, "2009-06-30": 0, "2009-03-31": "", "2008-12-31": 0, "2008-09-30": 0, "2008-06-30": -21, "2008-03-31": "", "2007-12-31": -578, "2007-09-30": 0, "2007-06-30": 0, "2007-03-31": "", "2006-12-31": 0, "2006-09-30": 0, "2006-06-30": 0, "2006-03-31": "", "2005-12-31": 0, "2005-09-30": 0, "2005-06-30": 0, "2005-03-31": ""}, "Investing Activities - Other": {"2020-12-31": -19, "2020-09-30": 3, "2020-06-30": 15, "2020-03-31": "", "2019-12-31": -6, "2019-09-30": -5, "2019-06-30": -5, "2019-03-31": "-4.00000", "2018-12-31": 24, "2018-09-30": 1, "2018-06-30": -36, "2018-03-31": "-1.00000", "2017-12-31": 69, "2017-09-30": -15, "2017-06-30": -12, "2017-03-31": "-27.00000", "2016-12-31": 81, "2016-09-30": -24, "2016-06-30": -43, "2016-03-31": "-63.00000", "2015-12-31": -79, "2015-09-30": 49, "2015-06-30": -17, "2015-03-31": "-67.00000", "2014-12-31": 65, "2014-09-30": 65, "2014-06-30": -3, "2014-03-31": "-93.00000", "2013-12-31": 117, "2013-09-30": 32, "2013-06-30": 5, "2013-03-31": "-69.00000", "2012-12-31": 6, "2012-09-30": -30, "2012-06-30": -6, "2012-03-31": "-140.00000", "2011-12-31": 216, "2011-09-30": -23, "2011-06-30": -16, "2011-03-31": "-176.00000", "2010-12-31": 95, "2010-09-30": 30, "2010-06-30": -1, "2010-03-31": "-31.00000", "2009-12-31": 17, "2009-09-30": 0, "2009-06-30": -2, "2009-03-31": "-57.00000", "2008-12-31": 45, "2008-09-30": 12, "2008-06-30": -19, "2008-03-31": "-140.00000", "2007-12-31": 135, "2007-09-30": -32, "2007-06-30": 14, "2007-03-31": "-129.00000", "2006-12-31": -960, "2006-09-30": -201, "2006-06-30": 34, "2006-03-31": "-131.00000", "2005-12-31": -66, "2005-09-30": 17, "2005-06-30": -75, "2005-03-31": "-98.00000"}, "Cash Flow From Investing Activities": {"2020-12-31": -69, "2020-09-30": 134, "2020-06-30": -299, "2020-03-31": "-35.00000", "2019-12-31": -306, "2019-09-30": -279, "2019-06-30": -421, "2019-03-31": "-294.00000", "2018-12-31": -259, "2018-09-30": -346, "2018-06-30": -475, "2018-03-31": "-489.00000", "2017-12-31": -383, "2017-09-30": -278, "2017-06-30": -330, "2017-03-31": "-400.00000", "2016-12-31": -2527, "2016-09-30": -279, "2016-06-30": -328, "2016-03-31": "-364.00000", "2015-12-31": -540, "2015-09-30": -461, "2015-06-30": -361, "2015-03-31": "-377.00000", "2014-12-31": -302, "2014-09-30": 144, "2014-06-30": -332, "2014-03-31": "-370.00000", "2013-12-31": -338, "2013-09-30": 564, "2013-06-30": -263, "2013-03-31": "-790.00000", "2012-12-31": -376, "2012-09-30": 98, "2012-06-30": -426, "2012-03-31": "-4154.00000", "2011-12-31": -594, "2011-09-30": -341, "2011-06-30": -245, "2011-03-31": "-307.00000", "2010-12-31": -223, "2010-09-30": -151, "2010-06-30": -309, "2010-03-31": "-151.00000", "2009-12-31": -150, "2009-09-30": -117, "2009-06-30": -133, "2009-03-31": "-193.00000", "2008-12-31": -225, "2008-09-30": -6324, "2008-06-30": -307, "2008-03-31": "-341.00000", "2007-12-31": -943, "2007-09-30": -581, "2007-06-30": -248, "2007-03-31": "1326.00000", "2006-12-31": -67, "2006-09-30": 1668, "2006-06-30": -268, "2006-03-31": "-299.00000", "2005-12-31": -482, "2005-09-30": 869, "2005-06-30": -105, "2005-03-31": "-275.00000"}, "Net Long-Term Debt": {"2020-12-31": -592, "2020-09-30": -765, "2020-06-30": -762, "2020-03-31": "424.00000", "2019-12-31": -582, "2019-09-30": -383, "2019-06-30": -74, "2019-03-31": "66.00000", "2018-12-31": -625, "2018-09-30": -231, "2018-06-30": 149, "2018-03-31": "189.00000", "2017-12-31": -514, "2017-09-30": 1113, "2017-06-30": -75, "2017-03-31": "-41.00000", "2016-12-31": 300, "2016-09-30": 1458, "2016-06-30": -11, "2016-03-31": "145.00000", "2015-12-31": -312, "2015-09-30": -351, "2015-06-30": 829, "2015-03-31": "-240.00000", "2014-12-31": -321, "2014-09-30": -277, "2014-06-30": 541, "2014-03-31": "-56.00000", "2013-12-31": -179, "2013-09-30": -433, "2013-06-30": -79, "2013-03-31": "87.00000", "2012-12-31": -285, "2012-09-30": -855, "2012-06-30": -294, "2012-03-31": "1078.00000", "2011-12-31": 1361, "2011-09-30": -28, "2011-06-30": 19, "2011-03-31": "-103.00000", "2010-12-31": -55, "2010-09-30": -185, "2010-06-30": -61, "2010-03-31": "-82.00000", "2009-12-31": -668, "2009-09-30": -1280, "2009-06-30": -591, "2009-03-31": "-550.00000", "2008-12-31": -56, "2008-09-30": 2374, "2008-06-30": 2953, "2008-03-31": "57.00000", "2007-12-31": -284, "2007-09-30": -48, "2007-06-30": -103, "2007-03-31": "-362.00000", "2006-12-31": 1580, "2006-09-30": -442, "2006-06-30": -713, "2006-03-31": "-743.00000", "2005-12-31": 564, "2005-09-30": -1219, "2005-06-30": -481, "2005-03-31": "-565.00000"}, "Net Current Debt": {"2020-12-31": 19, "2020-09-30": 26, "2020-06-30": -1, "2020-03-31": "-9.00000", "2019-12-31": -37, "2019-09-30": -15, "2019-06-30": 11, "2019-03-31": "-25.00000", "2018-12-31": 32, "2018-09-30": -9, "2018-06-30": -7, "2018-03-31": "-17.00000", "2017-12-31": 21, "2017-09-30": 11, "2017-06-30": 0, "2017-03-31": "-6.00000", "2016-12-31": 5, "2016-09-30": -11, "2016-06-30": 3, "2016-03-31": "3.00000", "2015-12-31": -29, "2015-09-30": -4, "2015-06-30": 19, "2015-03-31": "", "2014-12-31": 10, "2014-09-30": -3, "2014-06-30": 7, "2014-03-31": "16.00000", "2013-12-31": -58, "2013-09-30": 14, "2013-06-30": -36, "2013-03-31": "-43.00000", "2012-12-31": 63, "2012-09-30": -6, "2012-06-30": 29, "2012-03-31": "-75.00000", "2011-12-31": -2, "2011-09-30": -12, "2011-06-30": 18, "2011-03-31": "-33.00000", "2010-12-31": -42, "2010-09-30": 115, "2010-06-30": -8, "2010-03-31": "-27.00000", "2009-12-31": 25, "2009-09-30": 67, "2009-06-30": 8, "2009-03-31": "-80.00000", "2008-12-31": 9, "2008-09-30": 8, "2008-06-30": -14, "2008-03-31": "-39.00000", "2007-12-31": 80, "2007-09-30": -4, "2007-06-30": -19, "2007-03-31": "20.00000", "2006-12-31": 60, "2006-09-30": -27, "2006-06-30": 15, "2006-03-31": "-38.00000", "2005-12-31": 34, "2005-09-30": -31, "2005-06-30": 17, "2005-03-31": "-16.00000"}, "Debt Issuance/Retirement Net - Total": {"2020-12-31": -573, "2020-09-30": -739, "2020-06-30": -763, "2020-03-31": "415.00000", "2019-12-31": -619, "2019-09-30": -398, "2019-06-30": -63, "2019-03-31": "41.00000", "2018-12-31": -593, "2018-09-30": -240, "2018-06-30": 142, "2018-03-31": "172.00000", "2017-12-31": -493, "2017-09-30": 1124, "2017-06-30": -75, "2017-03-31": "-47.00000", "2016-12-31": 305, "2016-09-30": 1447, "2016-06-30": -8, "2016-03-31": "148.00000", "2015-12-31": -341, "2015-09-30": -355, "2015-06-30": 848, "2015-03-31": "-240.00000", "2014-12-31": -311, "2014-09-30": -280, "2014-06-30": 548, "2014-03-31": "-40.00000", "2013-12-31": -237, "2013-09-30": -419, "2013-06-30": -115, "2013-03-31": "44.00000", "2012-12-31": -222, "2012-09-30": -861, "2012-06-30": -265, "2012-03-31": "1003.00000", "2011-12-31": 1359, "2011-09-30": -40, "2011-06-30": 37, "2011-03-31": "-136.00000", "2010-12-31": -97, "2010-09-30": -70, "2010-06-30": -69, "2010-03-31": "-109.00000", "2009-12-31": -643, "2009-09-30": -1213, "2009-06-30": -583, "2009-03-31": "-630.00000", "2008-12-31": -47, "2008-09-30": 2382, "2008-06-30": 2939, "2008-03-31": "18.00000", "2007-12-31": -204, "2007-09-30": -52, "2007-06-30": -122, "2007-03-31": "-342.00000", "2006-12-31": 1640, "2006-09-30": -469, "2006-06-30": -698, "2006-03-31": "-781.00000", "2005-12-31": 598, "2005-09-30": -1250, "2005-06-30": -464, "2005-03-31": "-581.00000"}, "Net Common Equity Issued/Repurchased": {"2020-12-31": 0, "2020-09-30": -1, "2020-06-30": 0, "2020-03-31": "-41.00000", "2019-12-31": 0, "2019-09-30": -75, "2019-06-30": -231, "2019-03-31": "-229.00000", "2018-12-31": -200, "2018-09-30": -201, "2018-06-30": -300, "2018-03-31": "-31.00000", "2017-12-31": -1, "2017-09-30": 0, "2017-06-30": 0, "2017-03-31": "-46.00000", "2016-12-31": 0, "2016-09-30": 0, "2016-06-30": -1, "2016-03-31": "-131.00000", "2015-12-31": -100, "2015-09-30": -152, "2015-06-30": -214, "2015-03-31": "-137.00000", "2014-12-31": -164, "2014-09-30": -187, "2014-06-30": -275, "2014-03-31": "-370.00000", "2013-12-31": -432, "2013-09-30": 26, "2013-06-30": 52, "2013-03-31": "140.00000", "2012-12-31": 48, "2012-09-30": 39, "2012-06-30": 0, "2012-03-31": "-14.00000", "2011-12-31": 0, "2011-09-30": 0, "2011-06-30": -1, "2011-03-31": "-29.00000", "2010-12-31": 0, "2010-09-30": 0, "2010-06-30": 0, "2010-03-31": "-26.00000", "2009-12-31": 0, "2009-09-30": 0, "2009-06-30": 0, "2009-03-31": "-10.00000", "2008-12-31": 0, "2008-09-30": 0, "2008-06-30": 0, "2008-03-31": "-46.00000", "2007-12-31": -94, "2007-09-30": 0, "2007-06-30": -634, "2007-03-31": "-368.00000", "2006-12-31": -42, "2006-09-30": -1380, "2006-06-30": 14, "2006-03-31": "7.00000", "2005-12-31": 3, "2005-09-30": 1, "2005-06-30": 3, "2005-03-31": "16.00000"}, "Net Total Equity Issued/Repurchased": {"2020-12-31": 0, "2020-09-30": -1, "2020-06-30": 0, "2020-03-31": "-41.00000", "2019-12-31": 0, "2019-09-30": -75, "2019-06-30": -231, "2019-03-31": "-229.00000", "2018-12-31": -200, "2018-09-30": -201, "2018-06-30": -300, "2018-03-31": "-31.00000", "2017-12-31": -1, "2017-09-30": 0, "2017-06-30": 0, "2017-03-31": "-46.00000", "2016-12-31": 0, "2016-09-30": 0, "2016-06-30": -1, "2016-03-31": "-131.00000", "2015-12-31": -100, "2015-09-30": -152, "2015-06-30": -214, "2015-03-31": "-137.00000", "2014-12-31": -164, "2014-09-30": -187, "2014-06-30": -275, "2014-03-31": "-370.00000", "2013-12-31": -432, "2013-09-30": 26, "2013-06-30": 52, "2013-03-31": "-10.00000", "2012-12-31": 48, "2012-09-30": 39, "2012-06-30": 0, "2012-03-31": "-14.00000", "2011-12-31": 0, "2011-09-30": 0, "2011-06-30": -1, "2011-03-31": "-29.00000", "2010-12-31": 0, "2010-09-30": 0, "2010-06-30": 0, "2010-03-31": "-26.00000", "2009-12-31": 0, "2009-09-30": 0, "2009-06-30": 0, "2009-03-31": "-10.00000", "2008-12-31": 0, "2008-09-30": 0, "2008-06-30": 0, "2008-03-31": "-46.00000", "2007-12-31": -94, "2007-09-30": 0, "2007-06-30": -634, "2007-03-31": "-368.00000", "2006-12-31": -42, "2006-09-30": -1380, "2006-06-30": 14, "2006-03-31": "7.00000", "2005-12-31": 3, "2005-09-30": 1, "2005-06-30": 3, "2005-03-31": "16.00000"}, "Total Common And Preferred Stock Dividends Paid": {"2020-12-31": -201, "2020-09-30": -202, "2020-06-30": -201, "2020-03-31": "-202.00000", "2019-12-31": -201, "2019-09-30": -197, "2019-06-30": -197, "2019-03-31": "-201.00000", "2018-12-31": -201, "2018-09-30": -195, "2018-06-30": -196, "2018-03-31": "-197.00000", "2017-12-31": -196, "2017-09-30": -191, "2017-06-30": -191, "2017-03-31": "-191.00000", "2016-12-31": -190, "2016-09-30": -181, "2016-06-30": -181, "2016-03-31": "-181.00000", "2015-12-31": -182, "2015-09-30": -166, "2015-06-30": -168, "2015-03-31": "-169.00000", "2014-12-31": -169, "2014-09-30": -149, "2014-06-30": -149, "2014-03-31": "-153.00000", "2013-12-31": -154, "2013-09-30": -134, "2013-06-30": -134, "2013-03-31": "-132.00000", "2012-12-31": -132, "2012-09-30": -115, "2012-06-30": -114, "2012-03-31": "-115.00000", "2011-12-31": -115, "2011-09-30": -115, "2011-06-30": -115, "2011-03-31": "-82.00000", "2010-12-31": -55, "2010-09-30": -54, "2010-06-30": -55, "2010-03-31": "-11.00000", "2009-12-31": -11, "2009-09-30": -11, "2009-06-30": -10, "2009-03-31": "-108.00000", "2008-12-31": -107, "2008-09-30": -103, "2008-06-30": -106, "2008-03-31": "-112.00000", "2007-12-31": -106, "2007-09-30": -107, "2007-06-30": -109, "2007-03-31": "-114.00000", "2006-12-31": -113, "2006-09-30": -125, "2006-06-30": -124, "2006-03-31": "-123.00000", "2005-12-31": -122, "2005-09-30": -122, "2005-06-30": -123, "2005-03-31": "-123.00000"}, "Financial Activities - Other": {"2020-12-31": -67, "2020-09-30": -100, "2020-06-30": -18, "2020-03-31": "-7.00000", "2019-12-31": -22, "2019-09-30": -1, "2019-06-30": 4, "2019-03-31": "", "2018-12-31": -6, "2018-09-30": 0, "2018-06-30": 0, "2018-03-31": "", "2017-12-31": -89, "2017-09-30": -3, "2017-06-30": 0, "2017-03-31": "", "2016-12-31": -11, "2016-09-30": -34, "2016-06-30": 0, "2016-03-31": "", "2015-12-31": -14, "2015-09-30": 0, "2015-06-30": -211, "2015-03-31": "", "2014-12-31": 0, "2014-09-30": -13, "2014-06-30": -374, "2014-03-31": "", "2013-12-31": -15, "2013-09-30": -16, "2013-06-30": -4, "2013-03-31": "-8.00000", "2012-12-31": -9, "2012-09-30": -1, "2012-06-30": -11, "2012-03-31": "-26.00000", "2011-12-31": -12, "2011-09-30": 26, "2011-06-30": -2, "2011-03-31": "-33.00000", "2010-12-31": -18, "2010-09-30": -2, "2010-06-30": -19, "2010-03-31": "-3.00000", "2009-12-31": -44, "2009-09-30": -78, "2009-06-30": -24, "2009-03-31": "-11.00000", "2008-12-31": 110, "2008-09-30": -49, "2008-06-30": -20, "2008-03-31": "", "2007-12-31": 0, "2007-09-30": 0, "2007-06-30": 3, "2007-03-31": "-3.00000", "2006-12-31": -130, "2006-09-30": 5, "2006-06-30": 9, "2006-03-31": "6.00000", "2005-12-31": 3, "2005-09-30": -43, "2005-06-30": 81, "2005-03-31": "-254.00000"}, "Cash Flow From Financial Activities": {"2020-12-31": -841, "2020-09-30": -1042, "2020-06-30": -982, "2020-03-31": "165.00000", "2019-12-31": -842, "2019-09-30": -671, "2019-06-30": -487, "2019-03-31": "-389.00000", "2018-12-31": -1000, "2018-09-30": -636, "2018-06-30": -354, "2018-03-31": "-56.00000", "2017-12-31": -779, "2017-09-30": 930, "2017-06-30": -266, "2017-03-31": "-284.00000", "2016-12-31": 104, "2016-09-30": 1232, "2016-06-30": -190, "2016-03-31": "-164.00000", "2015-12-31": -637, "2015-09-30": -673, "2015-06-30": 255, "2015-03-31": "-546.00000", "2014-12-31": -644, "2014-09-30": -629, "2014-06-30": -250, "2014-03-31": "-563.00000", "2013-12-31": -838, "2013-09-30": -543, "2013-06-30": -201, "2013-03-31": "-106.00000", "2012-12-31": -315, "2012-09-30": -938, "2012-06-30": -390, "2012-03-31": "848.00000", "2011-12-31": 1232, "2011-09-30": -129, "2011-06-30": -81, "2011-03-31": "-280.00000", "2010-12-31": -170, "2010-09-30": -126, "2010-06-30": -143, "2010-03-31": "-149.00000", "2009-12-31": -698, "2009-09-30": -1302, "2009-06-30": -617, "2009-03-31": "-759.00000", "2008-12-31": -44, "2008-09-30": 2230, "2008-06-30": 2813, "2008-03-31": "-140.00000", "2007-12-31": -404, "2007-09-30": -159, "2007-06-30": -862, "2007-03-31": "-827.00000", "2006-12-31": 1355, "2006-09-30": -1969, "2006-06-30": -799, "2006-03-31": "-891.00000", "2005-12-31": 482, "2005-09-30": -1414, "2005-06-30": -503, "2005-03-31": "-942.00000"}, "Net Cash Flow": {"2020-12-31": -83, "2020-09-30": -169, "2020-06-30": -392, "2020-03-31": "728.00000", "2019-12-31": -186, "2019-09-30": -90, "2019-06-30": 146, "2019-03-31": "52.00000", "2018-12-31": -437, "2018-09-30": -47, "2018-06-30": -68, "2018-03-31": "123.00000", "2017-12-31": 20, "2017-09-30": -43, "2017-06-30": 43, "2017-03-31": "-35.00000", "2016-12-31": -1529, "2016-09-30": 1308, "2016-06-30": 99, "2016-03-31": "105.00000", "2015-12-31": -54, "2015-09-30": -486, "2015-06-30": 14, "2015-03-31": "-305.00000", "2014-12-31": 163, "2014-09-30": 425, "2014-06-30": -48, "2014-03-31": "-461.00000", "2013-12-31": -144, "2013-09-30": 741, "2013-06-30": 271, "2013-03-31": "-368.00000", "2012-12-31": 27, "2012-09-30": 47, "2012-06-30": -60, "2012-03-31": "-2706.00000", "2011-12-31": 1272, "2011-09-30": 323, "2011-06-30": 350, "2011-03-31": "-24.00000", "2010-12-31": 644, "2010-09-30": -442, "2010-06-30": 122, "2010-03-31": "-143.00000", "2009-12-31": 240, "2009-09-30": -2, "2009-06-30": 699, "2009-03-31": "-189.00000", "2008-12-31": 373, "2008-09-30": -3208, "2008-06-30": 3099, "2008-03-31": "-25.00000", "2007-12-31": -797, "2007-09-30": 21, "2007-06-30": -709, "2007-03-31": "766.00000", "2006-12-31": 888, "2006-09-30": 462, "2006-06-30": -435, "2006-03-31": "-932.00000", "2005-12-31": 549, "2005-09-30": -159, "2005-06-30": -278, "2005-03-31": "-1067.00000"}, "Stock-Based Compensation": {"2020-12-31": 0, "2020-09-30": 0, "2020-06-30": 0, "2020-03-31": "", "2019-12-31": 0, "2019-09-30": 0, "2019-06-30": 0, "2019-03-31": "", "2018-12-31": 0, "2018-09-30": 0, "2018-06-30": 0, "2018-03-31": "", "2017-12-31": 0, "2017-09-30": 0, "2017-06-30": 0, "2017-03-31": "", "2016-12-31": 0, "2016-09-30": 0, "2016-06-30": 0, "2016-03-31": "", "2015-12-31": 0, "2015-09-30": 0, "2015-06-30": 0, "2015-03-31": "", "2014-12-31": 0, "2014-09-30": 0, "2014-06-30": 0, "2014-03-31": "", "2013-12-31": 0, "2013-09-30": 0, "2013-06-30": 0, "2013-03-31": "", "2012-12-31": 0, "2012-09-30": 0, "2012-06-30": 0, "2012-03-31": "", "2011-12-31": 0, "2011-09-30": 0, "2011-06-30": 0, "2011-03-31": "", "2010-12-31": 0, "2010-09-30": 0, "2010-06-30": 0, "2010-03-31": "", "2009-12-31": 0, "2009-09-30": 0, "2009-06-30": 0, "2009-03-31": "", "2008-12-31": 0, "2008-09-30": 0, "2008-06-30": 0, "2008-03-31": "", "2007-12-31": 0, "2007-09-30": 0, "2007-06-30": 0, "2007-03-31": "", "2006-12-31": 0, "2006-09-30": 0, "2006-06-30": 0, "2006-03-31": "", "2005-12-31": 0, "2005-09-30": 0, "2005-06-30": 0, "2005-03-31": ""}, "Common Stock Dividends Paid": {"2020-12-31": -201, "2020-09-30": -202, "2020-06-30": -201, "2020-03-31": "-202.00000", "2019-12-31": -201, "2019-09-30": -197, "2019-06-30": -197, "2019-03-31": "-201.00000", "2018-12-31": -201, "2018-09-30": -195, "2018-06-30": -196, "2018-03-31": "-197.00000", "2017-12-31": -196, "2017-09-30": -191, "2017-06-30": -191, "2017-03-31": "-191.00000", "2016-12-31": -190, "2016-09-30": -181, "2016-06-30": -181, "2016-03-31": "-181.00000", "2015-12-31": -182, "2015-09-30": -166, "2015-06-30": -168, "2015-03-31": "-169.00000", "2014-12-31": -169, "2014-09-30": -149, "2014-06-30": -149, "2014-03-31": "-153.00000", "2013-12-31": -154, "2013-09-30": -134, "2013-06-30": -134, "2013-03-31": "-132.00000", "2012-12-31": -132, "2012-09-30": -115, "2012-06-30": -114, "2012-03-31": "-115.00000", "2011-12-31": -115, "2011-09-30": -115, "2011-06-30": -115, "2011-03-31": "-82.00000", "2010-12-31": -55, "2010-09-30": -54, "2010-06-30": -55, "2010-03-31": "-11.00000", "2009-12-31": -11, "2009-09-30": -11, "2009-06-30": -10, "2009-03-31": "-108.00000", "2008-12-31": -107, "2008-09-30": -103, "2008-06-30": -106, "2008-03-31": "-112.00000", "2007-12-31": -106, "2007-09-30": -107, "2007-06-30": -109, "2007-03-31": "-114.00000", "2006-12-31": -113, "2006-09-30": -125, "2006-06-30": -124, "2006-03-31": "-123.00000", "2005-12-31": -122, "2005-09-30": -122, "2005-06-30": -123, "2005-03-31": "-123.00000"}}, "financial ratios": {"Current Ratio": {"2019-12-31": "0.76790", "2018-12-31": "1.49040", "2017-12-31": "1.62230", "2016-12-31": "1.63920", "2015-12-31": "1.65060", "2014-12-31": "1.62130", "2013-12-31": "1.76030", "2012-12-31": "1.78170", "2011-12-31": "2.20680", "2010-12-31": "1.78280", "2009-12-31": "1.88210", "2008-12-31": "1.54780", "2007-12-31": "1.75300", "2006-12-31": "1.86100", "2005-12-31": "2.37320"}, "Long-term Debt / Capital": {"2019-12-31": "0.55430", "2018-12-31": "0.57560", "2017-12-31": "0.62380", "2016-12-31": "0.71760", "2015-12-31": "0.69350", "2014-12-31": "0.62120", "2013-12-31": "0.51590", "2012-12-31": "0.59370", "2011-12-31": "0.56810", "2010-12-31": "0.54130", "2009-12-31": "0.58260", "2008-12-31": "0.71870", "2007-12-31": "0.42280", "2006-12-31": "0.45060", "2005-12-31": "0.56890"}, "Debt/Equity Ratio": {"2019-12-31": "1.26520", "2018-12-31": "1.44300", "2017-12-31": "1.70570", "2016-12-31": "2.59550", "2015-12-31": "2.37150", "2014-12-31": "1.78090", "2013-12-31": "1.14530", "2012-12-31": "1.52800", "2011-12-31": "1.41850", "2010-12-31": "1.22400", "2009-12-31": "1.44410", "2008-12-31": "2.74350", "2007-12-31": "0.76340", "2006-12-31": "0.90710", "2005-12-31": "1.46050"}, "Gross Margin": {"2019-12-31": "31.76620", "2018-12-31": "33.25750", "2017-12-31": "31.92290", "2016-12-31": "31.16700", "2015-12-31": "30.77150", "2014-12-31": "31.17670", "2013-12-31": "30.66470", "2012-12-31": "30.04300", "2011-12-31": "27.17220", "2010-12-31": "26.59760", "2009-12-31": "34.86260", "2008-12-31": "24.51570", "2007-12-31": "26.63320", "2006-12-31": "26.12870", "2005-12-31": "24.72810"}, "Operating Margin": {"2019-12-31": "11.59730", "2018-12-31": "13.44290", "2017-12-31": "11.69570", "2016-12-31": "11.57730", "2015-12-31": "11.64690", "2014-12-31": "11.19110", "2013-12-31": "9.75600", "2012-12-31": "8.91450", "2011-12-31": "9.46840", "2010-12-31": "7.91530", "2009-12-31": "14.84210", "2008-12-31": "6.06950", "2007-12-31": "8.58380", "2006-12-31": "7.57440", "2005-12-31": "5.91240"}, "EBIT Margin": {"2019-12-31": "11.59730", "2018-12-31": "13.44290", "2017-12-31": "11.69570", "2016-12-31": "11.57730", "2015-12-31": "11.64690", "2014-12-31": "11.19110", "2013-12-31": "9.75600", "2012-12-31": "8.91450", "2011-12-31": "9.46840", "2010-12-31": "7.91530", "2009-12-31": "14.84210", "2008-12-31": "6.06950", "2007-12-31": "8.58380", "2006-12-31": "7.57440", "2005-12-31": "5.91240"}, "EBITDA Margin": {"2019-12-31": "17.43390", "2018-12-31": "19.14100", "2017-12-31": "18.24040", "2016-12-31": "17.87130", "2015-12-31": "17.90570", "2014-12-31": "17.17830", "2013-12-31": "16.34370", "2012-12-31": "15.71480", "2011-12-31": "14.58480", "2010-12-31": "13.69790", "2009-12-31": "21.14180", "2008-12-31": "18.65160", "2007-12-31": "13.54500", "2006-12-31": "16.29010", "2005-12-31": "11.78340"}, "Pre-Tax Profit Margin": {"2019-12-31": "7.16840", "2018-12-31": "7.64180", "2017-12-31": "3.90010", "2016-12-31": "4.07800", "2015-12-31": "5.47520", "2014-12-31": "3.69230", "2013-12-31": "5.22930", "2012-12-31": "4.42520", "2011-12-31": "5.60040", "2010-12-31": "3.26460", "2009-12-31": "5.13140", "2008-12-31": "-4.64380", "2007-12-31": "7.55600", "2006-12-31": "14.49420", "2005-12-31": "1.31800"}, "Net Profit Margin": {"2019-12-31": "5.47460", "2018-12-31": "8.63300", "2017-12-31": "9.86060", "2016-12-31": "4.63710", "2015-12-31": "4.53690", "2014-12-31": "2.35000", "2013-12-31": "5.94050", "2012-12-31": "3.63350", "2011-12-31": "5.07800", "2010-12-31": "2.74440", "2009-12-31": "2.83750", "2008-12-31": "-5.16330", "2007-12-31": "5.33580", "2006-12-31": "4.77380", "2005-12-31": "5.06910"}, "Asset Turnover": {"2019-12-31": "0.66850", "2018-12-31": "0.69410", "2017-12-31": "0.64130", "2016-12-31": "0.58910", "2015-12-31": "0.67720", "2014-12-31": "0.82340", "2013-12-31": "0.74480", "2012-12-31": "0.67960", "2011-12-31": "0.96360", "2010-12-31": "0.99250", "2009-12-31": "0.91460", "2008-12-31": "0.92260", "2007-12-31": "0.90610", "2006-12-31": "0.91520", "2005-12-31": "0.75420"}, "Inventory Turnover Ratio": {"2019-12-31": "6.91490", "2018-12-31": "6.94110", "2017-12-31": "6.39950", "2016-12-31": "6.00940", "2015-12-31": "6.42410", "2014-12-31": "6.70540", "2013-12-31": "5.76350", "2012-12-31": "5.59960", "2011-12-31": "8.17240", "2010-12-31": "7.87470", "2009-12-31": "6.98490", "2008-12-31": "7.51180", "2007-12-31": "7.75470", "2006-12-31": "8.51130", "2005-12-31": "8.45450"}, "Receiveable Turnover": {"2019-12-31": "6.82200", "2018-12-31": "6.61910", "2017-12-31": "6.61480", "2016-12-31": "6.83560", "2015-12-31": "7.72900", "2014-12-31": "7.66040", "2013-12-31": "6.25210", "2012-12-31": "6.13480", "2011-12-31": "7.46820", "2010-12-31": "8.28530", "2009-12-31": "8.67010", "2008-12-31": "7.55140", "2007-12-31": "6.94480", "2006-12-31": "8.13420", "2005-12-31": "8.98180"}, "Days Sales In Receivables": {"2019-12-31": "53.50380", "2018-12-31": "55.14310", "2017-12-31": "55.17890", "2016-12-31": "53.39730", "2015-12-31": "47.22490", "2014-12-31": "47.64770", "2013-12-31": "58.38010", "2012-12-31": "59.49710", "2011-12-31": "48.87420", "2010-12-31": "44.05400", "2009-12-31": "42.09860", "2008-12-31": "48.33540", "2007-12-31": "52.55730", "2006-12-31": "44.87200", "2005-12-31": "40.63780"}, "ROE - Return On Equity": {"2019-12-31": "15.80720", "2018-12-31": "22.64660", "2017-12-31": "32.25810", "2016-12-31": "18.35280", "2015-12-31": "21.28420", "2014-12-31": "10.43130", "2013-12-31": "20.36460", "2012-12-31": "10.88010", "2011-12-31": "18.42520", "2010-12-31": "10.05080", "2009-12-31": "10.88730", "2008-12-31": "-28.76620", "2007-12-31": "14.28740", "2006-12-31": "16.09950", "2005-12-31": "8.19060"}, "Return On Tangible Equity": {"2019-12-31": "27.91120", "2018-12-31": "41.70620", "2017-12-31": "67.41210", "2016-12-31": "80.40200", "2015-12-31": "144.94770", "2014-12-31": "36.84560", "2013-12-31": "39.26000", "2012-12-31": "31.10730", "2011-12-31": "27.74310", "2010-12-31": "14.90790", "2009-12-31": "17.17530", "2008-12-31": "-53.32770", "2007-12-31": "24.67150", "2006-12-31": "25.46680", "2005-12-31": "14.46090"}, "ROA - Return On Assets": {"2019-12-31": "3.64490", "2018-12-31": "4.97970", "2017-12-31": "6.22360", "2016-12-31": "2.41740", "2015-12-31": "2.72510", "2014-12-31": "1.91400", "2013-12-31": "5.35080", "2012-12-31": "2.24550", "2011-12-31": "4.76350", "2010-12-31": "2.80670", "2009-12-31": "2.66560", "2008-12-31": "-4.70400", "2007-12-31": "5.12850", "2006-12-31": "5.33410", "2005-12-31": "2.37740"}, "ROI - Return On Investment": {"2019-12-31": "7.04590", "2018-12-31": "9.61030", "2017-12-31": "12.13550", "2016-12-31": "5.18340", "2015-12-31": "6.52400", "2014-12-31": "3.95130", "2013-12-31": "9.85920", "2012-12-31": "4.42080", "2011-12-31": "7.95720", "2010-12-31": "4.61080", "2009-12-31": "4.54480", "2008-12-31": "-8.09100", "2007-12-31": "8.24630", "2006-12-31": "8.84500", "2005-12-31": "3.53120"}, "Book Value Per Share": {"2019-12-31": "19.68380", "2018-12-31": "18.43030", "2017-12-31": "15.84070", "2016-12-31": "10.59990", "2015-12-31": "9.48500", "2014-12-31": "12.52600", "2013-12-31": "18.98550", "2012-12-31": "15.08570", "2011-12-31": "15.98400", "2010-12-31": "16.18460", "2009-12-31": "14.44240", "2008-12-31": "10.29470", "2007-12-31": "20.39510", "2006-12-31": "17.55900", "2005-12-31": "17.02900"}, "Operating Cash Flow Per Share": {"2019-12-31": 1.2637, "2018-12-31": 3.5821, "2017-12-31": -1.7561, "2016-12-31": -0.1716, "2015-12-31": -0.9886, "2014-12-31": 0.3653, "2013-12-31": 0.0173, "2012-12-31": 0.6188, "2011-12-31": 2.365, "2010-12-31": -7.1199, "2009-12-31": 4.5365, "2008-12-31": 1.9817, "2007-12-31": 1.8554, "2006-12-31": -0.4599, "2005-12-31": 2.9625}, "Free Cash Flow Per Share": {"2019-12-31": 1.8489, "2018-12-31": 3.1103, "2017-12-31": -1.8262, "2016-12-31": 0.0781, "2015-12-31": -1.4153, "2014-12-31": -0.1271, "2013-12-31": 0.6306, "2012-12-31": 0.1293, "2011-12-31": 1.4977, "2010-12-31": -7.6571, "2009-12-31": 5.6689, "2008-12-31": 2.5762, "2007-12-31": -2.4001, "2006-12-31": 2.7672, "2005-12-31": 1.0163}}, "financial ratios, quarterly": {"Current Ratio": {"2020-09-30": "1.33180", "2020-06-30": "0.79220", "2020-03-31": "0.77230", "2019-12-31": "0.76790", "2019-09-30": "1.49100", "2019-06-30": "1.46330", "2019-03-31": "1.42580", "2018-12-31": "1.49040", "2018-09-30": "1.58980", "2018-06-30": "1.57470", "2018-03-31": "1.62600", "2017-12-31": "1.62230", "2017-09-30": "1.48100", "2017-06-30": "1.44680", "2017-03-31": "1.57510", "2016-12-31": "1.63920", "2016-09-30": "2.28830", "2016-06-30": "1.68320", "2016-03-31": "1.65740", "2015-12-31": "1.65060", "2015-09-30": "1.33590", "2015-06-30": "1.51390", "2015-03-31": "1.60390", "2014-12-31": "1.62130", "2014-09-30": "1.67130", "2014-06-30": "1.62270", "2014-03-31": "1.73690", "2013-12-31": "1.76030", "2013-09-30": "1.75630", "2013-06-30": "1.63260", "2013-03-31": "1.70840", "2012-12-31": "1.78170", "2012-09-30": "1.79970", "2012-06-30": "1.77560", "2012-03-31": "1.83030", "2011-12-31": "2.20680", "2011-09-30": "2.09290", "2011-06-30": "1.95310", "2011-03-31": "1.88750", "2010-12-31": "1.78280", "2010-09-30": "1.72820", "2010-06-30": "1.85530", "2010-03-31": "1.84890", "2009-12-31": "1.88210", "2009-09-30": "1.74170", "2009-06-30": "1.91110", "2009-03-31": "1.64030", "2008-12-31": "1.54780", "2008-09-30": "1.59230", "2008-06-30": "2.30960", "2008-03-31": "1.61930", "2007-12-31": "1.75300", "2007-09-30": "1.86270", "2007-06-30": "1.90900", "2007-03-31": "2.06730", "2006-12-31": "1.86100", "2006-09-30": "1.34740", "2006-06-30": "1.38250", "2006-03-31": "1.68950", "2005-12-31": "2.37320", "2005-09-30": "1.61880", "2005-06-30": "1.74550", "2005-03-31": "1.91850"}, "Long-term Debt / Capital": {"2020-09-30": "0.54570", "2020-06-30": "0.57190", "2020-03-31": "0.58220", "2019-12-31": "0.55430", "2019-09-30": "0.57180", "2019-06-30": "0.57270", "2019-03-31": "0.57160", "2018-12-31": "0.57560", "2018-09-30": "0.60250", "2018-06-30": "0.61150", "2018-03-31": "0.59690", "2017-12-31": "0.62380", "2017-09-30": "0.69750", "2017-06-30": "0.69480", "2017-03-31": "0.70200", "2016-12-31": "0.71760", "2016-09-30": "0.71900", "2016-06-30": "0.68550", "2016-03-31": "0.67440", "2015-12-31": "0.69350", "2015-09-30": "0.66530", "2015-06-30": "0.64200", "2015-03-31": "0.62840", "2014-12-31": "0.62120", "2014-09-30": "0.56300", "2014-06-30": "0.53910", "2014-03-31": "0.53370", "2013-12-31": "0.51590", "2013-09-30": "0.54130", "2013-06-30": "0.56320", "2013-03-31": "0.57100", "2012-12-31": "0.59370", "2012-09-30": "0.57770", "2012-06-30": "0.59630", "2012-03-31": "0.59270", "2011-12-31": "0.56810", "2011-09-30": "0.50450", "2011-06-30": "0.49700", "2011-03-31": "0.51850", "2010-12-31": "0.54130", "2010-09-30": "0.55940", "2010-06-30": "0.59070", "2010-03-31": "0.58690", "2009-12-31": "0.58260", "2009-09-30": "0.61130", "2009-06-30": "0.67460", "2009-03-31": "0.71460", "2008-12-31": "0.71870", "2008-09-30": "0.56170", "2008-06-30": "0.48400", "2008-03-31": "0.40150", "2007-12-31": "0.42280", "2007-09-30": "0.43760", "2007-06-30": "0.44990", "2007-03-31": "0.44510", "2006-12-31": "0.45060", "2006-09-30": "0.60640", "2006-06-30": "0.56000", "2006-03-31": "0.59980", "2005-12-31": "0.56890", "2005-09-30": "0.54850", "2005-06-30": "0.61280", "2005-03-31": "0.62110"}, "Debt/Equity Ratio": {"2020-09-30": "1.22660", "2020-06-30": "1.34070", "2020-03-31": "1.49030", "2019-12-31": "1.26520", "2019-09-30": "1.38940", "2019-06-30": "1.43030", "2019-03-31": "1.44250", "2018-12-31": "1.44300", "2018-09-30": "1.59460", "2018-06-30": "1.67380", "2018-03-31": "1.56170", "2017-12-31": "1.70570", "2017-09-30": "2.49970", "2017-06-30": "2.45700", "2017-03-31": "2.45470", "2016-12-31": "2.59550", "2016-09-30": "2.57770", "2016-06-30": "2.33470", "2016-03-31": "2.20070", "2015-12-31": "2.37150", "2015-09-30": "2.15660", "2015-06-30": "1.97410", "2015-03-31": "1.82390", "2014-12-31": "1.78090", "2014-09-30": "1.39200", "2014-06-30": "1.29360", "2014-03-31": "1.21710", "2013-12-31": "1.14530", "2013-09-30": "1.28390", "2013-06-30": "1.44130", "2013-03-31": "1.43290", "2012-12-31": "1.52800", "2012-09-30": "1.42420", "2012-06-30": "1.59520", "2012-03-31": "1.55390", "2011-12-31": "1.41850", "2011-09-30": "1.10220", "2011-06-30": "1.06480", "2011-03-31": "1.12620", "2010-12-31": "1.22400", "2010-09-30": "1.31670", "2010-06-30": "1.50330", "2010-03-31": "1.47970", "2009-12-31": "1.44410", "2009-09-30": "1.63530", "2009-06-30": "2.14940", "2009-03-31": "2.62680", "2008-12-31": "2.74350", "2008-09-30": "1.37270", "2008-06-30": "1.01780", "2008-03-31": "0.75160", "2007-12-31": "0.76340", "2007-09-30": "0.85180", "2007-06-30": "0.88690", "2007-03-31": "0.87070", "2006-12-31": "0.90710", "2006-09-30": "1.77900", "2006-06-30": "1.52260", "2006-03-31": "1.62540", "2005-12-31": "1.46050", "2005-09-30": "1.30460", "2005-06-30": "1.65300", "2005-03-31": "1.68100"}, "Gross Margin": {"2020-09-30": "30.88030", "2020-06-30": "29.57250", "2020-03-31": "30.00750", "2019-12-31": "33.32120", "2019-09-30": "32.25580", "2019-06-30": "31.16290", "2019-03-31": "30.37390", "2018-12-31": "36.17880", "2018-09-30": "34.12980", "2018-06-30": "32.76190", "2018-03-31": "29.76340", "2017-12-31": "35.17770", "2017-09-30": "32.69890", "2017-06-30": "30.35480", "2017-03-31": "29.11150", "2016-12-31": "45.37790", "2016-09-30": "31.21910", "2016-06-30": "22.73580", "2016-03-31": "29.33460", "2015-12-31": "30.45560", "2015-09-30": "31.62890", "2015-06-30": "30.55650", "2015-03-31": "30.32450", "2014-12-31": "30.92710", "2014-09-30": "32.98630", "2014-06-30": "31.17480", "2014-03-31": "29.52480", "2013-12-31": "27.21760", "2013-09-30": "32.25110", "2013-06-30": "26.18950", "2013-03-31": "26.37520", "2012-12-31": "26.60070", "2012-09-30": "26.84320", "2012-06-30": "25.53340", "2012-03-31": "25.10890", "2011-12-31": "26.77870", "2011-09-30": "27.72920", "2011-06-30": "26.59450", "2011-03-31": "27.58730", "2010-12-31": "26.96370", "2010-09-30": "29.19640", "2010-06-30": "26.64600", "2010-03-31": "23.12730", "2009-12-31": "33.91330", "2009-09-30": "36.50960", "2009-06-30": "34.83280", "2009-03-31": "34.17430", "2008-12-31": "23.28140", "2008-09-30": "24.29500", "2008-06-30": "25.86530", "2008-03-31": "24.82360", "2007-12-31": "27.37550", "2007-09-30": "26.25880", "2007-06-30": "26.64900", "2007-03-31": "26.18360", "2006-12-31": "26.69050", "2006-09-30": "28.05310", "2006-06-30": "25.27990", "2006-03-31": "24.57470", "2005-12-31": "20.77740", "2005-09-30": "24.99580", "2005-06-30": "25.61430", "2005-03-31": "26.56890"}, "Operating Margin": {"2020-09-30": "10.24790", "2020-06-30": "8.83680", "2020-03-31": "8.55750", "2019-12-31": "11.85890", "2019-09-30": "12.33840", "2019-06-30": "11.62870", "2019-03-31": "10.57950", "2018-12-31": "16.26620", "2018-09-30": "14.86190", "2018-06-30": "12.46360", "2018-03-31": "9.98040", "2017-12-31": "15.11120", "2017-09-30": "12.66990", "2017-06-30": "10.18020", "2017-03-31": "8.43730", "2016-12-31": "25.20410", "2016-09-30": "11.33690", "2016-06-30": "3.45730", "2016-03-31": "10.15660", "2015-12-31": "12.07030", "2015-09-30": "12.65160", "2015-06-30": "11.34060", "2015-03-31": "10.63980", "2014-12-31": "10.86990", "2014-09-30": "12.84090", "2014-06-30": "11.37480", "2014-03-31": "9.59120", "2013-12-31": "8.66330", "2013-09-30": "10.96230", "2013-06-30": "7.64830", "2013-03-31": "7.08040", "2012-12-31": "7.29330", "2012-09-30": "8.15540", "2012-06-30": "7.33360", "2012-03-31": "6.74680", "2011-12-31": "9.51780", "2011-09-30": "10.17790", "2011-06-30": "8.82970", "2011-03-31": "9.34710", "2010-12-31": "8.20700", "2010-09-30": "11.26490", "2010-06-30": "7.61310", "2010-03-31": "4.02960", "2009-12-31": "13.86980", "2009-09-30": "16.16830", "2009-06-30": "14.94310", "2009-03-31": "14.37900", "2008-12-31": "4.72040", "2008-09-30": "5.83140", "2008-06-30": "7.52540", "2008-03-31": "6.42200", "2007-12-31": "9.45040", "2007-09-30": "8.44610", "2007-06-30": "8.42940", "2007-03-31": "7.91640", "2006-12-31": "8.35840", "2006-09-30": "9.28350", "2006-06-30": "7.52270", "2006-03-31": "5.19360", "2005-12-31": "-0.39330", "2005-09-30": "7.12240", "2005-06-30": "7.62800", "2005-03-31": "7.70610"}, "EBIT Margin": {"2020-09-30": "10.24790", "2020-06-30": "8.83680", "2020-03-31": "8.55750", "2019-12-31": "11.85890", "2019-09-30": "12.33840", "2019-06-30": "11.62870", "2019-03-31": "10.57950", "2018-12-31": "16.26620", "2018-09-30": "14.86190", "2018-06-30": "12.46360", "2018-03-31": "9.98040", "2017-12-31": "15.11120", "2017-09-30": "12.66990", "2017-06-30": "10.18020", "2017-03-31": "8.43730", "2016-12-31": "25.20410", "2016-09-30": "11.33690", "2016-06-30": "3.45730", "2016-03-31": "10.15660", "2015-12-31": "12.07030", "2015-09-30": "12.65160", "2015-06-30": "11.34060", "2015-03-31": "10.63980", "2014-12-31": "10.86990", "2014-09-30": "12.84090", "2014-06-30": "11.37480", "2014-03-31": "9.59120", "2013-12-31": "8.66330", "2013-09-30": "10.96230", "2013-06-30": "7.64830", "2013-03-31": "7.08040", "2012-12-31": "7.29330", "2012-09-30": "8.15540", "2012-06-30": "7.33360", "2012-03-31": "6.74680", "2011-12-31": "9.51780", "2011-09-30": "10.17790", "2011-06-30": "8.82970", "2011-03-31": "9.34710", "2010-12-31": "8.20700", "2010-09-30": "11.26490", "2010-06-30": "7.61310", "2010-03-31": "4.02960", "2009-12-31": "13.86980", "2009-09-30": "16.16830", "2009-06-30": "14.94310", "2009-03-31": "14.37900", "2008-12-31": "4.72040", "2008-09-30": "5.83140", "2008-06-30": "7.52540", "2008-03-31": "6.42200", "2007-12-31": "9.45040", "2007-09-30": "8.44610", "2007-06-30": "8.42940", "2007-03-31": "7.91640", "2006-12-31": "8.35840", "2006-09-30": "9.28350", "2006-06-30": "7.52270", "2006-03-31": "5.19360", "2005-12-31": "-0.39330", "2005-09-30": "7.12240", "2005-06-30": "7.62800", "2005-03-31": "7.70610"}, "EBITDA Margin": {"2020-09-30": "", "2020-06-30": "", "2020-03-31": "", "2019-12-31": "", "2019-09-30": "", "2019-06-30": "", "2019-03-31": "", "2018-12-31": "", "2018-09-30": "", "2018-06-30": "", "2018-03-31": "", "2017-12-31": "", "2017-09-30": "", "2017-06-30": "", "2017-03-31": "", "2016-12-31": "", "2016-09-30": "", "2016-06-30": "", "2016-03-31": "", "2015-12-31": "", "2015-09-30": "", "2015-06-30": "", "2015-03-31": "", "2014-12-31": "", "2014-09-30": "", "2014-06-30": "", "2014-03-31": "", "2013-12-31": "", "2013-09-30": "", "2013-06-30": "", "2013-03-31": "", "2012-12-31": "", "2012-09-30": "", "2012-06-30": "", "2012-03-31": "", "2011-12-31": "", "2011-09-30": "", "2011-06-30": "", "2011-03-31": "", "2010-12-31": "", "2010-09-30": "", "2010-06-30": "", "2010-03-31": "", "2009-12-31": "", "2009-09-30": "", "2009-06-30": "", "2009-03-31": "", "2008-12-31": "", "2008-09-30": "", "2008-06-30": "", "2008-03-31": "", "2007-12-31": "", "2007-09-30": "", "2007-06-30": "", "2007-03-31": "", "2006-12-31": "", "2006-09-30": "", "2006-06-30": "", "2006-03-31": "", "2005-12-31": "", "2005-09-30": "", "2005-06-30": "", "2005-03-31": ""}, "Pre-Tax Profit Margin": {"2020-09-30": "5.50460", "2020-06-30": "5.36370", "2020-03-31": "-0.29900", "2019-12-31": "7.27540", "2019-09-30": "8.11780", "2019-06-30": "5.89380", "2019-03-31": "7.40740", "2018-12-31": "6.41910", "2018-09-30": "9.37130", "2018-06-30": "8.40050", "2018-03-31": "6.33340", "2017-12-31": "3.44950", "2017-09-30": "8.28350", "2017-06-30": "-0.42730", "2017-03-31": "4.22840", "2016-12-31": "3.13410", "2016-09-30": "7.08320", "2016-06-30": "-0.26310", "2016-03-31": "6.20350", "2015-12-31": "3.49050", "2015-09-30": "5.78110", "2015-06-30": "4.65520", "2015-03-31": "7.35910", "2014-12-31": "5.16570", "2014-09-30": "9.12250", "2014-06-30": "2.57670", "2014-03-31": "-2.42840", "2013-12-31": "-2.13820", "2013-09-30": "6.74480", "2013-06-30": "4.94890", "2013-03-31": "3.24400", "2012-12-31": "4.05650", "2012-09-30": "4.55450", "2012-06-30": "2.88260", "2012-03-31": "3.20060", "2011-12-31": "6.53370", "2011-09-30": "5.74490", "2011-06-30": "4.40730", "2011-03-31": "5.76170", "2010-12-31": "5.08340", "2010-09-30": "8.13990", "2010-06-30": "1.92780", "2010-03-31": "-3.01360", "2009-12-31": "-7.16080", "2009-09-30": "9.95100", "2009-06-30": "8.96240", "2009-03-31": "9.13900", "2008-12-31": "-29.30030", "2008-09-30": "3.89250", "2008-06-30": "5.20060", "2008-03-31": "3.49330", "2007-12-31": "7.51580", "2007-09-30": "5.68490", "2007-06-30": "5.55660", "2007-03-31": "11.61590", "2006-12-31": "69.83470", "2006-09-30": "10.94120", "2006-06-30": "1.73200", "2006-03-31": "-22.13170", "2005-12-31": "-10.06480", "2005-09-30": "6.05910", "2005-06-30": "4.43690", "2005-03-31": "1.82370"}, "Net Profit Margin": {"2020-09-30": "3.98200", "2020-06-30": "5.46650", "2020-03-31": "-2.63450", "2019-12-31": "3.00110", "2019-09-30": "6.17820", "2019-06-30": "5.15260", "2019-03-31": "7.51370", "2018-12-31": "5.31000", "2018-09-30": "9.52380", "2018-06-30": "6.94330", "2018-03-31": "12.96920", "2017-12-31": "25.56470", "2017-09-30": "7.15970", "2017-06-30": "1.48620", "2017-03-31": "4.07250", "2016-12-31": "5.74140", "2016-09-30": "5.92480", "2016-06-30": "0.75160", "2016-03-31": "6.53620", "2015-12-31": "4.74290", "2015-09-30": "3.86580", "2015-06-30": "3.97270", "2015-03-31": "5.67340", "2014-12-31": "2.25480", "2014-09-30": "5.86680", "2014-06-30": "2.72930", "2014-03-31": "-1.65970", "2013-12-31": "6.01460", "2013-09-30": "6.39330", "2013-06-30": "3.53100", "2013-03-31": "4.48520", "2012-12-31": "3.32160", "2012-09-30": "3.37320", "2012-06-30": "1.89350", "2012-03-31": "2.82490", "2011-12-31": "4.41340", "2011-09-30": "7.05670", "2011-06-30": "3.29420", "2011-03-31": "5.54250", "2010-12-31": "5.55810", "2010-09-30": "5.90770", "2010-06-30": "1.51940", "2010-03-31": "-2.78970", "2009-12-31": "-1.68980", "2009-09-30": "6.26800", "2009-06-30": "2.34400", "2009-03-31": "4.53420", "2008-12-31": "-27.36020", "2008-09-30": "2.18860", "2008-06-30": "3.90910", "2008-03-31": "2.34650", "2007-12-31": "5.59840", "2007-09-30": "3.91630", "2007-06-30": "3.59100", "2007-03-31": "8.31900", "2006-12-31": "37.17130", "2006-09-30": "4.12600", "2006-06-30": "1.45210", "2006-03-31": "-22.36700", "2005-12-31": "-1.78160", "2005-09-30": "17.26580", "2005-06-30": "1.31400", "2005-03-31": "1.37670"}, "Asset Turnover": {"2020-09-30": "0.16090", "2020-06-30": "0.14960", "2020-03-31": "0.16110", "2019-12-31": "0.16430", "2019-09-30": "0.16450", "2019-06-30": "0.16500", "2019-03-31": "0.16510", "2018-12-31": "0.17720", "2018-09-30": "0.17460", "2018-06-30": "0.17260", "2018-03-31": "0.16520", "2017-12-31": "0.16850", "2017-09-30": "0.16320", "2017-06-30": "0.15890", "2017-03-31": "0.15410", "2016-12-31": "0.11470", "2016-09-30": "0.16150", "2016-06-30": "0.16950", "2016-03-31": "0.16460", "2015-12-31": "0.12290", "2015-09-30": "0.17790", "2015-06-30": "0.20280", "2015-03-31": "0.19730", "2014-12-31": "0.20720", "2014-09-30": "0.20580", "2014-06-30": "0.19150", "2014-03-31": "0.18650", "2013-12-31": "0.22990", "2013-09-30": "0.18330", "2013-06-30": "0.22540", "2013-03-31": "0.21680", "2012-12-31": "0.22000", "2012-09-30": "0.21580", "2012-06-30": "0.21390", "2012-03-31": "0.19660", "2011-12-31": "0.23570", "2011-09-30": "0.25670", "2011-06-30": "0.25530", "2011-03-31": "0.24950", "2010-12-31": "0.25750", "2010-09-30": "0.26780", "2010-06-30": "0.24440", "2010-03-31": "0.23100", "2009-12-31": "0.23400", "2009-09-30": "0.22180", "2009-06-30": "0.21780", "2009-03-31": "0.21620", "2008-12-31": "0.24320", "2008-09-30": "0.22570", "2008-06-30": "0.20760", "2008-03-31": "0.23270", "2007-12-31": "0.24180", "2007-09-30": "0.23360", "2007-06-30": "0.22850", "2007-03-31": "0.21860", "2006-12-31": "0.22150", "2006-09-30": "0.21990", "2006-06-30": "0.21860", "2006-03-31": "0.20750", "2005-12-31": "0.15020", "2005-09-30": "0.20830", "2005-06-30": "0.18010", "2005-03-31": "0.16790"}, "Inventory Turnover Ratio": {"2020-09-30": "1.76430", "2020-06-30": "1.70500", "2020-03-31": "1.87110", "2019-12-31": "1.66030", "2019-09-30": "1.71920", "2019-06-30": "1.75400", "2019-03-31": "1.70750", "2018-12-31": "1.69480", "2018-09-30": "1.82490", "2018-06-30": "1.91320", "2018-03-31": "1.91930", "2017-12-31": "1.60050", "2017-09-30": "1.50630", "2017-06-30": "1.58790", "2017-03-31": "1.51960", "2016-12-31": "0.92880", "2016-09-30": "1.63010", "2016-06-30": "1.89930", "2016-03-31": "1.62880", "2015-12-31": "1.17150", "2015-09-30": "1.66280", "2015-06-30": "1.63700", "2015-03-31": "1.57730", "2014-12-31": "1.69350", "2014-09-30": "1.62660", "2014-06-30": "1.45100", "2014-03-31": "1.43610", "2013-12-31": "1.86760", "2013-09-30": "1.42490", "2013-06-30": "1.97230", "2013-03-31": "1.86900", "2012-12-31": "1.90220", "2012-09-30": "1.92730", "2012-06-30": "1.98870", "2012-03-31": "1.81370", "2011-12-31": "2.00950", "2011-09-30": "2.06060", "2011-06-30": "2.02910", "2011-03-31": "1.93510", "2010-12-31": "2.03240", "2010-09-30": "2.03680", "2010-06-30": "2.02980", "2010-03-31": "2.08110", "2009-12-31": "1.81280", "2009-09-30": "1.64970", "2009-06-30": "1.71160", "2009-03-31": "1.59440", "2008-12-31": "2.01280", "2008-09-30": "1.86330", "2008-06-30": "1.94010", "2008-03-31": "1.98460", "2007-12-31": "2.04830", "2007-09-30": "2.01280", "2007-06-30": "1.92800", "2007-03-31": "1.91690", "2006-12-31": "2.04450", "2006-09-30": "1.69380", "2006-06-30": "1.82990", "2006-03-31": "1.80040", "2005-12-31": "1.77230", "2005-09-30": "1.83110", "2005-06-30": "1.54030", "2005-03-31": "1.45120"}, "Receiveable Turnover": {"2020-09-30": "1.68850", "2020-06-30": "1.59020", "2020-03-31": "1.65900", "2019-12-31": "1.67620", "2019-09-30": "1.68470", "2019-06-30": "1.62990", "2019-03-31": "1.61550", "2018-12-31": "1.69010", "2018-09-30": "1.64830", "2018-06-30": "1.65430", "2018-03-31": "1.64550", "2017-12-31": "1.73750", "2017-09-30": "1.65030", "2017-06-30": "1.63970", "2017-03-31": "1.66730", "2016-12-31": "1.33130", "2016-09-30": "1.87600", "2016-06-30": "1.87590", "2016-03-31": "1.93490", "2015-12-31": "1.40300", "2015-09-30": "2.00950", "2015-06-30": "1.81970", "2015-03-31": "1.79470", "2014-12-31": "1.92770", "2014-09-30": "1.83750", "2014-06-30": "1.48630", "2014-03-31": "1.45540", "2013-12-31": "1.93000", "2013-09-30": "1.48480", "2013-06-30": "1.85880", "2013-03-31": "1.83250", "2012-12-31": "1.98620", "2012-09-30": "1.89940", "2012-06-30": "1.96530", "2012-03-31": "1.75040", "2011-12-31": "1.82640", "2011-09-30": "1.73160", "2011-06-30": "1.67840", "2011-03-31": "1.86320", "2010-12-31": "2.14910", "2010-09-30": "2.03020", "2010-06-30": "2.01810", "2010-03-31": "2.02550", "2009-12-31": "2.21780", "2009-09-30": "1.92180", "2009-06-30": "1.75180", "2009-03-31": "1.64050", "2008-12-31": "1.99090", "2008-09-30": "1.76190", "2008-06-30": "1.76830", "2008-03-31": "1.76790", "2007-12-31": "1.85310", "2007-09-30": "1.79900", "2007-06-30": "1.76370", "2007-03-31": "1.78420", "2006-12-31": "1.96890", "2006-09-30": "1.78120", "2006-06-30": "1.91360", "2006-03-31": "1.89050", "2005-12-31": "1.78890", "2005-09-30": "2.03050", "2005-06-30": "1.83410", "2005-03-31": "1.75880"}, "Days Sales In Receivables": {"2020-09-30": "53.30080", "2020-06-30": "56.59680", "2020-03-31": "54.24890", "2019-12-31": "53.69230", "2019-09-30": "53.42130", "2019-06-30": "55.21970", "2019-03-31": "55.70970", "2018-12-31": "53.24990", "2018-09-30": "54.60090", "2018-06-30": "54.40430", "2018-03-31": "54.69490", "2017-12-31": "51.80000", "2017-09-30": "54.53510", "2017-06-30": "54.88950", "2017-03-31": "53.97900", "2016-12-31": "67.60070", "2016-09-30": "47.97380", "2016-06-30": "47.97630", "2016-03-31": "46.51470", "2015-12-31": "64.14870", "2015-09-30": "44.78650", "2015-06-30": "49.45750", "2015-03-31": "50.14680", "2014-12-31": "46.68850", "2014-09-30": "48.97870", "2014-06-30": "60.55430", "2014-03-31": "61.83960", "2013-12-31": "46.63260", "2013-09-30": "60.61260", "2013-06-30": "48.41720", "2013-03-31": "49.11280", "2012-12-31": "45.31170", "2012-09-30": "47.38260", "2012-06-30": "45.79480", "2012-03-31": "51.41700", "2011-12-31": "49.27600", "2011-09-30": "51.97530", "2011-06-30": "53.62370", "2011-03-31": "48.30440", "2010-12-31": "41.87870", "2010-09-30": "44.33040", "2010-06-30": "44.59570", "2010-03-31": "44.43430", "2009-12-31": "40.58060", "2009-09-30": "46.83220", "2009-06-30": "51.37540", "2009-03-31": "54.86060", "2008-12-31": "45.20620", "2008-09-30": "51.08110", "2008-06-30": "50.89720", "2008-03-31": "50.90690", "2007-12-31": "48.56700", "2007-09-30": "50.02710", "2007-06-30": "51.03010", "2007-03-31": "50.44280", "2006-12-31": "45.71000", "2006-09-30": "50.52860", "2006-06-30": "47.03110", "2006-03-31": "47.60590", "2005-12-31": "50.31000", "2005-09-30": "44.32410", "2005-06-30": "49.07000", "2005-03-31": "51.17110"}, "ROE - Return On Equity": {"2020-09-30": "2.87490", "2020-06-30": "3.76770", "2020-03-31": "-2.05510", "2019-12-31": "2.15080", "2019-09-30": "4.58690", "2019-06-30": "3.81380", "2019-03-31": "5.70360", "2018-12-31": "4.30720", "2018-09-30": "7.96260", "2018-06-30": "6.26460", "2018-03-31": "4.98280", "2017-12-31": "22.44310", "2017-09-30": "7.41940", "2017-06-30": "1.84010", "2017-03-31": "4.17940", "2016-12-31": "2.56940", "2016-09-30": "7.30670", "2016-06-30": "0.98860", "2016-03-31": "7.95770", "2015-12-31": "2.37910", "2015-09-30": "4.69800", "2015-06-30": "4.33570", "2015-03-31": "6.21630", "2014-12-31": "2.60310", "2014-09-30": "4.77280", "2014-06-30": "2.22340", "2014-03-31": "-1.18770", "2013-12-31": "5.13040", "2013-09-30": "5.05170", "2013-06-30": "3.31670", "2013-03-31": "4.05100", "2012-12-31": "3.34540", "2012-09-30": "3.04970", "2012-06-30": "1.70570", "2012-03-31": "2.49570", "2011-12-31": "4.08020", "2011-09-30": "6.06890", "2011-06-30": "2.84850", "2011-03-31": "4.09240", "2010-12-31": "5.16660", "2010-09-30": "6.01080", "2010-06-30": "1.68320", "2010-03-31": "-2.52810", "2009-12-31": "-1.55080", "2009-09-30": "6.40720", "2009-06-30": "2.75640", "2009-03-31": "5.96440", "2008-12-31": "-41.08160", "2008-09-30": "1.73420", "2008-06-30": "2.47290", "2008-03-31": "1.72240", "2007-12-31": "4.17440", "2007-09-30": "2.76520", "2007-06-30": "2.63020", "2007-03-31": "5.76660", "2006-12-31": "25.70640", "2006-09-30": "6.55430", "2006-06-30": "0.87310", "2006-03-31": "-17.19640", "2005-12-31": "-2.85000", "2005-09-30": "8.26660", "2005-06-30": "1.12400", "2005-03-31": "1.18790"}, "Return On Tangible Equity": {"2020-09-30": "5.37970", "2020-06-30": "7.08200", "2020-03-31": "-3.96400", "2019-12-31": "3.79780", "2019-09-30": "8.45700", "2019-06-30": "7.04780", "2019-03-31": "10.45140", "2018-12-31": "7.93220", "2018-09-30": "15.24280", "2018-06-30": "12.33510", "2018-03-31": "9.40020", "2017-12-31": "46.90100", "2017-09-30": "24.19040", "2017-06-30": "7.26640", "2017-03-31": "16.10740", "2016-12-31": "11.25630", "2016-09-30": "35.64010", "2016-06-30": "5.89100", "2016-03-31": "37.41720", "2015-12-31": "16.20210", "2015-09-30": "21.04210", "2015-06-30": "16.24440", "2015-03-31": "23.45400", "2014-12-31": "9.19460", "2014-09-30": "10.93240", "2014-06-30": "4.64170", "2014-03-31": "-2.45330", "2013-12-31": "9.89060", "2013-09-30": "12.48770", "2013-06-30": "9.00310", "2013-03-31": "11.08550", "2012-12-31": "9.56480", "2012-09-30": "7.62160", "2012-06-30": "4.22490", "2012-03-31": "5.70990", "2011-12-31": "6.14360", "2011-09-30": "8.58090", "2011-06-30": "4.03560", "2011-03-31": "5.89910", "2010-12-31": "7.66330", "2010-09-30": "9.16610", "2010-06-30": "2.70860", "2010-03-31": "-4.04230", "2009-12-31": "-2.44640", "2009-09-30": "10.48390", "2009-06-30": "4.93130", "2009-03-31": "11.53340", "2008-12-31": "-76.15840", "2008-09-30": "3.10970", "2008-06-30": "4.06500", "2008-03-31": "2.90210", "2007-12-31": "7.20830", "2007-09-30": "5.11150", "2007-06-30": "4.90440", "2007-03-31": "9.77750", "2006-12-31": "40.66350", "2006-09-30": "17.39720", "2006-06-30": "1.91420", "2006-03-31": "-37.78060", "2005-12-31": "-5.03170", "2005-09-30": "19.16840", "2005-06-30": "2.95070", "2005-03-31": "3.01350"}, "ROA - Return On Assets": {"2020-09-30": "0.64070", "2020-06-30": "0.81800", "2020-03-31": "-0.42450", "2019-12-31": "0.49600", "2019-09-30": "1.01040", "2019-06-30": "0.83270", "2019-03-31": "1.24640", "2018-12-31": "0.94710", "2018-09-30": "1.66260", "2018-06-30": "1.27230", "2018-03-31": "1.06380", "2017-12-31": "4.33000", "2017-09-30": "1.08240", "2017-06-30": "0.24800", "2017-03-31": "0.57660", "2016-12-31": "0.33840", "2016-09-30": "0.94780", "2016-06-30": "0.12740", "2016-03-31": "1.09200", "2015-12-31": "0.30460", "2015-09-30": "0.65660", "2015-06-30": "0.77370", "2015-03-31": "1.11200", "2014-12-31": "0.47760", "2014-09-30": "1.13250", "2014-06-30": "0.55520", "2014-03-31": "-0.29970", "2013-12-31": "1.34800", "2013-09-30": "1.16910", "2013-06-30": "0.71590", "2013-03-31": "0.88380", "2012-12-31": "0.69040", "2012-09-30": "0.68790", "2012-06-30": "0.36570", "2012-03-31": "0.55250", "2011-12-31": "1.05490", "2011-09-30": "1.80000", "2011-06-30": "0.87160", "2011-03-31": "1.21120", "2010-12-31": "1.44280", "2010-09-30": "1.59030", "2010-06-30": "0.39920", "2010-03-31": "-0.60850", "2009-12-31": "-0.37970", "2009-09-30": "1.41300", "2009-06-30": "0.52550", "2009-03-31": "0.99550", "2008-12-31": "-6.71790", "2008-09-30": "0.50380", "2008-06-30": "0.84010", "2008-03-31": "0.63640", "2007-12-31": "1.49840", "2007-09-30": "0.92770", "2007-06-30": "0.86390", "2007-03-31": "1.91490", "2006-12-31": "8.51710", "2006-09-30": "1.55940", "2006-06-30": "0.23710", "2006-03-31": "-4.55020", "2005-12-31": "-0.82720", "2005-09-30": "2.57640", "2005-06-30": "0.27960", "2005-03-31": "0.29430"}, "ROI - Return On Investment": {"2020-09-30": "1.30590", "2020-06-30": "1.61290", "2020-03-31": "-0.85860", "2019-12-31": "0.95870", "2019-09-30": "1.96410", "2019-06-30": "1.62970", "2019-03-31": "2.44350", "2018-12-31": "1.82780", "2018-09-30": "3.16480", "2018-06-30": "2.43360", "2018-03-31": "2.00840", "2017-12-31": "8.44310", "2017-09-30": "2.24460", "2017-06-30": "0.56160", "2017-03-31": "1.24540", "2016-12-31": "0.72570", "2016-09-30": "2.05290", "2016-06-30": "0.31090", "2016-03-31": "2.59100", "2015-12-31": "0.72920", "2015-09-30": "1.57220", "2015-06-30": "1.55220", "2015-03-31": "2.30990", "2014-12-31": "0.98600", "2014-09-30": "2.08580", "2014-06-30": "1.02470", "2014-03-31": "-0.55380", "2013-12-31": "2.48380", "2013-09-30": "2.31720", "2013-06-30": "1.44880", "2013-03-31": "1.73790", "2012-12-31": "1.35930", "2012-09-30": "1.28790", "2012-06-30": "0.68860", "2012-03-31": "1.01640", "2011-12-31": "1.76210", "2011-09-30": "3.00720", "2011-06-30": "1.43270", "2011-03-31": "1.97060", "2010-12-31": "2.37020", "2010-09-30": "2.64830", "2010-06-30": "0.68890", "2010-03-31": "-1.04440", "2009-12-31": "-0.64740", "2009-09-30": "2.49060", "2009-06-30": "0.89690", "2009-03-31": "1.70200", "2008-12-31": "-11.55490", "2008-09-30": "0.76010", "2008-06-30": "1.27590", "2008-03-31": "1.03090", "2007-12-31": "2.40930", "2007-09-30": "1.55510", "2007-06-30": "1.44690", "2007-03-31": "3.19960", "2006-12-31": "14.12310", "2006-09-30": "2.57960", "2006-06-30": "0.38420", "2006-03-31": "-6.88250", "2005-12-31": "-1.22870", "2005-09-30": "3.73240", "2005-06-30": "0.43520", "2005-03-31": "0.45000"}, "Book Value Per Share": {"2020-09-30": "18.05140", "2020-06-30": "17.95980", "2020-03-31": "17.46690", "2019-12-31": "19.68380", "2019-09-30": "19.01560", "2019-06-30": "19.03780", "2019-03-31": "18.71930", "2018-12-31": "18.43030", "2018-09-30": "17.42720", "2018-06-30": "16.78650", "2018-03-31": "17.54410", "2017-12-31": "15.84070", "2017-09-30": "11.94720", "2017-06-30": "11.05600", "2017-03-31": "11.12680", "2016-12-31": "10.59990", "2016-09-30": "10.28490", "2016-06-30": "9.83980", "2016-03-31": "10.36090", "2015-12-31": "9.48500", "2015-09-30": "10.78270", "2015-06-30": "12.03660", "2015-03-31": "11.86190", "2014-12-31": "12.52600", "2014-09-30": "16.47470", "2014-06-30": "17.99820", "2014-03-31": "17.88370", "2013-12-31": "18.98550", "2013-09-30": "16.91410", "2013-06-30": "15.77930", "2013-03-31": "16.06800", "2012-12-31": "15.08570", "2012-09-30": "16.74650", "2012-06-30": "16.21860", "2012-03-31": "17.13470", "2011-12-31": "15.98400", "2011-09-30": "17.52920", "2011-06-30": "18.23150", "2011-03-31": "17.32220", "2010-12-31": "16.18460", "2010-09-30": "15.17950", "2010-06-30": "13.60120", "2010-03-31": "13.86800", "2009-12-31": "14.44240", "2009-09-30": "13.58890", "2009-06-30": "11.74340", "2009-03-31": "10.13430", "2008-12-31": "10.29470", "2008-09-30": "20.49810", "2008-06-30": "22.22400", "2008-03-31": "21.04050", "2007-12-31": "20.39510", "2007-09-30": "18.58010", "2007-06-30": "17.75390", "2007-03-31": "17.81300", "2006-12-31": "17.55900", "2006-09-30": "12.91560", "2006-06-30": "14.40070", "2006-03-31": "14.30780", "2005-12-31": "17.02900", "2005-09-30": "18.08120", "2005-06-30": "16.50900", "2005-03-31": "16.82300"}, "Operating Cash Flow Per Share": {"2020-09-30": 1.8478, "2020-06-30": 2.2619, "2020-03-31": "1.65310", "2019-12-31": 2.2692, "2019-09-30": 2.2627, "2019-06-30": 2.7023, "2019-03-31": "1.81800", "2018-12-31": 1.9426, "2018-09-30": 2.341, "2018-06-30": 1.9195, "2018-03-31": "1.58540", "2017-12-31": 2.8432, "2017-09-30": -1.706, "2017-06-30": 1.5476, "2017-03-31": "1.52160", "2016-12-31": 2.1917, "2016-09-30": 0.8169, "2016-06-30": 1.4563, "2016-03-31": "1.49760", "2015-12-31": 2.3257, "2015-09-30": 2.0236, "2015-06-30": 0.279, "2015-03-31": "1.50580", "2014-12-31": 2.6127, "2014-09-30": 2.1957, "2014-06-30": 1.233, "2014-03-31": "1.08130", "2013-12-31": 2.3725, "2013-09-30": 1.5757, "2013-06-30": 1.6614, "2013-03-31": "1.19030", "2012-12-31": 1.5952, "2012-09-30": 1.9873, "2012-06-30": 1.8131, "2012-03-31": "1.32470", "2011-12-31": 1.4384, "2011-09-30": 1.9837, "2011-06-30": 1.5143, "2011-03-31": "1.18490", "2010-12-31": 2.4031, "2010-09-30": -0.4927, "2010-06-30": 1.4751, "2010-03-31": "0.37080", "2009-12-31": 2.5487, "2009-09-30": 3.1818, "2009-06-30": 3.2691, "2009-03-31": "1.87660", "2008-12-31": 1.72, "2008-09-30": 2.2297, "2008-06-30": 1.3647, "2008-03-31": "1.02530", "2007-12-31": 1.1837, "2007-09-30": 1.7017, "2007-06-30": 0.9106, "2007-03-31": "0.56200", "2006-12-31": -0.8754, "2006-09-30": 1.5882, "2006-06-30": 1.2839, "2006-03-31": "0.50590", "2005-12-31": 1.0773, "2005-09-30": 0.6973, "2005-06-30": 0.8709, "2005-03-31": "0.31700"}, "Free Cash Flow Per Share": {"2020-09-30": 1.5513, "2020-06-30": 1.6269, "2020-03-31": "0.92720", "2019-12-31": 1.3858, "2019-09-30": 1.5586, "2019-06-30": 1.8546, "2019-03-31": "1.09870", "2018-12-31": 1.2997, "2018-09-30": 1.4635, "2018-06-30": 0.8671, "2018-03-31": "0.41850", "2017-12-31": 1.7626, "2017-09-30": -2.3395, "2017-06-30": 0.8904, "2017-03-31": "0.62500", "2016-12-31": 1.137, "2016-09-30": 0.1833, "2016-06-30": 0.6739, "2016-03-31": "0.77050", "2015-12-31": 1.192, "2015-09-30": 1.2599, "2015-06-30": -0.5394, "2015-03-31": "0.77410", "2014-12-31": 1.7197, "2014-09-30": 1.4704, "2014-06-30": 0.4664, "2014-03-31": "0.44540", "2013-12-31": 1.347, "2013-09-30": 1.1449, "2013-06-30": 1.0576, "2013-03-31": "0.70610", "2012-12-31": 0.7388, "2012-09-30": 1.32, "2012-06-30": 0.8541, "2012-03-31": "0.67490", "2011-12-31": 0.4521, "2011-09-30": 1.2702, "2011-06-30": 0.9792, "2011-03-31": "0.76760", "2010-12-31": 1.6717, "2010-09-30": -0.9163, "2010-06-30": 1.125, "2010-03-31": "0.09100", "2009-12-31": 2.1571, "2009-09-30": 2.9345, "2009-06-30": 2.9628, "2009-03-31": "1.57410", "2008-12-31": 1.0687, "2008-09-30": 1.6415, "2008-06-30": 0.732, "2008-03-31": "0.51740", "2007-12-31": 0.0982, "2007-09-30": 0.9188, "2007-06-30": 0.2014, "2007-03-31": "0.16500", "2006-12-31": 1.9811, "2006-09-30": 0.9773, "2006-06-30": 0.6647, "2006-03-31": "0.16040", "2005-12-31": 0.6219, "2005-09-30": 0.2056, "2005-06-30": 0.2338, "2005-03-31": "-0.04500"}}, "revenue": {"International Paper Annual Revenue (Millions of US $)": {"2020": "$20,580", "2019": "$22,376", "2018": "$23,306", "2017": "$21,743", "2016": "$19,495", "2015": "$20,675", "2014": "$23,617", "2013": "$23,483", "2012": "$21,852", "2011": "$26,034", "2010": "$25,179", "2009": "$23,366", "2008": "$24,829", "2007": "$21,890", "2006": "$21,995", "2005": "$21,700"}, "International Paper Quarterly Revenue (Millions of US $)": {"2020-12-31": "$5,239", "2020-09-30": "$5,123", "2020-06-30": "$4,866", "2020-03-31": "$5,352", "2019-12-31": "$5,498", "2019-09-30": "$5,568", "2019-06-30": "$5,667", "2019-03-31": "$5,643", "2018-12-31": "$5,951", "2018-09-30": "$5,901", "2018-06-30": "$5,833", "2018-03-31": "$5,621", "2017-12-31": "$5,711", "2017-09-30": "$5,517", "2017-06-30": "$5,383", "2017-03-31": "$5,132", "2016-12-31": "$3,797", "2016-09-30": "$5,266", "2016-06-30": "$5,322", "2016-03-31": "$5,110", "2015-12-31": "$3,753", "2015-09-30": "$5,691", "2015-06-30": "$5,714", "2015-03-31": "$5,517", "2014-12-31": "$5,943", "2014-09-30": "$6,051", "2014-06-30": "$5,899", "2014-03-31": "$5,724", "2013-12-31": "$7,249", "2013-09-30": "$5,975", "2013-06-30": "$7,335", "2013-03-31": "$7,090", "2012-12-31": "$7,075", "2012-09-30": "$7,026", "2012-06-30": "$7,077", "2012-03-31": "$6,655", "2011-12-31": "$6,367", "2011-09-30": "$6,632", "2011-06-30": "$6,648", "2011-03-31": "$6,387", "2010-12-31": "$6,531", "2010-09-30": "$6,720", "2010-06-30": "$6,121", "2010-03-31": "$5,807", "2009-12-31": "$5,977", "2009-09-30": "$5,919", "2009-06-30": "$5,802", "2009-03-31": "$5,668", "2008-12-31": "$6,546", "2008-09-30": "$6,808", "2008-06-30": "$5,807", "2008-03-31": "$5,668", "2007-12-31": "$5,841", "2007-09-30": "$5,541", "2007-06-30": "$5,291", "2007-03-31": "$5,217", "2006-12-31": "$5,324", "2006-09-30": "$5,429", "2006-06-30": "$5,716", "2006-03-31": "$5,526", "2005-12-31": "$4,322", "2005-09-30": "$5,925", "2005-06-30": "$5,860", "2005-03-31": "$5,593"}}, "gross-profit": {"International Paper Annual Gross Profit (Millions of US $)": {"2020": "$6,207", "2019": "$7,108", "2018": "$7,751", "2017": "$6,941", "2016": "$6,076", "2015": "$6,362", "2014": "$7,363", "2013": "$7,201", "2012": "$6,565", "2011": "$7,074", "2010": "$6,697", "2009": "$8,146", "2008": "$6,087", "2007": "$5,830", "2006": "$5,747", "2005": "$5,366"}, "International Paper Quarterly Gross Profit (Millions of US $)": {"2020-12-31": "$1,580", "2020-09-30": "$1,582", "2020-06-30": "$1,439", "2020-03-31": "$1,606", "2019-12-31": "$1,832", "2019-09-30": "$1,796", "2019-06-30": "$1,766", "2019-03-31": "$1,714", "2018-12-31": "$2,153", "2018-09-30": "$2,014", "2018-06-30": "$1,911", "2018-03-31": "$1,673", "2017-12-31": "$2,009", "2017-09-30": "$1,804", "2017-06-30": "$1,634", "2017-03-31": "$1,494", "2016-12-31": "$1,723", "2016-09-30": "$1,644", "2016-06-30": "$1,210", "2016-03-31": "$1,499", "2015-12-31": "$1,143", "2015-09-30": "$1,800", "2015-06-30": "$1,746", "2015-03-31": "$1,673", "2014-12-31": "$1,838", "2014-09-30": "$1,996", "2014-06-30": "$1,839", "2014-03-31": "$1,690", "2013-12-31": "$1,973", "2013-09-30": "$1,927", "2013-06-30": "$1,921", "2013-03-31": "$1,870", "2012-12-31": "$1,882", "2012-09-30": "$1,886", "2012-06-30": "$1,807", "2012-03-31": "$1,671", "2011-12-31": "$1,705", "2011-09-30": "$1,839", "2011-06-30": "$1,768", "2011-03-31": "$1,762", "2010-12-31": "$1,761", "2010-09-30": "$1,962", "2010-06-30": "$1,631", "2010-03-31": "$1,343", "2009-12-31": "$2,027", "2009-09-30": "$2,161", "2009-06-30": "$2,021", "2009-03-31": "$1,937", "2008-12-31": "$1,524", "2008-09-30": "$1,654", "2008-06-30": "$1,502", "2008-03-31": "$1,407", "2007-12-31": "$1,599", "2007-09-30": "$1,455", "2007-06-30": "$1,410", "2007-03-31": "$1,366", "2006-12-31": "$1,421", "2006-09-30": "$1,523", "2006-06-30": "$1,445", "2006-03-31": "$1,358", "2005-12-31": "$898", "2005-09-30": "$1,481", "2005-06-30": "$1,501", "2005-03-31": "$1,486"}}, "operating-income": {"International Paper Annual Operating Income (Millions of US $)": {"2020": "$1,849", "2019": "$2,595", "2018": "$3,133", "2017": "$2,543", "2016": "$2,257", "2015": "$2,408", "2014": "$2,643", "2013": "$2,291", "2012": "$1,948", "2011": "$2,465", "2010": "$1,993", "2009": "$3,468", "2008": "$1,507", "2007": "$1,879", "2006": "$1,666", "2005": "$1,283"}, "International Paper Quarterly Operating Income (Millions of US $)": {"2020-12-31": "$436", "2020-09-30": "$525", "2020-06-30": "$430", "2020-03-31": "$458", "2019-12-31": "$652", "2019-09-30": "$687", "2019-06-30": "$659", "2019-03-31": "$597", "2018-12-31": "$968", "2018-09-30": "$877", "2018-06-30": "$727", "2018-03-31": "$561", "2017-12-31": "$863", "2017-09-30": "$699", "2017-06-30": "$548", "2017-03-31": "$433", "2016-12-31": "$957", "2016-09-30": "$597", "2016-06-30": "$184", "2016-03-31": "$519", "2015-12-31": "$453", "2015-09-30": "$720", "2015-06-30": "$648", "2015-03-31": "$587", "2014-12-31": "$646", "2014-09-30": "$777", "2014-06-30": "$671", "2014-03-31": "$549", "2013-12-31": "$628", "2013-09-30": "$655", "2013-06-30": "$561", "2013-03-31": "$502", "2012-12-31": "$516", "2012-09-30": "$573", "2012-06-30": "$519", "2012-03-31": "$449", "2011-12-31": "$606", "2011-09-30": "$675", "2011-06-30": "$587", "2011-03-31": "$597", "2010-12-31": "$536", "2010-09-30": "$757", "2010-06-30": "$466", "2010-03-31": "$234", "2009-12-31": "$829", "2009-09-30": "$957", "2009-06-30": "$867", "2009-03-31": "$815", "2008-12-31": "$309", "2008-09-30": "$397", "2008-06-30": "$437", "2008-03-31": "$364", "2007-12-31": "$552", "2007-09-30": "$468", "2007-06-30": "$446", "2007-03-31": "$413", "2006-12-31": "$445", "2006-09-30": "$504", "2006-06-30": "$430", "2006-03-31": "$287", "2005-12-31": "$-17", "2005-09-30": "$422", "2005-06-30": "$447", "2005-03-31": "$431"}}, "ebitda": {"International Paper Annual EBITDA (Millions of US $)": {"2019": "$3,901", "2018": "$4,461", "2017": "$3,966", "2016": "$3,484", "2015": "$3,702", "2014": "$4,057", "2013": "$3,838", "2012": "$3,434", "2011": "$3,797", "2010": "$3,449", "2009": "$4,940", "2008": "$4,631", "2007": "$2,965", "2006": "$3,583", "2005": "$2,557"}, "International Paper Quarterly EBITDA (Millions of US $)": {"2020-09-30": "$845", "2020-06-30": "$742", "2020-03-31": "$781", "2019-12-31": "$995", "2019-09-30": "$1,014", "2019-06-30": "$980", "2019-03-31": "$912", "2018-12-31": "$1,306", "2018-09-30": "$1,212", "2018-06-30": "$1,057", "2018-03-31": "$886", "2017-12-31": "$1,211", "2017-09-30": "$1,072", "2017-06-30": "$905", "2017-03-31": "$778", "2016-12-31": "$1,285", "2016-09-30": "$911", "2016-06-30": "$485", "2016-03-31": "$803", "2015-12-31": "$767", "2015-09-30": "$1,049", "2015-06-30": "$976", "2015-03-31": "$910", "2014-12-31": "$992", "2014-09-30": "$1,134", "2014-06-30": "$1,030", "2014-03-31": "$901", "2013-12-31": "$999", "2013-09-30": "$1,056", "2013-06-30": "$957", "2013-03-31": "$881", "2012-12-31": "$891", "2012-09-30": "$956", "2012-06-30": "$885", "2012-03-31": "$811", "2011-12-31": "$927", "2011-09-30": "$1,010", "2011-06-30": "$923", "2011-03-31": "$937", "2010-12-31": "$896", "2010-09-30": "$1,119", "2010-06-30": "$829", "2010-03-31": "$605", "2009-12-31": "$1,213", "2009-09-30": "$1,335", "2009-06-30": "$1,234", "2009-03-31": "$1,158", "2008-12-31": "$2,468", "2008-09-30": "$771", "2008-06-30": "$742", "2008-03-31": "$650", "2007-12-31": "$830", "2007-09-30": "$745", "2007-06-30": "$715", "2007-03-31": "$675", "2006-12-31": "$1,479", "2006-09-30": "$791", "2006-06-30": "$712", "2006-03-31": "$601", "2005-12-31": "$252", "2005-09-30": "$754", "2005-06-30": "$804", "2005-03-31": "$747"}}, "net-income": {"International Paper Annual Net Income (Millions of US $)": {"2020": "$482", "2019": "$1,225", "2018": "$2,012", "2017": "$2,144", "2016": "$904", "2015": "$938", "2014": "$555", "2013": "$1,395", "2012": "$794", "2011": "$1,322", "2010": "$691", "2009": "$663", "2008": "$-1,282", "2007": "$1,168", "2006": "$1,050", "2005": "$1,100"}, "International Paper Quarterly Net Income (Millions of US $)": {"2020-12-31": "$153", "2020-09-30": "$204", "2020-06-30": "$266", "2020-03-31": "$-141", "2019-12-31": "$165", "2019-09-30": "$344", "2019-06-30": "$292", "2019-03-31": "$424", "2018-12-31": "$316", "2018-09-30": "$562", "2018-06-30": "$405", "2018-03-31": "$729", "2017-12-31": "$1,460", "2017-09-30": "$395", "2017-06-30": "$80", "2017-03-31": "$209", "2016-12-31": "$218", "2016-09-30": "$312", "2016-06-30": "$40", "2016-03-31": "$334", "2015-12-31": "$178", "2015-09-30": "$220", "2015-06-30": "$227", "2015-03-31": "$313", "2014-12-31": "$134", "2014-09-30": "$355", "2014-06-30": "$161", "2014-03-31": "$-95", "2013-12-31": "$436", "2013-09-30": "$382", "2013-06-30": "$259", "2013-03-31": "$318", "2012-12-31": "$235", "2012-09-30": "$237", "2012-06-30": "$134", "2012-03-31": "$188", "2011-12-31": "$281", "2011-09-30": "$468", "2011-06-30": "$219", "2011-03-31": "$354", "2010-12-31": "$363", "2010-09-30": "$397", "2010-06-30": "$93", "2010-03-31": "$-162", "2009-12-31": "$-101", "2009-09-30": "$371", "2009-06-30": "$136", "2009-03-31": "$257", "2008-12-31": "$-1,791", "2008-09-30": "$149", "2008-06-30": "$227", "2008-03-31": "$133", "2007-12-31": "$327", "2007-09-30": "$217", "2007-06-30": "$190", "2007-03-31": "$434", "2006-12-31": "$1,979", "2006-09-30": "$224", "2006-06-30": "$83", "2006-03-31": "$-1,236", "2005-12-31": "$-77", "2005-09-30": "$1,023", "2005-06-30": "$77", "2005-03-31": "$77"}}, "eps-earnings-per-share-diluted": {"International Paper Annual EPS": {"2020": "$1.22", "2019": "$3.07", "2018": "$4.85", "2017": "$5.13", "2016": "$2.18", "2015": "$2.23", "2014": "$1.29", "2013": "$3.11", "2012": "$1.80", "2011": "$3.03", "2010": "$1.59", "2009": "$1.55", "2008": "$-3.05", "2007": "$2.70", "2006": "$2.18", "2005": "$2.21"}, "International Paper Quarterly EPS": {"2020-12-31": "$0.39", "2020-09-30": "$0.52", "2020-06-30": "$0.67", "2020-03-31": "$-0.36", "2019-12-31": "$0.42", "2019-09-30": "$0.87", "2019-06-30": "$0.73", "2019-03-31": "$1.05", "2018-12-31": "$0.77", "2018-09-30": "$1.37", "2018-06-30": "$0.97", "2018-03-31": "$1.74", "2017-12-31": "$3.49", "2017-09-30": "$0.95", "2017-06-30": "$0.19", "2017-03-31": "$0.50", "2016-12-31": "$0.52", "2016-09-30": "$0.75", "2016-06-30": "$0.10", "2016-03-31": "$0.81", "2015-12-31": "$0.42", "2015-09-30": "$0.53", "2015-06-30": "$0.54", "2015-03-31": "$0.74", "2014-12-31": "$0.30", "2014-09-30": "$0.83", "2014-06-30": "$0.37", "2014-03-31": "$-0.21", "2013-12-31": "$0.98", "2013-09-30": "$0.85", "2013-06-30": "$0.57", "2013-03-31": "$0.71", "2012-12-31": "$0.53", "2012-09-30": "$0.54", "2012-06-30": "$0.31", "2012-03-31": "$0.43", "2011-12-31": "$0.63", "2011-09-30": "$1.08", "2011-06-30": "$0.51", "2011-03-31": "$0.81", "2010-12-31": "$0.85", "2010-09-30": "$0.91", "2010-06-30": "$0.21", "2010-03-31": "$-0.38", "2009-12-31": "$-0.25", "2009-09-30": "$0.87", "2009-06-30": "$0.32", "2009-03-31": "$0.61", "2008-12-31": "$-4.25", "2008-09-30": "$0.35", "2008-06-30": "$0.54", "2008-03-31": "$0.31", "2007-12-31": "$0.78", "2007-09-30": "$0.51", "2007-06-30": "$0.44", "2007-03-31": "$0.97", "2006-12-31": "$4.09", "2006-09-30": "$0.46", "2006-06-30": "$0.17", "2006-03-31": "$-2.54", "2005-12-31": "$-0.14", "2005-09-30": "$2.03", "2005-06-30": "$0.16", "2005-03-31": "$0.16"}}, "shares-outstanding": {"International Paper Annual Shares Outstanding (Millions of Shares)": {"2020": "396", "2019": "399", "2018": "414", "2017": "418", "2016": "416", "2015": "421", "2014": "432", "2013": "448", "2012": "440", "2011": "437", "2010": "434", "2009": "428", "2008": "421", "2007": "433", "2006": "489", "2005": "510"}, "International Paper Quarterly Shares Outstanding (Millions of Shares)": {"2020-12-31": "396", "2020-09-30": "395", "2020-06-30": "393", "2020-03-31": "393", "2019-12-31": "399", "2019-09-30": "395", "2019-06-30": "398", "2019-03-31": "403", "2018-12-31": "414", "2018-09-30": "411", "2018-06-30": "418", "2018-03-31": "418", "2017-12-31": "418", "2017-09-30": "417", "2017-06-30": "416", "2017-03-31": "416", "2016-12-31": "416", "2016-09-30": "415", "2016-06-30": "415", "2016-03-31": "414", "2015-12-31": "421", "2015-09-30": "418", "2015-06-30": "422", "2015-03-31": "424", "2014-12-31": "432", "2014-09-30": "429", "2014-06-30": "432", "2014-03-31": "436", "2013-12-31": "445", "2013-09-30": "450", "2013-06-30": "449", "2013-03-31": "446", "2012-12-31": "442", "2012-09-30": "440", "2012-06-30": "438", "2012-03-31": "439", "2011-12-31": "437", "2011-09-30": "435", "2011-06-30": "431", "2011-03-31": "434", "2010-12-31": "434", "2010-09-30": "434", "2010-06-30": "433", "2010-03-31": "429", "2009-12-31": "428", "2009-09-30": "429", "2009-06-30": "425", "2009-03-31": "423", "2008-12-31": "421", "2008-09-30": "423", "2008-06-30": "423", "2008-03-31": "423", "2007-12-31": "433", "2007-09-30": "426", "2007-06-30": "431", "2007-03-31": "448", "2006-12-31": "489", "2006-09-30": "485", "2006-06-30": "487", "2006-03-31": "486", "2005-12-31": "510", "2005-09-30": "507", "2005-06-30": "487", "2005-03-31": "489"}}, "total-assets": {"International Paper Annual Total Assets (Millions of US $)": {"2019": "$33,471", "2018": "$33,576", "2017": "$33,903", "2016": "$33,093", "2015": "$30,531", "2014": "$28,684", "2013": "$31,528", "2012": "$32,153", "2011": "$27,018", "2010": "$25,368", "2009": "$25,548", "2008": "$26,913", "2007": "$24,159", "2006": "$24,034", "2005": "$28,771"}, "International Paper Quarterly Total Assets (Millions of US $)": {"2020-09-30": "$31,840", "2020-06-30": "$32,519", "2020-03-31": "$33,215", "2019-12-31": "$33,471", "2019-09-30": "$33,848", "2019-06-30": "$34,347", "2019-03-31": "$34,178", "2018-12-31": "$33,576", "2018-09-30": "$33,803", "2018-06-30": "$33,796", "2018-03-31": "$34,030", "2017-12-31": "$33,903", "2017-09-30": "$33,813", "2017-06-30": "$33,877", "2017-03-31": "$33,301", "2016-12-31": "$33,093", "2016-09-30": "$32,601", "2016-06-30": "$31,392", "2016-03-31": "$31,043", "2015-12-31": "$30,531", "2015-09-30": "$31,981", "2015-06-30": "$28,178", "2015-03-31": "$27,967", "2014-12-31": "$28,684", "2014-09-30": "$29,403", "2014-06-30": "$30,802", "2014-03-31": "$30,695", "2013-12-31": "$31,528", "2013-09-30": "$32,589", "2013-06-30": "$32,545", "2013-03-31": "$32,698", "2012-12-31": "$32,153", "2012-09-30": "$32,561", "2012-06-30": "$33,088", "2012-03-31": "$33,849", "2011-12-31": "$27,018", "2011-09-30": "$25,834", "2011-06-30": "$26,044", "2011-03-31": "$25,595", "2010-12-31": "$25,368", "2010-09-30": "$25,089", "2010-06-30": "$25,047", "2010-03-31": "$25,142", "2009-12-31": "$25,548", "2009-09-30": "$26,681", "2009-06-30": "$26,640", "2009-03-31": "$26,219", "2008-12-31": "$26,913", "2008-09-30": "$30,169", "2008-06-30": "$27,973", "2008-03-31": "$24,355", "2007-12-31": "$24,159", "2007-09-30": "$23,715", "2007-06-30": "$23,152", "2007-03-31": "$23,866", "2006-12-31": "$24,034", "2006-09-30": "$24,689", "2006-06-30": "$26,154", "2006-03-31": "$26,636", "2005-12-31": "$28,771", "2005-09-30": "$28,451", "2005-06-30": "$32,546", "2005-03-31": "$33,303"}}, "cash-on-hand": {"International Paper Annual Cash on Hand (Millions of US $)": {"2019": "$511", "2018": "$589", "2017": "$1,018", "2016": "$1,033", "2015": "$1,050", "2014": "$1,881", "2013": "$1,802", "2012": "$1,302", "2011": "$3,994", "2010": "$2,073", "2009": "$1,892", "2008": "$1,144", "2007": "$905", "2006": "$1,624", "2005": "$1,641"}, "International Paper Quarterly Cash on Hand (Millions of US $)": {"2020-09-30": "$678", "2020-06-30": "$847", "2020-03-31": "$1,239", "2019-12-31": "$511", "2019-09-30": "$697", "2019-06-30": "$787", "2019-03-31": "$641", "2018-12-31": "$589", "2018-09-30": "$1,026", "2018-06-30": "$1,073", "2018-03-31": "$1,141", "2017-12-31": "$1,018", "2017-09-30": "$998", "2017-06-30": "$1,041", "2017-03-31": "$998", "2016-12-31": "$1,033", "2016-09-30": "$2,562", "2016-06-30": "$1,254", "2016-03-31": "$1,155", "2015-12-31": "$1,050", "2015-09-30": "$1,104", "2015-06-30": "$1,590", "2015-03-31": "$1,576", "2014-12-31": "$1,881", "2014-09-30": "$1,718", "2014-06-30": "$1,293", "2014-03-31": "$1,341", "2013-12-31": "$1,802", "2013-09-30": "$1,946", "2013-06-30": "$1,205", "2013-03-31": "$934", "2012-12-31": "$1,302", "2012-09-30": "$1,275", "2012-06-30": "$1,228", "2012-03-31": "$1,288", "2011-12-31": "$3,994", "2011-09-30": "$2,722", "2011-06-30": "$2,399", "2011-03-31": "$2,049", "2010-12-31": "$2,073", "2010-09-30": "$1,429", "2010-06-30": "$1,871", "2010-03-31": "$1,749", "2009-12-31": "$1,892", "2009-09-30": "$1,652", "2009-06-30": "$1,654", "2009-03-31": "$955", "2008-12-31": "$1,144", "2008-09-30": "$771", "2008-06-30": "$3,979", "2008-03-31": "$880", "2007-12-31": "$905", "2007-09-30": "$1,702", "2007-06-30": "$1,681", "2007-03-31": "$2,390", "2006-12-31": "$1,624", "2006-09-30": "$736", "2006-06-30": "$274", "2006-03-31": "$709", "2005-12-31": "$1,641", "2005-09-30": "$1,092", "2005-06-30": "$1,251", "2005-03-31": "$1,529"}}, "long-term-debt": {"International Paper Annual Long Term Debt (Millions of US $)": {"2019": "$9,597", "2018": "$10,015", "2017": "$10,846", "2016": "$11,075", "2015": "$8,844", "2014": "$8,631", "2013": "$8,827", "2012": "$9,696", "2011": "$9,189", "2010": "$8,358", "2009": "$8,729", "2008": "$11,246", "2007": "$6,353", "2006": "$6,531", "2005": "$11,019"}, "International Paper Quarterly Long Term Debt (Millions of US $)": {"2020-09-30": "$8,525", "2020-06-30": "$9,432", "2020-03-31": "$9,561", "2019-12-31": "$9,597", "2019-09-30": "$9,957", "2019-06-30": "$10,050", "2019-03-31": "$9,965", "2018-12-31": "$10,015", "2018-09-30": "$10,700", "2018-06-30": "$10,805", "2018-03-31": "$10,759", "2017-12-31": "$10,846", "2017-09-30": "$11,373", "2017-06-30": "$10,392", "2017-03-31": "$10,823", "2016-12-31": "$11,075", "2016-09-30": "$10,823", "2016-06-30": "$8,820", "2016-03-31": "$8,824", "2015-12-31": "$8,844", "2015-09-30": "$8,887", "2015-06-30": "$9,017", "2015-03-31": "$8,461", "2014-12-31": "$8,631", "2014-09-30": "$8,988", "2014-06-30": "$8,997", "2014-03-31": "$8,867", "2013-12-31": "$8,827", "2013-09-30": "$8,900", "2013-06-30": "$9,057", "2013-03-31": "$9,495", "2012-12-31": "$9,696", "2012-09-30": "$10,048", "2012-06-30": "$10,478", "2012-03-31": "$10,905", "2011-12-31": "$9,189", "2011-09-30": "$7,801", "2011-06-30": "$7,875", "2011-03-31": "$8,156", "2010-12-31": "$8,358", "2010-09-30": "$8,428", "2010-06-30": "$8,574", "2010-03-31": "$8,597", "2009-12-31": "$8,729", "2009-09-30": "$9,253", "2009-06-30": "$10,531", "2009-03-31": "$10,959", "2008-12-31": "$11,246", "2008-09-30": "$11,232", "2008-06-30": "$8,915", "2008-03-31": "$6,037", "2007-12-31": "$6,353", "2007-09-30": "$6,191", "2007-06-30": "$6,219", "2007-03-31": "$6,358", "2006-12-31": "$6,531", "2006-09-30": "$9,051", "2006-06-30": "$9,038", "2006-03-31": "$10,562", "2005-12-31": "$11,019", "2005-09-30": "$10,772", "2005-06-30": "$12,812", "2005-03-31": "$13,526"}}, "total-liabilities": {"International Paper Annual Total Liabilities (Millions of US $)": {"2019": "$25,753", "2018": "$26,193", "2017": "$27,362", "2016": "$28,734", "2015": "$26,622", "2014": "$23,421", "2013": "$23,244", "2012": "$25,517", "2011": "$20,033", "2010": "$18,284", "2009": "$19,293", "2008": "$22,512", "2007": "$15,487", "2006": "$16,071", "2005": "$20,420"}, "International Paper Quarterly Total Liabilities (Millions of US $)": {"2020-09-30": "$24,744", "2020-06-30": "$25,459", "2020-03-31": "$26,354", "2019-12-31": "$25,753", "2019-09-30": "$26,392", "2019-06-30": "$26,848", "2019-03-31": "$26,709", "2018-12-31": "$26,193", "2018-09-30": "$26,745", "2018-06-30": "$26,932", "2018-03-31": "$26,765", "2017-12-31": "$27,362", "2017-09-30": "$28,880", "2017-06-30": "$29,312", "2017-03-31": "$28,707", "2016-12-31": "$28,734", "2016-09-30": "$28,372", "2016-06-30": "$27,346", "2016-03-31": "$26,783", "2015-12-31": "$26,622", "2015-09-30": "$27,511", "2015-06-30": "$23,150", "2015-03-31": "$22,964", "2014-12-31": "$23,421", "2014-09-30": "$22,426", "2014-06-30": "$23,111", "2014-03-31": "$22,949", "2013-12-31": "$23,244", "2013-09-30": "$25,047", "2013-06-30": "$25,520", "2013-03-31": "$25,564", "2012-12-31": "$25,517", "2012-09-30": "$25,216", "2012-06-30": "$25,994", "2012-03-31": "$26,356", "2011-12-31": "$20,033", "2011-09-30": "$18,172", "2011-06-30": "$18,075", "2011-03-31": "$18,020", "2010-12-31": "$18,284", "2010-09-30": "$18,451", "2010-06-30": "$19,106", "2010-03-31": "$19,090", "2009-12-31": "$19,293", "2009-09-30": "$20,797", "2009-06-30": "$21,561", "2009-03-31": "$21,843", "2008-12-31": "$22,512", "2008-09-30": "$21,404", "2008-06-30": "$18,470", "2008-03-31": "$15,356", "2007-12-31": "$15,487", "2007-09-30": "$15,759", "2007-06-30": "$15,548", "2007-03-31": "$15,941", "2006-12-31": "$16,071", "2006-09-30": "$18,815", "2006-06-30": "$19,053", "2006-03-31": "$19,588", "2005-12-31": "$20,420", "2005-09-30": "$19,584", "2005-06-30": "$24,450", "2005-03-31": "$25,053"}}, "total-share-holder-equity": {"International Paper Annual Share Holder Equity (Millions of US $)": {"2019": "$7,718", "2018": "$7,383", "2017": "$6,541", "2016": "$4,359", "2015": "$3,909", "2014": "$5,263", "2013": "$8,284", "2012": "$6,636", "2011": "$6,985", "2010": "$7,084", "2009": "$6,255", "2008": "$4,401", "2007": "$8,672", "2006": "$7,963", "2005": "$8,351"}, "International Paper Quarterly Share Holder Equity (Millions of US $)": {"2020-09-30": "$7,096", "2020-06-30": "$7,060", "2020-03-31": "$6,861", "2019-12-31": "$7,718", "2019-09-30": "$7,456", "2019-06-30": "$7,499", "2019-03-31": "$7,469", "2018-12-31": "$7,383", "2018-09-30": "$7,058", "2018-06-30": "$6,864", "2018-03-31": "$7,265", "2017-12-31": "$6,541", "2017-09-30": "$4,933", "2017-06-30": "$4,565", "2017-03-31": "$4,594", "2016-12-31": "$4,359", "2016-09-30": "$4,229", "2016-06-30": "$4,046", "2016-03-31": "$4,260", "2015-12-31": "$3,909", "2015-09-30": "$4,470", "2015-06-30": "$5,028", "2015-03-31": "$5,003", "2014-12-31": "$5,263", "2014-09-30": "$6,977", "2014-06-30": "$7,691", "2014-03-31": "$7,746", "2013-12-31": "$8,284", "2013-09-30": "$7,542", "2013-06-30": "$7,025", "2013-03-31": "$7,134", "2012-12-31": "$6,636", "2012-09-30": "$7,345", "2012-06-30": "$7,094", "2012-03-31": "$7,493", "2011-12-31": "$6,985", "2011-09-30": "$7,662", "2011-06-30": "$7,969", "2011-03-31": "$7,575", "2010-12-31": "$7,084", "2010-09-30": "$6,638", "2010-06-30": "$5,941", "2010-03-31": "$6,052", "2009-12-31": "$6,255", "2009-09-30": "$5,884", "2009-06-30": "$5,079", "2009-03-31": "$4,376", "2008-12-31": "$4,401", "2008-09-30": "$8,765", "2008-06-30": "$9,503", "2008-03-31": "$8,999", "2007-12-31": "$8,672", "2007-09-30": "$7,956", "2007-06-30": "$7,604", "2007-03-31": "$7,925", "2006-12-31": "$7,963", "2006-09-30": "$5,874", "2006-06-30": "$7,101", "2006-03-31": "$7,048", "2005-12-31": "$8,351", "2005-09-30": "$8,867", "2005-06-30": "$8,096", "2005-03-31": "$8,250"}}, "profit-margins": {"current": "2.34%"}, "gross margin": {"2020-12-31": "30.16%", "2020-09-30": "30.99%", "2020-06-30": "31.35%", "2020-03-31": "31.70%", "2019-12-31": "31.77%", "2019-09-30": "32.54%", "2019-06-30": "33.02%", "2019-03-31": "33.40%", "2018-12-31": "33.26%", "2018-09-30": "32.98%", "2018-06-30": "32.61%", "2018-03-31": "32.03%", "2017-12-31": "31.92%", "2017-09-30": "33.56%", "2017-06-30": "33.17%", "2017-03-31": "31.11%", "2016-12-31": "31.17%", "2016-09-30": "28.26%", "2016-06-30": "28.44%", "2016-03-31": "30.53%", "2015-12-31": "30.77%", "2015-09-30": "30.86%", "2015-06-30": "31.23%", "2015-03-31": "31.38%", "2014-12-31": "31.18%", "2014-09-30": "30.08%", "2014-06-30": "29.90%", "2014-03-31": "28.58%", "2013-12-31": "27.82%", "2013-09-30": "27.66%", "2013-06-30": "26.50%", "2013-03-31": "26.34%", "2012-12-31": "26.03%", "2012-09-30": "26.06%", "2012-06-30": "26.27%", "2012-03-31": "26.55%", "2011-12-31": "27.17%", "2011-09-30": "27.22%", "2011-06-30": "27.59%", "2011-03-31": "27.63%", "2010-12-31": "26.60%", "2010-09-30": "28.28%", "2010-06-30": "30.06%", "2010-03-31": "32.13%", "2009-12-31": "34.86%", "2009-09-30": "31.93%", "2009-06-30": "28.75%", "2009-03-31": "26.65%", "2008-12-31": "24.52%", "2008-09-30": "25.54%", "2008-06-30": "26.09%", "2008-03-31": "26.28%", "2007-12-31": "26.63%", "2007-09-30": "26.44%", "2007-06-30": "26.90%", "2007-03-31": "26.54%", "2006-12-31": "26.13%", "2006-09-30": "24.88%", "2006-06-30": "24.11%", "2006-03-31": "24.21%", "2005-12-31": "24.73%"}, "operating margin": {"2020-12-31": "8.98%", "2020-09-30": "9.91%", "2020-06-30": "10.46%", "2020-03-31": "11.12%", "2019-12-31": "11.60%", "2019-09-30": "12.75%", "2019-06-30": "13.39%", "2019-03-31": "13.58%", "2018-12-31": "13.44%", "2018-09-30": "13.13%", "2018-06-30": "12.57%", "2018-03-31": "12.01%", "2017-12-31": "11.70%", "2017-09-30": "13.30%", "2017-06-30": "12.95%", "2017-03-31": "11.12%", "2016-12-31": "11.58%", "2016-09-30": "9.01%", "2016-06-30": "9.44%", "2016-03-31": "11.55%", "2015-12-31": "11.65%", "2015-09-30": "11.38%", "2015-06-30": "11.44%", "2015-03-31": "11.45%", "2014-12-31": "11.19%", "2014-09-30": "10.53%", "2014-06-30": "10.07%", "2014-03-31": "9.10%", "2013-12-31": "8.48%", "2013-09-30": "8.13%", "2013-06-30": "7.54%", "2013-03-31": "7.46%", "2012-12-31": "7.39%", "2012-09-30": "7.92%", "2012-06-30": "8.41%", "2012-03-31": "8.81%", "2011-12-31": "9.47%", "2011-09-30": "9.14%", "2011-06-30": "9.42%", "2011-03-31": "9.15%", "2010-12-31": "7.92%", "2010-09-30": "9.28%", "2010-06-30": "10.43%", "2010-03-31": "12.28%", "2009-12-31": "14.84%", "2009-09-30": "12.32%", "2009-06-30": "9.62%", "2009-03-31": "7.89%", "2008-12-31": "6.07%", "2008-09-30": "7.25%", "2008-06-30": "7.97%", "2008-03-31": "8.19%", "2007-12-31": "8.58%", "2007-09-30": "8.29%", "2007-06-30": "8.50%", "2007-03-31": "8.26%", "2006-12-31": "7.57%", "2006-09-30": "5.74%", "2006-06-30": "5.22%", "2006-03-31": "5.27%", "2005-12-31": "5.91%"}, "ebitda margin": {"2020-09-30": "16.14%", "2020-06-30": "16.59%", "2020-03-31": "17.07%", "2019-12-31": "17.43%", "2019-09-30": "18.45%", "2019-06-30": "19.04%", "2019-03-31": "19.23%", "2018-12-31": "19.14%", "2018-09-30": "18.93%", "2018-06-30": "18.63%", "2018-03-31": "18.32%", "2017-12-31": "18.24%", "2017-09-30": "20.37%", "2017-06-30": "19.81%", "2017-03-31": "17.72%", "2016-12-31": "17.87%", "2016-09-30": "15.25%", "2016-06-30": "15.62%", "2016-03-31": "17.74%", "2015-12-31": "17.91%", "2015-09-30": "17.17%", "2015-06-30": "17.27%", "2015-03-31": "17.37%", "2014-12-31": "17.18%", "2014-09-30": "16.31%", "2014-06-30": "16.04%", "2014-03-31": "14.89%", "2013-12-31": "14.08%", "2013-09-30": "13.78%", "2013-06-30": "12.92%", "2013-03-31": "12.78%", "2012-12-31": "12.73%", "2012-09-30": "13.19%", "2012-06-30": "13.59%", "2012-03-31": "13.96%", "2011-12-31": "14.58%", "2011-09-30": "14.38%", "2011-06-30": "14.74%", "2011-03-31": "14.68%", "2010-12-31": "13.70%", "2010-09-30": "15.29%", "2010-06-30": "16.71%", "2010-03-31": "18.66%", "2009-12-31": "21.14%", "2009-09-30": "25.88%", "2009-06-30": "22.68%", "2009-03-31": "20.70%", "2008-12-31": "18.65%", "2008-09-30": "12.41%", "2008-06-30": "12.98%", "2008-03-31": "13.16%", "2007-12-31": "13.54%", "2007-09-30": "16.91%", "2007-06-30": "17.21%", "2007-03-31": "16.86%", "2006-12-31": "16.29%", "2006-09-30": "11.22%", "2006-06-30": "10.79%", "2006-03-31": "11.15%", "2005-12-31": "11.78%"}, "pre tax profit margin": {"2020-12-31": "3.16%", "2020-09-30": "4.45%", "2020-06-30": "5.15%", "2020-03-31": "5.30%", "2019-12-31": "7.17%", "2019-09-30": "6.95%", "2019-06-30": "7.28%", "2019-03-31": "7.90%", "2018-12-31": "7.64%", "2018-09-30": "6.92%", "2018-06-30": "6.61%", "2018-03-31": "4.44%", "2017-12-31": "3.90%", "2017-09-30": "3.88%", "2017-06-30": "3.50%", "2017-03-31": "3.56%", "2016-12-31": "4.08%", "2016-09-30": "4.15%", "2016-06-30": "3.84%", "2016-03-31": "5.15%", "2015-12-31": "5.48%", "2015-09-30": "5.72%", "2015-06-30": "6.59%", "2015-03-31": "6.05%", "2014-12-31": "3.69%", "2014-09-30": "1.65%", "2014-06-30": "1.05%", "2014-03-31": "1.80%", "2013-12-31": "3.04%", "2013-09-30": "4.67%", "2013-06-30": "4.21%", "2013-03-31": "3.68%", "2012-12-31": "3.68%", "2012-09-30": "4.25%", "2012-06-30": "4.54%", "2012-03-31": "4.95%", "2011-12-31": "5.60%", "2011-09-30": "5.24%", "2011-06-30": "5.86%", "2011-03-31": "5.30%", "2010-12-31": "3.26%", "2010-09-30": "0.25%", "2010-06-30": "0.44%", "2010-03-31": "2.15%", "2009-12-31": "5.13%", "2009-09-30": "-1.22%", "2009-06-30": "-2.48%", "2009-03-31": "-3.35%", "2008-12-31": "-4.64%", "2008-09-30": "4.99%", "2008-06-30": "5.49%", "2008-03-31": "5.58%", "2007-12-31": "7.56%", "2007-09-30": "23.08%", "2007-06-30": "24.51%", "2007-03-31": "23.13%", "2006-12-31": "14.49%", "2006-09-30": "-4.60%", "2006-06-30": "-5.58%", "2006-03-31": "-4.80%", "2005-12-31": "1.32%"}, "net profit margin": {"2020-12-31": "2.34%", "2020-09-30": "2.37%", "2020-06-30": "2.98%", "2020-03-31": "2.99%", "2019-12-31": "5.47%", "2019-09-30": "6.03%", "2019-06-30": "6.88%", "2019-03-31": "7.32%", "2018-12-31": "8.63%", "2018-09-30": "13.68%", "2018-06-30": "13.18%", "2018-03-31": "11.98%", "2017-12-31": "9.86%", "2017-09-30": "4.55%", "2017-06-30": "4.18%", "2017-03-31": "3.99%", "2016-12-31": "4.64%", "2016-09-30": "4.44%", "2016-06-30": "3.88%", "2016-03-31": "4.73%", "2015-12-31": "4.54%", "2015-09-30": "3.91%", "2015-06-30": "4.43%", "2015-03-31": "4.11%", "2014-12-31": "2.35%", "2014-09-30": "3.44%", "2014-06-30": "3.56%", "2014-03-31": "3.74%", "2013-12-31": "5.05%", "2013-09-30": "4.35%", "2013-06-30": "3.68%", "2013-03-31": "3.27%", "2012-12-31": "2.85%", "2012-09-30": "3.10%", "2012-06-30": "4.01%", "2012-03-31": "4.40%", "2011-12-31": "5.08%", "2011-09-30": "5.36%", "2011-06-30": "5.07%", "2011-03-31": "4.69%", "2010-12-31": "2.74%", "2010-09-30": "0.92%", "2010-06-30": "0.84%", "2010-03-31": "1.04%", "2009-12-31": "2.84%", "2009-09-30": "-4.29%", "2009-06-30": "-5.03%", "2009-03-31": "-4.66%", "2008-12-31": "-5.16%", "2008-09-30": "3.47%", "2008-06-30": "3.96%", "2008-03-31": "3.88%", "2007-12-31": "5.34%", "2007-09-30": "13.19%", "2007-06-30": "13.30%", "2007-03-31": "12.54%", "2006-12-31": "4.77%", "2006-09-30": "-4.79%", "2006-06-30": "-0.96%", "2006-03-31": "-0.98%", "2005-12-31": "5.07%"}, "pe ratio": {"current": "16.80", "2021-02-05": "56.66", "2020-12-31": "59.90", "2020-09-30": "32.09", "2020-06-30": "21.47", "2020-03-31": "18.03", "2019-12-31": "14.25", "2019-09-30": "11.45", "2019-06-30": "10.36", "2019-03-31": "10.30", "2018-12-31": "7.63", "2018-09-30": "5.89", "2018-06-30": "6.55", "2018-03-31": "7.48", "2017-12-31": "9.98", "2017-09-30": "22.99", "2017-06-30": "25.01", "2017-03-31": "23.30", "2016-12-31": "20.72", "2016-09-30": "19.44", "2016-06-30": "19.01", "2016-03-31": "14.75", "2015-12-31": "13.79", "2015-09-30": "14.38", "2015-06-30": "15.74", "2015-03-31": "19.58", "2014-12-31": "32.39", "2014-09-30": "19.05", "2014-06-30": "19.52", "2014-03-31": "16.00", "2013-12-31": "11.95", "2013-09-30": "12.67", "2013-06-30": "14.10", "2013-03-31": "16.56", "2012-12-31": "16.24", "2012-09-30": "14.20", "2012-06-30": "8.32", "2012-03-31": "9.25", "2011-12-31": "6.86", "2011-09-30": "5.10", "2011-06-30": "7.10", "2011-03-31": "7.96", "2010-12-31": "12.78", "2010-09-30": "29.85", "2010-06-30": "33.57", "2010-03-31": "29.31", "2009-12-31": "11.64", "2009-09-30": "20.63", "2009-06-30": "48.74", "2009-03-31": "11.05", "2008-12-31": "59.23", "2008-09-30": "8.47", "2008-06-30": "6.92", "2008-03-31": "8.39", "2007-12-31": "7.49", "2007-09-30": "3.54", "2007-06-30": "3.88", "2007-03-31": "3.72", "2006-12-31": "8.29"}, "price sales": {"2021-02-05": "0.90", "2020-12-31": "0.95", "2020-09-30": "0.76", "2020-06-30": "0.64", "2020-03-31": "0.54", "2019-12-31": "0.78", "2019-09-30": "0.69", "2019-06-30": "0.71", "2019-03-31": "0.76", "2018-12-31": "0.66", "2018-09-30": "0.81", "2018-06-30": "0.86", "2018-03-31": "0.90", "2017-12-31": "0.98", "2017-09-30": "1.05", "2017-06-30": "1.05", "2017-03-31": "0.93", "2016-12-31": "0.97", "2016-09-30": "0.87", "2016-06-30": "0.74", "2016-03-31": "0.70", "2015-12-31": "0.63", "2015-09-30": "0.57", "2015-06-30": "0.70", "2015-03-31": "0.81", "2014-12-31": "0.78", "2014-09-30": "0.66", "2014-06-30": "0.69", "2014-03-31": "0.59", "2013-12-31": "0.60", "2013-09-30": "0.55", "2013-06-30": "0.52", "2013-03-31": "0.54", "2012-12-31": "0.46", "2012-09-30": "0.43", "2012-06-30": "0.34", "2012-03-31": "0.42", "2011-12-31": "0.35", "2011-09-30": "0.27", "2011-06-30": "0.34", "2011-03-31": "0.35", "2010-12-31": "0.32", "2010-09-30": "0.26", "2010-06-30": "0.28", "2010-03-31": "0.30", "2009-12-31": "0.33", "2009-09-30": "0.27", "2009-06-30": "0.17", "2009-03-31": "0.08", "2008-12-31": "0.13", "2008-09-30": "0.30", "2008-06-30": "0.28", "2008-03-31": "0.33", "2007-12-31": "0.40", "2007-09-30": "0.47", "2007-06-30": "0.52", "2007-03-31": "0.49", "2006-12-31": "0.46"}, "price book": {"current": "2.35", "2021-02-05": "2.61", "2020-09-30": "2.22", "2020-06-30": "1.91", "2020-03-31": "1.71", "2019-12-31": "2.22", "2019-09-30": "2.07", "2019-06-30": "2.14", "2019-03-31": "2.30", "2018-12-31": "2.01", "2018-09-30": "2.56", "2018-06-30": "2.79", "2018-03-31": "2.72", "2017-12-31": "3.24", "2017-09-30": "4.18", "2017-06-30": "4.46", "2017-03-31": "3.94", "2016-12-31": "4.28", "2016-09-30": "3.95", "2016-06-30": "3.61", "2016-03-31": "3.29", "2015-12-31": "3.26", "2015-09-30": "2.84", "2015-06-30": "3.18", "2015-03-31": "3.73", "2014-12-31": "3.39", "2014-09-30": "2.28", "2014-06-30": "2.16", "2014-03-31": "1.96", "2013-12-31": "1.96", "2013-09-30": "1.99", "2013-06-30": "2.10", "2013-03-31": "2.15", "2012-12-31": "1.95", "2012-09-30": "1.59", "2012-06-30": "1.29", "2012-03-31": "1.47", "2011-12-31": "1.32", "2011-09-30": "0.94", "2011-06-30": "1.14", "2011-03-31": "1.21", "2010-12-31": "1.16", "2010-09-30": "0.98", "2010-06-30": "1.14", "2010-03-31": "1.20", "2009-12-31": "1.26", "2009-09-30": "1.11", "2009-06-30": "0.87", "2009-03-31": "0.47", "2008-12-31": "0.75", "2008-09-30": "0.82", "2008-06-30": "0.67", "2008-03-31": "0.81", "2007-12-31": "0.99", "2007-09-30": "1.20", "2007-06-30": "1.35", "2007-03-31": "1.25", "2006-12-31": "1.18", "2006-09-30": "1.62", "2006-06-30": "1.34", "2006-03-31": "1.44"}, "price fcf": {"2021-02-05": "", "2020-09-30": "$5.49", "2020-06-30": "$5.50", "2020-03-31": "$5.73", "2019-12-31": "$5.90", "2019-09-30": "$5.81", "2019-06-30": "$5.72", "2019-03-31": "$4.73", "2018-12-31": "$4.05", "2018-09-30": "$4.51", "2018-06-30": "$0.71", "2018-03-31": "$0.73", "2017-12-31": "$0.94", "2017-09-30": "$0.31", "2017-06-30": "$2.84", "2017-03-31": "$2.62", "2016-12-31": "$2.76", "2016-09-30": "$2.82", "2016-06-30": "$3.90", "2016-03-31": "$2.68", "2015-12-31": "$2.69", "2015-09-30": "$3.21", "2015-06-30": "$3.42", "2015-03-31": "$4.43", "2014-12-31": "$4.10", "2014-09-30": "$3.73", "2014-06-30": "$3.40", "2014-03-31": "$3.99", "2013-12-31": "$4.26", "2013-09-30": "$3.65", "2013-06-30": "$3.82", "2013-03-31": "$3.62", "2012-12-31": "$3.59", "2012-09-30": "$3.30", "2012-06-30": "$3.25", "2012-03-31": "$3.38", "2011-12-31": "$3.47", "2011-09-30": "$4.69", "2011-06-30": "$2.50", "2011-03-31": "$2.65", "2010-12-31": "$1.97", "2010-09-30": "$2.46", "2010-06-30": "$6.31", "2010-03-31": "$8.15", "2009-12-31": "$9.63", "2009-09-30": "$8.54", "2009-06-30": "$7.25", "2009-03-31": "$5.02", "2008-12-31": "$3.96", "2008-09-30": "$2.99", "2008-06-30": "$2.27", "2008-03-31": "$1.74", "2007-12-31": "$1.38", "2007-09-30": "$3.27", "2007-06-30": "$3.32", "2007-03-31": "$3.79", "2006-12-31": "$3.78"}, "net worth": {"value": "$18.49B"}, "current ratio": {"2020-12-31": "1.36", "2020-09-30": "1.33", "2020-06-30": "0.79", "2020-03-31": "0.77", "2019-12-31": "0.77", "2019-09-30": "1.49", "2019-06-30": "1.46", "2019-03-31": "1.43", "2018-12-31": "1.49", "2018-09-30": "1.59", "2018-06-30": "1.58", "2018-03-31": "1.63", "2017-12-31": "1.62", "2017-09-30": "1.48", "2017-06-30": "1.45", "2017-03-31": "1.58", "2016-12-31": "1.64", "2016-09-30": "2.29", "2016-06-30": "1.68", "2016-03-31": "1.66", "2015-12-31": "1.65", "2015-09-30": "1.34", "2015-06-30": "1.51", "2015-03-31": "1.60", "2014-12-31": "1.62", "2014-09-30": "1.67", "2014-06-30": "1.62", "2014-03-31": "1.74", "2013-12-31": "1.76", "2013-09-30": "1.76", "2013-06-30": "1.63", "2013-03-31": "1.71", "2012-12-31": "1.78", "2012-09-30": "1.80", "2012-06-30": "1.78", "2012-03-31": "1.83", "2011-12-31": "2.21", "2011-09-30": "2.09", "2011-06-30": "1.95", "2011-03-31": "1.89", "2010-12-31": "1.78", "2010-09-30": "1.73", "2010-06-30": "1.86", "2010-03-31": "1.85", "2009-12-31": "1.88", "2009-09-30": "1.74", "2009-06-30": "1.91", "2009-03-31": "1.64", "2008-12-31": "1.55", "2008-09-30": "1.59", "2008-06-30": "2.31", "2008-03-31": "1.62", "2007-12-31": "1.75", "2007-09-30": "1.86", "2007-06-30": "1.91", "2007-03-31": "2.07", "2006-12-31": "1.86", "2006-09-30": "1.35", "2006-06-30": "1.38", "2006-03-31": "1.69", "2005-12-31": "2.37", "2005-09-30": "1.62", "2005-06-30": "1.75", "2005-03-31": "1.92"}, "quick ratio": {"2020-12-31": "1.11", "2020-09-30": "1.10", "2020-06-30": "0.55", "2020-03-31": "0.56", "2019-12-31": "0.51", "2019-09-30": "1.03", "2019-06-30": "1.02", "2019-03-31": "0.96", "2018-12-31": "1.01", "2018-09-30": "1.13", "2018-06-30": "1.13", "2018-03-31": "1.17", "2017-12-31": "1.17", "2017-09-30": "0.98", "2017-06-30": "0.98", "2017-03-31": "1.01", "2016-12-31": "1.09", "2016-09-30": "1.66", "2016-06-30": "1.15", "2016-03-31": "1.12", "2015-12-31": "1.08", "2015-09-30": "1.09", "2015-06-30": "1.04", "2015-03-31": "1.09", "2014-12-31": "1.13", "2014-09-30": "1.16", "2014-06-30": "1.10", "2014-03-31": "1.18", "2013-12-31": "1.21", "2013-09-30": "1.23", "2013-06-30": "1.15", "2013-03-31": "1.18", "2012-12-31": "1.24", "2012-09-30": "1.27", "2012-06-30": "1.27", "2012-03-31": "1.28", "2011-12-31": "1.72", "2011-09-30": "1.60", "2011-06-30": "1.45", "2011-03-31": "1.36", "2010-12-31": "1.26", "2010-09-30": "1.21", "2010-06-30": "1.32", "2010-03-31": "1.32", "2009-12-31": "1.34", "2009-09-30": "1.21", "2009-06-30": "1.35", "2009-03-31": "1.10", "2008-12-31": "1.02", "2008-09-30": "1.03", "2008-06-30": "1.80", "2008-03-31": "1.10", "2007-12-31": "1.21", "2007-09-30": "1.36", "2007-06-30": "1.39", "2007-03-31": "1.55", "2006-12-31": "1.45", "2006-09-30": "0.89", "2006-06-30": "0.97", "2006-03-31": "1.21", "2005-12-31": "1.98", "2005-09-30": "1.06", "2005-06-30": "1.13", "2005-03-31": "1.29"}, "debt equity ratio": {"current": "1.02", "2020-12-31": "3.03", "2020-09-30": "3.49", "2020-06-30": "3.61", "2020-03-31": "3.84", "2019-12-31": "3.34", "2019-09-30": "3.54", "2019-06-30": "3.58", "2019-03-31": "3.58", "2018-12-31": "3.55", "2018-09-30": "3.79", "2018-06-30": "3.92", "2018-03-31": "3.68", "2017-12-31": "4.18", "2017-09-30": "5.85", "2017-06-30": "6.42", "2017-03-31": "6.25", "2016-12-31": "6.59", "2016-09-30": "6.71", "2016-06-30": "6.76", "2016-03-31": "6.29", "2015-12-31": "6.81", "2015-09-30": "6.16", "2015-06-30": "4.60", "2015-03-31": "4.59", "2014-12-31": "4.45", "2014-09-30": "3.21", "2014-06-30": "3.01", "2014-03-31": "2.96", "2013-12-31": "2.81", "2013-09-30": "3.32", "2013-06-30": "3.63", "2013-03-31": "3.58", "2012-12-31": "3.85", "2012-09-30": "3.43", "2012-06-30": "3.66", "2012-03-31": "3.52", "2011-12-31": "2.87", "2011-09-30": "2.37", "2011-06-30": "2.27", "2011-03-31": "2.38", "2010-12-31": "2.58", "2010-09-30": "2.78", "2010-06-30": "3.22", "2010-03-31": "3.15", "2009-12-31": "3.08", "2009-09-30": "3.54", "2009-06-30": "4.25", "2009-03-31": "4.99", "2008-12-31": "5.12", "2008-09-30": "2.44", "2008-06-30": "1.94", "2008-03-31": "1.71", "2007-12-31": "1.79", "2007-09-30": "1.98", "2007-06-30": "2.05", "2007-03-31": "2.01", "2006-12-31": "2.02", "2006-09-30": "3.20", "2006-06-30": "2.68", "2006-03-31": "2.78", "2005-12-31": "2.45", "2005-09-30": "2.21", "2005-06-30": "3.02", "2005-03-31": "3.04"}, "return on equity": {"2020-12-31": "6.67%", "2020-09-30": "6.88%", "2020-06-30": "8.72%", "2020-03-31": "8.94%", "2019-12-31": "16.26%", "2019-09-30": "18.47%", "2019-06-30": "21.68%", "2019-03-31": "23.73%", "2018-12-31": "28.17%", "2018-09-30": "45.53%", "2018-06-30": "46.70%", "2018-03-31": "45.73%", "2017-12-31": "41.56%", "2017-09-30": "19.55%", "2017-06-30": "18.46%", "2017-03-31": "18.09%", "2016-12-31": "21.40%", "2016-09-30": "21.02%", "2016-06-30": "18.51%", "2016-03-31": "21.71%", "2015-12-31": "20.38%", "2015-09-30": "18.09%", "2015-06-30": "18.48%", "2015-03-31": "15.45%", "2014-12-31": "8.02%", "2014-09-30": "11.17%", "2014-06-30": "11.31%", "2014-03-31": "12.84%", "2013-12-31": "18.61%", "2013-09-30": "16.85%", "2013-06-30": "14.91%", "2013-03-31": "13.10%", "2012-12-31": "11.12%", "2012-09-30": "11.62%", "2012-06-30": "14.65%", "2012-03-31": "15.36%", "2011-12-31": "17.52%", "2011-09-30": "18.54%", "2011-06-30": "18.22%", "2011-03-31": "17.73%", "2010-12-31": "10.75%", "2010-09-30": "3.65%", "2010-06-30": "3.33%", "2010-03-31": "4.19%", "2009-12-31": "12.28%", "2009-09-30": "-20.81%", "2009-06-30": "-22.09%", "2009-03-31": "-17.13%", "2008-12-31": "-16.19%", "2008-09-30": "9.30%", "2008-06-30": "10.29%", "2008-03-31": "10.44%", "2007-12-31": "14.53%", "2007-09-30": "35.87%", "2007-06-30": "38.51%", "2007-03-31": "37.70%", "2006-12-31": "15.01%", "2006-09-30": "-14.18%", "2006-06-30": "-2.64%", "2006-03-31": "-2.63%", "2005-12-31": "13.11%"}, "return on assets": {"2020-12-31": "1.49%", "2020-09-30": "1.51%", "2020-06-30": "1.91%", "2020-03-31": "1.96%", "2019-12-31": "3.61%", "2019-09-30": "4.05%", "2019-06-30": "4.69%", "2019-03-31": "5.04%", "2018-12-31": "5.95%", "2018-09-30": "9.31%", "2018-06-30": "8.82%", "2018-03-31": "7.86%", "2017-12-31": "6.36%", "2017-09-30": "2.69%", "2017-06-30": "2.47%", "2017-03-31": "2.39%", "2016-12-31": "2.82%", "2016-09-30": "2.75%", "2016-06-30": "2.47%", "2016-03-31": "3.15%", "2015-12-31": "3.16%", "2015-09-30": "3.06%", "2015-06-30": "3.60%", "2015-03-31": "3.30%", "2014-12-31": "1.86%", "2014-09-30": "2.80%", "2014-06-30": "2.81%", "2014-03-31": "3.08%", "2013-12-31": "4.31%", "2013-09-30": "3.67%", "2013-06-30": "3.23%", "2013-03-31": "2.83%", "2012-12-31": "2.41%", "2012-09-30": "2.66%", "2012-06-30": "3.58%", "2012-03-31": "4.10%", "2011-12-31": "5.06%", "2011-09-30": "5.46%", "2011-06-30": "5.22%", "2011-03-31": "4.78%", "2010-12-31": "2.75%", "2010-09-30": "0.90%", "2010-06-30": "0.79%", "2010-03-31": "0.94%", "2009-12-31": "2.52%", "2009-09-30": "-3.86%", "2009-06-30": "-4.54%", "2009-03-31": "-4.16%", "2008-12-31": "-4.69%", "2008-09-30": "3.14%", "2008-06-30": "3.61%", "2008-03-31": "3.64%", "2007-12-31": "4.92%", "2007-09-30": "11.90%", "2007-06-30": "11.81%", "2007-03-31": "11.02%", "2006-12-31": "4.14%", "2006-09-30": "-3.79%", "2006-06-30": "-0.75%", "2006-03-31": "-0.73%", "2005-12-31": "3.58%"}, "return on investments": {"2020-12-31": "11.47%", "2020-09-30": "12.54%", "2020-06-30": "13.17%", "2020-03-31": "14.30%", "2019-12-31": "14.89%", "2019-09-30": "16.68%", "2019-06-30": "17.68%", "2019-03-31": "18.04%", "2018-12-31": "17.69%", "2018-09-30": "17.10%", "2018-06-30": "16.43%", "2018-03-31": "16.02%", "2017-12-31": "15.88%", "2017-09-30": "16.98%", "2017-06-30": "16.66%", "2017-03-31": "14.78%", "2016-12-31": "16.00%", "2016-09-30": "13.04%", "2016-06-30": "14.41%", "2016-03-31": "17.58%", "2015-12-31": "17.96%", "2015-09-30": "19.00%", "2015-06-30": "18.53%", "2015-03-31": "17.87%", "2014-12-31": "16.74%", "2014-09-30": "15.82%", "2014-06-30": "14.98%", "2014-03-31": "14.45%", "2013-12-31": "14.16%", "2013-09-30": "13.65%", "2013-06-30": "12.96%", "2013-03-31": "12.43%", "2012-12-31": "11.81%", "2012-09-30": "12.35%", "2012-06-30": "13.31%", "2012-03-31": "14.07%", "2011-12-31": "15.60%", "2011-09-30": "15.33%", "2011-06-30": "15.96%", "2011-03-31": "15.51%", "2010-12-31": "13.36%", "2010-09-30": "15.44%", "2010-06-30": "16.77%", "2010-03-31": "19.13%", "2009-12-31": "22.72%", "2009-09-30": "19.10%", "2009-06-30": "14.34%", "2009-03-31": "11.29%", "2008-12-31": "8.72%", "2008-09-30": "10.22%", "2008-06-30": "11.63%", "2008-03-31": "12.61%", "2007-12-31": "13.12%", "2007-09-30": "12.49%", "2007-06-30": "12.57%", "2007-03-31": "11.98%", "2006-12-31": "10.55%", "2006-09-30": "7.08%", "2006-06-30": "6.17%", "2006-03-31": "5.88%", "2005-12-31": "6.28%"}, "return on tangible equity": {"2020-09-30": "12.77%", "2020-06-30": "16.12%", "2020-03-31": "16.47%", "2019-12-31": "29.61%", "2019-09-30": "34.00%", "2019-06-30": "40.28%", "2019-03-31": "44.75%", "2018-12-31": "53.54%", "2018-09-30": "89.19%", "2018-06-30": "99.80%", "2018-03-31": "110.42%", "2017-12-31": "122.67%", "2017-09-30": "74.30%", "2017-06-30": "77.81%", "2017-03-31": "83.47%", "2016-12-31": "104.90%", "2016-09-30": "114.21%", "2016-06-30": "97.81%", "2016-03-31": "100.42%", "2015-12-31": "88.49%", "2015-09-30": "69.36%", "2015-06-30": "57.13%", "2015-03-31": "40.35%", "2014-12-31": "18.55%", "2014-09-30": "23.20%", "2014-06-30": "23.92%", "2014-03-31": "28.70%", "2013-12-31": "44.49%", "2013-09-30": "45.20%", "2013-06-30": "40.13%", "2013-03-31": "34.44%", "2012-12-31": "27.86%", "2012-09-30": "24.50%", "2012-06-30": "26.45%", "2012-03-31": "24.39%", "2011-12-31": "25.26%", "2011-09-30": "26.65%", "2011-06-30": "26.65%", "2011-03-31": "26.71%", "2010-12-31": "16.64%", "2010-09-30": "5.75%", "2010-06-30": "5.35%", "2010-03-31": "6.88%", "2009-12-31": "20.94%", "2009-09-30": "-37.10%", "2009-06-30": "-40.41%", "2009-03-31": "-30.26%", "2008-12-31": "-27.89%", "2008-09-30": "15.90%", "2008-06-30": "17.68%", "2008-03-31": "18.50%", "2007-12-31": "25.84%", "2007-09-30": "62.35%", "2007-06-30": "70.68%", "2007-03-31": "71.77%", "2006-12-31": "30.67%", "2006-09-30": "-30.05%", "2006-06-30": "-5.52%", "2006-03-31": "-5.74%", "2005-12-31": "29.55%"}, "dividend yield history": {"last payout": "$2.05", "last yield": "4.36%"}}