{"ticker": "IGT", "price": {"title": "International Game Technology Historical Annual Stock Price Data", "value": 17.83, "historical": {"2021": {"Average Stock Price": "17.4421", "Year Open": "15.3900", "Year High": "18.6200", "Year Low": "15.3900", "Year Close": "17.8300", "Annual % Change": "5.25%"}, "2020": {"Average Stock Price": "10.5359", "Year Open": "15.0800", "Year High": "16.9400", "Year Low": "3.7900", "Year Close": "16.9400", "Annual % Change": "13.16%"}, "2019": {"Average Stock Price": "14.1147", "Year Open": "15.0100", "Year High": "17.7400", "Year Low": "11.3700", "Year Close": "14.9700", "Annual % Change": "2.32%"}, "2018": {"Average Stock Price": "23.1604", "Year Open": "26.7600", "Year High": "30.7400", "Year Low": "13.6400", "Year Close": "14.6300", "Annual % Change": "-44.81%"}, "2017": {"Average Stock Price": "23.1247", "Year Open": "25.6500", "Year High": "28.8000", "Year Low": "17.6900", "Year Close": "26.5100", "Annual % Change": "3.88%"}, "2016": {"Average Stock Price": "20.5947", "Year Open": "16.1600", "Year High": "30.1500", "Year Low": "12.7100", "Year Close": "25.5200", "Annual % Change": "57.73%"}, "2015": {"Average Stock Price": "17.5418", "Year Open": "17.2900", "Year High": "21.1900", "Year Low": "14.7400", "Year Close": "16.1800", "Annual % Change": "-6.20%"}, "2014": {"Average Stock Price": "15.6354", "Year Open": "17.7200", "Year High": "18.1400", "Year Low": "12.2200", "Year Close": "17.2500", "Annual % Change": "-5.01%"}, "2013": {"Average Stock Price": "17.5745", "Year Open": "14.6000", "Year High": "21.1100", "Year Low": "14.6000", "Year Close": "18.1600", "Annual % Change": "28.16%"}, "2012": {"Average Stock Price": "14.3897", "Year Open": "17.4400", "Year High": "17.7800", "Year Low": "11.1000", "Year Close": "14.1700", "Annual % Change": "-17.62%"}, "2011": {"Average Stock Price": "16.6576", "Year Open": "17.9900", "Year High": "18.9500", "Year Low": "13.5400", "Year Close": "17.2000", "Annual % Change": "-2.77%"}, "2010": {"Average Stock Price": "17.2170", "Year Open": "19.6800", "Year High": "21.7200", "Year Low": "13.8200", "Year Close": "17.6900", "Annual % Change": "-5.75%"}, "2009": {"Average Stock Price": "15.9888", "Year Open": "12.8000", "Year High": "23.0500", "Year Low": "7.1200", "Year Close": "18.7700", "Annual % Change": "57.86%"}, "2008": {"Average Stock Price": "27.6610", "Year Open": "43.2500", "Year High": "49.0600", "Year Low": "7.5800", "Year Close": "11.8900", "Annual % Change": "-72.93%"}, "2007": {"Average Stock Price": "40.9728", "Year Open": "46.2900", "Year High": "48.2600", "Year Low": "34.2100", "Year Close": "43.9300", "Annual % Change": "-4.91%"}, "2006": {"Average Stock Price": "38.3569", "Year Open": "30.7400", "Year High": "46.7600", "Year Low": "30.5300", "Year Close": "46.2000", "Annual % Change": "50.10%"}, "2005": {"Average Stock Price": "28.4410", "Year Open": "33.8600", "Year High": "33.8700", "Year Low": "24.2200", "Year Close": "30.7800", "Annual % Change": "-10.47%"}, "2004": {"Average Stock Price": "36.2301", "Year Open": "35.3000", "Year High": "46.8200", "Year Low": "28.7200", "Year Close": "34.3800", "Annual % Change": "-3.70%"}, "2003": {"Average Stock Price": "25.2403", "Year Open": "19.5375", "Year High": "36.9600", "Year Low": "18.5175", "Year Close": "35.7000", "Annual % Change": "88.09%"}, "2002": {"Average Stock Price": "16.2373", "Year Open": "17.1625", "Year High": "19.8225", "Year Low": "12.3875", "Year Close": "18.9800", "Annual % Change": "11.16%"}, "2001": {"Average Stock Price": "13.6137", "Year Open": "11.9525", "Year High": "17.7575", "Year Low": "9.7250", "Year Close": "17.0750", "Annual % Change": "42.29%"}, "2000": {"Average Stock Price": "7.2115", "Year Open": "5.1250", "Year High": "12.1250", "Year Low": "4.3600", "Year Close": "12.0000", "Annual % Change": "136.34%"}, "1999": {"Average Stock Price": "4.6150", "Year Open": "5.7500", "Year High": "5.8600", "Year Low": "3.5950", "Year Close": "5.0775", "Annual % Change": "-16.45%"}, "1998": {"Average Stock Price": "5.9109", "Year Open": "6.3125", "Year High": "7.1400", "Year Low": "4.1250", "Year Close": "6.0775", "Annual % Change": "-3.72%"}, "1997": {"Average Stock Price": "4.9204", "Year Open": "4.6875", "Year High": "6.7025", "Year Low": "3.8450", "Year Close": "6.3125", "Annual % Change": "38.36%"}, "1996": {"Average Stock Price": "4.2562", "Year Open": "2.7800", "Year High": "5.8750", "Year Low": "2.6875", "Year Close": "4.5625", "Annual % Change": "69.77%"}, "1995": {"Average Stock Price": "3.4328", "Year Open": "3.6875", "Year High": "4.2500", "Year Low": "2.6875", "Year Close": "2.6875", "Annual % Change": "-31.75%"}, "1994": {"Average Stock Price": "5.7363", "Year Open": "7.0950", "Year High": "8.3750", "Year Low": "3.7500", "Year Close": "3.9375", "Annual % Change": "-46.61%"}, "1993": {"Average Stock Price": "8.3705", "Year Open": "6.3125", "Year High": "10.2200", "Year Low": "6.1725", "Year Close": "7.3750", "Annual % Change": "15.96%"}, "1992": {"Average Stock Price": "4.2938", "Year Open": "2.7188", "Year High": "6.5775", "Year Low": "2.7188", "Year Close": "6.3600", "Annual % Change": "121.22%"}, "1991": {"Average Stock Price": "1.4354", "Year Open": "0.5272", "Year High": "2.8750", "Year Low": "0.4766", "Year Close": "2.8750", "Annual % Change": "449.29%"}}}, "market cap": {"value": "$0B"}, "income statement": {"Revenue": {"2019-12-31": "4785.80600", "2018-12-31": "4831.25600", "2017-12-31": "4938.95900", "2016-12-31": "5153.89600", "2015-12-31": "4689.05600", "2014-12-31": "3812.31100", "2013-12-31": "3829.63400", "2012-12-31": "2341.60000", "2011-12-31": "2150.70000", "2010-12-31": "1957.00000", "2009-12-31": "1917.20000", "2008-12-31": "2018.80000", "2007-12-31": "2499.00000", "2006-12-31": "2621.40000", "2005-12-31": "2511.70000"}, "Cost Of Goods Sold": {"2019-12-31": "2933.64800", "2018-12-31": "2941.68800", "2017-12-31": "3132.51400", "2016-12-31": "3135.83700", "2015-12-31": "2937.65800", "2014-12-31": "2514.49700", "2013-12-31": "2597.07300", "2012-12-31": "997.20000", "2011-12-31": "913.10000", "2010-12-31": "818.60000", "2009-12-31": "829.90000", "2008-12-31": "905.20000", "2007-12-31": "1089.80000", "2006-12-31": "1140.60000", "2005-12-31": "1140.00000"}, "Gross Profit": {"2019-12-31": "1852.15800", "2018-12-31": "1889.56800", "2017-12-31": "1806.44500", "2016-12-31": "2018.05900", "2015-12-31": "1751.39800", "2014-12-31": "1297.81400", "2013-12-31": "1232.56100", "2012-12-31": "1344.40000", "2011-12-31": "1237.60000", "2010-12-31": "1138.40000", "2009-12-31": "1087.30000", "2008-12-31": "1113.60000", "2007-12-31": "1409.20000", "2006-12-31": "1480.80000", "2005-12-31": "1371.70000"}, "Research And Development Expenses": {"2019-12-31": "266.24100", "2018-12-31": "263.27900", "2017-12-31": "313.08800", "2016-12-31": "343.53100", "2015-12-31": "277.40100", "2014-12-31": "108.17500", "2013-12-31": "104.84500", "2012-12-31": "", "2011-12-31": "", "2010-12-31": "", "2009-12-31": "", "2008-12-31": "", "2007-12-31": "", "2006-12-31": "", "2005-12-31": ""}, "SG&A Expenses": {"2019-12-31": "846.04700", "2018-12-31": "844.05900", "2017-12-31": "816.09300", "2016-12-31": "945.82400", "2015-12-31": "795.25200", "2014-12-31": "413.00100", "2013-12-31": "402.26400", "2012-12-31": "537.90000", "2011-12-31": "522.00000", "2010-12-31": "369.10000", "2009-12-31": "398.80000", "2008-12-31": "509.80000", "2007-12-31": "447.50000", "2006-12-31": "397.90000", "2005-12-31": "375.50000"}, "Other Operating Income Or Expenses": {"2019-12-31": "-102.74200", "2018-12-31": "-135.23900", "2017-12-31": "-688.48000", "2016-12-31": "-40.33400", "2015-12-31": "-61.89300", "2014-12-31": "-37.93300", "2013-12-31": "-13.60400", "2012-12-31": "", "2011-12-31": "", "2010-12-31": "", "2009-12-31": "", "2008-12-31": "", "2007-12-31": "", "2006-12-31": "", "2005-12-31": ""}, "Operating Expenses": {"2019-12-31": "4148.67800", "2018-12-31": "4184.26500", "2017-12-31": "4990.05100", "2016-12-31": "4493.46000", "2015-12-31": "4149.10000", "2014-12-31": "3097.26000", "2013-12-31": "3145.65800", "2012-12-31": "1612.50000", "2011-12-31": "1512.00000", "2010-12-31": "1257.40000", "2009-12-31": "1303.00000", "2008-12-31": "1492.60000", "2007-12-31": "1612.70000", "2006-12-31": "1618.90000", "2005-12-31": "1598.10000"}, "Operating Income": {"2019-12-31": "637.12790", "2018-12-31": "646.99070", "2017-12-31": "-51.09230", "2016-12-31": "660.43600", "2015-12-31": "539.95610", "2014-12-31": "715.05080", "2013-12-31": "683.97610", "2012-12-31": "729.10010", "2011-12-31": "638.70000", "2010-12-31": "699.60000", "2009-12-31": "614.20000", "2008-12-31": "526.20010", "2007-12-31": "886.29990", "2006-12-31": "1002.50000", "2005-12-31": "913.60000"}, "Total Non-Operating Income/Expense": {"2019-12-31": "-352.36100", "2018-12-31": "-342.94300", "2017-12-31": "-925.83300", "2016-12-31": "-337.02300", "2015-12-31": "-556.98700", "2014-12-31": "-374.83400", "2013-12-31": "-224.53900", "2012-12-31": "-91.80000", "2011-12-31": "-78.90000", "2010-12-31": "-77.00000", "2009-12-31": "-119.90000", "2008-12-31": "-119.30000", "2007-12-31": "-92.20000", "2006-12-31": "4.50000", "2005-12-31": "21.80000"}, "Pre-Tax Income": {"2019-12-31": "284.76700", "2018-12-31": "304.04800", "2017-12-31": "-976.92500", "2016-12-31": "323.41300", "2015-12-31": "-17.03100", "2014-12-31": "340.21700", "2013-12-31": "459.43700", "2012-12-31": "402.30000", "2011-12-31": "342.80000", "2010-12-31": "427.90000", "2009-12-31": "304.90000", "2008-12-31": "213.10000", "2007-12-31": "577.60000", "2006-12-31": "804.80000", "2005-12-31": "746.90000"}, "Income Taxes": {"2019-12-31": "173.10900", "2018-12-31": "189.40100", "2017-12-31": "-29.41400", "2016-12-31": "59.20600", "2015-12-31": "38.89600", "2014-12-31": "240.41300", "2013-12-31": "225.95500", "2012-12-31": "129.60000", "2011-12-31": "93.10000", "2010-12-31": "135.60000", "2009-12-31": "85.30000", "2008-12-31": "64.40000", "2007-12-31": "243.30000", "2006-12-31": "296.60000", "2005-12-31": "273.30000"}, "Income After Taxes": {"2019-12-31": "111.65800", "2018-12-31": "114.64700", "2017-12-31": "-947.51100", "2016-12-31": "264.20700", "2015-12-31": "-55.92700", "2014-12-31": "99.80400", "2013-12-31": "233.48200", "2012-12-31": "272.70000", "2011-12-31": "249.70000", "2010-12-31": "292.30000", "2009-12-31": "219.60000", "2008-12-31": "148.70000", "2007-12-31": "334.30000", "2006-12-31": "508.20000", "2005-12-31": "473.60000"}, "Other Income": {"2019-12-31": "", "2018-12-31": "", "2017-12-31": "", "2016-12-31": "", "2015-12-31": "", "2014-12-31": "", "2013-12-31": "", "2012-12-31": "", "2011-12-31": "", "2010-12-31": "", "2009-12-31": "", "2008-12-31": "", "2007-12-31": "", "2006-12-31": "", "2005-12-31": ""}, "Income From Continuous Operations": {"2019-12-31": "111.65800", "2018-12-31": "114.64700", "2017-12-31": "-947.51100", "2016-12-31": "264.20700", "2015-12-31": "-55.92700", "2014-12-31": "99.80400", "2013-12-31": "233.48200", "2012-12-31": "272.70000", "2011-12-31": "249.70000", "2010-12-31": "292.30000", "2009-12-31": "219.60000", "2008-12-31": "148.70000", "2007-12-31": "334.30000", "2006-12-31": "508.20000", "2005-12-31": "473.60000"}, "Income From Discontinued Operations": {"2019-12-31": "", "2018-12-31": "", "2017-12-31": "", "2016-12-31": "", "2015-12-31": "", "2014-12-31": "", "2013-12-31": "", "2012-12-31": "", "2011-12-31": "-3.80000", "2010-12-31": "-8.70000", "2009-12-31": "-33.60000", "2008-12-31": "-21.90000", "2007-12-31": "-6.30000", "2006-12-31": "", "2005-12-31": ""}, "Net Income": {"2019-12-31": "-19.02500", "2018-12-31": "-21.35000", "2017-12-31": "-1068.57600", "2016-12-31": "211.33700", "2015-12-31": "-75.57400", "2014-12-31": "86.16200", "2013-12-31": "201.60500", "2012-12-31": "272.70000", "2011-12-31": "245.90000", "2010-12-31": "283.60000", "2009-12-31": "186.00000", "2008-12-31": "126.80000", "2007-12-31": "328.00000", "2006-12-31": "508.20000", "2005-12-31": "473.60000"}, "EBITDA": {"2019-12-31": "1578.76000", "2018-12-31": "1591.83400", "2017-12-31": "984.33870", "2016-12-31": "1678.23200", "2015-12-31": "1467.96200", "2014-12-31": "1362.46000", "2013-12-31": "1283.22500", "2012-12-31": "729.10010", "2011-12-31": "638.70000", "2010-12-31": "699.60000", "2009-12-31": "614.20000", "2008-12-31": "526.20010", "2007-12-31": "886.29990", "2006-12-31": "1002.50000", "2005-12-31": "913.60000"}, "EBIT": {"2019-12-31": "637.12790", "2018-12-31": "646.99070", "2017-12-31": "-51.09230", "2016-12-31": "660.43600", "2015-12-31": "539.95610", "2014-12-31": "715.05080", "2013-12-31": "683.97610", "2012-12-31": "729.10010", "2011-12-31": "638.70000", "2010-12-31": "699.60000", "2009-12-31": "614.20000", "2008-12-31": "526.20010", "2007-12-31": "886.29990", "2006-12-31": "1002.50000", "2005-12-31": "913.60000"}, "Basic Shares Outstanding": {"2019-12-31": "204.37300", "2018-12-31": "204.08300", "2017-12-31": "203.13000", "2016-12-31": "201.51100", "2015-12-31": "192.39800", "2014-12-31": "173.79200", "2013-12-31": "173.31500", "2012-12-31": "", "2011-12-31": "", "2010-12-31": "", "2009-12-31": "", "2008-12-31": "", "2007-12-31": "", "2006-12-31": "", "2005-12-31": ""}, "Shares Outstanding": {"2019-12-31": "204.37300", "2018-12-31": "204.08300", "2017-12-31": "203.13000", "2016-12-31": "202.21400", "2015-12-31": "192.39800", "2014-12-31": "174.49000", "2013-12-31": "173.64400", "2012-12-31": "", "2011-12-31": "", "2010-12-31": "", "2009-12-31": "", "2008-12-31": "", "2007-12-31": "", "2006-12-31": "", "2005-12-31": ""}, "Basic EPS": {"2019-12-31": "-0.09000", "2018-12-31": "-0.10000", "2017-12-31": "-5.26000", "2016-12-31": "1.05000", "2015-12-31": "-0.39000", "2014-12-31": "0.50000", "2013-12-31": "1.16000", "2012-12-31": "", "2011-12-31": "", "2010-12-31": "", "2009-12-31": "", "2008-12-31": "", "2007-12-31": "", "2006-12-31": "", "2005-12-31": ""}, "EPS - Earnings Per Share": {"2019-12-31": "-0.09000", "2018-12-31": "-0.10000", "2017-12-31": "-5.26000", "2016-12-31": "1.05000", "2015-12-31": "-0.39000", "2014-12-31": "0.49000", "2013-12-31": "1.16000", "2012-12-31": "0.00000", "2011-12-31": "0.00000", "2010-12-31": "0.00000", "2009-12-31": "0.00000", "2008-12-31": "0.00000", "2007-12-31": "0.00000", "2006-12-31": "0.00000", "2005-12-31": "0.00000"}}, "income statement, quarterly": {"Revenue": {"2020-09-30": "981.51000", "2020-06-30": "637.48400", "2020-03-31": "940.19500", "2019-12-31": "1253.39000", "2019-09-30": "1153.24700", "2019-06-30": "1234.25300", "2019-03-31": "1144.91600", "2018-12-31": "1266.13200", "2018-09-30": "1155.83000", "2018-06-30": "1202.33800", "2018-03-31": "1206.95600", "2017-12-31": "1345.67000", "2017-09-30": "1221.20100", "2017-06-30": "1219.50400", "2017-03-31": "1152.58400", "2016-12-31": "1321.21600", "2016-09-30": "1265.65000", "2016-06-30": "1285.46900", "2016-03-31": "1281.56100", "2015-12-31": "1364.95700", "2015-09-30": "1201.57300", "2015-06-30": "1274.28400", "2015-03-31": "848.24200", "2014-12-31": "951.05900", "2014-09-30": "937.91700", "2014-06-30": "945.31800", "2014-03-31": "1070.47300", "2013-12-31": ""}, "Cost Of Goods Sold": {"2020-09-30": "622.63400", "2020-06-30": "483.86700", "2020-03-31": "612.92600", "2019-12-31": "770.91180", "2019-09-30": "711.84000", "2019-06-30": "755.38400", "2019-03-31": "695.51200", "2018-12-31": "796.07000", "2018-09-30": "694.12200", "2018-06-30": "730.08700", "2018-03-31": "721.40900", "2017-12-31": "863.17690", "2017-09-30": "775.60500", "2017-06-30": "755.10200", "2017-03-31": "738.63000", "2016-12-31": "820.88900", "2016-09-30": "761.93700", "2016-06-30": "782.47200", "2016-03-31": "770.53900", "2015-12-31": "854.32280", "2015-09-30": "747.61000", "2015-06-30": "793.89200", "2015-03-31": "541.83300", "2014-12-31": "", "2014-09-30": "619.13000", "2014-06-30": "641.24300", "2014-03-31": "", "2013-12-31": ""}, "Gross Profit": {"2020-09-30": "358.87600", "2020-06-30": "153.61700", "2020-03-31": "327.26900", "2019-12-31": "482.47830", "2019-09-30": "441.40690", "2019-06-30": "478.86910", "2019-03-31": "449.40400", "2018-12-31": "470.06180", "2018-09-30": "461.70790", "2018-06-30": "472.25100", "2018-03-31": "485.54710", "2017-12-31": "482.49300", "2017-09-30": "445.59610", "2017-06-30": "464.40200", "2017-03-31": "413.95400", "2016-12-31": "500.32710", "2016-09-30": "503.71300", "2016-06-30": "502.99700", "2016-03-31": "511.02200", "2015-12-31": "510.63450", "2015-09-30": "453.96300", "2015-06-30": "480.39200", "2015-03-31": "306.40900", "2014-12-31": "951.05900", "2014-09-30": "318.78700", "2014-06-30": "304.07500", "2014-03-31": "1070.47300", "2013-12-31": ""}, "Research And Development Expenses": {"2020-09-30": "48.03900", "2020-06-30": "31.33500", "2020-03-31": "60.73700", "2019-12-31": "65.93600", "2019-09-30": "68.80400", "2019-06-30": "65.38300", "2019-03-31": "66.11800", "2018-12-31": "64.78200", "2018-09-30": "63.27700", "2018-06-30": "63.95700", "2018-03-31": "71.26300", "2017-12-31": "70.94600", "2017-09-30": "79.00900", "2017-06-30": "80.51200", "2017-03-31": "82.62100", "2016-12-31": "87.18200", "2016-09-30": "87.35400", "2016-06-30": "84.28800", "2016-03-31": "84.70700", "2015-12-31": "84.55200", "2015-09-30": "85.86400", "2015-06-30": "84.51400", "2015-03-31": "22.47100", "2014-12-31": "", "2014-09-30": "29.68600", "2014-06-30": "24.81000", "2014-03-31": "", "2013-12-31": ""}, "SG&A Expenses": {"2020-09-30": "180.31500", "2020-06-30": "171.95000", "2020-03-31": "163.59300", "2019-12-31": "229.53100", "2019-09-30": "201.41600", "2019-06-30": "213.26300", "2019-03-31": "201.83700", "2018-12-31": "236.58300", "2018-09-30": "194.09900", "2018-06-30": "196.08800", "2018-03-31": "217.28900", "2017-12-31": "208.52200", "2017-09-30": "196.86200", "2017-06-30": "210.18500", "2017-03-31": "200.52400", "2016-12-31": "236.54700", "2016-09-30": "242.51000", "2016-06-30": "239.24100", "2016-03-31": "227.52600", "2015-12-31": "242.99800", "2015-09-30": "224.48700", "2015-06-30": "232.21600", "2015-03-31": "95.55100", "2014-12-31": "", "2014-09-30": "105.27000", "2014-06-30": "99.18400", "2014-03-31": "", "2013-12-31": ""}, "Other Operating Income Or Expenses": {"2020-09-30": "-2.11800", "2020-06-30": "-1.00900", "2020-03-31": "-4.21800", "2019-12-31": "-124.19600", "2019-09-30": "-1.15300", "2019-06-30": "25.90400", "2019-03-31": "-3.29700", "2018-12-31": "-130.57400", "2018-09-30": "-1.53600", "2018-06-30": "-3.12900", "2018-03-31": "", "2017-12-31": "0.05800", "2017-09-30": "-715.84700", "2017-06-30": "29.63000", "2017-03-31": "-2.32100", "2016-12-31": "-32.19200", "2016-09-30": "-4.35900", "2016-06-30": "-2.30900", "2016-03-31": "-1.47400", "2015-12-31": "-16.19800", "2015-09-30": "-2.30100", "2015-06-30": "-32.34400", "2015-03-31": "-11.05000", "2014-12-31": "", "2014-09-30": "5.26500", "2014-06-30": "-5.20800", "2014-03-31": "", "2013-12-31": ""}, "Operating Expenses": {"2020-09-30": "853.00790", "2020-06-30": "731.59000", "2020-03-31": "1137.47400", "2019-12-31": "1172.01100", "2019-09-30": "999.36510", "2019-06-30": "1010.53800", "2019-03-31": "966.76400", "2018-12-31": "1225.24100", "2018-09-30": "955.80200", "2018-06-30": "993.26100", "2018-03-31": "1009.96100", "2017-12-31": "1151.75700", "2017-09-30": "1777.29900", "2017-06-30": "1027.63200", "2017-03-31": "1033.36300", "2016-12-31": "1183.23000", "2016-09-30": "1101.81800", "2016-06-30": "1114.74800", "2016-03-31": "1093.66400", "2015-12-31": "1233.39700", "2015-09-30": "1071.53300", "2015-06-30": "1158.78400", "2015-03-31": "685.38600", "2014-12-31": "", "2014-09-30": "754.06700", "2014-06-30": "774.63800", "2014-03-31": "", "2013-12-31": ""}, "Operating Income": {"2020-09-30": "128.50210", "2020-06-30": "-94.10600", "2020-03-31": "-197.27900", "2019-12-31": "81.37900", "2019-09-30": "153.88190", "2019-06-30": "223.71500", "2019-03-31": "178.15200", "2018-12-31": "40.89060", "2018-09-30": "200.02800", "2018-06-30": "209.07700", "2018-03-31": "196.99510", "2017-12-31": "193.91280", "2017-09-30": "-556.09800", "2017-06-30": "191.87190", "2017-03-31": "119.22090", "2016-12-31": "137.98600", "2016-09-30": "163.83200", "2016-06-30": "170.72110", "2016-03-31": "187.89710", "2015-12-31": "131.56030", "2015-09-30": "130.04000", "2015-06-30": "115.50000", "2015-03-31": "162.85600", "2014-12-31": "951.05900", "2014-09-30": "183.85000", "2014-06-30": "170.68000", "2014-03-31": "1070.47300", "2013-12-31": ""}, "Total Non-Operating Income/Expense": {"2020-09-30": "-257.45700", "2020-06-30": "-199.35700", "2020-03-31": "-33.68800", "2019-12-31": "-207.17700", "2019-09-30": "21.20900", "2019-06-30": "-121.42800", "2019-03-31": "-44.96500", "2018-12-31": "-80.61000", "2018-09-30": "-99.69300", "2018-06-30": "38.35400", "2018-03-31": "-200.99400", "2017-12-31": "-171.33500", "2017-09-30": "-238.13300", "2017-06-30": "-360.02200", "2017-03-31": "-156.34300", "2016-12-31": "105.97900", "2016-09-30": "-132.61400", "2016-06-30": "-27.38400", "2016-03-31": "-283.00400", "2015-12-31": "-25.53700", "2015-09-30": "-107.70800", "2015-06-30": "-216.23600", "2015-03-31": "-207.50600", "2014-12-31": "", "2014-09-30": "-76.34400", "2014-06-30": "-61.52300", "2014-03-31": "", "2013-12-31": ""}, "Pre-Tax Income": {"2020-09-30": "-128.95500", "2020-06-30": "-293.46300", "2020-03-31": "-230.96700", "2019-12-31": "-125.79800", "2019-09-30": "175.09100", "2019-06-30": "102.28700", "2019-03-31": "133.18700", "2018-12-31": "-39.71900", "2018-09-30": "100.33500", "2018-06-30": "247.43100", "2018-03-31": "-3.99900", "2017-12-31": "22.57800", "2017-09-30": "-794.23100", "2017-06-30": "-168.15000", "2017-03-31": "-37.12200", "2016-12-31": "243.96500", "2016-09-30": "31.21800", "2016-06-30": "143.33700", "2016-03-31": "-95.10700", "2015-12-31": "106.02300", "2015-09-30": "22.33200", "2015-06-30": "-100.73600", "2015-03-31": "-44.65000", "2014-12-31": "951.05900", "2014-09-30": "107.50600", "2014-06-30": "109.15700", "2014-03-31": "1070.47300", "2013-12-31": ""}, "Income Taxes": {"2020-09-30": "-26.61700", "2020-06-30": "-11.32100", "2020-03-31": "3.13200", "2019-12-31": "12.58700", "2019-09-30": "44.53000", "2019-06-30": "63.30000", "2019-03-31": "52.69200", "2018-12-31": "30.33700", "2018-09-30": "46.32700", "2018-06-30": "52.23200", "2018-03-31": "60.50500", "2017-12-31": "-83.34600", "2017-09-30": "-19.82400", "2017-06-30": "84.08600", "2017-03-31": "-10.33000", "2016-12-31": "-5.38700", "2016-09-30": "12.81200", "2016-06-30": "60.43900", "2016-03-31": "-8.65800", "2015-12-31": "22.98900", "2015-09-30": "13.36700", "2015-06-30": "11.59900", "2015-03-31": "-9.05900", "2014-12-31": "", "2014-09-30": "33.57300", "2014-06-30": "47.35500", "2014-03-31": "", "2013-12-31": ""}, "Income After Taxes": {"2020-09-30": "-102.33800", "2020-06-30": "-282.14200", "2020-03-31": "-234.09900", "2019-12-31": "-138.38500", "2019-09-30": "130.56100", "2019-06-30": "38.98700", "2019-03-31": "80.49500", "2018-12-31": "-70.05600", "2018-09-30": "54.00800", "2018-06-30": "195.19900", "2018-03-31": "-64.50400", "2017-12-31": "105.92400", "2017-09-30": "-774.40700", "2017-06-30": "-252.23600", "2017-03-31": "-26.79200", "2016-12-31": "249.35200", "2016-09-30": "18.40600", "2016-06-30": "82.89800", "2016-03-31": "-86.44900", "2015-12-31": "83.03400", "2015-09-30": "8.96500", "2015-06-30": "-112.33500", "2015-03-31": "-35.59100", "2014-12-31": "951.05900", "2014-09-30": "73.93300", "2014-06-30": "61.80200", "2014-03-31": "1070.47300", "2013-12-31": ""}, "Other Income": {"2020-09-30": "", "2020-06-30": "", "2020-03-31": "", "2019-12-31": "", "2019-09-30": "", "2019-06-30": "", "2019-03-31": "", "2018-12-31": "", "2018-09-30": "", "2018-06-30": "", "2018-03-31": "", "2017-12-31": "", "2017-09-30": "", "2017-06-30": "", "2017-03-31": "", "2016-12-31": "", "2016-09-30": "", "2016-06-30": "", "2016-03-31": "", "2015-12-31": "", "2015-09-30": "", "2015-06-30": "", "2015-03-31": "", "2014-12-31": "", "2014-09-30": "", "2014-06-30": "", "2014-03-31": "", "2013-12-31": ""}, "Income From Continuous Operations": {"2020-09-30": "-102.33800", "2020-06-30": "-282.14200", "2020-03-31": "-234.09900", "2019-12-31": "-138.38500", "2019-09-30": "130.56100", "2019-06-30": "38.98700", "2019-03-31": "80.49500", "2018-12-31": "-70.05600", "2018-09-30": "54.00800", "2018-06-30": "195.19900", "2018-03-31": "-64.50400", "2017-12-31": "105.92400", "2017-09-30": "-774.40700", "2017-06-30": "-252.23600", "2017-03-31": "-26.79200", "2016-12-31": "249.35200", "2016-09-30": "18.40600", "2016-06-30": "82.89800", "2016-03-31": "-86.44900", "2015-12-31": "83.03400", "2015-09-30": "8.96500", "2015-06-30": "-112.33500", "2015-03-31": "-35.59100", "2014-12-31": "-150.61300", "2014-09-30": "73.93300", "2014-06-30": "61.80200", "2014-03-31": "102.80500", "2013-12-31": ""}, "Income From Discontinued Operations": {"2020-09-30": "", "2020-06-30": "", "2020-03-31": "", "2019-12-31": "", "2019-09-30": "", "2019-06-30": "", "2019-03-31": "", "2018-12-31": "", "2018-09-30": "", "2018-06-30": "", "2018-03-31": "", "2017-12-31": "", "2017-09-30": "", "2017-06-30": "", "2017-03-31": "", "2016-12-31": "", "2016-09-30": "", "2016-06-30": "", "2016-03-31": "", "2015-12-31": "", "2015-09-30": "", "2015-06-30": "", "2015-03-31": "", "2014-12-31": "0.00000", "2014-09-30": "", "2014-06-30": "", "2014-03-31": "0.00000", "2013-12-31": ""}, "Net Income": {"2020-09-30": "-127.99000", "2020-06-30": "-279.61600", "2020-03-31": "-248.28800", "2019-12-31": "-167.69800", "2019-09-30": "103.56300", "2019-06-30": "4.85600", "2019-03-31": "40.25400", "2018-12-31": "-101.99900", "2018-09-30": "22.29900", "2018-06-30": "161.49600", "2018-03-31": "-103.14600", "2017-12-31": "79.72900", "2017-09-30": "-803.61400", "2017-06-30": "-289.90100", "2017-03-31": "-54.79000", "2016-12-31": "233.31800", "2016-09-30": "-1.90300", "2016-06-30": "72.69600", "2016-03-31": "-92.77400", "2015-12-31": "73.50100", "2015-09-30": "7.13200", "2015-06-30": "-116.89000", "2015-03-31": "-39.31700", "2014-12-31": "-150.61300", "2014-09-30": "76.16400", "2014-06-30": "55.17400", "2014-03-31": "102.80500", "2013-12-31": ""}, "EBITDA": {"2020-09-30": "652.38400", "2020-06-30": "127.89100", "2020-03-31": "26.57300", "2019-12-31": "328.92510", "2019-09-30": "386.03780", "2019-06-30": "454.15800", "2019-03-31": "409.63900", "2018-12-31": "287.81160", "2018-09-30": "436.40300", "2018-06-30": "441.39600", "2018-03-31": "426.22310", "2017-12-31": "450.34690", "2017-09-30": "-292.51500", "2017-06-30": "445.04700", "2017-03-31": "381.45990", "2016-12-31": "386.41800", "2016-09-30": "416.97710", "2016-06-30": "431.00710", "2016-03-31": "443.83010", "2015-12-31": "396.66030", "2015-09-30": "388.22410", "2015-06-30": "361.30700", "2015-03-31": "321.77090", "2014-12-31": "1124.00300", "2014-09-30": "183.85000", "2014-06-30": "170.68000", "2014-03-31": "1070.47300", "2013-12-31": ""}, "EBIT": {"2020-09-30": "128.50210", "2020-06-30": "-94.10600", "2020-03-31": "-197.27900", "2019-12-31": "81.37900", "2019-09-30": "153.88190", "2019-06-30": "223.71500", "2019-03-31": "178.15200", "2018-12-31": "40.89070", "2018-09-30": "200.02800", "2018-06-30": "209.07700", "2018-03-31": "196.99510", "2017-12-31": "193.91280", "2017-09-30": "-556.09800", "2017-06-30": "191.87190", "2017-03-31": "119.22090", "2016-12-31": "137.98580", "2016-09-30": "163.83200", "2016-06-30": "170.72110", "2016-03-31": "187.89710", "2015-12-31": "131.56010", "2015-09-30": "130.04000", "2015-06-30": "115.50000", "2015-03-31": "162.85600", "2014-12-31": "951.05900", "2014-09-30": "183.85000", "2014-06-30": "170.68000", "2014-03-31": "1070.47300", "2013-12-31": ""}, "Basic Shares Outstanding": {"2020-09-30": "204.85700", "2020-06-30": "204.74800", "2020-03-31": "204.43500", "2019-12-31": "204.37300", "2019-09-30": "204.43500", "2019-06-30": "204.40700", "2019-03-31": "204.30000", "2018-12-31": "204.08300", "2018-09-30": "204.21900", "2018-06-30": "204.11800", "2018-03-31": "203.59700", "2017-12-31": "203.13000", "2017-09-30": "203.48900", "2017-06-30": "202.94600", "2017-03-31": "202.47900", "2016-12-31": "201.51100", "2016-09-30": "202.02900", "2016-06-30": "201.22900", "2016-03-31": "200.44900", "2015-12-31": "192.39800", "2015-09-30": "199.48000", "2015-06-30": "197.14900", "2015-03-31": "172.99900", "2014-12-31": "173.06900", "2014-09-30": "173.56000", "2014-06-30": "174.39300", "2014-03-31": "174.48600", "2013-12-31": ""}, "Shares Outstanding": {"2020-09-30": "204.85700", "2020-06-30": "204.74800", "2020-03-31": "204.43500", "2019-12-31": "204.37300", "2019-09-30": "204.52800", "2019-06-30": "204.41200", "2019-03-31": "204.74200", "2018-12-31": "204.08300", "2018-09-30": "204.34400", "2018-06-30": "204.51600", "2018-03-31": "203.59700", "2017-12-31": "203.13000", "2017-09-30": "203.48900", "2017-06-30": "202.94600", "2017-03-31": "202.47900", "2016-12-31": "202.21400", "2016-09-30": "202.02900", "2016-06-30": "201.56500", "2016-03-31": "200.44900", "2015-12-31": "192.39800", "2015-09-30": "200.91000", "2015-06-30": "197.14900", "2015-03-31": "172.99900", "2014-12-31": "173.06900", "2014-09-30": "174.30700", "2014-06-30": "174.96400", "2014-03-31": "174.48600", "2013-12-31": ""}, "Basic EPS": {"2020-09-30": "-0.62000", "2020-06-30": "-1.37000", "2020-03-31": "-1.21000", "2019-12-31": "-0.82000", "2019-09-30": "0.51000", "2019-06-30": "0.02000", "2019-03-31": "0.20000", "2018-12-31": "-0.49000", "2018-09-30": "0.11000", "2018-06-30": "0.79000", "2018-03-31": "-0.51000", "2017-12-31": "0.39000", "2017-09-30": "-3.95000", "2017-06-30": "-1.43000", "2017-03-31": "-0.27000", "2016-12-31": "1.16000", "2016-09-30": "-0.01000", "2016-06-30": "0.36000", "2016-03-31": "-0.46000", "2015-12-31": "0.39000", "2015-09-30": "0.04000", "2015-06-30": "-0.59000", "2015-03-31": "-0.23000", "2014-12-31": "-0.87000", "2014-09-30": "0.44000", "2014-06-30": "0.32000", "2014-03-31": "0.59000", "2013-12-31": ""}, "EPS - Earnings Per Share": {"2020-09-30": "-0.62000", "2020-06-30": "-1.37000", "2020-03-31": "-1.21000", "2019-12-31": "-0.82000", "2019-09-30": "0.51000", "2019-06-30": "0.02000", "2019-03-31": "0.20000", "2018-12-31": "-0.49000", "2018-09-30": "0.11000", "2018-06-30": "0.79000", "2018-03-31": "-0.51000", "2017-12-31": "0.39000", "2017-09-30": "-3.95000", "2017-06-30": "-1.43000", "2017-03-31": "-0.27000", "2016-12-31": "1.16000", "2016-09-30": "-0.01000", "2016-06-30": "0.36000", "2016-03-31": "-0.46000", "2015-12-31": "0.39000", "2015-09-30": "0.04000", "2015-06-30": "-0.59000", "2015-03-31": "-0.23000", "2014-12-31": "-0.87000", "2014-09-30": "0.44000", "2014-06-30": "0.32000", "2014-03-31": "0.59000", "2013-12-31": "0.00000"}}, "balance sheet": {"Cash On Hand": {"2019-12-31": "894.25100", "2018-12-31": "511.77700", "2017-12-31": "1305.43000", "2016-12-31": "541.31600", "2015-12-31": "796.58500", "2014-12-31": "425.22100", "2013-12-31": "367.40000", "2012-12-31": "865.60000", "2011-12-31": "348.40000", "2010-12-31": "615.20000", "2009-12-31": "314.00000", "2008-12-31": "314.60000", "2007-12-31": "441.90000", "2006-12-31": "467.20000", "2005-12-31": "636.30000"}, "Receivables": {"2019-12-31": "1006.12700", "2018-12-31": "949.08500", "2017-12-31": "1032.02200", "2016-12-31": "976.02900", "2015-12-31": "995.10600", "2014-12-31": "931.03100", "2013-12-31": "329.30000", "2012-12-31": "348.60000", "2011-12-31": "346.60000", "2010-12-31": "320.10000", "2009-12-31": "290.30000", "2008-12-31": "334.30000", "2007-12-31": "436.80000", "2006-12-31": "412.10000", "2005-12-31": "353.10000"}, "Inventory": {"2019-12-31": "161.79000", "2018-12-31": "282.69800", "2017-12-31": "319.54500", "2016-12-31": "347.49400", "2015-12-31": "269.98200", "2014-12-31": "184.59300", "2013-12-31": "71.40000", "2012-12-31": "90.10000", "2011-12-31": "92.90000", "2010-12-31": "73.00000", "2009-12-31": "97.60000", "2008-12-31": "157.80000", "2007-12-31": "218.30000", "2006-12-31": "144.80000", "2005-12-31": "162.10000"}, "Pre-Paid Expenses": {"2019-12-31": "", "2018-12-31": "", "2017-12-31": "", "2016-12-31": "", "2015-12-31": "", "2014-12-31": "", "2013-12-31": "", "2012-12-31": "", "2011-12-31": "", "2010-12-31": "", "2009-12-31": "", "2008-12-31": "", "2007-12-31": "", "2006-12-31": "", "2005-12-31": ""}, "Other Current Assets": {"2019-12-31": "571.86900", "2018-12-31": "543.13600", "2017-12-31": "407.52000", "2016-12-31": "424.72700", "2015-12-31": "423.70100", "2014-12-31": "211.78600", "2013-12-31": "", "2012-12-31": "", "2011-12-31": "", "2010-12-31": "", "2009-12-31": "", "2008-12-31": "", "2007-12-31": "", "2006-12-31": "", "2005-12-31": ""}, "Total Current Assets": {"2019-12-31": "2634.03700", "2018-12-31": "2286.69600", "2017-12-31": "3064.51700", "2016-12-31": "2289.56600", "2015-12-31": "2485.37400", "2014-12-31": "1752.63100", "2013-12-31": "1221.10000", "2012-12-31": "1776.00000", "2011-12-31": "1263.30000", "2010-12-31": "1409.90000", "2009-12-31": "1202.40000", "2008-12-31": "1233.70000", "2007-12-31": "1470.10000", "2006-12-31": "1287.00000", "2005-12-31": "1375.70000"}, "Property, Plant, And Equipment": {"2019-12-31": "146.05500", "2018-12-31": "185.34900", "2017-12-31": "193.72300", "2016-12-31": "357.84100", "2015-12-31": "349.67700", "2014-12-31": "123.54200", "2013-12-31": "412.70000", "2012-12-31": "483.90000", "2011-12-31": "555.70000", "2010-12-31": "552.10000", "2009-12-31": "586.70000", "2008-12-31": "558.80000", "2007-12-31": "590.90000", "2006-12-31": "567.40000", "2005-12-31": "469.80000"}, "Long-Term Investments": {"2019-12-31": "", "2018-12-31": "", "2017-12-31": "", "2016-12-31": "", "2015-12-31": "", "2014-12-31": "", "2013-12-31": "", "2012-12-31": "", "2011-12-31": "", "2010-12-31": "", "2009-12-31": "", "2008-12-31": "", "2007-12-31": "", "2006-12-31": "", "2005-12-31": ""}, "Goodwill And Intangible Assets": {"2019-12-31": "7287.49600", "2018-12-31": "7624.95000", "2017-12-31": "7997.27500", "2016-12-31": "9684.04300", "2015-12-31": "10166.13000", "2014-12-31": "4745.20200", "2013-12-31": "0.00000", "2012-12-31": "", "2011-12-31": "", "2010-12-31": "", "2009-12-31": "", "2008-12-31": "", "2007-12-31": "", "2006-12-31": "", "2005-12-31": ""}, "Other Long-Term Assets": {"2019-12-31": "1927.52400", "2018-12-31": "2147.08100", "2017-12-31": "2427.95300", "2016-12-31": "1497.66200", "2015-12-31": "937.91700", "2014-12-31": "714.51400", "2013-12-31": "", "2012-12-31": "", "2011-12-31": "", "2010-12-31": "", "2009-12-31": "", "2008-12-31": "", "2007-12-31": "", "2006-12-31": "", "2005-12-31": ""}, "Total Long-Term Assets": {"2019-12-31": "11010.55000", "2018-12-31": "11361.81000", "2017-12-31": "12094.69000", "2016-12-31": "12770.60000", "2015-12-31": "12629.32000", "2014-12-31": "6682.66600", "2013-12-31": "412.70000", "2012-12-31": "483.90000", "2011-12-31": "555.70000", "2010-12-31": "552.10000", "2009-12-31": "586.70000", "2008-12-31": "558.80000", "2007-12-31": "590.90000", "2006-12-31": "567.40000", "2005-12-31": "469.80000"}, "Total Assets": {"2019-12-31": "13644.59000", "2018-12-31": "13648.50000", "2017-12-31": "15159.21000", "2016-12-31": "15060.16000", "2015-12-31": "15114.69000", "2014-12-31": "8435.29700", "2013-12-31": "3989.50000", "2012-12-31": "4612.80000", "2011-12-31": "4285.10000", "2010-12-31": "4154.40000", "2009-12-31": "4007.00000", "2008-12-31": "4328.10000", "2007-12-31": "4557.40000", "2006-12-31": "4167.50000", "2005-12-31": "3902.70000"}, "Total Current Liabilities": {"2019-12-31": "2468.35100", "2018-12-31": "2002.12400", "2017-12-31": "3676.67700", "2016-12-31": "2341.79100", "2015-12-31": "2010.62600", "2014-12-31": "2989.48300", "2013-12-31": "544.80000", "2012-12-31": "1508.50000", "2011-12-31": "630.30000", "2010-12-31": "534.70000", "2009-12-31": "582.30000", "2008-12-31": "624.50000", "2007-12-31": "736.70000", "2006-12-31": "691.50000", "2005-12-31": "1246.60000"}, "Long Term Debt": {"2019-12-31": "7600.16900", "2018-12-31": "7977.26700", "2017-12-31": "7777.44500", "2016-12-31": "7863.08500", "2015-12-31": "8334.01300", "2014-12-31": "2099.07100", "2013-12-31": "1878.60000", "2012-12-31": "1366.30000", "2011-12-31": "1846.40000", "2010-12-31": "1646.30000", "2009-12-31": "1674.30000", "2008-12-31": "2014.70000", "2007-12-31": "2247.10000", "2006-12-31": "1503.00000", "2005-12-31": "200.00000"}, "Other Non-Current Liabilities": {"2019-12-31": "413.54900", "2018-12-31": "471.09900", "2017-12-31": "501.77800", "2016-12-31": "444.55600", "2015-12-31": "462.49300", "2014-12-31": "200.41700", "2013-12-31": "", "2012-12-31": "", "2011-12-31": "", "2010-12-31": "", "2009-12-31": "", "2008-12-31": "", "2007-12-31": "", "2006-12-31": "", "2005-12-31": ""}, "Total Long Term Liabilities": {"2019-12-31": "8691.26100", "2018-12-31": "8894.44800", "2017-12-31": "9127.60100", "2016-12-31": "9292.70500", "2015-12-31": "9737.92400", "2014-12-31": "2498.09400", "2013-12-31": "1878.60000", "2012-12-31": "1366.30000", "2011-12-31": "1846.40000", "2010-12-31": "1646.30000", "2009-12-31": "1674.30000", "2008-12-31": "2014.70000", "2007-12-31": "2247.10000", "2006-12-31": "1503.00000", "2005-12-31": "200.00000"}, "Total Liabilities": {"2019-12-31": "11159.61000", "2018-12-31": "10896.57000", "2017-12-31": "12804.28000", "2016-12-31": "11634.50000", "2015-12-31": "11748.55000", "2014-12-31": "5487.57700", "2013-12-31": "2791.90000", "2012-12-31": "3358.70000", "2011-12-31": "3087.30000", "2010-12-31": "2709.60000", "2009-12-31": "2772.70000", "2008-12-31": "3264.50000", "2007-12-31": "3648.40000", "2006-12-31": "2714.80000", "2005-12-31": "1860.70000"}, "Common Stock Net": {"2019-12-31": "20.44300", "2018-12-31": "20.42100", "2017-12-31": "20.34400", "2016-12-31": "20.22800", "2015-12-31": "20.02400", "2014-12-31": "217.17100", "2013-12-31": "0.00000", "2012-12-31": "", "2011-12-31": "", "2010-12-31": "", "2009-12-31": "", "2008-12-31": "", "2007-12-31": "", "2006-12-31": "", "2005-12-31": ""}, "Retained Earnings (Accumulated Deficit)": {"2019-12-31": "-1020.23800", "2018-12-31": "-1008.19300", "2017-12-31": "-1032.37200", "2016-12-31": "38.06700", "2015-12-31": "-13.27100", "2014-12-31": "46.37700", "2013-12-31": "226.60000", "2012-12-31": "87.70000", "2011-12-31": "941.00000", "2010-12-31": "763.80000", "2009-12-31": "551.80000", "2008-12-31": "437.30000", "2007-12-31": "443.50000", "2006-12-31": "3108.40000", "2005-12-31": "2774.90000"}, "Comprehensive Income": {"2019-12-31": "262.52500", "2018-12-31": "261.53700", "2017-12-31": "340.16900", "2016-12-31": "160.64300", "2015-12-31": "194.83800", "2014-12-31": "155.20300", "2013-12-31": "", "2012-12-31": "", "2011-12-31": "", "2010-12-31": "", "2009-12-31": "", "2008-12-31": "", "2007-12-31": "", "2006-12-31": "", "2005-12-31": ""}, "Other Share Holders Equity": {"2019-12-31": "", "2018-12-31": "", "2017-12-31": "", "2016-12-31": "", "2015-12-31": "", "2014-12-31": "", "2013-12-31": "0.00000", "2012-12-31": "", "2011-12-31": "", "2010-12-31": "", "2009-12-31": "", "2008-12-31": "", "2007-12-31": "", "2006-12-31": "", "2005-12-31": ""}, "Share Holder Equity": {"2019-12-31": "2484.97800", "2018-12-31": "2751.92900", "2017-12-31": "2354.93100", "2016-12-31": "3425.66500", "2015-12-31": "3366.14200", "2014-12-31": "2947.72000", "2013-12-31": "1197.60000", "2012-12-31": "1254.10000", "2011-12-31": "1197.80000", "2010-12-31": "1444.80000", "2009-12-31": "1234.30000", "2008-12-31": "1063.60000", "2007-12-31": "909.00000", "2006-12-31": "1452.70000", "2005-12-31": "2042.00000"}, "Total Liabilities And Share Holders Equity": {"2019-12-31": "13644.59000", "2018-12-31": "13648.50000", "2017-12-31": "15159.21000", "2016-12-31": "15060.16000", "2015-12-31": "15114.69000", "2014-12-31": "8435.29700", "2013-12-31": "3989.50000", "2012-12-31": "4612.80000", "2011-12-31": "4285.10000", "2010-12-31": "4154.40000", "2009-12-31": "4007.00000", "2008-12-31": "4328.10000", "2007-12-31": "4557.40000", "2006-12-31": "4167.50000", "2005-12-31": "3902.70000"}}, "balance sheet, quarterly": {"Cash On Hand": {"2020-09-30": "1139.59800", "2020-06-30": "1529.76200", "2020-03-31": "1618.20100", "2019-12-31": "894.25100", "2019-09-30": "", "2019-06-30": "657.03300", "2019-03-31": "535.59400", "2018-12-31": "511.77700", "2018-09-30": "703.02000", "2018-06-30": "866.59100", "2018-03-31": "816.27300", "2017-12-31": "1305.43000", "2017-09-30": "536.81000", "2017-06-30": "724.53900", "2017-03-31": "725.99200", "2016-12-31": "541.31600", "2016-09-30": "485.23900", "2016-06-30": "527.62600", "2016-03-31": "671.69000", "2015-12-31": "796.58500", "2015-09-30": "711.80600", "2015-06-30": "709.34700", "2015-03-31": "", "2014-12-31": "425.22100", "2014-09-30": "", "2014-06-30": "", "2014-03-31": "", "2013-12-31": "367.40000"}, "Receivables": {"2020-09-30": "828.45900", "2020-06-30": "860.35100", "2020-03-31": "630.69500", "2019-12-31": "1006.12700", "2019-09-30": "", "2019-06-30": "994.09600", "2019-03-31": "970.13000", "2018-12-31": "949.08500", "2018-09-30": "872.06200", "2018-06-30": "919.39500", "2018-03-31": "1036.82500", "2017-12-31": "1032.02200", "2017-09-30": "975.91200", "2017-06-30": "846.00100", "2017-03-31": "844.48600", "2016-12-31": "976.02900", "2016-09-30": "916.31500", "2016-06-30": "961.65400", "2016-03-31": "1011.68700", "2015-12-31": "995.10600", "2015-09-30": "1017.55400", "2015-06-30": "1129.66500", "2015-03-31": "", "2014-12-31": "931.03100", "2014-09-30": "", "2014-06-30": "", "2014-03-31": "", "2013-12-31": "329.30000"}, "Inventory": {"2020-09-30": "183.22000", "2020-06-30": "173.02200", "2020-03-31": "181.95900", "2019-12-31": "161.79000", "2019-09-30": "", "2019-06-30": "264.91100", "2019-03-31": "294.79100", "2018-12-31": "282.69800", "2018-09-30": "332.92100", "2018-06-30": "324.68400", "2018-03-31": "320.51200", "2017-12-31": "319.54500", "2017-09-30": "370.91100", "2017-06-30": "380.30700", "2017-03-31": "361.06700", "2016-12-31": "347.49400", "2016-09-30": "324.41500", "2016-06-30": "284.09600", "2016-03-31": "274.21200", "2015-12-31": "269.98200", "2015-09-30": "307.46000", "2015-06-30": "288.72000", "2015-03-31": "", "2014-12-31": "184.59300", "2014-09-30": "", "2014-06-30": "", "2014-03-31": "", "2013-12-31": "71.40000"}, "Pre-Paid Expenses": {"2020-09-30": "", "2020-06-30": "", "2020-03-31": "", "2019-12-31": "", "2019-09-30": "", "2019-06-30": "", "2019-03-31": "", "2018-12-31": "", "2018-09-30": "", "2018-06-30": "", "2018-03-31": "", "2017-12-31": "", "2017-09-30": "", "2017-06-30": "", "2017-03-31": "", "2016-12-31": "", "2016-09-30": "", "2016-06-30": "", "2016-03-31": "", "2015-12-31": "", "2015-09-30": "", "2015-06-30": "", "2015-03-31": "", "2014-12-31": "", "2014-09-30": "", "2014-06-30": "", "2014-03-31": "", "2013-12-31": ""}, "Other Current Assets": {"2020-09-30": "556.60700", "2020-06-30": "574.54900", "2020-03-31": "614.69000", "2019-12-31": "571.86900", "2019-09-30": "", "2019-06-30": "489.44000", "2019-03-31": "528.58100", "2018-12-31": "543.13600", "2018-09-30": "469.74100", "2018-06-30": "471.44900", "2018-03-31": "471.09500", "2017-12-31": "407.52000", "2017-09-30": "400.99100", "2017-06-30": "381.87700", "2017-03-31": "435.27500", "2016-12-31": "424.72700", "2016-09-30": "454.66600", "2016-06-30": "436.47500", "2016-03-31": "442.81600", "2015-12-31": "423.70100", "2015-09-30": "408.91500", "2015-06-30": "439.70200", "2015-03-31": "", "2014-12-31": "211.78600", "2014-09-30": "", "2014-06-30": "", "2014-03-31": "", "2013-12-31": ""}, "Total Current Assets": {"2020-09-30": "2707.88400", "2020-06-30": "3137.68400", "2020-03-31": "3045.54500", "2019-12-31": "2634.03700", "2019-09-30": "", "2019-06-30": "2405.48000", "2019-03-31": "2329.09600", "2018-12-31": "2286.69600", "2018-09-30": "2377.74400", "2018-06-30": "2582.11900", "2018-03-31": "2644.70500", "2017-12-31": "3064.51700", "2017-09-30": "2284.62400", "2017-06-30": "2332.72400", "2017-03-31": "2366.82000", "2016-12-31": "2289.56600", "2016-09-30": "2180.63500", "2016-06-30": "2209.85100", "2016-03-31": "2400.40500", "2015-12-31": "2485.37400", "2015-09-30": "2604.17300", "2015-06-30": "2720.69300", "2015-03-31": "", "2014-12-31": "1752.63100", "2014-09-30": "", "2014-06-30": "", "2014-03-31": "", "2013-12-31": "1221.10000"}, "Property, Plant, And Equipment": {"2020-09-30": "129.63600", "2020-06-30": "139.63400", "2020-03-31": "144.99100", "2019-12-31": "146.05500", "2019-09-30": "", "2019-06-30": "140.03300", "2019-03-31": "143.27200", "2018-12-31": "185.34900", "2018-09-30": "184.42500", "2018-06-30": "188.54900", "2018-03-31": "188.79000", "2017-12-31": "193.72300", "2017-09-30": "197.63300", "2017-06-30": "196.52900", "2017-03-31": "207.39000", "2016-12-31": "357.84100", "2016-09-30": "346.39000", "2016-06-30": "343.00500", "2016-03-31": "346.05300", "2015-12-31": "349.67700", "2015-09-30": "311.16100", "2015-06-30": "319.04800", "2015-03-31": "", "2014-12-31": "123.54200", "2014-09-30": "", "2014-06-30": "", "2014-03-31": "", "2013-12-31": ""}, "Long-Term Investments": {"2020-09-30": "", "2020-06-30": "", "2020-03-31": "", "2019-12-31": "", "2019-09-30": "", "2019-06-30": "", "2019-03-31": "", "2018-12-31": "", "2018-09-30": "", "2018-06-30": "", "2018-03-31": "", "2017-12-31": "", "2017-09-30": "", "2017-06-30": "", "2017-03-31": "", "2016-12-31": "", "2016-09-30": "", "2016-06-30": "", "2016-03-31": "", "2015-12-31": "", "2015-09-30": "", "2015-06-30": "", "2015-03-31": "", "2014-12-31": "", "2014-09-30": "", "2014-06-30": "", "2014-03-31": "", "2013-12-31": ""}, "Goodwill And Intangible Assets": {"2020-09-30": "6861.40700", "2020-06-30": "6873.25600", "2020-03-31": "6904.31300", "2019-12-31": "7287.49600", "2019-09-30": "", "2019-06-30": "7512.87300", "2019-03-31": "7559.24800", "2018-12-31": "7624.95000", "2018-09-30": "7785.60300", "2018-06-30": "7853.02800", "2018-03-31": "7960.23500", "2017-12-31": "7997.27500", "2017-09-30": "8041.84500", "2017-06-30": "8795.02100", "2017-03-31": "9583.02100", "2016-12-31": "9684.04300", "2016-09-30": "9853.80000", "2016-06-30": "9950.81600", "2016-03-31": "10085.63000", "2015-12-31": "10166.13000", "2015-09-30": "11654.79000", "2015-06-30": "11908.14000", "2015-03-31": "0.00000", "2014-12-31": "4745.20200", "2014-09-30": "0.00000", "2014-06-30": "0.00000", "2014-03-31": "", "2013-12-31": "0.00000"}, "Other Long-Term Assets": {"2020-09-30": "1779.80700", "2020-06-30": "1791.24600", "2020-03-31": "1827.33900", "2019-12-31": "1927.52400", "2019-09-30": "", "2019-06-30": "2030.13700", "2019-03-31": "2052.82200", "2018-12-31": "2147.08100", "2018-09-30": "2206.79400", "2018-06-30": "2270.08600", "2018-03-31": "2442.62200", "2017-12-31": "2427.95300", "2017-09-30": "1485.19900", "2017-06-30": "1507.46400", "2017-03-31": "1463.02500", "2016-12-31": "1497.66200", "2016-09-30": "1690.81500", "2016-06-30": "1734.79500", "2016-03-31": "928.19800", "2015-12-31": "937.91700", "2015-09-30": "", "2015-06-30": "", "2015-03-31": "", "2014-12-31": "714.51400", "2014-09-30": "", "2014-06-30": "", "2014-03-31": "", "2013-12-31": ""}, "Total Long-Term Assets": {"2020-09-30": "10283.48000", "2020-06-30": "10355.60000", "2020-03-31": "10474.84000", "2019-12-31": "11010.55000", "2019-09-30": "", "2019-06-30": "11431.38000", "2019-03-31": "11518.66000", "2018-12-31": "11361.81000", "2018-09-30": "11605.23000", "2018-06-30": "11741.13000", "2018-03-31": "12060.20000", "2017-12-31": "12094.69000", "2017-09-30": "11162.31000", "2017-06-30": "11900.76000", "2017-03-31": "12564.35000", "2016-12-31": "12770.60000", "2016-09-30": "13114.51000", "2016-06-30": "13199.31000", "2016-03-31": "12530.08000", "2015-12-31": "12629.32000", "2015-09-30": "13214.20000", "2015-06-30": "13482.60000", "2015-03-31": "", "2014-12-31": "6682.66600", "2014-09-30": "", "2014-06-30": "", "2014-03-31": "", "2013-12-31": ""}, "Total Assets": {"2020-09-30": "12991.37000", "2020-06-30": "13493.28000", "2020-03-31": "13520.38000", "2019-12-31": "13644.59000", "2019-09-30": "0.00000", "2019-06-30": "13836.86000", "2019-03-31": "13847.76000", "2018-12-31": "13648.50000", "2018-09-30": "13982.98000", "2018-06-30": "14323.25000", "2018-03-31": "14704.91000", "2017-12-31": "15159.21000", "2017-09-30": "13446.94000", "2017-06-30": "14233.49000", "2017-03-31": "14931.17000", "2016-12-31": "15060.16000", "2016-09-30": "15295.15000", "2016-06-30": "15409.17000", "2016-03-31": "14930.49000", "2015-12-31": "15114.69000", "2015-09-30": "15818.38000", "2015-06-30": "16203.29000", "2015-03-31": "0.00000", "2014-12-31": "8435.29700", "2014-09-30": "0.00000", "2014-06-30": "0.00000", "2014-03-31": "0.00000", "2013-12-31": "3989.50000"}, "Total Current Liabilities": {"2020-09-30": "2498.17200", "2020-06-30": "2481.04200", "2020-03-31": "2231.16600", "2019-12-31": "2468.35100", "2019-09-30": "", "2019-06-30": "2890.47600", "2019-03-31": "3386.14300", "2018-12-31": "2002.12400", "2018-09-30": "2313.89800", "2018-06-30": "2561.98600", "2018-03-31": "2970.61100", "2017-12-31": "3676.67700", "2017-09-30": "2718.32300", "2017-06-30": "2755.97400", "2017-03-31": "2835.05500", "2016-12-31": "2341.79100", "2016-09-30": "2325.81300", "2016-06-30": "2457.82800", "2016-03-31": "2087.30900", "2015-12-31": "2010.62600", "2015-09-30": "1917.44700", "2015-06-30": "2004.15700", "2015-03-31": "", "2014-12-31": "2989.48300", "2014-09-30": "", "2014-06-30": "", "2014-03-31": "", "2013-12-31": "544.80000"}, "Long Term Debt": {"2020-09-30": "7821.72300", "2020-06-30": "8198.12400", "2020-03-31": "8136.08000", "2019-12-31": "7600.16900", "2019-09-30": "", "2019-06-30": "7152.52300", "2019-03-31": "6655.02000", "2018-12-31": "7977.26700", "2018-09-30": "7987.58300", "2018-06-30": "8069.98400", "2018-03-31": "8049.79100", "2017-12-31": "7777.44500", "2017-09-30": "7046.67800", "2017-06-30": "6926.23400", "2017-03-31": "7331.26600", "2016-12-31": "7863.08500", "2016-09-30": "8286.69000", "2016-06-30": "8219.71100", "2016-03-31": "8227.84500", "2015-12-31": "8334.01300", "2015-09-30": "8747.73700", "2015-06-30": "8939.40200", "2015-03-31": "", "2014-12-31": "2099.07100", "2014-09-30": "", "2014-06-30": "", "2014-03-31": "", "2013-12-31": "1878.60000"}, "Other Non-Current Liabilities": {"2020-09-30": "372.42800", "2020-06-30": "378.51500", "2020-03-31": "387.69900", "2019-12-31": "413.54900", "2019-09-30": "", "2019-06-30": "412.23800", "2019-03-31": "405.14500", "2018-12-31": "471.09900", "2018-09-30": "476.60500", "2018-06-30": "503.93800", "2018-03-31": "525.58400", "2017-12-31": "501.77800", "2017-09-30": "434.17400", "2017-06-30": "460.66400", "2017-03-31": "447.06200", "2016-12-31": "444.55600", "2016-09-30": "439.59300", "2016-06-30": "461.09100", "2016-03-31": "456.67900", "2015-12-31": "462.49300", "2015-09-30": "457.92300", "2015-06-30": "492.37200", "2015-03-31": "", "2014-12-31": "200.41700", "2014-09-30": "", "2014-06-30": "", "2014-03-31": "", "2013-12-31": ""}, "Total Long Term Liabilities": {"2020-09-30": "8772.51100", "2020-06-30": "9218.11300", "2020-03-31": "9180.84800", "2019-12-31": "8691.26100", "2019-09-30": "", "2019-06-30": "8340.24100", "2019-03-31": "7836.65100", "2018-12-31": "8894.44800", "2018-09-30": "8957.79300", "2018-06-30": "9044.99500", "2018-03-31": "9415.00400", "2017-12-31": "9127.60100", "2017-09-30": "8082.86700", "2017-06-30": "8041.53300", "2017-03-31": "8492.89100", "2016-12-31": "9292.70500", "2016-09-30": "9548.53000", "2016-06-30": "9542.32100", "2016-03-31": "9551.35700", "2015-12-31": "9737.92400", "2015-09-30": "10381.27000", "2015-06-30": "10638.88000", "2015-03-31": "", "2014-12-31": "2498.09400", "2014-09-30": "", "2014-06-30": "", "2014-03-31": "", "2013-12-31": "1878.60000"}, "Total Liabilities": {"2020-09-30": "11270.68000", "2020-06-30": "11699.16000", "2020-03-31": "11412.01000", "2019-12-31": "11159.61000", "2019-09-30": "", "2019-06-30": "11230.72000", "2019-03-31": "11222.79000", "2018-12-31": "10896.57000", "2018-09-30": "11271.69000", "2018-06-30": "11606.98000", "2018-03-31": "12385.62000", "2017-12-31": "12804.28000", "2017-09-30": "10801.19000", "2017-06-30": "10797.51000", "2017-03-31": "11327.95000", "2016-12-31": "11634.50000", "2016-09-30": "11874.34000", "2016-06-30": "12000.15000", "2016-03-31": "11638.67000", "2015-12-31": "11748.55000", "2015-09-30": "12298.72000", "2015-06-30": "12643.04000", "2015-03-31": "0.00000", "2014-12-31": "5487.57700", "2014-09-30": "0.00000", "2014-06-30": "0.00000", "2014-03-31": "", "2013-12-31": "2791.90000"}, "Common Stock Net": {"2020-09-30": "20.48500", "2020-06-30": "20.48500", "2020-03-31": "20.44300", "2019-12-31": "20.44300", "2019-09-30": "", "2019-06-30": "20.44300", "2019-03-31": "20.42100", "2018-12-31": "20.42100", "2018-09-30": "", "2018-06-30": "20.42000", "2018-03-31": "20.35600", "2017-12-31": "20.34400", "2017-09-30": "", "2017-06-30": "", "2017-03-31": "", "2016-12-31": "20.22800", "2016-09-30": "", "2016-06-30": "", "2016-03-31": "", "2015-12-31": "20.02400", "2015-09-30": "", "2015-06-30": "", "2015-03-31": "0.00000", "2014-12-31": "217.17100", "2014-09-30": "0.00000", "2014-06-30": "0.00000", "2014-03-31": "", "2013-12-31": "0.00000"}, "Retained Earnings (Accumulated Deficit)": {"2020-09-30": "-1678.48400", "2020-06-30": "-1550.49800", "2020-03-31": "-1270.88000", "2019-12-31": "-1020.23800", "2019-09-30": "", "2019-06-30": "-963.02000", "2019-03-31": "-967.85300", "2018-12-31": "-1008.19300", "2018-09-30": "", "2018-06-30": "-929.01200", "2018-03-31": "-1090.50700", "2017-12-31": "-1032.37200", "2017-09-30": "", "2017-06-30": "", "2017-03-31": "", "2016-12-31": "38.06700", "2016-09-30": "", "2016-06-30": "", "2016-03-31": "", "2015-12-31": "-13.27100", "2015-09-30": "", "2015-06-30": "", "2015-03-31": "", "2014-12-31": "46.37700", "2014-09-30": "", "2014-06-30": "", "2014-03-31": "", "2013-12-31": "226.60000"}, "Comprehensive Income": {"2020-09-30": "279.05400", "2020-06-30": "237.06700", "2020-03-31": "207.99600", "2019-12-31": "262.52500", "2019-09-30": "", "2019-06-30": "271.03100", "2019-03-31": "254.71000", "2018-12-31": "261.53700", "2018-09-30": "", "2018-06-30": "277.13400", "2018-03-31": "372.78500", "2017-12-31": "340.16900", "2017-09-30": "", "2017-06-30": "", "2017-03-31": "", "2016-12-31": "160.64300", "2016-09-30": "", "2016-06-30": "", "2016-03-31": "", "2015-12-31": "194.83800", "2015-09-30": "", "2015-06-30": "", "2015-03-31": "", "2014-12-31": "155.20300", "2014-09-30": "", "2014-06-30": "", "2014-03-31": "", "2013-12-31": ""}, "Other Share Holders Equity": {"2020-09-30": "", "2020-06-30": "", "2020-03-31": "", "2019-12-31": "", "2019-09-30": "", "2019-06-30": "", "2019-03-31": "", "2018-12-31": "", "2018-09-30": "", "2018-06-30": "", "2018-03-31": "", "2017-12-31": "", "2017-09-30": "", "2017-06-30": "", "2017-03-31": "", "2016-12-31": "", "2016-09-30": "", "2016-06-30": "", "2016-03-31": "", "2015-12-31": "", "2015-09-30": "", "2015-06-30": "", "2015-03-31": "0.00000", "2014-12-31": "", "2014-09-30": "0.00000", "2014-06-30": "0.00000", "2014-03-31": "", "2013-12-31": "0.00000"}, "Share Holder Equity": {"2020-09-30": "1720.68300", "2020-06-30": "1794.12800", "2020-03-31": "2108.37200", "2019-12-31": "2484.97800", "2019-09-30": "", "2019-06-30": "2606.14000", "2019-03-31": "2624.96200", "2018-12-31": "2751.92900", "2018-09-30": "2711.28800", "2018-06-30": "2716.27300", "2018-03-31": "2319.29200", "2017-12-31": "2354.93100", "2017-09-30": "2645.74900", "2017-06-30": "3435.98200", "2017-03-31": "3603.22800", "2016-12-31": "3425.66500", "2016-09-30": "3420.80700", "2016-06-30": "3409.01600", "2016-03-31": "3291.81800", "2015-12-31": "3366.14200", "2015-09-30": "3519.65900", "2015-06-30": "3560.24900", "2015-03-31": "0.00000", "2014-12-31": "2947.72000", "2014-09-30": "0.00000", "2014-06-30": "0.00000", "2014-03-31": "", "2013-12-31": "1197.60000"}, "Total Liabilities And Share Holders Equity": {"2020-09-30": "12991.37000", "2020-06-30": "13493.28000", "2020-03-31": "13520.38000", "2019-12-31": "13644.59000", "2019-09-30": "", "2019-06-30": "13836.86000", "2019-03-31": "13847.76000", "2018-12-31": "13648.50000", "2018-09-30": "13982.98000", "2018-06-30": "14323.25000", "2018-03-31": "14704.91000", "2017-12-31": "15159.21000", "2017-09-30": "13446.94000", "2017-06-30": "14233.49000", "2017-03-31": "14931.17000", "2016-12-31": "15060.16000", "2016-09-30": "15295.15000", "2016-06-30": "15409.17000", "2016-03-31": "14930.49000", "2015-12-31": "15114.69000", "2015-09-30": "15818.38000", "2015-06-30": "16203.29000", "2015-03-31": "0.00000", "2014-12-31": "8435.29700", "2014-09-30": "0.00000", "2014-06-30": "0.00000", "2014-03-31": "", "2013-12-31": "3989.50000"}}, "cash flow statement": {"Net Income/Loss": {"2019-12-31": "111.65800", "2018-12-31": "114.64700", "2017-12-31": "-947.51100", "2016-12-31": "264.20700", "2015-12-31": "-55.92700", "2014-12-31": "99.80400", "2013-12-31": "233.48200", "2012-12-31": "0.00000", "2011-12-31": "0.00000", "2010-12-31": "0.00000", "2009-12-31": "0.00000", "2008-12-31": "0.00000", "2007-12-31": "0.00000", "2006-12-31": "0.00000", "2005-12-31": "0.00000"}, "Total Depreciation And Amortization - Cash Flow": {"2019-12-31": "941.63200", "2018-12-31": "944.84300", "2017-12-31": "1035.43100", "2016-12-31": "1017.79600", "2015-12-31": "928.00600", "2014-12-31": "647.40900", "2013-12-31": "599.24900", "2012-12-31": "", "2011-12-31": "", "2010-12-31": "", "2009-12-31": "", "2008-12-31": "", "2007-12-31": "", "2006-12-31": "", "2005-12-31": ""}, "Other Non-Cash Items": {"2019-12-31": "-12.27700", "2018-12-31": "73.92100", "2017-12-31": "867.78890", "2016-12-31": "-190.74100", "2015-12-31": "116.75900", "2014-12-31": "108.83400", "2013-12-31": "24.90500", "2012-12-31": "", "2011-12-31": "", "2010-12-31": "", "2009-12-31": "", "2008-12-31": "", "2007-12-31": "", "2006-12-31": "", "2005-12-31": ""}, "Total Non-Cash Items": {"2019-12-31": "929.35500", "2018-12-31": "1018.76400", "2017-12-31": "1903.22000", "2016-12-31": "827.05500", "2015-12-31": "1044.76500", "2014-12-31": "756.24300", "2013-12-31": "624.15410", "2012-12-31": "", "2011-12-31": "", "2010-12-31": "", "2009-12-31": "", "2008-12-31": "", "2007-12-31": "", "2006-12-31": "", "2005-12-31": ""}, "Change In Accounts Receivable": {"2019-12-31": "-58.21300", "2018-12-31": "-54.35600", "2017-12-31": "45.46500", "2016-12-31": "-23.75800", "2015-12-31": "83.21800", "2014-12-31": "171.25800", "2013-12-31": "-164.13500", "2012-12-31": "", "2011-12-31": "", "2010-12-31": "", "2009-12-31": "", "2008-12-31": "", "2007-12-31": "", "2006-12-31": "", "2005-12-31": ""}, "Change In Inventories": {"2019-12-31": "84.47200", "2018-12-31": "12.55600", "2017-12-31": "51.40600", "2016-12-31": "-76.32100", "2015-12-31": "0.07200", "2014-12-31": "3.62000", "2013-12-31": "19.08400", "2012-12-31": "", "2011-12-31": "", "2010-12-31": "", "2009-12-31": "", "2008-12-31": "", "2007-12-31": "", "2006-12-31": "", "2005-12-31": ""}, "Change In Accounts Payable": {"2019-12-31": "7.18000", "2018-12-31": "-51.99000", "2017-12-31": "-3.03100", "2016-12-31": "-22.85500", "2015-12-31": "-53.76200", "2014-12-31": "-20.18400", "2013-12-31": "-43.09800", "2012-12-31": "", "2011-12-31": "", "2010-12-31": "", "2009-12-31": "", "2008-12-31": "", "2007-12-31": "", "2006-12-31": "", "2005-12-31": ""}, "Change In Assets/Liabilities": {"2019-12-31": "18.68300", "2018-12-31": "-1009.99500", "2017-12-31": "-386.16100", "2016-12-31": "-686.99600", "2015-12-31": "-282.99500", "2014-12-31": "20.55700", "2013-12-31": "57.86700", "2012-12-31": "", "2011-12-31": "", "2010-12-31": "", "2009-12-31": "", "2008-12-31": "", "2007-12-31": "", "2006-12-31": "", "2005-12-31": ""}, "Total Change In Assets/Liabilities": {"2019-12-31": "52.12200", "2018-12-31": "-1103.78500", "2017-12-31": "-292.32100", "2016-12-31": "-809.92990", "2015-12-31": "-253.46700", "2014-12-31": "175.25100", "2013-12-31": "-130.28200", "2012-12-31": "", "2011-12-31": "", "2010-12-31": "", "2009-12-31": "", "2008-12-31": "", "2007-12-31": "", "2006-12-31": "", "2005-12-31": ""}, "Cash Flow From Operating Activities": {"2019-12-31": "1093.13500", "2018-12-31": "29.62600", "2017-12-31": "663.38800", "2016-12-31": "281.33200", "2015-12-31": "785.99700", "2014-12-31": "1065.91000", "2013-12-31": "733.55900", "2012-12-31": "", "2011-12-31": "", "2010-12-31": "", "2009-12-31": "", "2008-12-31": "", "2007-12-31": "", "2006-12-31": "", "2005-12-31": ""}, "Net Change In Property, Plant, And Equipment": {"2019-12-31": "-318.04100", "2018-12-31": "-513.80900", "2017-12-31": "-530.55800", "2016-12-31": "-356.14500", "2015-12-31": "-172.04700", "2014-12-31": "-333.83000", "2013-12-31": "-474.28300", "2012-12-31": "", "2011-12-31": "", "2010-12-31": "", "2009-12-31": "", "2008-12-31": "", "2007-12-31": "", "2006-12-31": "", "2005-12-31": ""}, "Net Change In Intangible Assets": {"2019-12-31": "", "2018-12-31": "", "2017-12-31": "", "2016-12-31": "", "2015-12-31": "", "2014-12-31": "", "2013-12-31": "", "2012-12-31": "", "2011-12-31": "", "2010-12-31": "", "2009-12-31": "", "2008-12-31": "", "2007-12-31": "", "2006-12-31": "", "2005-12-31": ""}, "Net Acquisitions/Divestitures": {"2019-12-31": "", "2018-12-31": "", "2017-12-31": "823.78800", "2016-12-31": "", "2015-12-31": "-3241.41500", "2014-12-31": "", "2013-12-31": "", "2012-12-31": "", "2011-12-31": "", "2010-12-31": "", "2009-12-31": "", "2008-12-31": "", "2007-12-31": "", "2006-12-31": "", "2005-12-31": ""}, "Net Change In Short-term Investments": {"2019-12-31": "", "2018-12-31": "", "2017-12-31": "", "2016-12-31": "", "2015-12-31": "", "2014-12-31": "", "2013-12-31": "", "2012-12-31": "", "2011-12-31": "", "2010-12-31": "", "2009-12-31": "", "2008-12-31": "", "2007-12-31": "", "2006-12-31": "", "2005-12-31": ""}, "Net Change In Long-Term Investments": {"2019-12-31": "", "2018-12-31": "", "2017-12-31": "", "2016-12-31": "", "2015-12-31": "29.41600", "2014-12-31": "", "2013-12-31": "", "2012-12-31": "", "2011-12-31": "", "2010-12-31": "", "2009-12-31": "", "2008-12-31": "", "2007-12-31": "", "2006-12-31": "", "2005-12-31": ""}, "Net Change In Investments - Total": {"2019-12-31": "", "2018-12-31": "", "2017-12-31": "", "2016-12-31": "", "2015-12-31": "29.41600", "2014-12-31": "", "2013-12-31": "", "2012-12-31": "", "2011-12-31": "", "2010-12-31": "", "2009-12-31": "", "2008-12-31": "", "2007-12-31": "", "2006-12-31": "", "2005-12-31": ""}, "Investing Activities - Other": {"2019-12-31": "5.85100", "2018-12-31": "2.27200", "2017-12-31": "2.33600", "2016-12-31": "40.16000", "2015-12-31": "22.52300", "2014-12-31": "13.70500", "2013-12-31": "11.95300", "2012-12-31": "", "2011-12-31": "", "2010-12-31": "", "2009-12-31": "", "2008-12-31": "", "2007-12-31": "", "2006-12-31": "", "2005-12-31": ""}, "Cash Flow From Investing Activities": {"2019-12-31": "-312.19000", "2018-12-31": "-511.53700", "2017-12-31": "295.56600", "2016-12-31": "-315.98500", "2015-12-31": "-3361.52300", "2014-12-31": "-320.12500", "2013-12-31": "-462.33000", "2012-12-31": "", "2011-12-31": "", "2010-12-31": "", "2009-12-31": "", "2008-12-31": "", "2007-12-31": "", "2006-12-31": "", "2005-12-31": ""}, "Net Long-Term Debt": {"2019-12-31": "123.68910", "2018-12-31": "-262.10290", "2017-12-31": "-30.82100", "2016-12-31": "-357.51300", "2015-12-31": "3727.59800", "2014-12-31": "-487.08800", "2013-12-31": "-140.55800", "2012-12-31": "", "2011-12-31": "", "2010-12-31": "", "2009-12-31": "", "2008-12-31": "", "2007-12-31": "", "2006-12-31": "", "2005-12-31": ""}, "Net Current Debt": {"2019-12-31": "-32.06700", "2018-12-31": "34.82200", "2017-12-31": "", "2016-12-31": "", "2015-12-31": "", "2014-12-31": "", "2013-12-31": "", "2012-12-31": "", "2011-12-31": "", "2010-12-31": "", "2009-12-31": "", "2008-12-31": "", "2007-12-31": "", "2006-12-31": "", "2005-12-31": ""}, "Debt Issuance/Retirement Net - Total": {"2019-12-31": "91.62210", "2018-12-31": "-227.28090", "2017-12-31": "-30.82100", "2016-12-31": "-357.51300", "2015-12-31": "3727.59800", "2014-12-31": "-487.08800", "2013-12-31": "-140.55800", "2012-12-31": "", "2011-12-31": "", "2010-12-31": "", "2009-12-31": "", "2008-12-31": "", "2007-12-31": "", "2006-12-31": "", "2005-12-31": ""}, "Net Common Equity Issued/Repurchased": {"2019-12-31": "", "2018-12-31": "", "2017-12-31": "", "2016-12-31": "", "2015-12-31": "10.67200", "2014-12-31": "-48.51900", "2013-12-31": "20.85900", "2012-12-31": "", "2011-12-31": "", "2010-12-31": "", "2009-12-31": "", "2008-12-31": "", "2007-12-31": "", "2006-12-31": "", "2005-12-31": ""}, "Net Total Equity Issued/Repurchased": {"2019-12-31": "", "2018-12-31": "", "2017-12-31": "", "2016-12-31": "", "2015-12-31": "10.67200", "2014-12-31": "-48.51900", "2013-12-31": "20.85900", "2012-12-31": "", "2011-12-31": "", "2010-12-31": "", "2009-12-31": "", "2008-12-31": "", "2007-12-31": "", "2006-12-31": "", "2005-12-31": ""}, "Total Common And Preferred Stock Dividends Paid": {"2019-12-31": "-300.15800", "2018-12-31": "-290.16200", "2017-12-31": "-213.12900", "2016-12-31": "-193.89600", "2015-12-31": "-238.74500", "2014-12-31": "-223.16900", "2013-12-31": "-208.09700", "2012-12-31": "", "2011-12-31": "", "2010-12-31": "", "2009-12-31": "", "2008-12-31": "", "2007-12-31": "", "2006-12-31": "", "2005-12-31": ""}, "Financial Activities - Other": {"2019-12-31": "-167.73800", "2018-12-31": "205.89800", "2017-12-31": "-3.02200", "2016-12-31": "239.27000", "2015-12-31": "-579.35890", "2014-12-31": "-200.15800", "2013-12-31": "16.59200", "2012-12-31": "", "2011-12-31": "", "2010-12-31": "", "2009-12-31": "", "2008-12-31": "", "2007-12-31": "", "2006-12-31": "", "2005-12-31": ""}, "Cash Flow From Financial Activities": {"2019-12-31": "-376.27400", "2018-12-31": "-311.54500", "2017-12-31": "-246.97200", "2016-12-31": "-312.13900", "2015-12-31": "2920.16600", "2014-12-31": "-958.93400", "2013-12-31": "-311.20400", "2012-12-31": "", "2011-12-31": "", "2010-12-31": "", "2009-12-31": "", "2008-12-31": "", "2007-12-31": "", "2006-12-31": "", "2005-12-31": ""}, "Net Cash Flow": {"2019-12-31": "382.47400", "2018-12-31": "-793.65300", "2017-12-31": "764.11400", "2016-12-31": "-333.39000", "2015-12-31": "310.37800", "2014-12-31": "-260.90200", "2013-12-31": "-23.32300", "2012-12-31": "", "2011-12-31": "", "2010-12-31": "", "2009-12-31": "", "2008-12-31": "", "2007-12-31": "", "2006-12-31": "", "2005-12-31": ""}, "Stock-Based Compensation": {"2019-12-31": "26.51400", "2018-12-31": "33.08600", "2017-12-31": "4.70400", "2016-12-31": "26.34600", "2015-12-31": "36.06700", "2014-12-31": "13.82300", "2013-12-31": "11.30100", "2012-12-31": "", "2011-12-31": "", "2010-12-31": "", "2009-12-31": "", "2008-12-31": "", "2007-12-31": "", "2006-12-31": "", "2005-12-31": ""}, "Common Stock Dividends Paid": {"2019-12-31": "-300.15800", "2018-12-31": "-290.16200", "2017-12-31": "-213.12900", "2016-12-31": "-193.89600", "2015-12-31": "-238.74500", "2014-12-31": "-223.16900", "2013-12-31": "-208.09700", "2012-12-31": "", "2011-12-31": "", "2010-12-31": "", "2009-12-31": "", "2008-12-31": "", "2007-12-31": "", "2006-12-31": "", "2005-12-31": ""}}, "cash flow statement, quarterly": {"Net Income/Loss": {"2020-09-30": -102.338, "2020-06-30": -282.142, "2020-03-31": "-234.09900", "2019-12-31": -138.385, "2019-09-30": 130.561, "2019-06-30": 38.987, "2019-03-31": "80.49500", "2018-12-31": -70.056, "2018-09-30": 54.008, "2018-06-30": 195.199, "2018-03-31": "-64.50400", "2017-12-31": 105.924, "2017-09-30": -774.407, "2017-06-30": -252.236, "2017-03-31": "-26.79200", "2016-12-31": 249.352, "2016-09-30": 18.406, "2016-06-30": 82.898, "2016-03-31": "-86.44900", "2015-12-31": 83.034, "2015-09-30": 8.965, "2015-06-30": -112.335, "2015-03-31": "-35.59100", "2014-12-31": -150.14, "2014-09-30": 249.94, "2014-06-30": 0, "2014-03-31": "0.00000", "2013-12-31": 233.48}, "Total Depreciation And Amortization - Cash Flow": {"2020-09-30": 523.882, "2020-06-30": 221.997, "2020-03-31": "223.85200", "2019-12-31": 247.5461, "2019-09-30": 232.1559, "2019-06-30": 230.443, "2019-03-31": "231.48700", "2018-12-31": 246.921, "2018-09-30": 236.375, "2018-06-30": 232.319, "2018-03-31": "229.22800", "2017-12-31": 256.434, "2017-09-30": 263.583, "2017-06-30": 253.175, "2017-03-31": "262.23900", "2016-12-31": 248.432, "2016-09-30": 253.145, "2016-06-30": 260.286, "2016-03-31": "255.93300", "2015-12-31": 265.1, "2015-09-30": 258.184, "2015-06-30": 245.807, "2015-03-31": "158.91500", "2014-12-31": 172.944, "2014-09-30": 474.456, "2014-06-30": 0, "2014-03-31": "", "2013-12-31": 599.24}, "Other Non-Cash Items": {"2020-09-30": -212.309, "2020-06-30": 94.061, "2020-03-31": "188.29900", "2019-12-31": 111.325, "2019-09-30": -102.859, "2019-06-30": 19.81, "2019-03-31": "-40.55300", "2018-12-31": 79.995, "2018-09-30": 32.41, "2018-06-30": -131.972, "2018-03-31": "93.48800", "2017-12-31": -59.0921, "2017-09-30": 790.246, "2017-06-30": 135.465, "2017-03-31": "1.17000", "2016-12-31": -316.372, "2016-09-30": 13.595, "2016-06-30": -58.822, "2016-03-31": "170.85800", "2015-12-31": -110.333, "2015-09-30": 1.914, "2015-06-30": 155.677, "2015-03-31": "69.50100", "2014-12-31": 87.281, "2014-09-30": 21.553, "2014-06-30": 0, "2014-03-31": "", "2013-12-31": 0}, "Total Non-Cash Items": {"2020-09-30": 311.573, "2020-06-30": 316.058, "2020-03-31": "412.15100", "2019-12-31": 358.871, "2019-09-30": 129.297, "2019-06-30": 250.253, "2019-03-31": "190.93400", "2018-12-31": 326.916, "2018-09-30": 268.785, "2018-06-30": 100.347, "2018-03-31": "322.71600", "2017-12-31": 197.342, "2017-09-30": 1053.829, "2017-06-30": 388.64, "2017-03-31": "263.40900", "2016-12-31": -67.94, "2016-09-30": 266.74, "2016-06-30": 201.464, "2016-03-31": "426.79100", "2015-12-31": 154.767, "2015-09-30": 260.098, "2015-06-30": 401.484, "2015-03-31": "228.41600", "2014-12-31": 151.391, "2014-09-30": 496.009, "2014-06-30": 0, "2014-03-31": "", "2013-12-31": 599.24}, "Change In Accounts Receivable": {"2020-09-30": 58.553, "2020-06-30": -204.611, "2020-03-31": "344.18900", "2019-12-31": -74.759, "2019-09-30": -32.513, "2019-06-30": 24.914, "2019-03-31": "24.14500", "2018-12-31": -147.179, "2018-09-30": 42.991, "2018-06-30": 37.864, "2018-03-31": "11.96800", "2017-12-31": 3.442, "2017-09-30": -104.74, "2017-06-30": 10.069, "2017-03-31": "136.69400", "2016-12-31": -106.843, "2016-09-30": 47.952, "2016-06-30": 24.874, "2016-03-31": "10.25900", "2015-12-31": -39.521, "2015-09-30": 125.005, "2015-06-30": 35.193, "2015-03-31": "-37.45900", "2014-12-31": 48.157, "2014-09-30": 123.101, "2014-06-30": 0, "2014-03-31": "", "2013-12-31": 0}, "Change In Inventories": {"2020-09-30": -3.457, "2020-06-30": 9.5, "2020-03-31": "-15.47800", "2019-12-31": 60.597, "2019-09-30": 23.073, "2019-06-30": 21.25, "2019-03-31": "-20.44800", "2018-12-31": 39.238, "2018-09-30": -5.895, "2018-06-30": -9.13, "2018-03-31": "-11.65700", "2017-12-31": 34.88, "2017-09-30": 14.707, "2017-06-30": 1.661, "2017-03-31": "0.15800", "2016-12-31": -29.56, "2016-09-30": -40.49, "2016-06-30": -8.083, "2016-03-31": "1.81200", "2015-12-31": 29.347, "2015-09-30": -28.719, "2015-06-30": 16.27, "2015-03-31": "-16.82600", "2014-12-31": 7.219, "2014-09-30": -3.599, "2014-06-30": 0, "2014-03-31": "", "2013-12-31": 0}, "Change In Accounts Payable": {"2020-09-30": -17.984, "2020-06-30": 183.882, "2020-03-31": "-189.54400", "2019-12-31": 6.569, "2019-09-30": 57.928, "2019-06-30": -29.5, "2019-03-31": "-27.81700", "2018-12-31": 71.067, "2018-09-30": -66.325, "2018-06-30": -21.187, "2018-03-31": "-35.54500", "2017-12-31": 57.702, "2017-09-30": 44.744, "2017-06-30": -90.531, "2017-03-31": "-14.94600", "2016-12-31": 112.442, "2016-09-30": -66.701, "2016-06-30": -66.811, "2016-03-31": "-1.78500", "2015-12-31": 48.408, "2015-09-30": 42.97, "2015-06-30": -61.001, "2015-03-31": "-84.13900", "2014-12-31": 101.087, "2014-09-30": -121.271, "2014-06-30": 0, "2014-03-31": "", "2013-12-31": 0}, "Change In Assets/Liabilities": {"2020-09-30": 38.867, "2020-06-30": 145.144, "2020-03-31": "-159.95100", "2019-12-31": 91.537, "2019-09-30": -111.362, "2019-06-30": 139.203, "2019-03-31": "-100.69500", "2018-12-31": -439.672, "2018-09-30": -164.402, "2018-06-30": -260.153, "2018-03-31": "-145.76800", "2017-12-31": -132.839, "2017-09-30": -161.12, "2017-06-30": -27.231, "2017-03-31": "-64.97100", "2016-12-31": -480.513, "2016-09-30": -145.32, "2016-06-30": 87.412, "2016-03-31": "-148.57500", "2015-12-31": 3.538, "2015-09-30": -165.431, "2015-06-30": -76.785, "2015-03-31": "-44.31700", "2014-12-31": 59.783, "2014-09-30": -39.226, "2014-06-30": 0, "2014-03-31": "", "2013-12-31": 0}, "Total Change In Assets/Liabilities": {"2020-09-30": 75.979, "2020-06-30": 133.915, "2020-03-31": "-20.78400", "2019-12-31": 83.944, "2019-09-30": -62.874, "2019-06-30": 155.867, "2019-03-31": "-124.81500", "2018-12-31": -476.546, "2018-09-30": -193.631, "2018-06-30": -252.606, "2018-03-31": "-181.00200", "2017-12-31": -36.815, "2017-09-30": -206.409, "2017-06-30": -106.032, "2017-03-31": "56.93500", "2016-12-31": -504.4739, "2016-09-30": -204.559, "2016-06-30": 37.392, "2016-03-31": "-138.28900", "2015-12-31": 41.772, "2015-09-30": -26.175, "2015-06-30": -86.323, "2015-03-31": "-182.74100", "2014-12-31": 216.245, "2014-09-30": -40.995, "2014-06-30": 0, "2014-03-31": "", "2013-12-31": -130.28}, "Cash Flow From Operating Activities": {"2020-09-30": 285.214, "2020-06-30": 167.831, "2020-03-31": "157.26800", "2019-12-31": 304.43, "2019-09-30": 196.984, "2019-06-30": 445.107, "2019-03-31": "146.61400", "2018-12-31": -219.686, "2018-09-30": 129.162, "2018-06-30": 42.94, "2018-03-31": "77.21000", "2017-12-31": 266.451, "2017-09-30": 73.013, "2017-06-30": 30.372, "2017-03-31": "293.55200", "2016-12-31": -339.665, "2016-09-30": 97.19, "2016-06-30": 318.202, "2016-03-31": "205.60500", "2015-12-31": 315.003, "2015-09-30": 253.909, "2015-06-30": 163.302, "2015-03-31": "53.78300", "2014-12-31": 360.956, "2014-09-30": 223.837, "2014-06-30": 481.117, "2014-03-31": "", "2013-12-31": 733.55}, "Net Change In Property, Plant, And Equipment": {"2020-09-30": -64.396, "2020-06-30": -61.266, "2020-03-31": "-93.72800", "2019-12-31": -86.068, "2019-09-30": -66.399, "2019-06-30": -48.277, "2019-03-31": "-117.29700", "2018-12-31": -147.696, "2018-09-30": -113.211, "2018-06-30": -120.714, "2018-03-31": "-132.18800", "2017-12-31": -146.59, "2017-09-30": -176.136, "2017-06-30": -196.704, "2017-03-31": "-11.12800", "2016-12-31": -40.361, "2016-09-30": -145.546, "2016-06-30": -105.071, "2016-03-31": "-65.16700", "2015-12-31": 93.086, "2015-09-30": -105.177, "2015-06-30": -88.43, "2015-03-31": "-71.52600", "2014-12-31": -95.461, "2014-09-30": -71.181, "2014-06-30": -167.188, "2014-03-31": "", "2013-12-31": -474.28}, "Net Change In Intangible Assets": {"2020-09-30": 0, "2020-06-30": 0, "2020-03-31": "", "2019-12-31": 0, "2019-09-30": 0, "2019-06-30": 0, "2019-03-31": "", "2018-12-31": 0, "2018-09-30": 0, "2018-06-30": 0, "2018-03-31": "", "2017-12-31": 0, "2017-09-30": 0, "2017-06-30": 0, "2017-03-31": "", "2016-12-31": 0, "2016-09-30": 0, "2016-06-30": 0, "2016-03-31": "", "2015-12-31": 0, "2015-09-30": 0, "2015-06-30": 0, "2015-03-31": "", "2014-12-31": 0, "2014-09-30": 0, "2014-06-30": 0, "2014-03-31": "", "2013-12-31": 0}, "Net Acquisitions/Divestitures": {"2020-09-30": 0, "2020-06-30": 0, "2020-03-31": "", "2019-12-31": 0, "2019-09-30": 0, "2019-06-30": 0, "2019-03-31": "", "2018-12-31": 0, "2018-09-30": 0, "2018-06-30": 0, "2018-03-31": "", "2017-12-31": 0, "2017-09-30": 0.126, "2017-06-30": 823.662, "2017-03-31": "", "2016-12-31": 0, "2016-09-30": 0, "2016-06-30": 0, "2016-03-31": "", "2015-12-31": 0, "2015-09-30": 0, "2015-06-30": -3241.415, "2015-03-31": "", "2014-12-31": 0, "2014-09-30": 0, "2014-06-30": 0, "2014-03-31": "", "2013-12-31": 0}, "Net Change In Short-term Investments": {"2020-09-30": 0, "2020-06-30": 0, "2020-03-31": "", "2019-12-31": 0, "2019-09-30": 0, "2019-06-30": 0, "2019-03-31": "", "2018-12-31": 0, "2018-09-30": 0, "2018-06-30": 0, "2018-03-31": "", "2017-12-31": 0, "2017-09-30": 0, "2017-06-30": 0, "2017-03-31": "", "2016-12-31": 0, "2016-09-30": 0, "2016-06-30": 0, "2016-03-31": "", "2015-12-31": 0, "2015-09-30": 0, "2015-06-30": 0, "2015-03-31": "", "2014-12-31": 0, "2014-09-30": 0, "2014-06-30": 0, "2014-03-31": "", "2013-12-31": 0}, "Net Change In Long-Term Investments": {"2020-09-30": 0, "2020-06-30": 0, "2020-03-31": "", "2019-12-31": 0, "2019-09-30": 0, "2019-06-30": 0, "2019-03-31": "", "2018-12-31": 0, "2018-09-30": 0, "2018-06-30": 0, "2018-03-31": "", "2017-12-31": 0, "2017-09-30": 0, "2017-06-30": 0, "2017-03-31": "", "2016-12-31": 0, "2016-09-30": 0, "2016-06-30": -6.411, "2016-03-31": "6.41100", "2015-12-31": 3.469, "2015-09-30": 14.549, "2015-06-30": 11.398, "2015-03-31": "", "2014-12-31": 0, "2014-09-30": 0, "2014-06-30": 0, "2014-03-31": "", "2013-12-31": 0}, "Net Change In Investments - Total": {"2020-09-30": 0, "2020-06-30": 0, "2020-03-31": "", "2019-12-31": 0, "2019-09-30": 0, "2019-06-30": 0, "2019-03-31": "", "2018-12-31": 0, "2018-09-30": 0, "2018-06-30": 0, "2018-03-31": "", "2017-12-31": 0, "2017-09-30": 0, "2017-06-30": 0, "2017-03-31": "", "2016-12-31": 0, "2016-09-30": 0, "2016-06-30": -6.411, "2016-03-31": "6.41100", "2015-12-31": 3.469, "2015-09-30": 14.549, "2015-06-30": 11.398, "2015-03-31": "", "2014-12-31": 0, "2014-09-30": 0, "2014-06-30": 0, "2014-03-31": "", "2013-12-31": 0}, "Investing Activities - Other": {"2020-09-30": 1.54, "2020-06-30": 0.208, "2020-03-31": "10.68900", "2019-12-31": -0.275, "2019-09-30": 3.581, "2019-06-30": 0.337, "2019-03-31": "2.20800", "2018-12-31": 0.208, "2018-09-30": 0.606, "2018-06-30": 1.111, "2018-03-31": "0.34700", "2017-12-31": 0.346, "2017-09-30": 0.311, "2017-06-30": 1.247, "2017-03-31": "0.43200", "2016-12-31": 415.354, "2016-09-30": 2.192, "2016-06-30": -372.492, "2016-03-31": "-4.89400", "2015-12-31": 22.65, "2015-09-30": -4.054, "2015-06-30": 2.697, "2015-03-31": "1.23000", "2014-12-31": 13.7, "2014-09-30": -0.661, "2014-06-30": 0.661, "2014-03-31": "", "2013-12-31": 11.95}, "Cash Flow From Investing Activities": {"2020-09-30": -62.856, "2020-06-30": -61.058, "2020-03-31": "-83.03900", "2019-12-31": -86.343, "2019-09-30": -62.818, "2019-06-30": -47.94, "2019-03-31": "-115.08900", "2018-12-31": -147.488, "2018-09-30": -112.605, "2018-06-30": -119.603, "2018-03-31": "-131.84100", "2017-12-31": -146.244, "2017-09-30": -175.699, "2017-06-30": 628.205, "2017-03-31": "-10.69600", "2016-12-31": 374.993, "2016-09-30": -143.354, "2016-06-30": -483.974, "2016-03-31": "-63.65000", "2015-12-31": 119.205, "2015-09-30": -94.682, "2015-06-30": -3315.75, "2015-03-31": "-70.29600", "2014-12-31": -81.751, "2014-09-30": -71.842, "2014-06-30": -166.527, "2014-03-31": "", "2013-12-31": -462.33}, "Net Long-Term Debt": {"2020-09-30": -579.175, "2020-06-30": -64.95, "2020-03-31": "555.74600", "2019-12-31": -0.0909, "2019-09-30": 118.5321, "2019-06-30": -30.4181, "2019-03-31": "35.66600", "2018-12-31": -19.1118, "2018-09-30": -23.8681, "2018-06-30": 241.696, "2018-03-31": "-460.81900", "2017-12-31": 632.1531, "2017-09-30": 8.6409, "2017-06-30": -618.006, "2017-03-31": "-53.60900", "2016-12-31": -179.536, "2016-09-30": 58.692, "2016-06-30": 82.163, "2016-03-31": "-318.83200", "2015-12-31": -285.323, "2015-09-30": -206.417, "2015-06-30": 3835.331, "2015-03-31": "384.00700", "2014-12-31": -487.088, "2014-09-30": 0, "2014-06-30": 0, "2014-03-31": "", "2013-12-31": 0}, "Net Current Debt": {"2020-09-30": -82.537, "2020-06-30": -35.009, "2020-03-31": "109.93600", "2019-12-31": 2.452, "2019-09-30": -54.092, "2019-06-30": -13.628, "2019-03-31": "33.20100", "2018-12-31": 41.272, "2018-09-30": -80.43, "2018-06-30": 29.551, "2018-03-31": "44.42900", "2017-12-31": 32.495, "2017-09-30": -32.495, "2017-06-30": 27.154, "2017-03-31": "-27.15400", "2016-12-31": 0, "2016-09-30": 0, "2016-06-30": -49.564, "2016-03-31": "49.56400", "2015-12-31": 0, "2015-09-30": 0, "2015-06-30": 0, "2015-03-31": "", "2014-12-31": 0, "2014-09-30": 1.122, "2014-06-30": -1.122, "2014-03-31": "", "2013-12-31": 0}, "Debt Issuance/Retirement Net - Total": {"2020-09-30": -661.712, "2020-06-30": -99.9589, "2020-03-31": "665.68190", "2019-12-31": 2.3611, "2019-09-30": 64.4401, "2019-06-30": -44.0461, "2019-03-31": "68.86700", "2018-12-31": 22.1602, "2018-09-30": -104.2981, "2018-06-30": 271.247, "2018-03-31": "-416.39000", "2017-12-31": 664.6481, "2017-09-30": -23.8541, "2017-06-30": -590.852, "2017-03-31": "-80.76300", "2016-12-31": -179.536, "2016-09-30": 58.692, "2016-06-30": 32.599, "2016-03-31": "-269.26800", "2015-12-31": -285.323, "2015-09-30": -206.417, "2015-06-30": 3835.331, "2015-03-31": "384.00700", "2014-12-31": -487.08, "2014-09-30": 1.122, "2014-06-30": -1.122, "2014-03-31": "", "2013-12-31": -140.55}, "Net Common Equity Issued/Repurchased": {"2020-09-30": 0, "2020-06-30": 0, "2020-03-31": "", "2019-12-31": 0, "2019-09-30": 0, "2019-06-30": 0, "2019-03-31": "", "2018-12-31": 0, "2018-09-30": 0, "2018-06-30": 0, "2018-03-31": "", "2017-12-31": 0, "2017-09-30": 0, "2017-06-30": 0, "2017-03-31": "", "2016-12-31": 0, "2016-09-30": 0, "2016-06-30": 0, "2016-03-31": "", "2015-12-31": 10.672, "2015-09-30": 0, "2015-06-30": 0, "2015-03-31": "", "2014-12-31": -4.511, "2014-09-30": -44.008, "2014-06-30": 0, "2014-03-31": "", "2013-12-31": 0}, "Net Total Equity Issued/Repurchased": {"2020-09-30": 0, "2020-06-30": 0, "2020-03-31": "", "2019-12-31": 0, "2019-09-30": 0, "2019-06-30": 0, "2019-03-31": "", "2018-12-31": 0, "2018-09-30": 0, "2018-06-30": 0, "2018-03-31": "", "2017-12-31": 0, "2017-09-30": 0, "2017-06-30": 0, "2017-03-31": "", "2016-12-31": 0, "2016-09-30": 0, "2016-06-30": 0, "2016-03-31": "", "2015-12-31": 10.672, "2015-09-30": 0, "2015-06-30": 0, "2015-03-31": "", "2014-12-31": -4.502, "2014-09-30": -44.008, "2014-06-30": 0, "2014-03-31": "", "2013-12-31": 20.85}, "Total Common And Preferred Stock Dividends Paid": {"2020-09-30": -44.516, "2020-06-30": -75.818, "2020-03-31": "-56.44500", "2019-12-31": -41.858, "2019-09-30": -47.177, "2019-06-30": -197.684, "2019-03-31": "-13.43900", "2018-12-31": -40.842, "2018-09-30": -41.959, "2018-06-30": -207.361, "2018-03-31": "", "2017-12-31": -39.781, "2017-09-30": -41.722, "2017-06-30": -118.533, "2017-03-31": "-13.09300", "2016-12-31": -45.357, "2016-09-30": -40.647, "2016-06-30": -107.892, "2016-03-31": "", "2015-12-31": -40.27, "2015-09-30": -41.746, "2015-06-30": -27.009, "2015-03-31": "-129.72000", "2014-12-31": -0.362, "2014-09-30": -0.485, "2014-06-30": -222.313, "2014-03-31": "", "2013-12-31": -208.09}, "Financial Activities - Other": {"2020-09-30": 56.131, "2020-06-30": -37.463, "2020-03-31": "50.28700", "2019-12-31": -56.891, "2019-09-30": -17.461, "2019-06-30": -47.057, "2019-03-31": "-46.32900", "2018-12-31": 205.734, "2018-09-30": -22.443, "2018-06-30": 69.45, "2018-03-31": "-46.84300", "2017-12-31": 12.272, "2017-09-30": -20.33, "2017-06-30": 7.475, "2017-03-31": "-2.43900", "2016-12-31": 131.829, "2016-09-30": -10.733, "2016-06-30": 121.138, "2016-03-31": "-2.96400", "2015-12-31": -35.3319, "2015-09-30": 83.502, "2015-06-30": -374.893, "2015-03-31": "-252.63600", "2014-12-31": -22.261, "2014-09-30": -17.273, "2014-06-30": -160.616, "2014-03-31": "", "2013-12-31": 16.59}, "Cash Flow From Financial Activities": {"2020-09-30": -650.097, "2020-06-30": -213.24, "2020-03-31": "659.52400", "2019-12-31": -96.388, "2019-09-30": -0.198, "2019-06-30": -288.787, "2019-03-31": "9.09900", "2018-12-31": 187.052, "2018-09-30": -168.7, "2018-06-30": 133.336, "2018-03-31": "-463.23300", "2017-12-31": 637.139, "2017-09-30": -85.906, "2017-06-30": -701.91, "2017-03-31": "-96.29500", "2016-12-31": -93.064, "2016-09-30": 7.312, "2016-06-30": 45.845, "2016-03-31": "-272.23200", "2015-12-31": -350.253, "2015-09-30": -164.661, "2015-06-30": 3433.429, "2015-03-31": "1.65100", "2014-12-31": -514.235, "2014-09-30": -60.644, "2014-06-30": -384.051, "2014-03-31": "", "2013-12-31": -311.2}, "Net Cash Flow": {"2020-09-30": -390.164, "2020-06-30": -88.439, "2020-03-31": "723.95000", "2019-12-31": 130.593, "2019-09-30": 106.625, "2019-06-30": 121.439, "2019-03-31": "23.81700", "2018-12-31": -191.243, "2018-09-30": -163.571, "2018-06-30": 50.318, "2018-03-31": "-489.15700", "2017-12-31": 768.62, "2017-09-30": -187.729, "2017-06-30": -1.453, "2017-03-31": "184.67600", "2016-12-31": -55.805, "2016-09-30": -40.113, "2016-06-30": -115.784, "2016-03-31": "-121.68800", "2015-12-31": 75.569, "2015-09-30": -5.178, "2015-06-30": 283.155, "2015-03-31": "-43.16800", "2014-12-31": -256.224, "2014-09-30": 69.932, "2014-06-30": -74.608, "2014-03-31": "", "2013-12-31": -23.32}, "Stock-Based Compensation": {"2020-09-30": 1.103, "2020-06-30": 1.162, "2020-03-31": "-12.96800", "2019-12-31": 6.468, "2019-09-30": 7.544, "2019-06-30": 2.912, "2019-03-31": "9.59000", "2018-12-31": 8.142, "2018-09-30": 7.825, "2018-06-30": 2.941, "2018-03-31": "14.17800", "2017-12-31": -0.398, "2017-09-30": 1.829, "2017-06-30": 2.424, "2017-03-31": "0.84900", "2016-12-31": 1.844, "2016-09-30": 7.468, "2016-06-30": 7.732, "2016-03-31": "9.30200", "2015-12-31": 3.335, "2015-09-30": 11.762, "2015-06-30": 19.976, "2015-03-31": "0.99400", "2014-12-31": 9.331, "2014-09-30": 4.492, "2014-06-30": 0, "2014-03-31": "", "2013-12-31": 0}, "Common Stock Dividends Paid": {"2020-09-30": -44.516, "2020-06-30": -75.818, "2020-03-31": "-56.44500", "2019-12-31": -41.858, "2019-09-30": -47.177, "2019-06-30": -197.684, "2019-03-31": "-13.43900", "2018-12-31": -40.842, "2018-09-30": -41.959, "2018-06-30": -207.361, "2018-03-31": "", "2017-12-31": -39.781, "2017-09-30": -41.722, "2017-06-30": -118.533, "2017-03-31": "-13.09300", "2016-12-31": -45.357, "2016-09-30": -40.647, "2016-06-30": -107.892, "2016-03-31": "", "2015-12-31": -40.27, "2015-09-30": -41.746, "2015-06-30": -27.009, "2015-03-31": "-129.72000", "2014-12-31": -0.371, "2014-09-30": -0.485, "2014-06-30": -222.313, "2014-03-31": "", "2013-12-31": 0}}, "financial ratios": {"Current Ratio": {"2019-12-31": "1.06710", "2018-12-31": "1.14210", "2017-12-31": "0.83350", "2016-12-31": "0.97770", "2015-12-31": "1.23610", "2014-12-31": "0.58630", "2013-12-31": "2.24140", "2012-12-31": "1.17730", "2011-12-31": "2.00430", "2010-12-31": "2.63680", "2009-12-31": "2.06490", "2008-12-31": "1.97550", "2007-12-31": "1.99550", "2006-12-31": "1.86120", "2005-12-31": "1.10360"}, "Long-term Debt / Capital": {"2019-12-31": "0.75360", "2018-12-31": "0.74350", "2017-12-31": "0.76760", "2016-12-31": "0.69650", "2015-12-31": "0.71230", "2014-12-31": "0.41590", "2013-12-31": "0.61070", "2012-12-31": "0.52140", "2011-12-31": "0.60650", "2010-12-31": "0.53260", "2009-12-31": "0.57560", "2008-12-31": "0.65450", "2007-12-31": "0.71200", "2006-12-31": "0.50850", "2005-12-31": "0.08920"}, "Debt/Equity Ratio": {"2019-12-31": "3.24570", "2018-12-31": "2.91140", "2017-12-31": "3.55700", "2016-12-31": "2.29540", "2015-12-31": "2.47590", "2014-12-31": "1.00400", "2013-12-31": "1.56860", "2012-12-31": "1.08950", "2011-12-31": "1.54150", "2010-12-31": "1.13950", "2009-12-31": "1.35650", "2008-12-31": "1.89420", "2007-12-31": "2.47210", "2006-12-31": "1.03460", "2005-12-31": "0.09790"}, "Gross Margin": {"2019-12-31": "38.70110", "2018-12-31": "39.11130", "2017-12-31": "36.57540", "2016-12-31": "39.15600", "2015-12-31": "37.35080", "2014-12-31": "34.04270", "2013-12-31": "32.18480", "2012-12-31": "57.41370", "2011-12-31": "57.54410", "2010-12-31": "58.17070", "2009-12-31": "56.71290", "2008-12-31": "55.16150", "2007-12-31": "56.39060", "2006-12-31": "56.48890", "2005-12-31": "54.61240"}, "Operating Margin": {"2019-12-31": "13.31290", "2018-12-31": "13.39180", "2017-12-31": "-1.03450", "2016-12-31": "12.81430", "2015-12-31": "11.51520", "2014-12-31": "18.75640", "2013-12-31": "17.86010", "2012-12-31": "31.13680", "2011-12-31": "29.69730", "2010-12-31": "35.74860", "2009-12-31": "32.03630", "2008-12-31": "26.06500", "2007-12-31": "35.46620", "2006-12-31": "38.24290", "2005-12-31": "36.37380"}, "EBIT Margin": {"2019-12-31": "13.31290", "2018-12-31": "13.39180", "2017-12-31": "-1.03450", "2016-12-31": "12.81430", "2015-12-31": "11.51520", "2014-12-31": "18.75640", "2013-12-31": "17.86010", "2012-12-31": "31.13680", "2011-12-31": "29.69730", "2010-12-31": "35.74860", "2009-12-31": "32.03630", "2008-12-31": "26.06500", "2007-12-31": "35.46620", "2006-12-31": "38.24290", "2005-12-31": "36.37380"}, "EBITDA Margin": {"2019-12-31": "32.98840", "2018-12-31": "32.94870", "2017-12-31": "19.93010", "2016-12-31": "32.56240", "2015-12-31": "31.30610", "2014-12-31": "35.73840", "2013-12-31": "33.50780", "2012-12-31": "31.13680", "2011-12-31": "29.69730", "2010-12-31": "35.74860", "2009-12-31": "32.03630", "2008-12-31": "26.06500", "2007-12-31": "35.46620", "2006-12-31": "38.24290", "2005-12-31": "36.37380"}, "Pre-Tax Profit Margin": {"2019-12-31": "5.95020", "2018-12-31": "6.29340", "2017-12-31": "-19.78000", "2016-12-31": "6.27510", "2015-12-31": "-0.36320", "2014-12-31": "8.92420", "2013-12-31": "11.99690", "2012-12-31": "17.18060", "2011-12-31": "15.93900", "2010-12-31": "21.86510", "2009-12-31": "15.90340", "2008-12-31": "10.55580", "2007-12-31": "23.11330", "2006-12-31": "30.70120", "2005-12-31": "29.73680"}, "Net Profit Margin": {"2019-12-31": "-0.39750", "2018-12-31": "-0.44190", "2017-12-31": "-21.63570", "2016-12-31": "4.10050", "2015-12-31": "-1.61170", "2014-12-31": "2.26010", "2013-12-31": "5.26430", "2012-12-31": "11.64590", "2011-12-31": "11.43350", "2010-12-31": "14.49160", "2009-12-31": "9.70160", "2008-12-31": "6.28100", "2007-12-31": "13.12530", "2006-12-31": "19.38660", "2005-12-31": "18.85580"}, "Asset Turnover": {"2019-12-31": "0.35070", "2018-12-31": "0.35400", "2017-12-31": "0.32580", "2016-12-31": "0.34220", "2015-12-31": "0.31020", "2014-12-31": "0.45190", "2013-12-31": "0.95990", "2012-12-31": "0.50760", "2011-12-31": "0.50190", "2010-12-31": "0.47110", "2009-12-31": "0.47850", "2008-12-31": "0.46640", "2007-12-31": "0.54830", "2006-12-31": "0.62900", "2005-12-31": "0.64360"}, "Inventory Turnover Ratio": {"2019-12-31": "18.13240", "2018-12-31": "10.40580", "2017-12-31": "9.80300", "2016-12-31": "9.02410", "2015-12-31": "10.88090", "2014-12-31": "13.62180", "2013-12-31": "36.37360", "2012-12-31": "11.06770", "2011-12-31": "9.82880", "2010-12-31": "11.21370", "2009-12-31": "8.50310", "2008-12-31": "5.73640", "2007-12-31": "4.99220", "2006-12-31": "7.87710", "2005-12-31": "7.03270"}, "Receiveable Turnover": {"2019-12-31": "4.75670", "2018-12-31": "5.09040", "2017-12-31": "4.78570", "2016-12-31": "5.28050", "2015-12-31": "4.71210", "2014-12-31": "4.09470", "2013-12-31": "11.62960", "2012-12-31": "6.71720", "2011-12-31": "6.20510", "2010-12-31": "6.11370", "2009-12-31": "6.60420", "2008-12-31": "6.03890", "2007-12-31": "5.72120", "2006-12-31": "6.36110", "2005-12-31": "7.11330"}, "Days Sales In Receivables": {"2019-12-31": "76.73450", "2018-12-31": "71.70310", "2017-12-31": "76.26870", "2016-12-31": "69.12260", "2015-12-31": "77.45990", "2014-12-31": "89.13920", "2013-12-31": "31.38540", "2012-12-31": "54.33850", "2011-12-31": "58.82230", "2010-12-31": "59.70180", "2009-12-31": "55.26780", "2008-12-31": "60.44160", "2007-12-31": "63.79830", "2006-12-31": "57.38020", "2005-12-31": "51.31250"}, "ROE - Return On Equity": {"2019-12-31": "4.49330", "2018-12-31": "4.16610", "2017-12-31": "-40.23520", "2016-12-31": "7.71260", "2015-12-31": "-1.66150", "2014-12-31": "3.38580", "2013-12-31": "103.03710", "2012-12-31": "310.94640", "2011-12-31": "26.53560", "2010-12-31": "38.26920", "2009-12-31": "39.79700", "2008-12-31": "34.00410", "2007-12-31": "75.37770", "2006-12-31": "16.34930", "2005-12-31": "17.06730"}, "Return On Tangible Equity": {"2019-12-31": "-2.32500", "2018-12-31": "-2.35270", "2017-12-31": "16.79290", "2016-12-31": "-4.22170", "2015-12-31": "0.82250", "2014-12-31": "-5.55240", "2013-12-31": "19.49580", "2012-12-31": "21.74470", "2011-12-31": "20.84660", "2010-12-31": "20.23120", "2009-12-31": "17.79150", "2008-12-31": "13.98080", "2007-12-31": "36.77670", "2006-12-31": "34.98310", "2005-12-31": "23.19300"}, "ROA - Return On Assets": {"2019-12-31": "0.81830", "2018-12-31": "0.84000", "2017-12-31": "-6.25040", "2016-12-31": "1.75430", "2015-12-31": "-0.37000", "2014-12-31": "1.18320", "2013-12-31": "5.85240", "2012-12-31": "5.91180", "2011-12-31": "5.82720", "2010-12-31": "7.03590", "2009-12-31": "5.48040", "2008-12-31": "3.43570", "2007-12-31": "7.33530", "2006-12-31": "12.19440", "2005-12-31": "12.13520"}, "ROI - Return On Investment": {"2019-12-31": "1.10720", "2018-12-31": "1.06860", "2017-12-31": "-9.35130", "2016-12-31": "2.34040", "2015-12-31": "-0.47800", "2014-12-31": "1.97760", "2013-12-31": "7.58990", "2012-12-31": "10.40680", "2011-12-31": "8.20250", "2010-12-31": "9.45620", "2009-12-31": "7.55000", "2008-12-31": "4.83060", "2007-12-31": "10.59220", "2006-12-31": "17.19390", "2005-12-31": "21.12400"}, "Book Value Per Share": {"2019-12-31": "12.15540", "2018-12-31": "13.47590", "2017-12-31": "11.57520", "2016-12-31": "16.93480", "2015-12-31": "16.81020", "2014-12-31": "17.05930", "2013-12-31": "", "2012-12-31": "", "2011-12-31": "", "2010-12-31": "", "2009-12-31": "", "2008-12-31": "", "2007-12-31": "", "2006-12-31": "", "2005-12-31": ""}, "Operating Cash Flow Per Share": {"2019-12-31": 5.2035, "2018-12-31": -3.1206, "2017-12-31": 1.8745, "2016-12-31": -2.694, "2015-12-31": -2.0234, "2014-12-31": 1.8842, "2013-12-31": 4.2245, "2012-12-31": 0, "2011-12-31": 0, "2010-12-31": 0, "2009-12-31": 0, "2008-12-31": 0, "2007-12-31": 0, "2006-12-31": 0, "2005-12-31": 0}, "Free Cash Flow Per Share": {"2019-12-31": 6.165, "2018-12-31": -3.0264, "2017-12-31": 1.0239, "2016-12-31": -3.561, "2015-12-31": -1.0045, "2014-12-31": 2.7024, "2013-12-31": 1.4931, "2012-12-31": 0, "2011-12-31": 0, "2010-12-31": 0, "2009-12-31": 0, "2008-12-31": 0, "2007-12-31": 0, "2006-12-31": 0, "2005-12-31": 0}}, "financial ratios, quarterly": {"Current Ratio": {"2020-09-30": "1.08390", "2020-06-30": "1.26470", "2020-03-31": "1.36500", "2019-12-31": "1.06710", "2019-09-30": "", "2019-06-30": "0.83220", "2019-03-31": "0.68780", "2018-12-31": "1.14210", "2018-09-30": "1.02760", "2018-06-30": "1.00790", "2018-03-31": "0.89030", "2017-12-31": "0.83350", "2017-09-30": "0.84050", "2017-06-30": "0.84640", "2017-03-31": "0.83480", "2016-12-31": "0.97770", "2016-09-30": "0.93760", "2016-06-30": "0.89910", "2016-03-31": "1.15000", "2015-12-31": "1.23610", "2015-09-30": "1.35810", "2015-06-30": "1.35750", "2015-03-31": "", "2014-12-31": "0.58630", "2014-09-30": "", "2014-06-30": "", "2014-03-31": "", "2013-12-31": ""}, "Long-term Debt / Capital": {"2020-09-30": "0.81970", "2020-06-30": "0.82040", "2020-03-31": "0.79420", "2019-12-31": "0.75360", "2019-09-30": "", "2019-06-30": "0.73290", "2019-03-31": "0.71710", "2018-12-31": "0.74350", "2018-09-30": "0.74660", "2018-06-30": "0.74820", "2018-03-31": "0.77630", "2017-12-31": "0.76760", "2017-09-30": "0.72700", "2017-06-30": "0.66840", "2017-03-31": "0.67050", "2016-12-31": "0.69650", "2016-09-30": "0.70780", "2016-06-30": "0.70680", "2016-03-31": "0.71420", "2015-12-31": "0.71230", "2015-09-30": "0.71310", "2015-06-30": "0.71520", "2015-03-31": "", "2014-12-31": "0.41590", "2014-09-30": "", "2014-06-30": "", "2014-03-31": "", "2013-12-31": ""}, "Debt/Equity Ratio": {"2020-09-30": "4.76340", "2020-06-30": "4.81330", "2020-03-31": "4.09180", "2019-12-31": "3.24570", "2019-09-30": "", "2019-06-30": "3.08410", "2019-03-31": "3.04920", "2018-12-31": "2.91140", "2018-09-30": "2.95710", "2018-06-30": "2.99820", "2018-03-31": "3.49000", "2017-12-31": "3.55700", "2017-09-30": "2.88580", "2017-06-30": "2.18090", "2017-03-31": "2.18180", "2016-12-31": "2.29540", "2016-09-30": "2.42250", "2016-06-30": "2.41120", "2016-03-31": "2.49950", "2015-12-31": "2.47590", "2015-09-30": "2.48550", "2015-06-30": "2.51130", "2015-03-31": "", "2014-12-31": "1.00400", "2014-09-30": "", "2014-06-30": "", "2014-03-31": "", "2013-12-31": ""}, "Gross Margin": {"2020-09-30": "36.56370", "2020-06-30": "24.09740", "2020-03-31": "34.80860", "2019-12-31": "38.49390", "2019-09-30": "38.27510", "2019-06-30": "38.79830", "2019-03-31": "39.25210", "2018-12-31": "37.12580", "2018-09-30": "39.94600", "2018-06-30": "39.27770", "2018-03-31": "40.22910", "2017-12-31": "35.85520", "2017-09-30": "36.48840", "2017-06-30": "38.08120", "2017-03-31": "35.91530", "2016-12-31": "37.86870", "2016-09-30": "39.79880", "2016-06-30": "39.12950", "2016-03-31": "39.87500", "2015-12-31": "37.41030", "2015-09-30": "37.78070", "2015-06-30": "37.69900", "2015-03-31": "36.12280", "2014-12-31": "100.00000", "2014-09-30": "33.98880", "2014-06-30": "32.16640", "2014-03-31": "100.00000", "2013-12-31": ""}, "Operating Margin": {"2020-09-30": "13.09230", "2020-06-30": "-14.76210", "2020-03-31": "-20.98280", "2019-12-31": "6.49270", "2019-09-30": "13.34340", "2019-06-30": "18.12550", "2019-03-31": "15.56030", "2018-12-31": "3.22960", "2018-09-30": "17.30600", "2018-06-30": "17.38920", "2018-03-31": "16.32160", "2017-12-31": "14.41010", "2017-09-30": "-45.53700", "2017-06-30": "15.73360", "2017-03-31": "10.34380", "2016-12-31": "10.44390", "2016-09-30": "12.94450", "2016-06-30": "13.28080", "2016-03-31": "14.66160", "2015-12-31": "9.63840", "2015-09-30": "10.82250", "2015-06-30": "9.06390", "2015-03-31": "19.19920", "2014-12-31": "100.00000", "2014-09-30": "19.60200", "2014-06-30": "18.05530", "2014-03-31": "100.00000", "2013-12-31": ""}, "EBIT Margin": {"2020-09-30": "13.09230", "2020-06-30": "-14.76210", "2020-03-31": "-20.98280", "2019-12-31": "6.49270", "2019-09-30": "13.34340", "2019-06-30": "18.12550", "2019-03-31": "15.56030", "2018-12-31": "3.22960", "2018-09-30": "17.30600", "2018-06-30": "17.38920", "2018-03-31": "16.32160", "2017-12-31": "14.41010", "2017-09-30": "-45.53700", "2017-06-30": "15.73360", "2017-03-31": "10.34380", "2016-12-31": "10.44390", "2016-09-30": "12.94450", "2016-06-30": "13.28080", "2016-03-31": "14.66160", "2015-12-31": "9.63840", "2015-09-30": "10.82250", "2015-06-30": "9.06390", "2015-03-31": "19.19920", "2014-12-31": "100.00000", "2014-09-30": "19.60200", "2014-06-30": "18.05530", "2014-03-31": "100.00000", "2013-12-31": ""}, "EBITDA Margin": {"2020-09-30": "", "2020-06-30": "", "2020-03-31": "", "2019-12-31": "", "2019-09-30": "", "2019-06-30": "", "2019-03-31": "", "2018-12-31": "", "2018-09-30": "", "2018-06-30": "", "2018-03-31": "", "2017-12-31": "", "2017-09-30": "", "2017-06-30": "", "2017-03-31": "", "2016-12-31": "", "2016-09-30": "", "2016-06-30": "", "2016-03-31": "", "2015-12-31": "", "2015-09-30": "", "2015-06-30": "", "2015-03-31": "", "2014-12-31": "", "2014-09-30": "", "2014-06-30": "", "2014-03-31": "", "2013-12-31": ""}, "Pre-Tax Profit Margin": {"2020-09-30": "-13.13840", "2020-06-30": "-46.03460", "2020-03-31": "-24.56590", "2019-12-31": "-10.03660", "2019-09-30": "15.18240", "2019-06-30": "8.28740", "2019-03-31": "11.63290", "2018-12-31": "-3.13700", "2018-09-30": "8.68080", "2018-06-30": "20.57920", "2018-03-31": "-0.33130", "2017-12-31": "1.67780", "2017-09-30": "-65.03690", "2017-06-30": "-13.78840", "2017-03-31": "-3.22080", "2016-12-31": "18.46520", "2016-09-30": "2.46660", "2016-06-30": "11.15060", "2016-03-31": "-7.42120", "2015-12-31": "7.76750", "2015-09-30": "1.85860", "2015-06-30": "-7.90530", "2015-03-31": "-5.26380", "2014-12-31": "100.00000", "2014-09-30": "11.46220", "2014-06-30": "11.54710", "2014-03-31": "100.00000", "2013-12-31": ""}, "Net Profit Margin": {"2020-09-30": "-13.04010", "2020-06-30": "-43.86240", "2020-03-31": "-26.40810", "2019-12-31": "-13.37960", "2019-09-30": "8.98010", "2019-06-30": "0.39340", "2019-03-31": "3.51590", "2018-12-31": "-8.05600", "2018-09-30": "1.92930", "2018-06-30": "13.43180", "2018-03-31": "-8.54600", "2017-12-31": "5.92490", "2017-09-30": "-65.80520", "2017-06-30": "-23.77200", "2017-03-31": "-4.75370", "2016-12-31": "17.65930", "2016-09-30": "-0.15040", "2016-06-30": "5.65520", "2016-03-31": "-7.23910", "2015-12-31": "5.38490", "2015-09-30": "0.59360", "2015-06-30": "-9.17300", "2015-03-31": "-4.63510", "2014-12-31": "-15.83640", "2014-09-30": "8.12050", "2014-06-30": "5.83660", "2014-03-31": "9.60370", "2013-12-31": ""}, "Asset Turnover": {"2020-09-30": "0.07560", "2020-06-30": "0.04720", "2020-03-31": "0.06950", "2019-12-31": "0.09190", "2019-09-30": "", "2019-06-30": "0.08920", "2019-03-31": "0.08270", "2018-12-31": "0.09280", "2018-09-30": "0.08270", "2018-06-30": "0.08390", "2018-03-31": "0.08210", "2017-12-31": "0.08880", "2017-09-30": "0.09080", "2017-06-30": "0.08570", "2017-03-31": "0.07720", "2016-12-31": "0.08770", "2016-09-30": "0.08270", "2016-06-30": "0.08340", "2016-03-31": "0.08580", "2015-12-31": "0.09030", "2015-09-30": "0.07600", "2015-06-30": "0.07860", "2015-03-31": "", "2014-12-31": "0.11270", "2014-09-30": "", "2014-06-30": "", "2014-03-31": "", "2013-12-31": ""}, "Inventory Turnover Ratio": {"2020-09-30": "3.39830", "2020-06-30": "2.79660", "2020-03-31": "3.36850", "2019-12-31": "4.76490", "2019-09-30": "", "2019-06-30": "2.85150", "2019-03-31": "2.35930", "2018-12-31": "2.81600", "2018-09-30": "2.08490", "2018-06-30": "2.24860", "2018-03-31": "2.25080", "2017-12-31": "2.70130", "2017-09-30": "2.09110", "2017-06-30": "1.98550", "2017-03-31": "2.04570", "2016-12-31": "2.36230", "2016-09-30": "2.34860", "2016-06-30": "2.75430", "2016-03-31": "2.81000", "2015-12-31": "3.16440", "2015-09-30": "2.43160", "2015-06-30": "2.74970", "2015-03-31": "", "2014-12-31": "", "2014-09-30": "", "2014-06-30": "", "2014-03-31": "", "2013-12-31": ""}, "Receiveable Turnover": {"2020-09-30": "1.18470", "2020-06-30": "0.74100", "2020-03-31": "1.49070", "2019-12-31": "1.24580", "2019-09-30": "", "2019-06-30": "1.24160", "2019-03-31": "1.18020", "2018-12-31": "1.33410", "2018-09-30": "1.32540", "2018-06-30": "1.30770", "2018-03-31": "1.16410", "2017-12-31": "1.30390", "2017-09-30": "1.25130", "2017-06-30": "1.44150", "2017-03-31": "1.36480", "2016-12-31": "1.35370", "2016-09-30": "1.38120", "2016-06-30": "1.33670", "2016-03-31": "1.26680", "2015-12-31": "1.37170", "2015-09-30": "1.18080", "2015-06-30": "1.12800", "2015-03-31": "", "2014-12-31": "1.02150", "2014-09-30": "", "2014-06-30": "", "2014-03-31": "", "2013-12-31": ""}, "Days Sales In Receivables": {"2020-09-30": "75.96590", "2020-06-30": "121.46440", "2020-03-31": "60.37320", "2019-12-31": "72.24520", "2019-09-30": "", "2019-06-30": "72.48810", "2019-03-31": "76.26040", "2018-12-31": "67.46350", "2018-09-30": "67.90410", "2018-06-30": "68.82050", "2018-03-31": "77.31370", "2017-12-31": "69.02290", "2017-09-30": "71.92270", "2017-06-30": "62.43530", "2017-03-31": "65.94200", "2016-12-31": "66.48620", "2016-09-30": "65.15890", "2016-06-30": "67.32860", "2016-03-31": "71.04760", "2015-12-31": "65.61340", "2015-09-30": "76.21660", "2015-06-30": "79.78590", "2015-03-31": "", "2014-12-31": "88.10470", "2014-09-30": "", "2014-06-30": "", "2014-03-31": "", "2013-12-31": ""}, "ROE - Return On Equity": {"2020-09-30": "-5.94750", "2020-06-30": "-15.72590", "2020-03-31": "-11.10330", "2019-12-31": "-5.56890", "2019-09-30": "", "2019-06-30": "1.49600", "2019-03-31": "3.06650", "2018-12-31": "-2.54570", "2018-09-30": "", "2018-06-30": "7.18630", "2018-03-31": "-2.78120", "2017-12-31": "4.49800", "2017-09-30": "", "2017-06-30": "", "2017-03-31": "", "2016-12-31": "7.27890", "2016-09-30": "", "2016-06-30": "", "2016-03-31": "", "2015-12-31": "2.46670", "2015-09-30": "", "2015-06-30": "", "2015-03-31": "", "2014-12-31": "-5.10950", "2014-09-30": "", "2014-06-30": "", "2014-03-31": "", "2013-12-31": ""}, "Return On Tangible Equity": {"2020-09-30": "1.99070", "2020-06-30": "5.55490", "2020-03-31": "4.88120", "2019-12-31": "2.88150", "2019-09-30": "", "2019-06-30": "-0.79460", "2019-03-31": "-1.63130", "2018-12-31": "1.43760", "2018-09-30": "-1.06430", "2018-06-30": "-3.80000", "2018-03-31": "1.14350", "2017-12-31": "-1.87730", "2017-09-30": "14.35130", "2017-06-30": "4.70670", "2017-03-31": "0.44800", "2016-12-31": "-3.98430", "2016-09-30": "-0.28610", "2016-06-30": "-1.26720", "2016-03-31": "1.27250", "2015-12-31": "-1.22110", "2015-09-30": "-0.11020", "2015-06-30": "1.34570", "2015-03-31": "", "2014-12-31": "8.37910", "2014-09-30": "", "2014-06-30": "", "2014-03-31": "", "2013-12-31": ""}, "ROA - Return On Assets": {"2020-09-30": "-0.78770", "2020-06-30": "-2.09100", "2020-03-31": "-1.73150", "2019-12-31": "-1.01420", "2019-09-30": "", "2019-06-30": "0.28180", "2019-03-31": "0.58130", "2018-12-31": "-0.51330", "2018-09-30": "0.38620", "2018-06-30": "1.36280", "2018-03-31": "-0.43870", "2017-12-31": "0.69870", "2017-09-30": "-5.75900", "2017-06-30": "-1.77210", "2017-03-31": "-0.17940", "2016-12-31": "1.65570", "2016-09-30": "0.12030", "2016-06-30": "0.53800", "2016-03-31": "-0.57900", "2015-12-31": "0.54940", "2015-09-30": "0.05670", "2015-06-30": "-0.69330", "2015-03-31": "", "2014-12-31": "-1.78550", "2014-09-30": "", "2014-06-30": "", "2014-03-31": "", "2013-12-31": ""}, "ROI - Return On Investment": {"2020-09-30": "-1.07250", "2020-06-30": "-2.82360", "2020-03-31": "-2.28510", "2019-12-31": "-1.37220", "2019-09-30": "", "2019-06-30": "0.39950", "2019-03-31": "0.86740", "2018-12-31": "-0.65290", "2018-09-30": "0.50480", "2018-06-30": "1.80970", "2018-03-31": "-0.62210", "2017-12-31": "1.04540", "2017-09-30": "-7.98980", "2017-06-30": "-2.43420", "2017-03-31": "-0.24500", "2016-12-31": "2.20890", "2016-09-30": "0.15720", "2016-06-30": "0.71290", "2016-03-31": "-0.75040", "2015-12-31": "0.70970", "2015-09-30": "0.07310", "2015-06-30": "-0.89870", "2015-03-31": "", "2014-12-31": "-2.98430", "2014-09-30": "", "2014-06-30": "", "2014-03-31": "", "2013-12-31": ""}, "Book Value Per Share": {"2020-09-30": "8.39940", "2020-06-30": "8.75800", "2020-03-31": "10.31320", "2019-12-31": "12.15540", "2019-09-30": "", "2019-06-30": "12.74800", "2019-03-31": "12.85420", "2018-12-31": "13.47590", "2018-09-30": "", "2018-06-30": "13.30200", "2018-03-31": "11.39330", "2017-12-31": "11.57520", "2017-09-30": "", "2017-06-30": "", "2017-03-31": "", "2016-12-31": "16.93480", "2016-09-30": "", "2016-06-30": "", "2016-03-31": "", "2015-12-31": "16.81020", "2015-09-30": "", "2015-06-30": "", "2015-03-31": "", "2014-12-31": "17.05930", "2014-09-30": "", "2014-06-30": "", "2014-03-31": "", "2013-12-31": ""}, "Operating Cash Flow Per Share": {"2020-09-30": 1.3914, "2020-06-30": 0.8185, "2020-03-31": "0.76930", "2019-12-31": 1.4925, "2019-09-30": 0.9615, "2019-06-30": 2.1786, "2019-03-31": "0.71610", "2018-12-31": -1.0749, "2018-09-30": 0.6326, "2018-06-30": 0.2083, "2018-03-31": "0.37920", "2017-12-31": 1.3151, "2017-09-30": 0.3546, "2017-06-30": 0.1463, "2017-03-31": "1.44980", "2016-12-31": -1.6825, "2016-09-30": 0.4751, "2016-06-30": 1.573, "2016-03-31": "1.02570", "2015-12-31": 1.741, "2015-09-30": 1.2432, "2015-06-30": 0.7902, "2015-03-31": "0.31090", "2014-12-31": 2.1146, "2014-09-30": 1.2945, "2014-06-30": 2.7498, "2014-03-31": "", "2013-12-31": 0}, "Free Cash Flow Per Share": {"2020-09-30": 1.0775, "2020-06-30": 0.52, "2020-03-31": "0.31080", "2019-12-31": 1.0705, "2019-09-30": 0.6373, "2019-06-30": 1.9415, "2019-03-31": "0.14320", "2018-12-31": -1.8009, "2018-09-30": 0.0775, "2018-06-30": -0.3791, "2018-03-31": "-0.27000", "2017-12-31": 0.5902, "2017-09-30": -0.5083, "2017-06-30": -0.8228, "2017-03-31": "1.39480", "2016-12-31": -1.8807, "2016-09-30": -0.2434, "2016-06-30": 1.0535, "2016-03-31": "0.70060", "2015-12-31": 2.1664, "2015-09-30": 0.7348, "2015-06-30": 0.3924, "2015-03-31": "-0.10260", "2014-12-31": 1.5532, "2014-09-30": 0.8826, "2014-06-30": 1.7942, "2014-03-31": "", "2013-12-31": 0}}, "revenue": {"International Game Technology Annual Revenue (Millions of US $)": {"2019": "$4,786", "2018": "$4,831", "2017": "$4,939", "2016": "$5,154", "2015": "$4,689", "2014": "$3,812", "2013": "$3,830", "2012": "$2,342", "2011": "$2,151", "2010": "$1,957", "2009": "$1,917", "2008": "$2,019", "2007": "$2,499", "2006": "$2,621", "2005": "$2,512"}, "International Game Technology Quarterly Revenue (Millions of US $)": {"2020-09-30": "$982", "2020-06-30": "$637", "2020-03-31": "$940", "2019-12-31": "$1,253", "2019-09-30": "$1,153", "2019-06-30": "$1,234", "2019-03-31": "$1,145", "2018-12-31": "$1,266", "2018-09-30": "$1,156", "2018-06-30": "$1,202", "2018-03-31": "$1,207", "2017-12-31": "$1,346", "2017-09-30": "$1,221", "2017-06-30": "$1,220", "2017-03-31": "$1,153", "2016-12-31": "$1,321", "2016-09-30": "$1,266", "2016-06-30": "$1,285", "2016-03-31": "$1,282", "2015-12-31": "$1,365", "2015-09-30": "$1,202", "2015-06-30": "$1,274", "2015-03-31": "$848", "2014-12-31": "$951", "2014-09-30": "$938", "2014-06-30": "$945", "2014-03-31": "$1,070", "2013-12-31": ""}}, "gross-profit": {"International Game Technology Annual Gross Profit (Millions of US $)": {"2019": "$1,852", "2018": "$1,890", "2017": "$1,806", "2016": "$2,018", "2015": "$1,751", "2014": "$1,298", "2013": "$1,233", "2012": "$1,344", "2011": "$1,238", "2010": "$1,138", "2009": "$1,087", "2008": "$1,114", "2007": "$1,409", "2006": "$1,481", "2005": "$1,372"}, "International Game Technology Quarterly Gross Profit (Millions of US $)": {"2020-09-30": "$359", "2020-06-30": "$154", "2020-03-31": "$327", "2019-12-31": "$482", "2019-09-30": "$441", "2019-06-30": "$479", "2019-03-31": "$449", "2018-12-31": "$470", "2018-09-30": "$462", "2018-06-30": "$472", "2018-03-31": "$486", "2017-12-31": "$482", "2017-09-30": "$446", "2017-06-30": "$464", "2017-03-31": "$414", "2016-12-31": "$500", "2016-09-30": "$504", "2016-06-30": "$503", "2016-03-31": "$511", "2015-12-31": "$511", "2015-09-30": "$454", "2015-06-30": "$480", "2015-03-31": "$306", "2014-12-31": "$951", "2014-09-30": "$319", "2014-06-30": "$304", "2014-03-31": "$1,070", "2013-12-31": ""}}, "operating-income": {"International Game Technology Annual Operating Income (Millions of US $)": {"2019": "$637", "2018": "$647", "2017": "$-51", "2016": "$660", "2015": "$540", "2014": "$715", "2013": "$684", "2012": "$729", "2011": "$639", "2010": "$700", "2009": "$614", "2008": "$526", "2007": "$886", "2006": "$1,003", "2005": "$914"}, "International Game Technology Quarterly Operating Income (Millions of US $)": {"2020-09-30": "$129", "2020-06-30": "$-94", "2020-03-31": "$-197", "2019-12-31": "$81", "2019-09-30": "$154", "2019-06-30": "$224", "2019-03-31": "$178", "2018-12-31": "$41", "2018-09-30": "$200", "2018-06-30": "$209", "2018-03-31": "$197", "2017-12-31": "$194", "2017-09-30": "$-556", "2017-06-30": "$192", "2017-03-31": "$119", "2016-12-31": "$138", "2016-09-30": "$164", "2016-06-30": "$171", "2016-03-31": "$188", "2015-12-31": "$132", "2015-09-30": "$130", "2015-06-30": "$116", "2015-03-31": "$163", "2014-12-31": "$951", "2014-09-30": "$184", "2014-06-30": "$171", "2014-03-31": "$1,070", "2013-12-31": ""}}, "ebitda": {"International Game Technology Annual EBITDA (Millions of US $)": {"2019": "$1,579", "2018": "$1,592", "2017": "$984", "2016": "$1,678", "2015": "$1,468", "2014": "$1,362", "2013": "$1,283", "2012": "$729", "2011": "$639", "2010": "$700", "2009": "$614", "2008": "$526", "2007": "$886", "2006": "$1,003", "2005": "$914"}, "International Game Technology Quarterly EBITDA (Millions of US $)": {"2020-09-30": "$652", "2020-06-30": "$128", "2020-03-31": "$27", "2019-12-31": "$329", "2019-09-30": "$386", "2019-06-30": "$454", "2019-03-31": "$410", "2018-12-31": "$288", "2018-09-30": "$436", "2018-06-30": "$441", "2018-03-31": "$426", "2017-12-31": "$450", "2017-09-30": "$-293", "2017-06-30": "$445", "2017-03-31": "$381", "2016-12-31": "$386", "2016-09-30": "$417", "2016-06-30": "$431", "2016-03-31": "$444", "2015-12-31": "$397", "2015-09-30": "$388", "2015-06-30": "$361", "2015-03-31": "$322", "2014-12-31": "$1,124", "2014-09-30": "$184", "2014-06-30": "$171", "2014-03-31": "$1,070", "2013-12-31": ""}}, "net-income": {"International Game Technology Annual Net Income (Millions of US $)": {"2019": "$-19", "2018": "$-21", "2017": "$-1,069", "2016": "$211", "2015": "$-76", "2014": "$86", "2013": "$202", "2012": "$273", "2011": "$246", "2010": "$284", "2009": "$186", "2008": "$127", "2007": "$328", "2006": "$508", "2005": "$474"}, "International Game Technology Quarterly Net Income (Millions of US $)": {"2020-09-30": "$-128", "2020-06-30": "$-280", "2020-03-31": "$-248", "2019-12-31": "$-168", "2019-09-30": "$104", "2019-06-30": "$5", "2019-03-31": "$40", "2018-12-31": "$-102", "2018-09-30": "$22", "2018-06-30": "$161", "2018-03-31": "$-103", "2017-12-31": "$80", "2017-09-30": "$-804", "2017-06-30": "$-290", "2017-03-31": "$-55", "2016-12-31": "$233", "2016-09-30": "$-2", "2016-06-30": "$73", "2016-03-31": "$-93", "2015-12-31": "$74", "2015-09-30": "$7", "2015-06-30": "$-117", "2015-03-31": "$-39", "2014-12-31": "$-151", "2014-09-30": "$76", "2014-06-30": "$55", "2014-03-31": "$103", "2013-12-31": ""}}, "eps-earnings-per-share-diluted": {"International Game Technology Annual EPS": {"2019": "$-0.09", "2018": "$-0.10", "2017": "$-5.26", "2016": "$1.05", "2015": "$-0.39", "2014": "$0.49", "2013": "$1.16", "2012": "$0.00", "2011": "$0.00", "2010": "$0.00", "2009": "$0.00", "2008": "$0.00", "2007": "$0.00", "2006": "$0.00", "2005": "$0.00"}, "International Game Technology Quarterly EPS": {"2020-09-30": "$-0.62", "2020-06-30": "$-1.37", "2020-03-31": "$-1.21", "2019-12-31": "$-0.82", "2019-09-30": "$0.51", "2019-06-30": "$0.02", "2019-03-31": "$0.20", "2018-12-31": "$-0.49", "2018-09-30": "$0.11", "2018-06-30": "$0.79", "2018-03-31": "$-0.51", "2017-12-31": "$0.39", "2017-09-30": "$-3.95", "2017-06-30": "$-1.43", "2017-03-31": "$-0.27", "2016-12-31": "$1.16", "2016-09-30": "$-0.01", "2016-06-30": "$0.36", "2016-03-31": "$-0.46", "2015-12-31": "$0.39", "2015-09-30": "$0.04", "2015-06-30": "$-0.59", "2015-03-31": "$-0.23", "2014-12-31": "$-0.87", "2014-09-30": "$0.44", "2014-06-30": "$0.32", "2014-03-31": "$0.59", "2013-12-31": "$0.00"}}, "shares-outstanding": {"International Game Technology Annual Shares Outstanding (Millions of Shares)": {"2019": "204", "2018": "204", "2017": "203", "2016": "202", "2015": "192", "2014": "174", "2013": "174", "2012": "", "2011": "", "2010": "", "2009": "", "2008": "", "2007": "", "2006": "", "2005": ""}, "International Game Technology Quarterly Shares Outstanding (Millions of Shares)": {"2020-09-30": "205", "2020-06-30": "205", "2020-03-31": "204", "2019-12-31": "204", "2019-09-30": "205", "2019-06-30": "204", "2019-03-31": "205", "2018-12-31": "204", "2018-09-30": "204", "2018-06-30": "205", "2018-03-31": "204", "2017-12-31": "203", "2017-09-30": "203", "2017-06-30": "203", "2017-03-31": "202", "2016-12-31": "202", "2016-09-30": "202", "2016-06-30": "202", "2016-03-31": "200", "2015-12-31": "192", "2015-09-30": "201", "2015-06-30": "197", "2015-03-31": "173", "2014-12-31": "173", "2014-09-30": "174", "2014-06-30": "175", "2014-03-31": "174", "2013-12-31": ""}}, "total-assets": {"International Game Technology Annual Total Assets (Millions of US $)": {"2019": "$13,645", "2018": "$13,649", "2017": "$15,159", "2016": "$15,060", "2015": "$15,115", "2014": "$8,435", "2013": "$3,990", "2012": "$4,613", "2011": "$4,285", "2010": "$4,154", "2009": "$4,007", "2008": "$4,328", "2007": "$4,557", "2006": "$4,168", "2005": "$3,903"}, "International Game Technology Quarterly Total Assets (Millions of US $)": {"2020-09-30": "$12,991", "2020-06-30": "$13,493", "2020-03-31": "$13,520", "2019-12-31": "$13,645", "2019-09-30": "$0", "2019-06-30": "$13,837", "2019-03-31": "$13,848", "2018-12-31": "$13,649", "2018-09-30": "$13,983", "2018-06-30": "$14,323", "2018-03-31": "$14,705", "2017-12-31": "$15,159", "2017-09-30": "$13,447", "2017-06-30": "$14,233", "2017-03-31": "$14,931", "2016-12-31": "$15,060", "2016-09-30": "$15,295", "2016-06-30": "$15,409", "2016-03-31": "$14,930", "2015-12-31": "$15,115", "2015-09-30": "$15,818", "2015-06-30": "$16,203", "2015-03-31": "$0", "2014-12-31": "$8,435", "2014-09-30": "$0", "2014-06-30": "$0", "2014-03-31": "$0", "2013-12-31": "$3,990"}}, "cash-on-hand": {"International Game Technology Annual Cash on Hand (Millions of US $)": {"2019": "$894", "2018": "$512", "2017": "$1,305", "2016": "$541", "2015": "$797", "2014": "$425", "2013": "$367", "2012": "$866", "2011": "$348", "2010": "$615", "2009": "$314", "2008": "$315", "2007": "$442", "2006": "$467", "2005": "$636"}, "International Game Technology Quarterly Cash on Hand (Millions of US $)": {"2020-09-30": "$1,140", "2020-06-30": "$1,530", "2020-03-31": "$1,618", "2019-12-31": "$894", "2019-09-30": "", "2019-06-30": "$657", "2019-03-31": "$536", "2018-12-31": "$512", "2018-09-30": "$703", "2018-06-30": "$867", "2018-03-31": "$816", "2017-12-31": "$1,305", "2017-09-30": "$537", "2017-06-30": "$725", "2017-03-31": "$726", "2016-12-31": "$541", "2016-09-30": "$485", "2016-06-30": "$528", "2016-03-31": "$672", "2015-12-31": "$797", "2015-09-30": "$712", "2015-06-30": "$709", "2015-03-31": "", "2014-12-31": "$425", "2014-09-30": "", "2014-06-30": "", "2014-03-31": "", "2013-12-31": "$367"}}, "long-term-debt": {"International Game Technology Annual Long Term Debt (Millions of US $)": {"2019": "$7,600", "2018": "$7,977", "2017": "$7,777", "2016": "$7,863", "2015": "$8,334", "2014": "$2,099", "2013": "$1,879", "2012": "$1,366", "2011": "$1,846", "2010": "$1,646", "2009": "$1,674", "2008": "$2,015", "2007": "$2,247", "2006": "$1,503", "2005": "$200"}, "International Game Technology Quarterly Long Term Debt (Millions of US $)": {"2020-09-30": "$7,822", "2020-06-30": "$8,198", "2020-03-31": "$8,136", "2019-12-31": "$7,600", "2019-09-30": "", "2019-06-30": "$7,153", "2019-03-31": "$6,655", "2018-12-31": "$7,977", "2018-09-30": "$7,988", "2018-06-30": "$8,070", "2018-03-31": "$8,050", "2017-12-31": "$7,777", "2017-09-30": "$7,047", "2017-06-30": "$6,926", "2017-03-31": "$7,331", "2016-12-31": "$7,863", "2016-09-30": "$8,287", "2016-06-30": "$8,220", "2016-03-31": "$8,228", "2015-12-31": "$8,334", "2015-09-30": "$8,748", "2015-06-30": "$8,939", "2015-03-31": "", "2014-12-31": "$2,099", "2014-09-30": "", "2014-06-30": "", "2014-03-31": "", "2013-12-31": "$1,879"}}, "total-liabilities": {"International Game Technology Annual Total Liabilities (Millions of US $)": {"2019": "$11,160", "2018": "$10,897", "2017": "$12,804", "2016": "$11,635", "2015": "$11,749", "2014": "$5,488", "2013": "$2,792", "2012": "$3,359", "2011": "$3,087", "2010": "$2,710", "2009": "$2,773", "2008": "$3,265", "2007": "$3,648", "2006": "$2,715", "2005": "$1,861"}, "International Game Technology Quarterly Total Liabilities (Millions of US $)": {"2020-09-30": "$11,271", "2020-06-30": "$11,699", "2020-03-31": "$11,412", "2019-12-31": "$11,160", "2019-09-30": "", "2019-06-30": "$11,231", "2019-03-31": "$11,223", "2018-12-31": "$10,897", "2018-09-30": "$11,272", "2018-06-30": "$11,607", "2018-03-31": "$12,386", "2017-12-31": "$12,804", "2017-09-30": "$10,801", "2017-06-30": "$10,798", "2017-03-31": "$11,328", "2016-12-31": "$11,635", "2016-09-30": "$11,874", "2016-06-30": "$12,000", "2016-03-31": "$11,639", "2015-12-31": "$11,749", "2015-09-30": "$12,299", "2015-06-30": "$12,643", "2015-03-31": "$0", "2014-12-31": "$5,488", "2014-09-30": "$0", "2014-06-30": "$0", "2014-03-31": "", "2013-12-31": "$2,792"}}, "total-share-holder-equity": {"International Game Technology Annual Share Holder Equity (Millions of US $)": {"2019": "$2,485", "2018": "$2,752", "2017": "$2,355", "2016": "$3,426", "2015": "$3,366", "2014": "$2,948", "2013": "$1,198", "2012": "$1,254", "2011": "$1,198", "2010": "$1,445", "2009": "$1,234", "2008": "$1,064", "2007": "$909", "2006": "$1,453", "2005": "$2,042"}, "International Game Technology Quarterly Share Holder Equity (Millions of US $)": {"2020-09-30": "$1,721", "2020-06-30": "$1,794", "2020-03-31": "$2,108", "2019-12-31": "$2,485", "2019-09-30": "", "2019-06-30": "$2,606", "2019-03-31": "$2,625", "2018-12-31": "$2,752", "2018-09-30": "$2,711", "2018-06-30": "$2,716", "2018-03-31": "$2,319", "2017-12-31": "$2,355", "2017-09-30": "$2,646", "2017-06-30": "$3,436", "2017-03-31": "$3,603", "2016-12-31": "$3,426", "2016-09-30": "$3,421", "2016-06-30": "$3,409", "2016-03-31": "$3,292", "2015-12-31": "$3,366", "2015-09-30": "$3,520", "2015-06-30": "$3,560", "2015-03-31": "$0", "2014-12-31": "$2,948", "2014-09-30": "$0", "2014-06-30": "$0", "2014-03-31": "", "2013-12-31": "$1,198"}}, "profit-margins": {"current": "-21.6%"}, "gross margin": {"2020-09-30": "34.68%", "2020-06-30": "35.25%", "2020-03-31": "37.75%", "2019-12-31": "38.68%", "2019-09-30": "38.33%", "2019-06-30": "38.74%", "2019-03-31": "38.86%", "2018-12-31": "39.12%", "2018-09-30": "38.73%", "2018-06-30": "37.90%", "2018-03-31": "37.61%", "2017-12-31": "36.56%", "2017-09-30": "37.11%", "2017-06-30": "37.94%", "2017-03-31": "38.23%", "2016-12-31": "39.15%", "2016-09-30": "39.03%", "2016-06-30": "38.55%", "2016-03-31": "38.18%", "2015-12-31": "37.34%", "2015-09-30": "51.25%", "2015-06-30": "51.26%", "2015-03-31": "51.06%", "2014-12-31": "67.73%"}, "operating margin": {"2020-09-30": "-2.12%", "2020-06-30": "-1.41%", "2020-03-31": "5.72%", "2019-12-31": "13.31%", "2019-09-30": "12.44%", "2019-06-30": "13.39%", "2019-03-31": "13.17%", "2018-12-31": "13.39%", "2018-09-30": "16.29%", "2018-06-30": "0.88%", "2018-03-31": "0.54%", "2017-12-31": "-1.03%", "2017-09-30": "-2.18%", "2017-06-30": "12.36%", "2017-03-31": "11.78%", "2016-12-31": "12.82%", "2016-09-30": "12.60%", "2016-06-30": "12.10%", "2016-03-31": "11.05%", "2015-12-31": "11.54%", "2015-09-30": "31.81%", "2015-06-30": "35.25%", "2015-03-31": "39.90%", "2014-12-31": "60.86%"}, "ebitda margin": {"2020-09-30": "29.80%", "2020-06-30": "21.84%", "2020-03-31": "26.11%", "2019-12-31": "33.00%", "2019-09-30": "32.06%", "2019-06-30": "33.08%", "2019-03-31": "33.03%", "2018-12-31": "32.93%", "2018-09-30": "35.70%", "2018-06-30": "20.58%", "2018-03-31": "20.58%", "2017-12-31": "19.90%", "2017-09-30": "18.70%", "2017-06-30": "32.84%", "2017-03-31": "32.14%", "2016-12-31": "32.56%", "2016-09-30": "32.49%", "2016-06-30": "32.33%", "2016-03-31": "31.04%", "2015-12-31": "31.31%", "2015-09-30": "51.35%", "2015-06-30": "49.64%", "2015-03-31": "48.91%", "2014-12-31": "65.29%"}, "pre tax profit margin": {"2020-09-30": "-20.44%", "2020-06-30": "-11.93%", "2020-03-31": "-1.75%", "2019-12-31": "5.94%", "2019-09-30": "7.71%", "2019-06-30": "6.14%", "2019-03-31": "9.23%", "2018-12-31": "6.27%", "2018-09-30": "7.45%", "2018-06-30": "-10.61%", "2018-03-31": "-18.88%", "2017-12-31": "-19.76%", "2017-09-30": "-15.36%", "2017-06-30": "1.41%", "2017-03-31": "7.58%", "2016-12-31": "6.27%", "2016-09-30": "3.56%", "2016-06-30": "3.43%", "2016-03-31": "-1.33%", "2015-12-31": "-0.38%", "2015-09-30": "19.35%", "2015-06-30": "22.76%", "2015-03-31": "30.50%", "2014-12-31": "57.33%"}, "net profit margin": {"2020-09-30": "-21.62%", "2020-06-30": "-14.86%", "2020-03-31": "-6.70%", "2019-12-31": "-0.40%", "2019-09-30": "0.98%", "2019-06-30": "-0.73%", "2019-03-31": "2.54%", "2018-12-31": "-0.46%", "2018-09-30": "3.26%", "2018-06-30": "-13.38%", "2018-03-31": "-22.37%", "2017-12-31": "-21.64%", "2017-09-30": "-18.64%", "2017-06-30": "-2.30%", "2017-03-31": "4.96%", "2016-12-31": "4.09%", "2016-09-30": "1.00%", "2016-06-30": "1.19%", "2016-03-31": "-2.52%", "2015-12-31": "-1.60%", "2015-09-30": "-7.02%", "2015-06-30": "-5.76%", "2015-03-31": "-1.60%", "2014-12-31": "2.13%"}, "pe ratio": {"current": "297.17", "2021-02-05": "0.00", "2020-09-30": "0.00", "2020-06-30": "0.00", "2020-03-31": "0.00", "2019-12-31": "0.00", "2019-09-30": "58.76", "2019-06-30": "0.00", "2019-03-31": "19.94", "2018-12-31": "0.00", "2018-09-30": "22.67", "2018-06-30": "0.00", "2018-03-31": "0.00", "2017-12-31": "0.00", "2017-09-30": "0.00", "2017-06-30": "0.00", "2017-03-31": "16.37", "2016-12-31": "20.67", "2016-09-30": "78.34", "2016-06-30": "50.04", "2016-03-31": "0.00", "2015-12-31": "0.00", "2015-09-30": "0.00", "2015-06-30": "0.00", "2015-03-31": "0.00", "2014-12-31": "28.39", "2014-09-30": "9.87"}, "price sales": {"2021-02-05": "0.96", "2020-09-30": "0.60", "2020-06-30": "0.46", "2020-03-31": "0.27", "2019-12-31": "0.62", "2019-09-30": "0.58", "2019-06-30": "0.52", "2019-03-31": "0.51", "2018-12-31": "0.56", "2018-09-30": "0.73", "2018-06-30": "0.84", "2018-03-31": "0.96", "2017-12-31": "0.95", "2017-09-30": "0.88", "2017-06-30": "0.64", "2017-03-31": "0.81", "2016-12-31": "0.84", "2016-09-30": "0.78", "2016-06-30": "0.60", "2016-03-31": "0.58", "2015-12-31": "0.54", "2015-09-30": "0.54", "2015-06-30": "0.63", "2015-03-31": "0.65", "2014-12-31": "0.61", "2014-09-30": "0.79"}, "price book": {"current": "2.12", "2021-02-05": "2.12", "2020-09-30": "1.33", "2020-06-30": "1.02", "2020-03-31": "0.58", "2019-12-31": "1.19", "2019-09-30": "0.00", "2019-06-30": "0.95", "2019-03-31": "0.93", "2018-12-31": "0.98", "2018-09-30": "0.00", "2018-06-30": "1.55", "2018-03-31": "2.06", "2017-12-31": "2.00", "2017-09-30": "0.00", "2017-06-30": "0.00", "2017-03-31": "0.00", "2016-12-31": "1.27", "2016-09-30": "0.00", "2016-06-30": "0.00", "2016-03-31": "0.00", "2015-12-31": "0.78", "2015-09-30": "0.00", "2015-06-30": "0.00", "2015-03-31": "0.00", "2014-12-31": "0.80", "2014-09-30": "0.00", "2014-06-30": "0.00", "2014-03-31": "0.00", "2013-12-31": "0.00"}, "price fcf": {"2021-02-05": "", "2020-09-30": "$2.98", "2020-06-30": "$2.54", "2020-03-31": "$3.96", "2019-12-31": "$3.79", "2019-09-30": "$0.92", "2019-06-30": "$0.36", "2019-03-31": "$-1.96", "2018-12-31": "$-2.37", "2018-09-30": "$0.02", "2018-06-30": "$-0.57", "2018-03-31": "$-1.01", "2017-12-31": "$0.65", "2017-09-30": "$-1.82", "2017-06-30": "$-1.55", "2017-03-31": "$0.32", "2016-12-31": "$-0.37", "2016-09-30": "$3.68", "2016-06-30": "$4.66", "2016-03-31": "$3.99", "2015-12-31": "$3.19", "2015-09-30": "$2.58", "2015-06-30": "$2.73", "2015-03-31": "$4.13", "2014-12-31": "$4.23", "2014-09-30": "$2.68"}, "net worth": {"value": "$0B"}, "current ratio": {"2020-09-30": "1.08", "2020-06-30": "1.27", "2020-03-31": "1.37", "2019-12-31": "1.07", "2019-09-30": "0.00", "2019-06-30": "0.83", "2019-03-31": "0.69", "2018-12-31": "1.14", "2018-09-30": "1.03", "2018-06-30": "1.01", "2018-03-31": "0.89", "2017-12-31": "0.83", "2017-09-30": "0.84", "2017-06-30": "0.85", "2017-03-31": "0.84", "2016-12-31": "0.98", "2016-09-30": "0.94", "2016-06-30": "0.90", "2016-03-31": "1.15", "2015-12-31": "1.24", "2015-09-30": "1.36", "2015-06-30": "1.36", "2015-03-31": "0.00", "2014-12-31": "0.59", "2014-09-30": "0.00", "2014-06-30": "0.00", "2014-03-31": "0.00", "2013-12-31": "2.24"}, "quick ratio": {"2020-09-30": "1.01", "2020-06-30": "1.20", "2020-03-31": "1.28", "2019-12-31": "1.00", "2019-09-30": "0.00", "2019-06-30": "0.74", "2019-03-31": "0.60", "2018-12-31": "1.00", "2018-09-30": "0.88", "2018-06-30": "0.88", "2018-03-31": "0.78", "2017-12-31": "0.75", "2017-09-30": "0.70", "2017-06-30": "0.71", "2017-03-31": "0.71", "2016-12-31": "0.83", "2016-09-30": "0.80", "2016-06-30": "0.78", "2016-03-31": "1.02", "2015-12-31": "1.10", "2015-09-30": "1.20", "2015-06-30": "1.21", "2015-03-31": "0.00", "2014-12-31": "0.53", "2014-09-30": "0.00", "2014-06-30": "0.00", "2014-03-31": "0.00", "2013-12-31": "2.11"}, "debt equity ratio": {"current": "4.55", "2020-09-30": "6.55", "2020-06-30": "6.52", "2020-03-31": "5.41", "2019-12-31": "4.49", "2019-09-30": "0.00", "2019-06-30": "4.31", "2019-03-31": "4.28", "2018-12-31": "3.96", "2018-09-30": "4.16", "2018-06-30": "4.27", "2018-03-31": "5.34", "2017-12-31": "5.44", "2017-09-30": "4.08", "2017-06-30": "3.14", "2017-03-31": "3.14", "2016-12-31": "3.40", "2016-09-30": "3.47", "2016-06-30": "3.52", "2016-03-31": "3.54", "2015-12-31": "3.49", "2015-09-30": "3.49", "2015-06-30": "3.55", "2015-03-31": "0.00", "2014-12-31": "1.86", "2014-09-30": "0.00", "2014-06-30": "0.00", "2014-03-31": "0.00", "2013-12-31": "2.33"}, "return on equity": {"2020-09-30": "-40.65%", "2020-06-30": "-37.08%", "2020-03-31": "-17.06%", "2019-12-31": "-0.98%", "2019-09-30": "2.36%", "2019-06-30": "-1.31%", "2019-03-31": "4.48%", "2018-12-31": "-0.84%", "2018-09-30": "6.34%", "2018-06-30": "-26.54%", "2018-03-31": "-41.54%", "2017-12-31": "-35.51%", "2017-09-30": "-27.95%", "2017-06-30": "-3.28%", "2017-03-31": "7.19%", "2016-12-31": "6.23%", "2016-09-30": "1.54%", "2016-06-30": "1.80%", "2016-03-31": "-3.76%", "2015-12-31": "-2.87%", "2015-09-30": "-11.97%", "2015-06-30": "-14.20%", "2015-03-31": "-8.01%", "2014-12-31": "11.26%"}, "return on assets": {"2020-09-30": "-6.14%", "2020-06-30": "-5.82%", "2020-03-31": "-2.99%", "2019-12-31": "-0.18%", "2019-09-30": "0.45%", "2019-06-30": "-0.25%", "2019-03-31": "0.87%", "2018-12-31": "-0.16%", "2018-09-30": "1.10%", "2018-06-30": "-4.62%", "2018-03-31": "-7.76%", "2017-12-31": "-7.40%", "2017-09-30": "-6.35%", "2017-06-30": "-0.77%", "2017-03-31": "1.64%", "2016-12-31": "1.39%", "2016-09-30": "0.34%", "2016-06-30": "0.40%", "2016-03-31": "-0.83%", "2015-12-31": "-0.64%", "2015-09-30": "-2.97%", "2015-06-30": "-3.75%", "2015-03-31": "-2.80%", "2014-12-31": "3.94%"}, "return on investments": {"2020-09-30": "-0.81%", "2020-06-30": "-0.74%", "2020-03-31": "3.48%", "2019-12-31": "8.75%", "2019-09-30": "8.02%", "2019-06-30": "6.36%", "2019-03-31": "6.05%", "2018-12-31": "6.08%", "2018-09-30": "7.62%", "2018-06-30": "0.43%", "2018-03-31": "0.27%", "2017-12-31": "-0.50%", "2017-09-30": "-1.01%", "2017-06-30": "5.54%", "2017-03-31": "5.20%", "2016-12-31": "5.73%", "2016-09-30": "5.63%", "2016-06-30": "5.27%", "2016-03-31": "4.72%", "2015-12-31": "5.93%", "2015-09-30": "18.25%", "2015-06-30": "32.23%", "2015-03-31": "116.43%", "2014-12-31": "188.31%"}, "return on tangible equity": {"2020-09-30": "16.63%", "2020-06-30": "16.13%", "2020-03-31": "8.47%", "2019-12-31": "0.52%", "2019-09-30": "-1.28%", "2019-06-30": "0.71%", "2019-03-31": "-2.42%", "2018-12-31": "0.42%", "2018-09-30": "-2.98%", "2018-06-30": "12.21%", "2018-03-31": "20.27%", "2017-12-31": "19.11%", "2017-09-30": "15.94%", "2017-06-30": "1.90%", "2017-03-31": "-3.95%", "2016-12-31": "-3.24%", "2016-09-30": "-0.78%", "2016-06-30": "-0.86%", "2016-03-31": "1.72%", "2015-12-31": "1.29%", "2015-09-30": "6.56%", "2015-06-30": "9.11%", "2015-03-31": "13.13%", "2014-12-31": "-18.48%"}, "dividend yield history": {"last payout": "$0.20", "last yield": "1.12%"}}