{"ticker": "INTU", "price": {"title": "Intuit Historical Annual Stock Price Data", "value": 389.38, "historical": {"2021": {"Average Stock Price": "374.1096", "Year Open": "371.7000", "Year High": "392.7300", "Year Low": "361.0000", "Year Close": "389.3800", "Annual % Change": "2.51%"}, "2020": {"Average Stock Price": "302.6390", "Year Open": "266.1600", "Year High": "381.1600", "Year Low": "194.7200", "Year Close": "379.8500", "Annual % Change": "45.02%"}, "2019": {"Average Stock Price": "255.7448", "Year Open": "194.4700", "Year High": "292.3100", "Year Low": "188.5200", "Year Close": "261.9300", "Annual % Change": "33.06%"}, "2018": {"Average Stock Price": "195.9345", "Year Open": "158.7200", "Year High": "231.3200", "Year Low": "152.7500", "Year Close": "196.8500", "Annual % Change": "24.76%"}, "2017": {"Average Stock Price": "135.0535", "Year Open": "114.7500", "Year High": "161.1300", "Year Low": "114.7500", "Year Close": "157.7800", "Annual % Change": "37.67%"}, "2016": {"Average Stock Price": "106.3312", "Year Open": "94.3800", "Year High": "118.3900", "Year Low": "90.1300", "Year Close": "114.6100", "Annual % Change": "18.77%"}, "2015": {"Average Stock Price": "97.1985", "Year Open": "91.2100", "Year High": "108.1000", "Year Low": "79.8700", "Year Close": "96.5000", "Annual % Change": "4.68%"}, "2014": {"Average Stock Price": "81.4558", "Year Open": "75.9400", "Year High": "95.1500", "Year Low": "69.7200", "Year Close": "92.1900", "Annual % Change": "20.79%"}, "2013": {"Average Stock Price": "65.1525", "Year Open": "61.9500", "Year High": "76.5700", "Year Low": "57.0900", "Year Close": "76.3200", "Annual % Change": "28.32%"}, "2012": {"Average Stock Price": "58.3923", "Year Open": "52.4600", "Year High": "62.1300", "Year Low": "52.3000", "Year Close": "59.4754", "Annual % Change": "13.09%"}, "2011": {"Average Stock Price": "50.4964", "Year Open": "49.8300", "Year High": "56.0700", "Year Low": "39.9400", "Year Close": "52.5900", "Annual % Change": "6.67%"}, "2010": {"Average Stock Price": "39.1111", "Year Open": "30.8100", "Year High": "50.0800", "Year Low": "29.2600", "Year Close": "49.3000", "Annual % Change": "60.43%"}, "2009": {"Average Stock Price": "27.2176", "Year Open": "24.4000", "Year High": "31.0600", "Year Low": "21.2700", "Year Close": "30.7300", "Annual % Change": "29.17%"}, "2008": {"Average Stock Price": "27.5041", "Year Open": "31.1300", "Year High": "31.9400", "Year Low": "20.1900", "Year Close": "23.7900", "Annual % Change": "-24.74%"}, "2007": {"Average Stock Price": "29.6794", "Year Open": "29.4900", "Year High": "32.7000", "Year Low": "26.5400", "Year Close": "31.6100", "Annual % Change": "3.61%"}, "2006": {"Average Stock Price": "29.2867", "Year Open": "27.0400", "Year High": "35.7800", "Year Low": "24.2100", "Year Close": "30.5100", "Annual % Change": "14.48%"}, "2005": {"Average Stock Price": "22.5531", "Year Open": "21.4500", "Year High": "27.7850", "Year Low": "18.8500", "Year Close": "26.6500", "Annual % Change": "21.11%"}, "2004": {"Average Stock Price": "21.5639", "Year Open": "26.1400", "Year High": "26.1400", "Year Low": "17.9300", "Year Close": "22.0050", "Annual % Change": "-16.74%"}, "2003": {"Average Stock Price": "22.8545", "Year Open": "23.6500", "Year High": "26.5650", "Year Low": "17.3950", "Year Close": "26.4300", "Annual % Change": "12.66%"}, "2002": {"Average Stock Price": "21.8999", "Year Open": "20.7700", "Year High": "27.3850", "Year Low": "17.3050", "Year Close": "23.4600", "Annual % Change": "9.68%"}, "2001": {"Average Stock Price": "18.0612", "Year Open": "18.1250", "Year High": "23.2200", "Year Low": "11.7200", "Year Close": "21.3900", "Annual % Change": "8.47%"}, "2000": {"Average Stock Price": "24.7231", "Year Open": "30.1900", "Year High": "42.5650", "Year Low": "13.0650", "Year Close": "19.7200", "Annual % Change": "-34.20%"}, "1999": {"Average Stock Price": "16.1123", "Year Open": "12.4067", "Year High": "30.8150", "Year Low": "11.5000", "Year Close": "29.9700", "Annual % Change": "148.03%"}, "1998": {"Average Stock Price": "8.3281", "Year Open": "6.7717", "Year High": "12.0833", "Year Low": "5.6983", "Year Close": "12.0833", "Annual % Change": "75.76%"}, "1997": {"Average Stock Price": "4.6513", "Year Open": "5.2500", "Year High": "6.8750", "Year Low": "3.5833", "Year Close": "6.8750", "Annual % Change": "30.95%"}, "1996": {"Average Stock Price": "7.3511", "Year Open": "12.5000", "Year High": "12.5000", "Year Low": "4.5417", "Year Close": "5.2500", "Annual % Change": "-59.62%"}, "1995": {"Average Stock Price": "7.6619", "Year Open": "5.5525", "Year High": "14.5000", "Year Low": "5.1667", "Year Close": "13.0000", "Annual % Change": "135.47%"}, "1994": {"Average Stock Price": "3.7616", "Year Open": "3.4792", "Year High": "5.8800", "Year Low": "2.2708", "Year Close": "5.5208", "Annual % Change": "55.41%"}}}, "market cap": {"value": "$102.31B"}, "income statement": {"Revenue": {"2020-07-31": "7679.00000", "2019-07-31": "6784.00000", "2018-07-31": "6025.00000", "2017-07-31": "5196.00000", "2016-07-31": "4694.00000", "2015-07-31": "4192.00000", "2014-07-31": "4243.00000", "2013-07-31": "3946.00000", "2012-07-31": "3808.00000", "2011-07-31": "3449.00000", "2010-07-31": "3403.00000", "2009-07-31": "3109.00000", "2008-07-31": "2993.00000", "2007-07-31": "2672.94700", "2006-07-31": "2293.01000", "2005-07-31": "1993.10200"}, "Cost Of Goods Sold": {"2020-07-31": "1378.00000", "2019-07-31": "1167.00000", "2018-07-31": "978.00000", "2017-07-31": "810.00000", "2016-07-31": "752.00000", "2015-07-31": "725.00000", "2014-07-31": "621.00000", "2013-07-31": "540.00000", "2012-07-31": "585.00000", "2011-07-31": "490.00000", "2010-07-31": "591.00000", "2009-07-31": "578.00000", "2008-07-31": "535.00000", "2007-07-31": "478.52000", "2006-07-31": "398.53700", "2005-07-31": "350.58900"}, "Gross Profit": {"2020-07-31": "6301.00000", "2019-07-31": "5617.00000", "2018-07-31": "5047.00000", "2017-07-31": "4386.00000", "2016-07-31": "3942.00000", "2015-07-31": "3467.00000", "2014-07-31": "3622.00000", "2013-07-31": "3406.00000", "2012-07-31": "3223.00000", "2011-07-31": "2959.00000", "2010-07-31": "2812.00000", "2009-07-31": "2531.00000", "2008-07-31": "2458.00000", "2007-07-31": "2194.42700", "2006-07-31": "1894.47300", "2005-07-31": "1642.51300"}, "Research And Development Expenses": {"2020-07-31": "1392.00000", "2019-07-31": "1233.00000", "2018-07-31": "1186.00000", "2017-07-31": "998.00000", "2016-07-31": "881.00000", "2015-07-31": "798.00000", "2014-07-31": "714.00000", "2013-07-31": "647.00000", "2012-07-31": "618.00000", "2011-07-31": "566.00000", "2010-07-31": "564.00000", "2009-07-31": "556.00000", "2008-07-31": "593.00000", "2007-07-31": "472.51600", "2006-07-31": "385.79500", "2005-07-31": "292.60500"}, "SG&A Expenses": {"2020-07-31": "2727.00000", "2019-07-31": "2524.00000", "2018-07-31": "2295.00000", "2017-07-31": "1968.00000", "2016-07-31": "1807.00000", "2015-07-31": "1771.00000", "2014-07-31": "1601.00000", "2013-07-31": "1534.00000", "2012-07-31": "1414.00000", "2011-07-31": "1300.00000", "2010-07-31": "1259.00000", "2009-07-31": "1191.00000", "2008-07-31": "1131.00000", "2007-07-31": "1033.45100", "2006-07-31": "924.82100", "2005-07-31": "799.38600"}, "Other Operating Income Or Expenses": {"2020-07-31": "", "2019-07-31": "", "2018-07-31": "", "2017-07-31": "", "2016-07-31": "", "2015-07-31": "", "2014-07-31": "0.00000", "2013-07-31": "", "2012-07-31": "", "2011-07-31": "", "2010-07-31": "", "2009-07-31": "", "2008-07-31": "", "2007-07-31": "", "2006-07-31": "", "2005-07-31": ""}, "Operating Expenses": {"2020-07-31": "5503.00000", "2019-07-31": "4930.00000", "2018-07-31": "4465.00000", "2017-07-31": "3778.00000", "2016-07-31": "3452.00000", "2015-07-31": "3454.00000", "2014-07-31": "2943.00000", "2013-07-31": "2738.00000", "2012-07-31": "2640.00000", "2011-07-31": "2367.00000", "2010-07-31": "2499.00000", "2009-07-31": "2426.00000", "2008-07-31": "2349.00000", "2007-07-31": "2035.37700", "2006-07-31": "1727.41600", "2005-07-31": "1464.40100"}, "Operating Income": {"2020-07-31": "2176.00000", "2019-07-31": "1854.00000", "2018-07-31": "1560.00000", "2017-07-31": "1418.00000", "2016-07-31": "1242.00000", "2015-07-31": "738.00000", "2014-07-31": "1300.00000", "2013-07-31": "1208.00000", "2012-07-31": "1168.00000", "2011-07-31": "1082.00000", "2010-07-31": "904.00000", "2009-07-31": "683.00000", "2008-07-31": "644.00000", "2007-07-31": "637.56990", "2006-07-31": "565.59400", "2005-07-31": "528.70100"}, "Total Non-Operating Income/Expense": {"2020-07-31": "22.00000", "2019-07-31": "27.00000", "2018-07-31": "6.00000", "2017-07-31": "-28.00000", "2016-07-31": "-39.00000", "2015-07-31": "-26.00000", "2014-07-31": "", "2013-07-31": "-23.00000", "2012-07-31": "-30.00000", "2011-07-31": "-40.00000", "2010-07-31": "-48.00000", "2009-07-31": "-30.00000", "2008-07-31": "46.00000", "2007-07-31": "58.84200", "2006-07-31": "50.65200", "2005-07-31": "31.83300"}, "Pre-Tax Income": {"2020-07-31": "2198.00000", "2019-07-31": "1881.00000", "2018-07-31": "1566.00000", "2017-07-31": "1390.00000", "2016-07-31": "1203.00000", "2015-07-31": "712.00000", "2014-07-31": "1300.00000", "2013-07-31": "1185.00000", "2012-07-31": "1138.00000", "2011-07-31": "1042.00000", "2010-07-31": "856.00000", "2009-07-31": "653.00000", "2008-07-31": "690.00000", "2007-07-31": "696.41200", "2006-07-31": "616.24600", "2005-07-31": "560.53400"}, "Income Taxes": {"2020-07-31": "372.00000", "2019-07-31": "324.00000", "2018-07-31": "237.00000", "2017-07-31": "405.00000", "2016-07-31": "397.00000", "2015-07-31": "299.00000", "2014-07-31": "447.00000", "2013-07-31": "378.00000", "2012-07-31": "374.00000", "2011-07-31": "354.00000", "2010-07-31": "292.00000", "2009-07-31": "206.00000", "2008-07-31": "243.00000", "2007-07-31": "251.60700", "2006-07-31": "234.59200", "2005-07-31": "182.88900"}, "Income After Taxes": {"2020-07-31": "1826.00000", "2019-07-31": "1557.00000", "2018-07-31": "1329.00000", "2017-07-31": "985.00000", "2016-07-31": "806.00000", "2015-07-31": "413.00000", "2014-07-31": "853.00000", "2013-07-31": "807.00000", "2012-07-31": "764.00000", "2011-07-31": "688.00000", "2010-07-31": "564.00000", "2009-07-31": "447.00000", "2008-07-31": "447.00000", "2007-07-31": "444.80500", "2006-07-31": "381.65400", "2005-07-31": "377.64500"}, "Other Income": {"2020-07-31": "", "2019-07-31": "", "2018-07-31": "", "2017-07-31": "", "2016-07-31": "", "2015-07-31": "", "2014-07-31": "", "2013-07-31": "", "2012-07-31": "", "2011-07-31": "", "2010-07-31": "", "2009-07-31": "", "2008-07-31": "", "2007-07-31": "", "2006-07-31": "", "2005-07-31": ""}, "Income From Continuous Operations": {"2020-07-31": "1826.00000", "2019-07-31": "1557.00000", "2018-07-31": "1329.00000", "2017-07-31": "985.00000", "2016-07-31": "806.00000", "2015-07-31": "413.00000", "2014-07-31": "853.00000", "2013-07-31": "807.00000", "2012-07-31": "764.00000", "2011-07-31": "688.00000", "2010-07-31": "564.00000", "2009-07-31": "447.00000", "2008-07-31": "447.00000", "2007-07-31": "443.46800", "2006-07-31": "380.96300", "2005-07-31": "377.74300"}, "Income From Discontinued Operations": {"2020-07-31": "", "2019-07-31": "", "2018-07-31": "", "2017-07-31": "0.00000", "2016-07-31": "173.00000", "2015-07-31": "-48.00000", "2014-07-31": "54.00000", "2013-07-31": "51.00000", "2012-07-31": "28.00000", "2011-07-31": "-54.00000", "2010-07-31": "10.00000", "2009-07-31": "0.00000", "2008-07-31": "30.00000", "2007-07-31": "-3.46500", "2006-07-31": "36.00000", "2005-07-31": "3.88400"}, "Net Income": {"2020-07-31": "1826.00000", "2019-07-31": "1557.00000", "2018-07-31": "1329.00000", "2017-07-31": "985.00000", "2016-07-31": "979.00000", "2015-07-31": "365.00000", "2014-07-31": "907.00000", "2013-07-31": "858.00000", "2012-07-31": "792.00000", "2011-07-31": "634.00000", "2010-07-31": "574.00000", "2009-07-31": "447.00000", "2008-07-31": "477.00000", "2007-07-31": "440.00300", "2006-07-31": "416.96300", "2005-07-31": "381.62700"}, "EBITDA": {"2020-07-31": "2394.00000", "2019-07-31": "2079.00000", "2018-07-31": "1813.00000", "2017-07-31": "1654.00000", "2016-07-31": "1480.00000", "2015-07-31": "1266.00000", "2014-07-31": "1497.00000", "2013-07-31": "1486.00000", "2012-07-31": "1410.00000", "2011-07-31": "1353.00000", "2010-07-31": "1160.00000", "2009-07-31": "958.00000", "2008-07-31": "861.00000", "2007-07-31": "796.09800", "2006-07-31": "692.33300", "2005-07-31": "657.67800"}, "EBIT": {"2020-07-31": "2176.00000", "2019-07-31": "1854.00000", "2018-07-31": "1560.00000", "2017-07-31": "1418.00000", "2016-07-31": "1242.00000", "2015-07-31": "738.00000", "2014-07-31": "1300.00000", "2013-07-31": "1208.00000", "2012-07-31": "1168.00000", "2011-07-31": "1082.00000", "2010-07-31": "904.00000", "2009-07-31": "683.00000", "2008-07-31": "644.00000", "2007-07-31": "637.56990", "2006-07-31": "565.59400", "2005-07-31": "528.70100"}, "Basic Shares Outstanding": {"2020-07-31": "261.00000", "2019-07-31": "260.00000", "2018-07-31": "256.00000", "2017-07-31": "257.00000", "2016-07-31": "262.00000", "2015-07-31": "281.00000", "2014-07-31": "285.00000", "2013-07-31": "297.00000", "2012-07-31": "296.00000", "2011-07-31": "307.00000", "2010-07-31": "316.00000", "2009-07-31": "322.00000", "2008-07-31": "329.00000", "2007-07-31": "342.63700", "2006-07-31": "347.85400", "2005-07-31": "369.20200"}, "Shares Outstanding": {"2020-07-31": "264.00000", "2019-07-31": "264.00000", "2018-07-31": "261.00000", "2017-07-31": "261.00000", "2016-07-31": "265.00000", "2015-07-31": "286.00000", "2014-07-31": "291.00000", "2013-07-31": "303.00000", "2012-07-31": "305.00000", "2011-07-31": "317.00000", "2010-07-31": "325.00000", "2009-07-31": "330.00000", "2008-07-31": "339.00000", "2007-07-31": "355.81500", "2006-07-31": "360.47100", "2005-07-31": "376.79600"}, "Basic EPS": {"2020-07-31": "6.99000", "2019-07-31": "5.99000", "2018-07-31": "5.18000", "2017-07-31": "3.83000", "2016-07-31": "3.73000", "2015-07-31": "1.30000", "2014-07-31": "3.18000", "2013-07-31": "2.89000", "2012-07-31": "2.67000", "2011-07-31": "2.06000", "2010-07-31": "1.82000", "2009-07-31": "1.39000", "2008-07-31": "1.45000", "2007-07-31": "1.28000", "2006-07-31": "1.20000", "2005-07-31": "1.03000"}, "EPS - Earnings Per Share": {"2020-07-31": "6.92000", "2019-07-31": "5.89000", "2018-07-31": "5.09000", "2017-07-31": "3.78000", "2016-07-31": "3.69000", "2015-07-31": "1.28000", "2014-07-31": "3.12000", "2013-07-31": "2.83000", "2012-07-31": "2.60000", "2011-07-31": "2.00000", "2010-07-31": "1.77000", "2009-07-31": "1.35000", "2008-07-31": "1.41000", "2007-07-31": "1.24000", "2006-07-31": "1.16000", "2005-07-31": "1.01000"}}, "income statement, quarterly": {"Revenue": {"2020-10-31": "1323.00000", "2020-07-31": "1816.00000", "2020-04-30": "3002.00000", "2020-01-31": "1696.00000", "2019-10-31": "1165.00000", "2019-07-31": "994.00000", "2019-04-30": "3272.00000", "2019-01-31": "1502.00000", "2018-10-31": "1016.00000", "2018-07-31": "864.00000", "2018-04-30": "2912.00000", "2018-01-31": "1339.00000", "2017-10-31": "910.00000", "2017-07-31": "861.00000", "2017-04-30": "2541.00000", "2017-01-31": "1016.00000", "2016-10-31": "778.00000", "2016-07-31": "754.00000", "2016-04-30": "2304.00000", "2016-01-31": "923.00000", "2015-10-31": "713.00000", "2015-07-31": "696.00000", "2015-04-30": "2135.00000", "2015-01-31": "749.00000", "2014-10-31": "612.00000", "2014-07-31": "451.00000", "2014-04-30": "2388.00000", "2014-01-31": "782.00000", "2013-10-31": "622.00000", "2013-07-31": "409.00000", "2013-04-30": "2091.00000", "2013-01-31": "884.00000", "2012-10-31": "562.00000", "2012-07-31": "308.00000", "2012-04-30": "1926.00000", "2012-01-31": "999.00000", "2011-10-31": "575.00000", "2011-07-31": "573.00000", "2011-04-30": "1848.00000", "2011-01-31": "878.00000", "2010-10-31": "532.00000", "2010-07-31": "485.00000", "2010-04-30": "1607.00000", "2010-01-31": "837.00000", "2009-10-31": "474.00000", "2009-07-31": "438.00000", "2009-04-30": "1417.00000", "2009-01-31": "773.00000", "2008-10-31": "481.00000", "2008-07-31": "400.17990", "2008-04-30": "1313.00800", "2008-01-31": "834.87400", "2007-10-31": "444.93800", "2007-07-31": "432.67200", "2007-04-30": "1139.14500", "2007-01-31": "750.63700", "2006-10-31": "350.49300", "2006-07-31": "293.63200", "2006-04-30": "952.60300", "2006-01-31": "742.70400", "2005-10-31": "304.07100", "2005-07-31": "257.21800", "2005-04-30": "834.86400", "2005-01-31": "648.24400"}, "Cost Of Goods Sold": {"2020-10-31": "256.00000", "2020-07-31": "322.00000", "2020-04-30": "426.00000", "2020-01-31": "340.00000", "2019-10-31": "290.00000", "2019-07-31": "281.00000", "2019-04-30": "354.00000", "2019-01-31": "285.00000", "2018-10-31": "247.00000", "2018-07-31": "229.00000", "2018-04-30": "305.00000", "2018-01-31": "246.00000", "2017-10-31": "198.00000", "2017-07-31": "184.00000", "2017-04-30": "237.00000", "2017-01-31": "206.00000", "2016-10-31": "183.00000", "2016-07-31": "171.00000", "2016-04-30": "216.00000", "2016-01-31": "199.00000", "2015-10-31": "166.00000", "2015-07-31": "176.00000", "2015-04-30": "202.00000", "2015-01-31": "188.00000", "2014-10-31": "159.00000", "2014-07-31": "132.00000", "2014-04-30": "170.00000", "2014-01-31": "176.00000", "2013-10-31": "143.00000", "2013-07-31": "99.00000", "2013-04-30": "140.00000", "2013-01-31": "166.00000", "2012-10-31": "135.00000", "2012-07-31": "22.00000", "2012-04-30": "197.00000", "2012-01-31": "202.00000", "2011-10-31": "164.00000", "2011-07-31": "159.00000", "2011-04-30": "164.00000", "2011-01-31": "175.00000", "2010-10-31": "155.00000", "2010-07-31": "133.00000", "2010-04-30": "152.00000", "2010-01-31": "162.00000", "2009-10-31": "144.00000", "2009-07-31": "130.00000", "2009-04-30": "149.00000", "2009-01-31": "154.00000", "2008-10-31": "145.00000", "2008-07-31": "104.13300", "2008-04-30": "139.94800", "2008-01-31": "159.71800", "2007-10-31": "131.20100", "2007-07-31": "117.87700", "2007-04-30": "130.98200", "2007-01-31": "131.45400", "2006-10-31": "98.20700", "2006-07-31": "63.79500", "2006-04-30": "107.93100", "2006-01-31": "135.13200", "2005-10-31": "91.67900", "2005-07-31": "56.79400", "2005-04-30": "101.97000", "2005-01-31": "116.43200"}, "Gross Profit": {"2020-10-31": "1067.00000", "2020-07-31": "1494.00000", "2020-04-30": "2576.00000", "2020-01-31": "1356.00000", "2019-10-31": "875.00000", "2019-07-31": "713.00000", "2019-04-30": "2918.00000", "2019-01-31": "1217.00000", "2018-10-31": "769.00000", "2018-07-31": "635.00000", "2018-04-30": "2607.00000", "2018-01-31": "1093.00000", "2017-10-31": "712.00000", "2017-07-31": "677.00000", "2017-04-30": "2304.00000", "2017-01-31": "810.00000", "2016-10-31": "595.00000", "2016-07-31": "583.00000", "2016-04-30": "2088.00000", "2016-01-31": "724.00000", "2015-10-31": "547.00000", "2015-07-31": "520.00000", "2015-04-30": "1933.00000", "2015-01-31": "561.00000", "2014-10-31": "453.00000", "2014-07-31": "319.00000", "2014-04-30": "2218.00000", "2014-01-31": "606.00000", "2013-10-31": "479.00000", "2013-07-31": "310.00000", "2013-04-30": "1951.00000", "2013-01-31": "718.00000", "2012-10-31": "427.00000", "2012-07-31": "286.00000", "2012-04-30": "1729.00000", "2012-01-31": "797.00000", "2011-10-31": "411.00000", "2011-07-31": "414.00000", "2011-04-30": "1684.00000", "2011-01-31": "703.00000", "2010-10-31": "377.00000", "2010-07-31": "352.00000", "2010-04-30": "1455.00000", "2010-01-31": "675.00000", "2009-10-31": "330.00000", "2009-07-31": "308.00000", "2009-04-30": "1268.00000", "2009-01-31": "619.00000", "2008-10-31": "336.00000", "2008-07-31": "296.04690", "2008-04-30": "1173.06000", "2008-01-31": "675.15600", "2007-10-31": "313.73700", "2007-07-31": "314.79500", "2007-04-30": "1008.16300", "2007-01-31": "619.18300", "2006-10-31": "252.28600", "2006-07-31": "229.83700", "2006-04-30": "844.67200", "2006-01-31": "607.57200", "2005-10-31": "212.39200", "2005-07-31": "200.42400", "2005-04-30": "732.89400", "2005-01-31": "531.81200"}, "Research And Development Expenses": {"2020-10-31": "325.00000", "2020-07-31": "393.00000", "2020-04-30": "332.00000", "2020-01-31": "333.00000", "2019-10-31": "334.00000", "2019-07-31": "333.00000", "2019-04-30": "311.00000", "2019-01-31": "295.00000", "2018-10-31": "294.00000", "2018-07-31": "311.00000", "2018-04-30": "296.00000", "2018-01-31": "286.00000", "2017-10-31": "293.00000", "2017-07-31": "263.00000", "2017-04-30": "246.00000", "2017-01-31": "243.00000", "2016-10-31": "246.00000", "2016-07-31": "235.00000", "2016-04-30": "228.00000", "2016-01-31": "205.00000", "2015-10-31": "213.00000", "2015-07-31": "215.00000", "2015-04-30": "206.00000", "2015-01-31": "188.00000", "2014-10-31": "189.00000", "2014-07-31": "166.00000", "2014-04-30": "186.00000", "2014-01-31": "186.00000", "2013-10-31": "176.00000", "2013-07-31": "144.00000", "2013-04-30": "166.00000", "2013-01-31": "169.00000", "2012-10-31": "168.00000", "2012-07-31": "128.00000", "2012-04-30": "163.00000", "2012-01-31": "164.00000", "2011-10-31": "163.00000", "2011-07-31": "153.00000", "2011-04-30": "164.00000", "2011-01-31": "158.00000", "2010-10-31": "156.00000", "2010-07-31": "138.00000", "2010-04-30": "141.00000", "2010-01-31": "144.00000", "2009-10-31": "141.00000", "2009-07-31": "150.00000", "2009-04-30": "130.00000", "2009-01-31": "140.00000", "2008-10-31": "136.00000", "2008-07-31": "143.91200", "2008-04-30": "149.98500", "2008-01-31": "149.76700", "2007-10-31": "149.33600", "2007-07-31": "125.90200", "2007-04-30": "116.20000", "2007-01-31": "113.04800", "2006-10-31": "117.36600", "2006-07-31": "91.09600", "2006-04-30": "97.33500", "2006-01-31": "100.08400", "2005-10-31": "97.28000", "2005-07-31": "62.90000", "2005-04-30": "78.39400", "2005-01-31": "76.94600"}, "SG&A Expenses": {"2020-10-31": "531.00000", "2020-07-31": "617.00000", "2020-04-30": "829.00000", "2020-01-31": "752.00000", "2019-10-31": "529.00000", "2019-07-31": "531.00000", "2019-04-30": "822.00000", "2019-01-31": "688.00000", "2018-10-31": "483.00000", "2018-07-31": "522.00000", "2018-04-30": "708.00000", "2018-01-31": "612.00000", "2017-10-31": "453.00000", "2017-07-31": "401.00000", "2017-04-30": "613.00000", "2017-01-31": "545.00000", "2016-10-31": "409.00000", "2016-07-31": "398.00000", "2016-04-30": "572.00000", "2016-01-31": "476.00000", "2015-10-31": "361.00000", "2015-07-31": "398.00000", "2015-04-30": "544.00000", "2015-01-31": "459.00000", "2014-10-31": "370.00000", "2014-07-31": "231.00000", "2014-04-30": "533.00000", "2014-01-31": "461.00000", "2013-10-31": "376.00000", "2013-07-31": "264.00000", "2013-04-30": "491.00000", "2013-01-31": "458.00000", "2012-10-31": "321.00000", "2012-07-31": "228.00000", "2012-04-30": "453.00000", "2012-01-31": "425.00000", "2011-10-31": "308.00000", "2011-07-31": "279.00000", "2011-04-30": "444.00000", "2011-01-31": "418.00000", "2010-10-31": "310.00000", "2010-07-31": "226.00000", "2010-04-30": "411.00000", "2010-01-31": "365.00000", "2009-10-31": "257.00000", "2009-07-31": "251.00000", "2009-04-30": "348.00000", "2009-01-31": "341.00000", "2008-10-31": "251.00000", "2008-07-31": "228.60400", "2008-04-30": "325.24500", "2008-01-31": "330.37700", "2007-10-31": "246.77400", "2007-07-31": "224.52400", "2007-04-30": "291.65000", "2007-01-31": "287.74500", "2006-10-31": "229.53200", "2006-07-31": "189.93300", "2006-04-30": "261.66300", "2006-01-31": "262.20000", "2005-10-31": "211.02500", "2005-07-31": "165.53800", "2005-04-30": "225.77800", "2005-01-31": "229.88300"}, "Other Operating Income Or Expenses": {"2020-10-31": "", "2020-07-31": "", "2020-04-30": "", "2020-01-31": "", "2019-10-31": "", "2019-07-31": "", "2019-04-30": "", "2019-01-31": "", "2018-10-31": "", "2018-07-31": "", "2018-04-30": "", "2018-01-31": "", "2017-10-31": "", "2017-07-31": "", "2017-04-30": "", "2017-01-31": "", "2016-10-31": "", "2016-07-31": "", "2016-04-30": "", "2016-01-31": "", "2015-10-31": "", "2015-07-31": "", "2015-04-30": "", "2015-01-31": "", "2014-10-31": "", "2014-07-31": "", "2014-04-30": "", "2014-01-31": "", "2013-10-31": "", "2013-07-31": "", "2013-04-30": "", "2013-01-31": "", "2012-10-31": "", "2012-07-31": "", "2012-04-30": "", "2012-01-31": "", "2011-10-31": "", "2011-07-31": "", "2011-04-30": "", "2011-01-31": "", "2010-10-31": "", "2010-07-31": "", "2010-04-30": "", "2010-01-31": "", "2009-10-31": "", "2009-07-31": "", "2009-04-30": "", "2009-01-31": "", "2008-10-31": "", "2008-07-31": "", "2008-04-30": "", "2008-01-31": "", "2007-10-31": "", "2007-07-31": "", "2007-04-30": "", "2007-01-31": "", "2006-10-31": "", "2006-07-31": "", "2006-04-30": "", "2006-01-31": "", "2005-10-31": "", "2005-07-31": "", "2005-04-30": "", "2005-01-31": ""}, "Operating Expenses": {"2020-10-31": "1114.00000", "2020-07-31": "1333.00000", "2020-04-30": "1589.00000", "2020-01-31": "1426.00000", "2019-10-31": "1155.00000", "2019-07-31": "1147.00000", "2019-04-30": "1488.00000", "2019-01-31": "1269.00000", "2018-10-31": "1026.00000", "2018-07-31": "1064.00000", "2018-04-30": "1311.00000", "2018-01-31": "1145.00000", "2017-10-31": "945.00000", "2017-07-31": "848.00000", "2017-04-30": "1097.00000", "2017-01-31": "994.00000", "2016-10-31": "839.00000", "2016-07-31": "810.00000", "2016-04-30": "1019.00000", "2016-01-31": "881.00000", "2015-10-31": "742.00000", "2015-07-31": "826.00000", "2015-04-30": "1069.00000", "2015-01-31": "838.00000", "2014-10-31": "721.00000", "2014-07-31": "522.00000", "2014-04-30": "894.00000", "2014-01-31": "828.00000", "2013-10-31": "699.00000", "2013-07-31": "494.00000", "2013-04-30": "809.00000", "2013-01-31": "800.00000", "2012-10-31": "635.00000", "2012-07-31": "362.00000", "2012-04-30": "815.00000", "2012-01-31": "804.00000", "2011-10-31": "659.00000", "2011-07-31": "631.00000", "2011-04-30": "787.00000", "2011-01-31": "767.00000", "2010-10-31": "636.00000", "2010-07-31": "508.00000", "2010-04-30": "719.00000", "2010-01-31": "698.00000", "2009-10-31": "574.00000", "2009-07-31": "555.00000", "2009-04-30": "652.00000", "2009-01-31": "662.00000", "2008-10-31": "557.00000", "2008-07-31": "501.11190", "2008-04-30": "638.50700", "2008-01-31": "661.24400", "2007-10-31": "548.13700", "2007-07-31": "489.38000", "2007-04-30": "561.06500", "2007-01-31": "535.92000", "2006-10-31": "449.01200", "2006-07-31": "344.49600", "2006-04-30": "472.49600", "2006-01-31": "503.73200", "2005-10-31": "406.69200", "2005-07-31": "286.76790", "2005-04-30": "412.65000", "2005-01-31": "430.05600"}, "Operating Income": {"2020-10-31": "209.00000", "2020-07-31": "483.00000", "2020-04-30": "1413.00000", "2020-01-31": "270.00000", "2019-10-31": "10.00000", "2019-07-31": "-153.00000", "2019-04-30": "1784.00000", "2019-01-31": "233.00000", "2018-10-31": "-10.00000", "2018-07-31": "-200.00000", "2018-04-30": "1601.00000", "2018-01-31": "194.00000", "2017-10-31": "-35.00000", "2017-07-31": "13.00000", "2017-04-30": "1444.00000", "2017-01-31": "22.00000", "2016-10-31": "-61.00000", "2016-07-31": "-56.00000", "2016-04-30": "1285.00000", "2016-01-31": "42.00000", "2015-10-31": "-29.00000", "2015-07-31": "-130.00000", "2015-04-30": "1066.00000", "2015-01-31": "-89.00000", "2014-10-31": "-109.00000", "2014-07-31": "-71.00000", "2014-04-30": "1494.00000", "2014-01-31": "-46.00000", "2013-10-31": "-77.00000", "2013-07-31": "-85.00000", "2013-04-30": "1282.00000", "2013-01-31": "84.00000", "2012-10-31": "-73.00000", "2012-07-31": "-54.00000", "2012-04-30": "1111.00000", "2012-01-31": "195.00000", "2011-10-31": "-84.00000", "2011-07-31": "-58.00000", "2011-04-30": "1061.00000", "2011-01-31": "111.00000", "2010-10-31": "-104.00000", "2010-07-31": "-23.00000", "2010-04-30": "888.00000", "2010-01-31": "139.00000", "2009-10-31": "-100.00000", "2009-07-31": "-117.00000", "2009-04-30": "765.00000", "2009-01-31": "111.00000", "2008-10-31": "-76.00000", "2008-07-31": "-100.93190", "2008-04-30": "674.50100", "2008-01-31": "173.63000", "2007-10-31": "-103.19900", "2007-07-31": "-56.70800", "2007-04-30": "578.08000", "2007-01-31": "214.71700", "2006-10-31": "-98.51900", "2006-07-31": "-50.86400", "2006-04-30": "480.10700", "2006-01-31": "238.97200", "2005-10-31": "-102.62100", "2005-07-31": "-29.54990", "2005-04-30": "422.21400", "2005-01-31": "218.18800"}, "Total Non-Operating Income/Expense": {"2020-10-31": "1.00000", "2020-07-31": "3.00000", "2020-04-30": "-5.00000", "2020-01-31": "12.00000", "2019-10-31": "12.00000", "2019-07-31": "16.00000", "2019-04-30": "13.00000", "2019-01-31": "2.00000", "2018-10-31": "-4.00000", "2018-07-31": "7.00000", "2018-04-30": "2.00000", "2018-01-31": "-1.00000", "2017-10-31": "-2.00000", "2017-07-31": "", "2017-04-30": "-5.00000", "2017-01-31": "-12.00000", "2016-10-31": "-11.00000", "2016-07-31": "-6.00000", "2016-04-30": "-8.00000", "2016-01-31": "-14.00000", "2015-10-31": "-11.00000", "2015-07-31": "-8.00000", "2015-04-30": "-6.00000", "2015-01-31": "-5.00000", "2014-10-31": "-7.00000", "2014-07-31": "", "2014-04-30": "-5.00000", "2014-01-31": "-8.00000", "2013-10-31": "-3.00000", "2013-07-31": "-7.00000", "2013-04-30": "-4.00000", "2013-01-31": "-6.00000", "2012-10-31": "-6.00000", "2012-07-31": "-11.00000", "2012-04-30": "-3.00000", "2012-01-31": "-12.00000", "2011-10-31": "-4.00000", "2011-07-31": "-17.00000", "2011-04-30": "-9.00000", "2011-01-31": "-9.00000", "2010-10-31": "-7.00000", "2010-07-31": "-14.00000", "2010-04-30": "-10.00000", "2010-01-31": "-13.00000", "2009-10-31": "-11.00000", "2009-07-31": "-5.00000", "2009-04-30": "-6.00000", "2009-01-31": "-6.00000", "2008-10-31": "-13.00000", "2008-07-31": "1.15100", "2008-04-30": "11.62400", "2008-01-31": "5.41900", "2007-10-31": "27.80600", "2007-07-31": "37.82400", "2007-04-30": "-1.51800", "2007-01-31": "11.02700", "2006-10-31": "11.50900", "2006-07-31": "22.33900", "2006-04-30": "9.14900", "2006-01-31": "8.59300", "2005-10-31": "10.57100", "2005-07-31": "18.92700", "2005-04-30": "5.85100", "2005-01-31": "3.04200"}, "Pre-Tax Income": {"2020-10-31": "210.00000", "2020-07-31": "486.00000", "2020-04-30": "1408.00000", "2020-01-31": "282.00000", "2019-10-31": "22.00000", "2019-07-31": "-137.00000", "2019-04-30": "1797.00000", "2019-01-31": "235.00000", "2018-10-31": "-14.00000", "2018-07-31": "-193.00000", "2018-04-30": "1603.00000", "2018-01-31": "193.00000", "2017-10-31": "-37.00000", "2017-07-31": "13.00000", "2017-04-30": "1439.00000", "2017-01-31": "10.00000", "2016-10-31": "-72.00000", "2016-07-31": "-62.00000", "2016-04-30": "1277.00000", "2016-01-31": "28.00000", "2015-10-31": "-40.00000", "2015-07-31": "-138.00000", "2015-04-30": "1060.00000", "2015-01-31": "-94.00000", "2014-10-31": "-116.00000", "2014-07-31": "-55.00000", "2014-04-30": "1489.00000", "2014-01-31": "-54.00000", "2013-10-31": "-80.00000", "2013-07-31": "-92.00000", "2013-04-30": "1278.00000", "2013-01-31": "78.00000", "2012-10-31": "-79.00000", "2012-07-31": "-65.00000", "2012-04-30": "1108.00000", "2012-01-31": "183.00000", "2011-10-31": "-88.00000", "2011-07-31": "-75.00000", "2011-04-30": "1052.00000", "2011-01-31": "102.00000", "2010-10-31": "-111.00000", "2010-07-31": "-37.00000", "2010-04-30": "878.00000", "2010-01-31": "126.00000", "2009-10-31": "-111.00000", "2009-07-31": "-122.00000", "2009-04-30": "759.00000", "2009-01-31": "105.00000", "2008-10-31": "-89.00000", "2008-07-31": "-99.78100", "2008-04-30": "686.12500", "2008-01-31": "179.04900", "2007-10-31": "-75.39300", "2007-07-31": "-18.88400", "2007-04-30": "576.56200", "2007-01-31": "225.74400", "2006-10-31": "-87.01000", "2006-07-31": "-28.52500", "2006-04-30": "489.25600", "2006-01-31": "247.56500", "2005-10-31": "-92.05000", "2005-07-31": "-10.62300", "2005-04-30": "428.06500", "2005-01-31": "221.23000"}, "Income Taxes": {"2020-10-31": "12.00000", "2020-07-31": "41.00000", "2020-04-30": "324.00000", "2020-01-31": "42.00000", "2019-10-31": "-35.00000", "2019-07-31": "-93.00000", "2019-04-30": "419.00000", "2019-01-31": "46.00000", "2018-10-31": "-48.00000", "2018-07-31": "-155.00000", "2018-04-30": "417.00000", "2018-01-31": "10.00000", "2017-10-31": "-35.00000", "2017-07-31": "-25.00000", "2017-04-30": "475.00000", "2017-01-31": "-3.00000", "2016-10-31": "-42.00000", "2016-07-31": "-22.00000", "2016-04-30": "429.00000", "2016-01-31": "-1.00000", "2015-10-31": "-9.00000", "2015-07-31": "-36.00000", "2015-04-30": "404.00000", "2015-01-31": "-34.00000", "2014-10-31": "-35.00000", "2014-07-31": "-18.00000", "2014-04-30": "505.00000", "2014-01-31": "-17.00000", "2013-10-31": "-23.00000", "2013-07-31": "-30.00000", "2013-04-30": "420.00000", "2013-01-31": "13.00000", "2012-10-31": "-25.00000", "2012-07-31": "-30.00000", "2012-04-30": "372.00000", "2012-01-31": "62.00000", "2011-10-31": "-30.00000", "2011-07-31": "-19.00000", "2011-04-30": "364.00000", "2011-01-31": "29.00000", "2010-10-31": "-41.00000", "2010-07-31": "-14.00000", "2010-04-30": "302.00000", "2010-01-31": "46.00000", "2009-10-31": "-42.00000", "2009-07-31": "-50.00000", "2009-04-30": "274.00000", "2009-01-31": "19.00000", "2008-10-31": "-37.00000", "2008-07-31": "-32.83900", "2008-04-30": "241.61200", "2008-01-31": "62.55500", "2007-10-31": "-28.32800", "2007-07-31": "-6.54100", "2007-04-30": "208.34400", "2007-01-31": "79.82900", "2006-10-31": "-30.02500", "2006-07-31": "-13.27200", "2006-04-30": "190.22900", "2006-01-31": "92.07400", "2005-10-31": "-34.43900", "2005-07-31": "9.28200", "2005-04-30": "129.99200", "2005-01-31": "76.25600"}, "Income After Taxes": {"2020-10-31": "198.00000", "2020-07-31": "445.00000", "2020-04-30": "1084.00000", "2020-01-31": "240.00000", "2019-10-31": "57.00000", "2019-07-31": "-44.00000", "2019-04-30": "1378.00000", "2019-01-31": "189.00000", "2018-10-31": "34.00000", "2018-07-31": "-38.00000", "2018-04-30": "1186.00000", "2018-01-31": "183.00000", "2017-10-31": "-2.00000", "2017-07-31": "38.00000", "2017-04-30": "964.00000", "2017-01-31": "13.00000", "2016-10-31": "-30.00000", "2016-07-31": "-40.00000", "2016-04-30": "848.00000", "2016-01-31": "29.00000", "2015-10-31": "-31.00000", "2015-07-31": "-102.00000", "2015-04-30": "656.00000", "2015-01-31": "-60.00000", "2014-10-31": "-81.00000", "2014-07-31": "-37.00000", "2014-04-30": "984.00000", "2014-01-31": "-37.00000", "2013-10-31": "-57.00000", "2013-07-31": "-62.00000", "2013-04-30": "858.00000", "2013-01-31": "65.00000", "2012-10-31": "-54.00000", "2012-07-31": "-35.00000", "2012-04-30": "736.00000", "2012-01-31": "121.00000", "2011-10-31": "-58.00000", "2011-07-31": "-56.00000", "2011-04-30": "688.00000", "2011-01-31": "73.00000", "2010-10-31": "-70.00000", "2010-07-31": "-23.00000", "2010-04-30": "576.00000", "2010-01-31": "80.00000", "2009-10-31": "-69.00000", "2009-07-31": "-72.00000", "2009-04-30": "485.00000", "2009-01-31": "86.00000", "2008-10-31": "-52.00000", "2008-07-31": "-66.94200", "2008-04-30": "444.51300", "2008-01-31": "116.49400", "2007-10-31": "-47.06500", "2007-07-31": "-12.34300", "2007-04-30": "368.21800", "2007-01-31": "145.91500", "2006-10-31": "-56.98500", "2006-07-31": "-15.25300", "2006-04-30": "299.02700", "2006-01-31": "155.49100", "2005-10-31": "-57.61100", "2005-07-31": "-19.90500", "2005-04-30": "298.07300", "2005-01-31": "144.97400"}, "Other Income": {"2020-10-31": "", "2020-07-31": "", "2020-04-30": "", "2020-01-31": "", "2019-10-31": "", "2019-07-31": "", "2019-04-30": "", "2019-01-31": "", "2018-10-31": "", "2018-07-31": "", "2018-04-30": "", "2018-01-31": "", "2017-10-31": "", "2017-07-31": "", "2017-04-30": "", "2017-01-31": "", "2016-10-31": "", "2016-07-31": "", "2016-04-30": "", "2016-01-31": "", "2015-10-31": "", "2015-07-31": "", "2015-04-30": "", "2015-01-31": "", "2014-10-31": "", "2014-07-31": "", "2014-04-30": "", "2014-01-31": "", "2013-10-31": "", "2013-07-31": "", "2013-04-30": "", "2013-01-31": "", "2012-10-31": "", "2012-07-31": "", "2012-04-30": "", "2012-01-31": "", "2011-10-31": "", "2011-07-31": "", "2011-04-30": "", "2011-01-31": "", "2010-10-31": "", "2010-07-31": "", "2010-04-30": "", "2010-01-31": "", "2009-10-31": "", "2009-07-31": "", "2009-04-30": "", "2009-01-31": "", "2008-10-31": "", "2008-07-31": "", "2008-04-30": "", "2008-01-31": "", "2007-10-31": "", "2007-07-31": "", "2007-04-30": "", "2007-01-31": "", "2006-10-31": "", "2006-07-31": "", "2006-04-30": "", "2006-01-31": "", "2005-10-31": "", "2005-07-31": "", "2005-04-30": "", "2005-01-31": ""}, "Income From Continuous Operations": {"2020-10-31": "198.00000", "2020-07-31": "445.00000", "2020-04-30": "1084.00000", "2020-01-31": "240.00000", "2019-10-31": "57.00000", "2019-07-31": "-44.00000", "2019-04-30": "1378.00000", "2019-01-31": "189.00000", "2018-10-31": "34.00000", "2018-07-31": "-38.00000", "2018-04-30": "1186.00000", "2018-01-31": "183.00000", "2017-10-31": "-2.00000", "2017-07-31": "38.00000", "2017-04-30": "964.00000", "2017-01-31": "13.00000", "2016-10-31": "-30.00000", "2016-07-31": "-40.00000", "2016-04-30": "848.00000", "2016-01-31": "29.00000", "2015-10-31": "-31.00000", "2015-07-31": "-102.00000", "2015-04-30": "656.00000", "2015-01-31": "-60.00000", "2014-10-31": "-81.00000", "2014-07-31": "-37.00000", "2014-04-30": "984.00000", "2014-01-31": "-37.00000", "2013-10-31": "-57.00000", "2013-07-31": "-62.00000", "2013-04-30": "858.00000", "2013-01-31": "65.00000", "2012-10-31": "-54.00000", "2012-07-31": "-35.00000", "2012-04-30": "736.00000", "2012-01-31": "121.00000", "2011-10-31": "-58.00000", "2011-07-31": "-56.00000", "2011-04-30": "688.00000", "2011-01-31": "73.00000", "2010-10-31": "-70.00000", "2010-07-31": "-23.00000", "2010-04-30": "576.00000", "2010-01-31": "80.00000", "2009-10-31": "-69.00000", "2009-07-31": "-72.00000", "2009-04-30": "485.00000", "2009-01-31": "86.00000", "2008-10-31": "-52.00000", "2008-07-31": "-65.61000", "2008-04-30": "444.17900", "2008-01-31": "116.00200", "2007-10-31": "-47.57100", "2007-07-31": "-12.85900", "2007-04-30": "367.94700", "2007-01-31": "145.58000", "2006-10-31": "-57.20000", "2006-07-31": "-15.32100", "2006-04-30": "298.64800", "2006-01-31": "155.24700", "2005-10-31": "-57.61100", "2005-07-31": "-19.80700", "2005-04-30": "298.07300", "2005-01-31": "144.97400"}, "Income From Discontinued Operations": {"2020-10-31": "", "2020-07-31": "", "2020-04-30": "", "2020-01-31": "", "2019-10-31": "", "2019-07-31": "", "2019-04-30": "", "2019-01-31": "", "2018-10-31": "", "2018-07-31": "", "2018-04-30": "", "2018-01-31": "", "2017-10-31": "", "2017-07-31": "", "2017-04-30": "", "2017-01-31": "", "2016-10-31": "", "2016-07-31": "", "2016-04-30": "178.00000", "2016-01-31": "-5.00000", "2015-10-31": "0.00000", "2015-07-31": "116.00000", "2015-04-30": "-155.00000", "2015-01-31": "-6.00000", "2014-10-31": "-3.00000", "2014-07-31": "8.00000", "2014-04-30": "0.00000", "2014-01-31": "0.00000", "2013-10-31": "46.00000", "2013-07-31": "46.00000", "2013-04-30": "-36.00000", "2013-01-31": "6.00000", "2012-10-31": "35.00000", "2012-07-31": "39.00000", "2012-04-30": "-2.00000", "2012-01-31": "-3.00000", "2011-10-31": "-6.00000", "2011-07-31": "-1.00000", "2011-04-30": "", "2011-01-31": "", "2010-10-31": "", "2010-07-31": "-25.00000", "2010-04-30": "", "2010-01-31": "34.00000", "2009-10-31": "1.00000", "2009-07-31": "1.00000", "2009-04-30": "", "2009-01-31": "-1.00000", "2008-10-31": "", "2008-07-31": "3.98800", "2008-04-30": "", "2008-01-31": "-0.75500", "2007-10-31": "26.76700", "2007-07-31": "-0.78100", "2007-04-30": "-0.73600", "2007-01-31": "-0.21800", "2006-10-31": "-1.73000", "2006-07-31": "-3.53300", "2006-04-30": "", "2006-01-31": "27.72600", "2005-10-31": "11.80700", "2005-07-31": "-0.18900", "2005-04-30": "2.43400", "2005-01-31": "2.27800"}, "Net Income": {"2020-10-31": "198.00000", "2020-07-31": "445.00000", "2020-04-30": "1084.00000", "2020-01-31": "240.00000", "2019-10-31": "57.00000", "2019-07-31": "-44.00000", "2019-04-30": "1378.00000", "2019-01-31": "189.00000", "2018-10-31": "34.00000", "2018-07-31": "-38.00000", "2018-04-30": "1186.00000", "2018-01-31": "183.00000", "2017-10-31": "-2.00000", "2017-07-31": "38.00000", "2017-04-30": "964.00000", "2017-01-31": "13.00000", "2016-10-31": "-30.00000", "2016-07-31": "-40.00000", "2016-04-30": "1026.00000", "2016-01-31": "24.00000", "2015-10-31": "-31.00000", "2015-07-31": "14.00000", "2015-04-30": "501.00000", "2015-01-31": "-66.00000", "2014-10-31": "-84.00000", "2014-07-31": "-29.00000", "2014-04-30": "984.00000", "2014-01-31": "-37.00000", "2013-10-31": "-11.00000", "2013-07-31": "-16.00000", "2013-04-30": "822.00000", "2013-01-31": "71.00000", "2012-10-31": "-19.00000", "2012-07-31": "4.00000", "2012-04-30": "734.00000", "2012-01-31": "118.00000", "2011-10-31": "-64.00000", "2011-07-31": "-57.00000", "2011-04-30": "688.00000", "2011-01-31": "73.00000", "2010-10-31": "-70.00000", "2010-07-31": "-48.00000", "2010-04-30": "576.00000", "2010-01-31": "114.00000", "2009-10-31": "-68.00000", "2009-07-31": "-71.00000", "2009-04-30": "485.00000", "2009-01-31": "85.00000", "2008-10-31": "-52.00000", "2008-07-31": "-61.62200", "2008-04-30": "444.17900", "2008-01-31": "115.24700", "2007-10-31": "-20.80400", "2007-07-31": "-13.64000", "2007-04-30": "367.21100", "2007-01-31": "145.36200", "2006-10-31": "-58.93000", "2006-07-31": "-18.85400", "2006-04-30": "298.64800", "2006-01-31": "182.97300", "2005-10-31": "-45.80400", "2005-07-31": "-19.99600", "2005-04-30": "300.50700", "2005-01-31": "147.25200"}, "EBITDA": {"2020-10-31": "255.00000", "2020-07-31": "533.00000", "2020-04-30": "1467.00000", "2020-01-31": "327.00000", "2019-10-31": "67.00000", "2019-07-31": "-94.00000", "2019-04-30": "1838.00000", "2019-01-31": "288.00000", "2018-10-31": "47.00000", "2018-07-31": "-138.00000", "2018-04-30": "1665.00000", "2018-01-31": "256.00000", "2017-10-31": "30.00000", "2017-07-31": "75.00000", "2017-04-30": "1506.00000", "2017-01-31": "79.00000", "2016-10-31": "-6.00000", "2016-07-31": "7.00000", "2016-04-30": "1347.00000", "2016-01-31": "100.00000", "2015-10-31": "26.00000", "2015-07-31": "-35.00000", "2015-04-30": "1388.00000", "2015-01-31": "-32.00000", "2014-10-31": "-55.00000", "2014-07-31": "-21.00000", "2014-04-30": "1541.00000", "2014-01-31": "4.00000", "2013-10-31": "-27.00000", "2013-07-31": "-22.00000", "2013-04-30": "1385.00000", "2013-01-31": "142.00000", "2012-10-31": "-19.00000", "2012-07-31": "3.00000", "2012-04-30": "1163.00000", "2012-01-31": "256.00000", "2011-10-31": "-12.00000", "2011-07-31": "35.00000", "2011-04-30": "1122.00000", "2011-01-31": "172.00000", "2010-10-31": "-48.00000", "2010-07-31": "35.00000", "2010-04-30": "943.00000", "2010-01-31": "207.00000", "2009-10-31": "-25.00000", "2009-07-31": "-31.00000", "2009-04-30": "828.00000", "2009-01-31": "177.00000", "2008-10-31": "-16.00000", "2008-07-31": "-41.10000", "2008-04-30": "731.43900", "2008-01-31": "224.99000", "2007-10-31": "-54.32900", "2007-07-31": "4.89200", "2007-04-30": "619.51500", "2007-01-31": "242.16600", "2006-10-31": "-70.47500", "2006-07-31": "-10.60600", "2006-04-30": "508.75900", "2006-01-31": "267.58200", "2005-10-31": "-73.40200", "2005-07-31": "0.17010", "2005-04-30": "462.06200", "2005-01-31": "248.29700"}, "EBIT": {"2020-10-31": "209.00000", "2020-07-31": "483.00000", "2020-04-30": "1413.00000", "2020-01-31": "270.00000", "2019-10-31": "10.00000", "2019-07-31": "-153.00000", "2019-04-30": "1784.00000", "2019-01-31": "233.00000", "2018-10-31": "-10.00000", "2018-07-31": "-200.00000", "2018-04-30": "1601.00000", "2018-01-31": "194.00000", "2017-10-31": "-35.00000", "2017-07-31": "13.00000", "2017-04-30": "1444.00000", "2017-01-31": "22.00000", "2016-10-31": "-61.00000", "2016-07-31": "-56.00000", "2016-04-30": "1285.00000", "2016-01-31": "42.00000", "2015-10-31": "-29.00000", "2015-07-31": "-130.00000", "2015-04-30": "1066.00000", "2015-01-31": "-89.00000", "2014-10-31": "-109.00000", "2014-07-31": "-71.00000", "2014-04-30": "1494.00000", "2014-01-31": "-46.00000", "2013-10-31": "-77.00000", "2013-07-31": "-85.00000", "2013-04-30": "1282.00000", "2013-01-31": "84.00000", "2012-10-31": "-73.00000", "2012-07-31": "-54.00000", "2012-04-30": "1111.00000", "2012-01-31": "195.00000", "2011-10-31": "-84.00000", "2011-07-31": "-58.00000", "2011-04-30": "1061.00000", "2011-01-31": "111.00000", "2010-10-31": "-104.00000", "2010-07-31": "-23.00000", "2010-04-30": "888.00000", "2010-01-31": "139.00000", "2009-10-31": "-100.00000", "2009-07-31": "-117.00000", "2009-04-30": "765.00000", "2009-01-31": "111.00000", "2008-10-31": "-76.00000", "2008-07-31": "-100.93200", "2008-04-30": "674.50100", "2008-01-31": "173.63000", "2007-10-31": "-103.19900", "2007-07-31": "-56.70810", "2007-04-30": "578.08000", "2007-01-31": "214.71700", "2006-10-31": "-98.51900", "2006-07-31": "-50.86400", "2006-04-30": "480.10700", "2006-01-31": "238.97200", "2005-10-31": "-102.62100", "2005-07-31": "-29.55000", "2005-04-30": "422.21400", "2005-01-31": "218.18800"}, "Basic Shares Outstanding": {"2020-10-31": "263.00000", "2020-07-31": "261.00000", "2020-04-30": "261.00000", "2020-01-31": "261.00000", "2019-10-31": "261.00000", "2019-07-31": "260.00000", "2019-04-30": "260.00000", "2019-01-31": "260.00000", "2018-10-31": "260.00000", "2018-07-31": "256.00000", "2018-04-30": "257.00000", "2018-01-31": "256.00000", "2017-10-31": "256.00000", "2017-07-31": "257.00000", "2017-04-30": "256.00000", "2017-01-31": "257.00000", "2016-10-31": "258.00000", "2016-07-31": "262.00000", "2016-04-30": "257.00000", "2016-01-31": "263.00000", "2015-10-31": "272.00000", "2015-07-31": "281.00000", "2015-04-30": "277.00000", "2015-01-31": "285.00000", "2014-10-31": "286.00000", "2014-07-31": "285.00000", "2014-04-30": "284.00000", "2014-01-31": "284.00000", "2013-10-31": "288.00000", "2013-07-31": "297.00000", "2013-04-30": "297.00000", "2013-01-31": "296.00000", "2012-10-31": "296.00000", "2012-07-31": "296.00000", "2012-04-30": "295.00000", "2012-01-31": "297.00000", "2011-10-31": "300.00000", "2011-07-31": "302.00000", "2011-04-30": "303.00000", "2011-01-31": "308.00000", "2010-10-31": "316.00000", "2010-07-31": "316.00000", "2010-04-30": "314.00000", "2010-01-31": "314.00000", "2009-10-31": "320.00000", "2009-07-31": "322.00000", "2009-04-30": "322.00000", "2009-01-31": "321.00000", "2008-10-31": "323.00000", "2008-07-31": "329.00000", "2008-04-30": "323.40800", "2008-01-31": "331.13900", "2007-10-31": "337.58400", "2007-07-31": "342.63700", "2007-04-30": "339.49500", "2007-01-31": "347.18500", "2006-10-31": "346.21400", "2006-07-31": "347.85400", "2006-04-30": "343.67000", "2006-01-31": "350.29200", "2005-10-31": "354.81200", "2005-07-31": "369.20200", "2005-04-30": "366.84400", "2005-01-31": "372.66200"}, "Shares Outstanding": {"2020-10-31": "265.00000", "2020-07-31": "264.00000", "2020-04-30": "264.00000", "2020-01-31": "264.00000", "2019-10-31": "264.00000", "2019-07-31": "264.00000", "2019-04-30": "264.00000", "2019-01-31": "264.00000", "2018-10-31": "264.00000", "2018-07-31": "261.00000", "2018-04-30": "262.00000", "2018-01-31": "260.00000", "2017-10-31": "256.00000", "2017-07-31": "261.00000", "2017-04-30": "260.00000", "2017-01-31": "260.00000", "2016-10-31": "258.00000", "2016-07-31": "265.00000", "2016-04-30": "260.00000", "2016-01-31": "266.00000", "2015-10-31": "272.00000", "2015-07-31": "286.00000", "2015-04-30": "282.00000", "2015-01-31": "285.00000", "2014-10-31": "286.00000", "2014-07-31": "291.00000", "2014-04-30": "290.00000", "2014-01-31": "284.00000", "2013-10-31": "288.00000", "2013-07-31": "303.00000", "2013-04-30": "304.00000", "2013-01-31": "303.00000", "2012-10-31": "296.00000", "2012-07-31": "305.00000", "2012-04-30": "303.00000", "2012-01-31": "306.00000", "2011-10-31": "300.00000", "2011-07-31": "302.00000", "2011-04-30": "313.00000", "2011-01-31": "318.00000", "2010-10-31": "316.00000", "2010-07-31": "325.00000", "2010-04-30": "323.00000", "2010-01-31": "323.00000", "2009-10-31": "320.00000", "2009-07-31": "330.00000", "2009-04-30": "329.00000", "2009-01-31": "326.00000", "2008-10-31": "323.00000", "2008-07-31": "339.00000", "2008-04-30": "333.43600", "2008-01-31": "342.75100", "2007-10-31": "337.58400", "2007-07-31": "355.81500", "2007-04-30": "351.68600", "2007-01-31": "360.57300", "2006-10-31": "346.21400", "2006-07-31": "360.47100", "2006-04-30": "355.91800", "2006-01-31": "363.58200", "2005-10-31": "354.81200", "2005-07-31": "376.79600", "2005-04-30": "373.77400", "2005-01-31": "380.20000"}, "Basic EPS": {"2020-10-31": "0.75000", "2020-07-31": "1.70000", "2020-04-30": "4.15000", "2020-01-31": "0.92000", "2019-10-31": "0.22000", "2019-07-31": "-0.17000", "2019-04-30": "5.30000", "2019-01-31": "0.73000", "2018-10-31": "0.13000", "2018-07-31": "-0.15000", "2018-04-30": "4.62000", "2018-01-31": "0.72000", "2017-10-31": "-0.01000", "2017-07-31": "0.14000", "2017-04-30": "3.76000", "2017-01-31": "0.05000", "2016-10-31": "-0.12000", "2016-07-31": "-0.25000", "2016-04-30": "4.00000", "2016-01-31": "0.09000", "2015-10-31": "-0.11000", "2015-07-31": "0.01000", "2015-04-30": "1.81000", "2015-01-31": "-0.23000", "2014-10-31": "-0.29000", "2014-07-31": "-0.12000", "2014-04-30": "3.47000", "2014-01-31": "-0.13000", "2013-10-31": "-0.04000", "2013-07-31": "-0.06000", "2013-04-30": "2.77000", "2013-01-31": "0.24000", "2012-10-31": "-0.06000", "2012-07-31": "-0.01000", "2012-04-30": "2.49000", "2012-01-31": "0.40000", "2011-10-31": "-0.21000", "2011-07-31": "-0.19000", "2011-04-30": "2.27000", "2011-01-31": "0.24000", "2010-10-31": "-0.22000", "2010-07-31": "-0.16000", "2010-04-30": "1.83000", "2010-01-31": "0.36000", "2009-10-31": "-0.21000", "2009-07-31": "-0.23000", "2009-04-30": "1.51000", "2009-01-31": "0.27000", "2008-10-31": "-0.16000", "2008-07-31": "-0.21000", "2008-04-30": "1.37000", "2008-01-31": "0.35000", "2007-10-31": "-0.06000", "2007-07-31": "-0.05000", "2007-04-30": "1.08000", "2007-01-31": "0.42000", "2006-10-31": "-0.17000", "2006-07-31": "-0.06000", "2006-04-30": "0.87000", "2006-01-31": "0.52000", "2005-10-31": "-0.13000", "2005-07-31": "-0.06500", "2005-04-30": "0.82000", "2005-01-31": "0.39500"}, "EPS - Earnings Per Share": {"2020-10-31": "0.75000", "2020-07-31": "1.68000", "2020-04-30": "4.11000", "2020-01-31": "0.91000", "2019-10-31": "0.22000", "2019-07-31": "-0.18000", "2019-04-30": "5.22000", "2019-01-31": "0.72000", "2018-10-31": "0.13000", "2018-07-31": "-0.13000", "2018-04-30": "4.53000", "2018-01-31": "0.70000", "2017-10-31": "-0.01000", "2017-07-31": "0.15000", "2017-04-30": "3.70000", "2017-01-31": "0.05000", "2016-10-31": "-0.12000", "2016-07-31": "-0.23000", "2016-04-30": "3.94000", "2016-01-31": "0.09000", "2015-10-31": "-0.11000", "2015-07-31": "0.02000", "2015-04-30": "1.78000", "2015-01-31": "-0.23000", "2014-10-31": "-0.29000", "2014-07-31": "-0.10000", "2014-04-30": "3.39000", "2014-01-31": "-0.13000", "2013-10-31": "-0.04000", "2013-07-31": "-0.05000", "2013-04-30": "2.71000", "2013-01-31": "0.23000", "2012-10-31": "-0.06000", "2012-07-31": "0.00000", "2012-04-30": "2.42000", "2012-01-31": "0.39000", "2011-10-31": "-0.21000", "2011-07-31": "-0.19000", "2011-04-30": "2.20000", "2011-01-31": "0.23000", "2010-10-31": "-0.22000", "2010-07-31": "-0.15000", "2010-04-30": "1.78000", "2010-01-31": "0.35000", "2009-10-31": "-0.21000", "2009-07-31": "-0.22000", "2009-04-30": "1.47000", "2009-01-31": "0.26000", "2008-10-31": "-0.16000", "2008-07-31": "-0.20000", "2008-04-30": "1.33000", "2008-01-31": "0.34000", "2007-10-31": "-0.06000", "2007-07-31": "-0.03000", "2007-04-30": "1.04000", "2007-01-31": "0.40000", "2006-10-31": "-0.17000", "2006-07-31": "-0.05000", "2006-04-30": "0.84000", "2006-01-31": "0.50000", "2005-10-31": "-0.13000", "2005-07-31": "-0.06000", "2005-04-30": "0.80500", "2005-01-31": "0.38500"}}, "balance sheet": {"Cash On Hand": {"2020-07-31": "7050.00000", "2019-07-31": "2740.00000", "2018-07-31": "1716.00000", "2017-07-31": "777.00000", "2016-07-31": "1080.00000", "2015-07-31": "1697.00000", "2014-07-31": "1914.00000", "2013-07-31": "1661.00000", "2012-07-31": "744.00000", "2011-07-31": "1421.00000", "2010-07-31": "1622.00000", "2009-07-31": "1347.00000", "2008-07-31": "827.83300", "2007-07-31": "1303.67100", "2006-07-31": "1197.20000", "2005-07-31": "994.25800"}, "Receivables": {"2020-07-31": "161.00000", "2019-07-31": "152.00000", "2018-07-31": "137.00000", "2017-07-31": "166.00000", "2016-07-31": "128.00000", "2015-07-31": "175.00000", "2014-07-31": "150.00000", "2013-07-31": "192.00000", "2012-07-31": "195.00000", "2011-07-31": "243.00000", "2010-07-31": "162.00000", "2009-07-31": "202.00000", "2008-07-31": "187.79400", "2007-07-31": "185.86900", "2006-07-31": "152.30100", "2005-07-31": "124.79000"}, "Inventory": {"2020-07-31": "", "2019-07-31": "", "2018-07-31": "", "2017-07-31": "", "2016-07-31": "", "2015-07-31": "", "2014-07-31": "", "2013-07-31": "", "2012-07-31": "", "2011-07-31": "", "2010-07-31": "", "2009-07-31": "", "2008-07-31": "", "2007-07-31": "", "2006-07-31": "", "2005-07-31": ""}, "Pre-Paid Expenses": {"2020-07-31": "314.00000", "2019-07-31": "266.00000", "2018-07-31": "202.00000", "2017-07-31": "100.00000", "2016-07-31": "102.00000", "2015-07-31": "94.00000", "2014-07-31": "115.00000", "2013-07-31": "98.00000", "2012-07-31": "65.00000", "2011-07-31": "82.00000", "2010-07-31": "57.00000", "2009-07-31": "43.00000", "2008-07-31": "45.45700", "2007-07-31": "54.85400", "2006-07-31": "50.93800", "2005-07-31": "60.61000"}, "Other Current Assets": {"2020-07-31": "455.00000", "2019-07-31": "436.00000", "2018-07-31": "367.00000", "2017-07-31": "372.00000", "2016-07-31": "304.00000", "2015-07-31": "337.00000", "2014-07-31": "289.00000", "2013-07-31": "235.00000", "2012-07-31": "290.00000", "2011-07-31": "414.00000", "2010-07-31": "337.00000", "2009-07-31": "272.00000", "2008-07-31": "610.74800", "2007-07-31": "314.34100", "2006-07-31": "357.29900", "2005-07-31": "357.83800"}, "Total Current Assets": {"2020-07-31": "7980.00000", "2019-07-31": "3594.00000", "2018-07-31": "2422.00000", "2017-07-31": "1415.00000", "2016-07-31": "1614.00000", "2015-07-31": "2560.00000", "2014-07-31": "2621.00000", "2013-07-31": "2396.00000", "2012-07-31": "1523.00000", "2011-07-31": "2254.00000", "2010-07-31": "2295.00000", "2009-07-31": "1968.00000", "2008-07-31": "1773.56200", "2007-07-31": "1951.93200", "2006-07-31": "1817.03000", "2005-07-31": "1614.33900"}, "Property, Plant, And Equipment": {"2020-07-31": "734.00000", "2019-07-31": "780.00000", "2018-07-31": "812.00000", "2017-07-31": "1030.00000", "2016-07-31": "1031.00000", "2015-07-31": "682.00000", "2014-07-31": "589.00000", "2013-07-31": "555.00000", "2012-07-31": "543.00000", "2011-07-31": "561.00000", "2010-07-31": "510.00000", "2009-07-31": "527.00000", "2008-07-31": "507.49900", "2007-07-31": "298.39600", "2006-07-31": "193.61700", "2005-07-31": "208.54800"}, "Long-Term Investments": {"2020-07-31": "19.00000", "2019-07-31": "13.00000", "2018-07-31": "13.00000", "2017-07-31": "31.00000", "2016-07-31": "28.00000", "2015-07-31": "27.00000", "2014-07-31": "31.00000", "2013-07-31": "83.00000", "2012-07-31": "75.00000", "2011-07-31": "63.00000", "2010-07-31": "91.00000", "2009-07-31": "97.00000", "2008-07-31": "288.31000", "2007-07-31": "", "2006-07-31": "", "2005-07-31": ""}, "Goodwill And Intangible Assets": {"2020-07-31": "1682.00000", "2019-07-31": "1709.00000", "2018-07-31": "1672.00000", "2017-07-31": "1317.00000", "2016-07-31": "1326.00000", "2015-07-31": "1353.00000", "2014-07-31": "1456.00000", "2013-07-31": "1395.00000", "2012-07-31": "1493.00000", "2011-07-31": "2066.00000", "2010-07-31": "2170.00000", "2009-07-31": "2045.00000", "2008-07-31": "1971.17400", "2007-07-31": "1809.92000", "2006-07-31": "507.81000", "2005-07-31": "579.17700"}, "Other Long-Term Assets": {"2020-07-31": "225.00000", "2019-07-31": "186.00000", "2018-07-31": "215.00000", "2017-07-31": "143.00000", "2016-07-31": "112.00000", "2015-07-31": "106.00000", "2014-07-31": "108.00000", "2013-07-31": "102.00000", "2012-07-31": "94.00000", "2011-07-31": "111.00000", "2010-07-31": "91.00000", "2009-07-31": "77.00000", "2008-07-31": "73.54800", "2007-07-31": "67.50100", "2006-07-31": "40.39200", "2005-07-31": "30.07800"}, "Total Long-Term Assets": {"2020-07-31": "2951.00000", "2019-07-31": "2689.00000", "2018-07-31": "2712.00000", "2017-07-31": "2653.00000", "2016-07-31": "2636.00000", "2015-07-31": "2408.00000", "2014-07-31": "2580.00000", "2013-07-31": "3090.00000", "2012-07-31": "3161.00000", "2011-07-31": "2856.00000", "2010-07-31": "2903.00000", "2009-07-31": "2858.00000", "2008-07-31": "2893.02200", "2007-07-31": "2300.09400", "2006-07-31": "952.99710", "2005-07-31": "1102.11200"}, "Total Assets": {"2020-07-31": "10931.00000", "2019-07-31": "6283.00000", "2018-07-31": "5134.00000", "2017-07-31": "4068.00000", "2016-07-31": "4250.00000", "2015-07-31": "4968.00000", "2014-07-31": "5201.00000", "2013-07-31": "5486.00000", "2012-07-31": "4684.00000", "2011-07-31": "5110.00000", "2010-07-31": "5198.00000", "2009-07-31": "4826.00000", "2008-07-31": "4666.58400", "2007-07-31": "4252.02600", "2006-07-31": "2770.02700", "2005-07-31": "2716.45100"}, "Total Current Liabilities": {"2020-07-31": "3529.00000", "2019-07-31": "1966.00000", "2018-07-31": "1743.00000", "2017-07-31": "1944.00000", "2016-07-31": "2251.00000", "2015-07-31": "1744.00000", "2014-07-31": "1421.00000", "2013-07-31": "1280.00000", "2012-07-31": "1265.00000", "2011-07-31": "1805.00000", "2010-07-31": "1221.00000", "2009-07-31": "1084.00000", "2008-07-31": "1467.23800", "2007-07-31": "1160.10900", "2006-07-31": "1015.97400", "2005-07-31": "1003.40400"}, "Long Term Debt": {"2020-07-31": "2031.00000", "2019-07-31": "386.00000", "2018-07-31": "388.00000", "2017-07-31": "438.00000", "2016-07-31": "488.00000", "2015-07-31": "500.00000", "2014-07-31": "499.00000", "2013-07-31": "499.00000", "2012-07-31": "499.00000", "2011-07-31": "499.00000", "2010-07-31": "998.00000", "2009-07-31": "998.00000", "2008-07-31": "997.99600", "2007-07-31": "997.81900", "2006-07-31": "", "2005-07-31": "17.30800"}, "Other Non-Current Liabilities": {"2020-07-31": "42.00000", "2019-07-31": "145.00000", "2018-07-31": "119.00000", "2017-07-31": "130.00000", "2016-07-31": "146.00000", "2015-07-31": "172.00000", "2014-07-31": "166.00000", "2013-07-31": "167.00000", "2012-07-31": "166.00000", "2011-07-31": "190.00000", "2010-07-31": "158.00000", "2009-07-31": "", "2008-07-31": "", "2007-07-31": "", "2006-07-31": "", "2005-07-31": ""}, "Total Long Term Liabilities": {"2020-07-31": "2296.00000", "2019-07-31": "568.00000", "2018-07-31": "575.00000", "2017-07-31": "770.00000", "2016-07-31": "838.00000", "2015-07-31": "892.00000", "2014-07-31": "702.00000", "2013-07-31": "675.00000", "2012-07-31": "675.00000", "2011-07-31": "689.00000", "2010-07-31": "1156.00000", "2009-07-31": "1185.00000", "2008-07-31": "1126.39200", "2007-07-31": "1056.90400", "2006-07-31": "15.96700", "2005-07-31": "17.54800"}, "Total Liabilities": {"2020-07-31": "5825.00000", "2019-07-31": "2534.00000", "2018-07-31": "2318.00000", "2017-07-31": "2714.00000", "2016-07-31": "3089.00000", "2015-07-31": "2636.00000", "2014-07-31": "2123.00000", "2013-07-31": "1955.00000", "2012-07-31": "1940.00000", "2011-07-31": "2494.00000", "2010-07-31": "2377.00000", "2009-07-31": "2269.00000", "2008-07-31": "2593.63000", "2007-07-31": "2217.01300", "2006-07-31": "1031.94100", "2005-07-31": "1020.95200"}, "Common Stock Net": {"2020-07-31": "3.00000", "2019-07-31": "3.00000", "2018-07-31": "3.00000", "2017-07-31": "3.00000", "2016-07-31": "3.00000", "2015-07-31": "3.00000", "2014-07-31": "3.00000", "2013-07-31": "3.00000", "2012-07-31": "3.00000", "2011-07-31": "3.00000", "2010-07-31": "3.00000", "2009-07-31": "3.00000", "2008-07-31": "3.22600", "2007-07-31": "3.39100", "2006-07-31": "3.44200", "2005-07-31": "1.79300"}, "Retained Earnings (Accumulated Deficit)": {"2020-07-31": "10885.00000", "2019-07-31": "9621.00000", "2018-07-31": "8564.00000", "2017-07-31": "7297.00000", "2016-07-31": "6687.00000", "2015-07-31": "6027.00000", "2014-07-31": "5949.00000", "2013-07-31": "5262.00000", "2012-07-31": "4612.00000", "2011-07-31": "4031.00000", "2010-07-31": "3397.00000", "2009-07-31": "2849.00000", "2008-07-31": "2443.98200", "2007-07-31": "1984.88500", "2006-07-31": "1588.12400", "2005-07-31": "1291.48700"}, "Comprehensive Income": {"2020-07-31": "-32.00000", "2019-07-31": "-36.00000", "2018-07-31": "-36.00000", "2017-07-31": "-22.00000", "2016-07-31": "-32.00000", "2015-07-31": "-30.00000", "2014-07-31": "-2.00000", "2013-07-31": "20.00000", "2012-07-31": "25.00000", "2011-07-31": "15.00000", "2010-07-31": "11.00000", "2009-07-31": "7.00000", "2008-07-31": "7.72200", "2007-07-31": "6.09600", "2006-07-31": "1.08400", "2005-07-31": "0.17400"}, "Other Share Holders Equity": {"2020-07-31": "", "2019-07-31": "", "2018-07-31": "", "2017-07-31": "", "2016-07-31": "", "2015-07-31": "", "2014-07-31": "", "2013-07-31": "", "2012-07-31": "", "2011-07-31": "", "2010-07-31": "", "2009-07-31": "", "2008-07-31": "", "2007-07-31": "", "2006-07-31": "", "2005-07-31": ""}, "Share Holder Equity": {"2020-07-31": "5106.00000", "2019-07-31": "3749.00000", "2018-07-31": "2816.00000", "2017-07-31": "1354.00000", "2016-07-31": "1161.00000", "2015-07-31": "2332.00000", "2014-07-31": "3078.00000", "2013-07-31": "3531.00000", "2012-07-31": "2744.00000", "2011-07-31": "2616.00000", "2010-07-31": "2821.00000", "2009-07-31": "2557.00000", "2008-07-31": "2072.95400", "2007-07-31": "2035.01300", "2006-07-31": "1738.08600", "2005-07-31": "1695.49900"}, "Total Liabilities And Share Holders Equity": {"2020-07-31": "10931.00000", "2019-07-31": "6283.00000", "2018-07-31": "5134.00000", "2017-07-31": "4068.00000", "2016-07-31": "4250.00000", "2015-07-31": "4968.00000", "2014-07-31": "5201.00000", "2013-07-31": "5486.00000", "2012-07-31": "4684.00000", "2011-07-31": "5110.00000", "2010-07-31": "5198.00000", "2009-07-31": "4826.00000", "2008-07-31": "4666.58400", "2007-07-31": "4252.02600", "2006-07-31": "2770.02700", "2005-07-31": "2716.45100"}}, "balance sheet, quarterly": {"Cash On Hand": {"2020-10-31": "5793.00000", "2020-07-31": "7050.00000", "2020-04-30": "3971.00000", "2020-01-31": "2266.00000", "2019-10-31": "2255.00000", "2019-07-31": "2740.00000", "2019-04-30": "3346.00000", "2019-01-31": "1333.00000", "2018-10-31": "1332.00000", "2018-07-31": "1716.00000", "2018-04-30": "1936.00000", "2018-01-31": "726.00000", "2017-10-31": "777.00000", "2017-07-31": "777.00000", "2017-04-30": "1593.00000", "2017-01-31": "637.00000", "2016-10-31": "605.00000", "2016-07-31": "1080.00000", "2016-04-30": "1613.00000", "2016-01-31": "334.00000", "2015-10-31": "474.00000", "2015-07-31": "1697.00000", "2015-04-30": "2084.00000", "2015-01-31": "1367.00000", "2014-10-31": "1589.00000", "2014-07-31": "1914.00000", "2014-04-30": "2633.00000", "2014-01-31": "1331.00000", "2013-10-31": "1116.00000", "2013-07-31": "1661.00000", "2013-04-30": "1995.00000", "2013-01-31": "678.00000", "2012-10-31": "558.00000", "2012-07-31": "744.00000", "2012-04-30": "1522.00000", "2012-01-31": "959.00000", "2011-10-31": "1051.00000", "2011-07-31": "1421.00000", "2011-04-30": "1828.00000", "2011-01-31": "892.00000", "2010-10-31": "1174.00000", "2010-07-31": "1622.00000", "2010-04-30": "1929.00000", "2010-01-31": "946.00000", "2009-10-31": "927.00000", "2009-07-31": "1347.00000", "2009-04-30": "1472.10000", "2009-01-31": "547.85100", "2008-10-31": "458.58800", "2008-07-31": "827.83300", "2008-04-30": "896.90000", "2008-01-31": "837.17700", "2007-10-31": "1003.45100", "2007-07-31": "1303.67100", "2007-04-30": "1365.10200", "2007-01-31": "1135.55600", "2006-10-31": "1059.16100", "2006-07-31": "1197.20000", "2006-04-30": "1282.17700", "2006-01-31": "833.87600", "2005-10-31": "697.30400", "2005-07-31": "994.25800", "2005-04-30": "1260.39600", "2005-01-31": "884.62900"}, "Receivables": {"2020-10-31": "128.00000", "2020-07-31": "161.00000", "2020-04-30": "225.00000", "2020-01-31": "655.00000", "2019-10-31": "190.00000", "2019-07-31": "152.00000", "2019-04-30": "265.00000", "2019-01-31": "624.00000", "2018-10-31": "193.00000", "2018-07-31": "137.00000", "2018-04-30": "311.00000", "2018-01-31": "565.00000", "2017-10-31": "177.00000", "2017-07-31": "166.00000", "2017-04-30": "245.00000", "2017-01-31": "562.00000", "2016-10-31": "178.00000", "2016-07-31": "128.00000", "2016-04-30": "218.00000", "2016-01-31": "620.00000", "2015-10-31": "224.00000", "2015-07-31": "175.00000", "2015-04-30": "218.00000", "2015-01-31": "605.00000", "2014-10-31": "231.00000", "2014-07-31": "150.00000", "2014-04-30": "279.00000", "2014-01-31": "658.00000", "2013-10-31": "342.00000", "2013-07-31": "192.00000", "2013-04-30": "313.00000", "2013-01-31": "698.00000", "2012-10-31": "349.00000", "2012-07-31": "195.00000", "2012-04-30": "299.00000", "2012-01-31": "673.00000", "2011-10-31": "305.00000", "2011-07-31": "243.00000", "2011-04-30": "268.00000", "2011-01-31": "604.00000", "2010-10-31": "288.00000", "2010-07-31": "162.00000", "2010-04-30": "205.00000", "2010-01-31": "491.00000", "2009-10-31": "258.00000", "2009-07-31": "202.00000", "2009-04-30": "274.46900", "2009-01-31": "559.27600", "2008-10-31": "300.94600", "2008-07-31": "187.79400", "2008-04-30": "225.50400", "2008-01-31": "376.56300", "2007-10-31": "211.69400", "2007-07-31": "185.86900", "2007-04-30": "191.24700", "2007-01-31": "319.82400", "2006-10-31": "199.37900", "2006-07-31": "152.30100", "2006-04-30": "144.94000", "2006-01-31": "319.49300", "2005-10-31": "144.74600", "2005-07-31": "124.79000", "2005-04-30": "141.72800", "2005-01-31": "307.76500"}, "Inventory": {"2020-10-31": "", "2020-07-31": "", "2020-04-30": "", "2020-01-31": "", "2019-10-31": "", "2019-07-31": "", "2019-04-30": "", "2019-01-31": "", "2018-10-31": "", "2018-07-31": "", "2018-04-30": "", "2018-01-31": "", "2017-10-31": "", "2017-07-31": "", "2017-04-30": "", "2017-01-31": "", "2016-10-31": "", "2016-07-31": "", "2016-04-30": "", "2016-01-31": "", "2015-10-31": "", "2015-07-31": "", "2015-04-30": "", "2015-01-31": "", "2014-10-31": "", "2014-07-31": "", "2014-04-30": "", "2014-01-31": "", "2013-10-31": "", "2013-07-31": "", "2013-04-30": "", "2013-01-31": "", "2012-10-31": "", "2012-07-31": "", "2012-04-30": "", "2012-01-31": "", "2011-10-31": "", "2011-07-31": "", "2011-04-30": "", "2011-01-31": "", "2010-10-31": "", "2010-07-31": "", "2010-04-30": "", "2010-01-31": "", "2009-10-31": "", "2009-07-31": "", "2009-04-30": "", "2009-01-31": "", "2008-10-31": "", "2008-07-31": "", "2008-04-30": "", "2008-01-31": "", "2007-10-31": "", "2007-07-31": "", "2007-04-30": "", "2007-01-31": "", "2006-10-31": "", "2006-07-31": "", "2006-04-30": "", "2006-01-31": "", "2005-10-31": "", "2005-07-31": "", "2005-04-30": "", "2005-01-31": ""}, "Pre-Paid Expenses": {"2020-10-31": "246.00000", "2020-07-31": "314.00000", "2020-04-30": "277.00000", "2020-01-31": "308.00000", "2019-10-31": "304.00000", "2019-07-31": "266.00000", "2019-04-30": "255.00000", "2019-01-31": "253.00000", "2018-10-31": "269.00000", "2018-07-31": "202.00000", "2018-04-30": "179.00000", "2018-01-31": "189.00000", "2017-10-31": "142.00000", "2017-07-31": "100.00000", "2017-04-30": "94.00000", "2017-01-31": "156.00000", "2016-10-31": "153.00000", "2016-07-31": "102.00000", "2016-04-30": "108.00000", "2016-01-31": "110.00000", "2015-10-31": "121.00000", "2015-07-31": "94.00000", "2015-04-30": "100.00000", "2015-01-31": "103.00000", "2014-10-31": "119.00000", "2014-07-31": "115.00000", "2014-04-30": "116.00000", "2014-01-31": "127.00000", "2013-10-31": "142.00000", "2013-07-31": "98.00000", "2013-04-30": "72.00000", "2013-01-31": "110.00000", "2012-10-31": "85.00000", "2012-07-31": "65.00000", "2012-04-30": "65.00000", "2012-01-31": "91.00000", "2011-10-31": "93.00000", "2011-07-31": "82.00000", "2011-04-30": "65.00000", "2011-01-31": "76.00000", "2010-10-31": "77.00000", "2010-07-31": "57.00000", "2010-04-30": "60.00000", "2010-01-31": "86.00000", "2009-10-31": "67.00000", "2009-07-31": "43.00000", "2009-04-30": "53.36800", "2009-01-31": "90.54800", "2008-10-31": "58.24200", "2008-07-31": "45.45700", "2008-04-30": "61.30100", "2008-01-31": "75.72100", "2007-10-31": "72.81400", "2007-07-31": "54.85400", "2007-04-30": "58.89500", "2007-01-31": "100.82400", "2006-10-31": "72.01200", "2006-07-31": "50.93800", "2006-04-30": "79.55300", "2006-01-31": "87.84600", "2005-10-31": "72.07800", "2005-07-31": "60.61000", "2005-04-30": "59.81300", "2005-01-31": "72.37400"}, "Other Current Assets": {"2020-10-31": "484.00000", "2020-07-31": "455.00000", "2020-04-30": "389.00000", "2020-01-31": "461.00000", "2019-10-31": "413.00000", "2019-07-31": "436.00000", "2019-04-30": "383.00000", "2019-01-31": "434.00000", "2018-10-31": "438.00000", "2018-07-31": "367.00000", "2018-04-30": "419.00000", "2018-01-31": "422.00000", "2017-10-31": "319.00000", "2017-07-31": "372.00000", "2017-04-30": "323.00000", "2017-01-31": "324.00000", "2016-10-31": "326.00000", "2016-07-31": "304.00000", "2016-04-30": "372.00000", "2016-01-31": "373.00000", "2015-10-31": "347.00000", "2015-07-31": "337.00000", "2015-04-30": "330.00000", "2015-01-31": "354.00000", "2014-10-31": "358.00000", "2014-07-31": "289.00000", "2014-04-30": "273.00000", "2014-01-31": "290.00000", "2013-10-31": "228.00000", "2013-07-31": "235.00000", "2013-04-30": "184.00000", "2013-01-31": "284.00000", "2012-10-31": "209.00000", "2012-07-31": "290.00000", "2012-04-30": "325.00000", "2012-01-31": "330.00000", "2011-10-31": "321.00000", "2011-07-31": "414.00000", "2011-04-30": "383.00000", "2011-01-31": "337.00000", "2010-10-31": "363.00000", "2010-07-31": "337.00000", "2010-04-30": "275.00000", "2010-01-31": "313.00000", "2009-10-31": "293.00000", "2009-07-31": "272.00000", "2009-04-30": "343.58900", "2009-01-31": "293.68300", "2008-10-31": "327.52600", "2008-07-31": "610.74800", "2008-04-30": "358.00100", "2008-01-31": "533.18000", "2007-10-31": "275.24600", "2007-07-31": "314.34100", "2007-04-30": "259.08600", "2007-01-31": "411.77400", "2006-10-31": "436.21200", "2006-07-31": "357.29900", "2006-04-30": "408.79000", "2006-01-31": "424.00800", "2005-10-31": "345.43200", "2005-07-31": "357.83800", "2005-04-30": "361.23200", "2005-01-31": "330.88600"}, "Total Current Assets": {"2020-10-31": "6651.00000", "2020-07-31": "7980.00000", "2020-04-30": "4862.00000", "2020-01-31": "3690.00000", "2019-10-31": "3162.00000", "2019-07-31": "3594.00000", "2019-04-30": "4249.00000", "2019-01-31": "2644.00000", "2018-10-31": "2232.00000", "2018-07-31": "2422.00000", "2018-04-30": "2845.00000", "2018-01-31": "1902.00000", "2017-10-31": "1415.00000", "2017-07-31": "1415.00000", "2017-04-30": "2255.00000", "2017-01-31": "1679.00000", "2016-10-31": "1262.00000", "2016-07-31": "1614.00000", "2016-04-30": "2311.00000", "2016-01-31": "1467.00000", "2015-10-31": "1427.00000", "2015-07-31": "2560.00000", "2015-04-30": "2867.00000", "2015-01-31": "2578.00000", "2014-10-31": "2437.00000", "2014-07-31": "2621.00000", "2014-04-30": "3438.00000", "2014-01-31": "2541.00000", "2013-10-31": "1950.00000", "2013-07-31": "2396.00000", "2013-04-30": "2700.00000", "2013-01-31": "1912.00000", "2012-10-31": "1334.00000", "2012-07-31": "1523.00000", "2012-04-30": "2330.00000", "2012-01-31": "2174.00000", "2011-10-31": "1880.00000", "2011-07-31": "2254.00000", "2011-04-30": "2644.00000", "2011-01-31": "2024.00000", "2010-10-31": "2010.00000", "2010-07-31": "2295.00000", "2010-04-30": "2577.00000", "2010-01-31": "1916.00000", "2009-10-31": "1636.00000", "2009-07-31": "1968.00000", "2009-04-30": "2219.13300", "2009-01-31": "1569.87000", "2008-10-31": "1235.83600", "2008-07-31": "1773.56200", "2008-04-30": "1628.49200", "2008-01-31": "1909.29400", "2007-10-31": "1651.86800", "2007-07-31": "1951.93200", "2007-04-30": "1933.20700", "2007-01-31": "2023.99400", "2006-10-31": "1817.87800", "2006-07-31": "1817.03000", "2006-04-30": "1977.10700", "2006-01-31": "1716.16300", "2005-10-31": "1341.73600", "2005-07-31": "1614.33900", "2005-04-30": "1891.04000", "2005-01-31": "1625.38200"}, "Property, Plant, And Equipment": {"2020-10-31": "743.00000", "2020-07-31": "734.00000", "2020-04-30": "745.00000", "2020-01-31": "758.00000", "2019-10-31": "773.00000", "2019-07-31": "780.00000", "2019-04-30": "799.00000", "2019-01-31": "810.00000", "2018-10-31": "805.00000", "2018-07-31": "812.00000", "2018-04-30": "950.00000", "2018-01-31": "984.00000", "2017-10-31": "1016.00000", "2017-07-31": "1030.00000", "2017-04-30": "1041.00000", "2017-01-31": "1047.00000", "2016-10-31": "1047.00000", "2016-07-31": "1031.00000", "2016-04-30": "989.00000", "2016-01-31": "980.00000", "2015-10-31": "701.00000", "2015-07-31": "682.00000", "2015-04-30": "671.00000", "2015-01-31": "643.00000", "2014-10-31": "629.00000", "2014-07-31": "589.00000", "2014-04-30": "566.00000", "2014-01-31": "573.00000", "2013-10-31": "563.00000", "2013-07-31": "555.00000", "2013-04-30": "588.00000", "2013-01-31": "599.00000", "2012-10-31": "595.00000", "2012-07-31": "543.00000", "2012-04-30": "555.00000", "2012-01-31": "564.00000", "2011-10-31": "560.00000", "2011-07-31": "561.00000", "2011-04-30": "565.00000", "2011-01-31": "576.00000", "2010-10-31": "547.00000", "2010-07-31": "510.00000", "2010-04-30": "518.00000", "2010-01-31": "518.00000", "2009-10-31": "522.00000", "2009-07-31": "527.00000", "2009-04-30": "535.60300", "2009-01-31": "539.85400", "2008-10-31": "533.42700", "2008-07-31": "507.49900", "2008-04-30": "469.67500", "2008-01-31": "384.70000", "2007-10-31": "346.36900", "2007-07-31": "298.39600", "2007-04-30": "254.12800", "2007-01-31": "205.37700", "2006-10-31": "201.70000", "2006-07-31": "193.61700", "2006-04-30": "197.49500", "2006-01-31": "211.58200", "2005-10-31": "210.97400", "2005-07-31": "208.54800", "2005-04-30": "217.80100", "2005-01-31": "226.54200"}, "Long-Term Investments": {"2020-10-31": "28.00000", "2020-07-31": "19.00000", "2020-04-30": "19.00000", "2020-01-31": "13.00000", "2019-10-31": "13.00000", "2019-07-31": "13.00000", "2019-04-30": "13.00000", "2019-01-31": "13.00000", "2018-10-31": "13.00000", "2018-07-31": "13.00000", "2018-04-30": "28.00000", "2018-01-31": "28.00000", "2017-10-31": "31.00000", "2017-07-31": "31.00000", "2017-04-30": "28.00000", "2017-01-31": "28.00000", "2016-10-31": "28.00000", "2016-07-31": "28.00000", "2016-04-30": "28.00000", "2016-01-31": "28.00000", "2015-10-31": "28.00000", "2015-07-31": "27.00000", "2015-04-30": "32.00000", "2015-01-31": "35.00000", "2014-10-31": "31.00000", "2014-07-31": "31.00000", "2014-04-30": "31.00000", "2014-01-31": "45.00000", "2013-10-31": "45.00000", "2013-07-31": "83.00000", "2013-04-30": "88.00000", "2013-01-31": "88.00000", "2012-10-31": "75.00000", "2012-07-31": "75.00000", "2012-04-30": "90.00000", "2012-01-31": "59.00000", "2011-10-31": "59.00000", "2011-07-31": "63.00000", "2011-04-30": "81.00000", "2011-01-31": "89.00000", "2010-10-31": "89.00000", "2010-07-31": "91.00000", "2010-04-30": "92.00000", "2010-01-31": "92.00000", "2009-10-31": "92.00000", "2009-07-31": "97.00000", "2009-04-30": "268.39500", "2009-01-31": "254.32700", "2008-10-31": "288.35400", "2008-07-31": "288.31000", "2008-04-30": "295.45900", "2008-01-31": "", "2007-10-31": "", "2007-07-31": "", "2007-04-30": "", "2007-01-31": "", "2006-10-31": "", "2006-07-31": "", "2006-04-30": "", "2006-01-31": "", "2005-10-31": "", "2005-07-31": "", "2005-04-30": "", "2005-01-31": ""}, "Goodwill And Intangible Assets": {"2020-10-31": "1760.00000", "2020-07-31": "1682.00000", "2020-04-30": "1687.00000", "2020-01-31": "1696.00000", "2019-10-31": "1704.00000", "2019-07-31": "1709.00000", "2019-04-30": "1654.00000", "2019-01-31": "1660.00000", "2018-10-31": "1665.00000", "2018-07-31": "1672.00000", "2018-04-30": "1681.00000", "2018-01-31": "1690.00000", "2017-10-31": "1312.00000", "2017-07-31": "1317.00000", "2017-04-30": "1321.00000", "2017-01-31": "1327.00000", "2016-10-31": "1332.00000", "2016-07-31": "1326.00000", "2016-04-30": "1339.00000", "2016-01-31": "1345.00000", "2015-10-31": "1351.00000", "2015-07-31": "1353.00000", "2015-04-30": "1615.00000", "2015-01-31": "1875.00000", "2014-10-31": "1825.00000", "2014-07-31": "1456.00000", "2014-04-30": "1468.00000", "2014-01-31": "1453.00000", "2013-10-31": "1408.00000", "2013-07-31": "1395.00000", "2013-04-30": "2324.00000", "2013-01-31": "2378.00000", "2012-10-31": "2392.00000", "2012-07-31": "1493.00000", "2012-04-30": "2021.00000", "2012-01-31": "2020.00000", "2011-10-31": "2037.00000", "2011-07-31": "2066.00000", "2011-04-30": "2113.00000", "2011-01-31": "2133.00000", "2010-10-31": "2153.00000", "2010-07-31": "2170.00000", "2010-04-30": "2105.00000", "2010-01-31": "2122.00000", "2009-10-31": "2082.00000", "2009-07-31": "2045.00000", "2009-04-30": "1896.32300", "2009-01-31": "1912.80500", "2008-10-31": "1942.02000", "2008-07-31": "1971.17400", "2008-04-30": "1988.56100", "2008-01-31": "1901.46700", "2007-10-31": "1790.24900", "2007-07-31": "1809.92000", "2007-04-30": "1895.50500", "2007-01-31": "612.37300", "2006-10-31": "618.51600", "2006-07-31": "507.81000", "2006-04-30": "592.19100", "2006-01-31": "597.06600", "2005-10-31": "581.49500", "2005-07-31": "579.17700", "2005-04-30": "739.93400", "2005-01-31": "749.52500"}, "Other Long-Term Assets": {"2020-10-31": "233.00000", "2020-07-31": "225.00000", "2020-04-30": "231.00000", "2020-01-31": "247.00000", "2019-10-31": "224.00000", "2019-07-31": "186.00000", "2019-04-30": "202.00000", "2019-01-31": "208.00000", "2018-10-31": "213.00000", "2018-07-31": "215.00000", "2018-04-30": "155.00000", "2018-01-31": "162.00000", "2017-10-31": "146.00000", "2017-07-31": "143.00000", "2017-04-30": "141.00000", "2017-01-31": "120.00000", "2016-10-31": "113.00000", "2016-07-31": "112.00000", "2016-04-30": "108.00000", "2016-01-31": "103.00000", "2015-10-31": "107.00000", "2015-07-31": "106.00000", "2015-04-30": "110.00000", "2015-01-31": "114.00000", "2014-10-31": "116.00000", "2014-07-31": "108.00000", "2014-04-30": "107.00000", "2014-01-31": "106.00000", "2013-10-31": "102.00000", "2013-07-31": "102.00000", "2013-04-30": "110.00000", "2013-01-31": "112.00000", "2012-10-31": "98.00000", "2012-07-31": "94.00000", "2012-04-30": "102.00000", "2012-01-31": "104.00000", "2011-10-31": "106.00000", "2011-07-31": "111.00000", "2011-04-30": "111.00000", "2011-01-31": "109.00000", "2010-10-31": "99.00000", "2010-07-31": "91.00000", "2010-04-30": "91.00000", "2010-01-31": "87.00000", "2009-10-31": "81.00000", "2009-07-31": "77.00000", "2009-04-30": "76.94800", "2009-01-31": "76.77800", "2008-10-31": "78.46500", "2008-07-31": "73.54800", "2008-04-30": "62.70200", "2008-01-31": "70.17400", "2007-10-31": "66.09700", "2007-07-31": "67.50100", "2007-04-30": "58.03700", "2007-01-31": "48.03200", "2006-10-31": "46.00600", "2006-07-31": "40.39200", "2006-04-30": "35.25000", "2006-01-31": "35.65100", "2005-10-31": "32.88900", "2005-07-31": "30.07800", "2005-04-30": "27.86700", "2005-01-31": "22.77800"}, "Total Long-Term Assets": {"2020-10-31": "3056.00000", "2020-07-31": "2951.00000", "2020-04-30": "2902.00000", "2020-01-31": "3011.00000", "2019-10-31": "3021.00000", "2019-07-31": "2689.00000", "2019-04-30": "2668.00000", "2019-01-31": "2691.00000", "2018-10-31": "2696.00000", "2018-07-31": "2712.00000", "2018-04-30": "2942.00000", "2018-01-31": "2996.00000", "2017-10-31": "2649.00000", "2017-07-31": "2653.00000", "2017-04-30": "2714.00000", "2017-01-31": "2694.00000", "2016-10-31": "2671.00000", "2016-07-31": "2636.00000", "2016-04-30": "2629.00000", "2016-01-31": "2882.00000", "2015-10-31": "2406.00000", "2015-07-31": "2408.00000", "2015-04-30": "2428.00000", "2015-01-31": "2667.00000", "2014-10-31": "2601.00000", "2014-07-31": "2580.00000", "2014-04-30": "2172.00000", "2014-01-31": "2177.00000", "2013-10-31": "2118.00000", "2013-07-31": "3090.00000", "2013-04-30": "3110.00000", "2013-01-31": "3177.00000", "2012-10-31": "3160.00000", "2012-07-31": "3161.00000", "2012-04-30": "2786.00000", "2012-01-31": "2788.00000", "2011-10-31": "2803.00000", "2011-07-31": "2856.00000", "2011-04-30": "2923.00000", "2011-01-31": "2955.00000", "2010-10-31": "2933.00000", "2010-07-31": "2903.00000", "2010-04-30": "2850.00000", "2010-01-31": "2862.00000", "2009-10-31": "2818.00000", "2009-07-31": "2858.00000", "2009-04-30": "2813.84200", "2009-01-31": "2820.13800", "2008-10-31": "2869.91400", "2008-07-31": "2893.02200", "2008-04-30": "2919.94100", "2008-01-31": "2462.56200", "2007-10-31": "2299.82900", "2007-07-31": "2300.09400", "2007-04-30": "2280.14900", "2007-01-31": "1010.00500", "2006-10-31": "1017.28100", "2006-07-31": "952.99710", "2006-04-30": "981.67900", "2006-01-31": "978.11210", "2005-10-31": "1100.63000", "2005-07-31": "1102.11200", "2005-04-30": "1137.74400", "2005-01-31": "1150.43700"}, "Total Assets": {"2020-10-31": "9707.00000", "2020-07-31": "10931.00000", "2020-04-30": "7764.00000", "2020-01-31": "6701.00000", "2019-10-31": "6183.00000", "2019-07-31": "6283.00000", "2019-04-30": "6917.00000", "2019-01-31": "5335.00000", "2018-10-31": "4928.00000", "2018-07-31": "5134.00000", "2018-04-30": "5787.00000", "2018-01-31": "4898.00000", "2017-10-31": "4064.00000", "2017-07-31": "4068.00000", "2017-04-30": "4969.00000", "2017-01-31": "4373.00000", "2016-10-31": "3933.00000", "2016-07-31": "4250.00000", "2016-04-30": "4940.00000", "2016-01-31": "4349.00000", "2015-10-31": "3833.00000", "2015-07-31": "4968.00000", "2015-04-30": "5295.00000", "2015-01-31": "5245.00000", "2014-10-31": "5038.00000", "2014-07-31": "5201.00000", "2014-04-30": "5610.00000", "2014-01-31": "4718.00000", "2013-10-31": "4068.00000", "2013-07-31": "5486.00000", "2013-04-30": "5810.00000", "2013-01-31": "5089.00000", "2012-10-31": "4494.00000", "2012-07-31": "4684.00000", "2012-04-30": "5116.00000", "2012-01-31": "4962.00000", "2011-10-31": "4683.00000", "2011-07-31": "5110.00000", "2011-04-30": "5567.00000", "2011-01-31": "4979.00000", "2010-10-31": "4943.00000", "2010-07-31": "5198.00000", "2010-04-30": "5427.00000", "2010-01-31": "4778.00000", "2009-10-31": "4454.00000", "2009-07-31": "4826.00000", "2009-04-30": "5032.97500", "2009-01-31": "4390.00800", "2008-10-31": "4105.75000", "2008-07-31": "4666.58400", "2008-04-30": "4548.43300", "2008-01-31": "4371.85600", "2007-10-31": "3951.69700", "2007-07-31": "4252.02600", "2007-04-30": "4213.35600", "2007-01-31": "3033.99900", "2006-10-31": "2835.15900", "2006-07-31": "2770.02700", "2006-04-30": "2958.78600", "2006-01-31": "2694.27500", "2005-10-31": "2442.36600", "2005-07-31": "2716.45100", "2005-04-30": "3028.78400", "2005-01-31": "2775.81900"}, "Total Current Liabilities": {"2020-10-31": "2152.00000", "2020-07-31": "3529.00000", "2020-04-30": "2713.00000", "2020-01-31": "2204.00000", "2019-10-31": "1757.00000", "2019-07-31": "1966.00000", "2019-04-30": "2291.00000", "2019-01-31": "2001.00000", "2018-10-31": "1586.00000", "2018-07-31": "1743.00000", "2018-04-30": "2703.00000", "2018-01-31": "3032.00000", "2017-10-31": "2117.00000", "2017-07-31": "1944.00000", "2017-04-30": "2494.00000", "2017-01-31": "2803.00000", "2016-10-31": "2181.00000", "2016-07-31": "2251.00000", "2016-04-30": "2865.00000", "2016-01-31": "2349.00000", "2015-10-31": "1887.00000", "2015-07-31": "1744.00000", "2015-04-30": "2126.00000", "2015-01-31": "2109.00000", "2014-10-31": "1360.00000", "2014-07-31": "1421.00000", "2014-04-30": "1683.00000", "2014-01-31": "1790.00000", "2013-10-31": "1153.00000", "2013-07-31": "1280.00000", "2013-04-30": "1546.00000", "2013-01-31": "1596.00000", "2012-10-31": "1074.00000", "2012-07-31": "1265.00000", "2012-04-30": "1587.00000", "2012-01-31": "2053.00000", "2011-10-31": "1636.00000", "2011-07-31": "1805.00000", "2011-04-30": "2044.00000", "2011-01-31": "1504.00000", "2010-10-31": "1136.00000", "2010-07-31": "1221.00000", "2010-04-30": "1407.00000", "2010-01-31": "1354.00000", "2009-10-31": "1020.00000", "2009-07-31": "1084.00000", "2009-04-30": "1309.13800", "2009-01-31": "1236.26000", "2008-10-31": "1027.73800", "2008-07-31": "1467.23800", "2008-04-30": "1389.59500", "2008-01-31": "1426.96300", "2007-10-31": "997.64600", "2007-07-31": "1160.10900", "2007-04-30": "1229.60900", "2007-01-31": "1190.99400", "2006-10-31": "1020.97300", "2006-07-31": "1015.97400", "2006-04-30": "1270.14200", "2006-01-31": "1123.85800", "2005-10-31": "924.82900", "2005-07-31": "1003.40400", "2005-04-30": "1169.91400", "2005-01-31": "1044.85100"}, "Long Term Debt": {"2020-10-31": "2032.00000", "2020-07-31": "2031.00000", "2020-04-30": "48.00000", "2020-01-31": "373.00000", "2019-10-31": "373.00000", "2019-07-31": "386.00000", "2019-04-30": "398.00000", "2019-01-31": "363.00000", "2018-10-31": "375.00000", "2018-07-31": "388.00000", "2018-04-30": "400.00000", "2018-01-31": "413.00000", "2017-10-31": "425.00000", "2017-07-31": "438.00000", "2017-04-30": "450.00000", "2017-01-31": "463.00000", "2016-10-31": "475.00000", "2016-07-31": "488.00000", "2016-04-30": "500.00000", "2016-01-31": "1000.00000", "2015-10-31": "500.00000", "2015-07-31": "500.00000", "2015-04-30": "499.00000", "2015-01-31": "499.00000", "2014-10-31": "499.00000", "2014-07-31": "499.00000", "2014-04-30": "499.00000", "2014-01-31": "499.00000", "2013-10-31": "499.00000", "2013-07-31": "499.00000", "2013-04-30": "499.00000", "2013-01-31": "499.00000", "2012-10-31": "499.00000", "2012-07-31": "499.00000", "2012-04-30": "499.00000", "2012-01-31": "499.00000", "2011-10-31": "499.00000", "2011-07-31": "499.00000", "2011-04-30": "498.00000", "2011-01-31": "998.00000", "2010-10-31": "998.00000", "2010-07-31": "998.00000", "2010-04-30": "998.00000", "2010-01-31": "998.00000", "2009-10-31": "998.00000", "2009-07-31": "998.00000", "2009-04-30": "998.13600", "2009-01-31": "998.08900", "2008-10-31": "998.04200", "2008-07-31": "997.99600", "2008-04-30": "997.95100", "2008-01-31": "997.90600", "2007-10-31": "997.86300", "2007-07-31": "997.81900", "2007-04-30": "997.77700", "2007-01-31": "18.37800", "2006-10-31": "14.94800", "2006-07-31": "", "2006-04-30": "15.70900", "2006-01-31": "16.51500", "2005-10-31": "16.69300", "2005-07-31": "17.30800", "2005-04-30": "17.70500", "2005-01-31": "16.16800"}, "Other Non-Current Liabilities": {"2020-10-31": "50.00000", "2020-07-31": "44.00000", "2020-04-30": "26.00000", "2020-01-31": "56.00000", "2019-10-31": "55.00000", "2019-07-31": "145.00000", "2019-04-30": "145.00000", "2019-01-31": "124.00000", "2018-10-31": "120.00000", "2018-07-31": "119.00000", "2018-04-30": "147.00000", "2018-01-31": "126.00000", "2017-10-31": "128.00000", "2017-07-31": "130.00000", "2017-04-30": "150.00000", "2017-01-31": "144.00000", "2016-10-31": "144.00000", "2016-07-31": "146.00000", "2016-04-30": "153.00000", "2016-01-31": "138.00000", "2015-10-31": "184.00000", "2015-07-31": "172.00000", "2015-04-30": "204.00000", "2015-01-31": "200.00000", "2014-10-31": "200.00000", "2014-07-31": "166.00000", "2014-04-30": "190.00000", "2014-01-31": "194.00000", "2013-10-31": "192.00000", "2013-07-31": "167.00000", "2013-04-30": "195.00000", "2013-01-31": "202.00000", "2012-10-31": "176.00000", "2012-07-31": "166.00000", "2012-04-30": "195.00000", "2012-01-31": "187.00000", "2011-10-31": "187.00000", "2011-07-31": "190.00000", "2011-04-30": "204.00000", "2011-01-31": "205.00000", "2010-10-31": "194.00000", "2010-07-31": "158.00000", "2010-04-30": "164.00000", "2010-01-31": "170.00000", "2009-10-31": "164.00000", "2009-07-31": "", "2009-04-30": "125.81400", "2009-01-31": "120.06400", "2008-10-31": "125.76300", "2008-07-31": "", "2008-04-30": "104.28300", "2008-01-31": "100.52700", "2007-10-31": "95.42400", "2007-07-31": "", "2007-04-30": "41.68100", "2007-01-31": "", "2006-10-31": "", "2006-07-31": "", "2006-04-30": "", "2006-01-31": "", "2005-10-31": "", "2005-07-31": "", "2005-04-30": "", "2005-01-31": ""}, "Total Long Term Liabilities": {"2020-10-31": "2310.00000", "2020-07-31": "2296.00000", "2020-04-30": "311.00000", "2020-01-31": "770.00000", "2019-10-31": "793.00000", "2019-07-31": "568.00000", "2019-04-30": "556.00000", "2019-01-31": "538.00000", "2018-10-31": "560.00000", "2018-07-31": "575.00000", "2018-04-30": "720.00000", "2018-01-31": "709.00000", "2017-10-31": "744.00000", "2017-07-31": "770.00000", "2017-04-30": "778.00000", "2017-01-31": "785.00000", "2016-10-31": "816.00000", "2016-07-31": "838.00000", "2016-04-30": "827.00000", "2016-01-31": "1359.00000", "2015-10-31": "895.00000", "2015-07-31": "892.00000", "2015-04-30": "848.00000", "2015-01-31": "782.00000", "2014-10-31": "751.00000", "2014-07-31": "702.00000", "2014-04-30": "689.00000", "2014-01-31": "693.00000", "2013-10-31": "691.00000", "2013-07-31": "675.00000", "2013-04-30": "694.00000", "2013-01-31": "701.00000", "2012-10-31": "675.00000", "2012-07-31": "675.00000", "2012-04-30": "694.00000", "2012-01-31": "686.00000", "2011-10-31": "686.00000", "2011-07-31": "689.00000", "2011-04-30": "702.00000", "2011-01-31": "1203.00000", "2010-10-31": "1192.00000", "2010-07-31": "1156.00000", "2010-04-30": "1162.00000", "2010-01-31": "1168.00000", "2009-10-31": "1162.00000", "2009-07-31": "1185.00000", "2009-04-30": "1125.31800", "2009-01-31": "1119.74500", "2008-10-31": "1130.98700", "2008-07-31": "1126.39200", "2008-04-30": "1108.41400", "2008-01-31": "1102.37100", "2007-10-31": "1095.24100", "2007-07-31": "1056.90400", "2007-04-30": "1040.42500", "2007-01-31": "19.35600", "2006-10-31": "15.76200", "2006-07-31": "15.96700", "2006-04-30": "15.70900", "2006-01-31": "16.51500", "2005-10-31": "16.91400", "2005-07-31": "17.54800", "2005-04-30": "17.70500", "2005-01-31": "16.16800"}, "Total Liabilities": {"2020-10-31": "4462.00000", "2020-07-31": "5825.00000", "2020-04-30": "3024.00000", "2020-01-31": "2974.00000", "2019-10-31": "2550.00000", "2019-07-31": "2534.00000", "2019-04-30": "2847.00000", "2019-01-31": "2539.00000", "2018-10-31": "2146.00000", "2018-07-31": "2318.00000", "2018-04-30": "3423.00000", "2018-01-31": "3741.00000", "2017-10-31": "2861.00000", "2017-07-31": "2714.00000", "2017-04-30": "3272.00000", "2017-01-31": "3588.00000", "2016-10-31": "2997.00000", "2016-07-31": "3089.00000", "2016-04-30": "3692.00000", "2016-01-31": "3708.00000", "2015-10-31": "2782.00000", "2015-07-31": "2636.00000", "2015-04-30": "2974.00000", "2015-01-31": "2891.00000", "2014-10-31": "2111.00000", "2014-07-31": "2123.00000", "2014-04-30": "2372.00000", "2014-01-31": "2483.00000", "2013-10-31": "1844.00000", "2013-07-31": "1955.00000", "2013-04-30": "2240.00000", "2013-01-31": "2297.00000", "2012-10-31": "1749.00000", "2012-07-31": "1940.00000", "2012-04-30": "2281.00000", "2012-01-31": "2739.00000", "2011-10-31": "2322.00000", "2011-07-31": "2494.00000", "2011-04-30": "2746.00000", "2011-01-31": "2707.00000", "2010-10-31": "2328.00000", "2010-07-31": "2377.00000", "2010-04-30": "2569.00000", "2010-01-31": "2522.00000", "2009-10-31": "2182.00000", "2009-07-31": "2269.00000", "2009-04-30": "2434.45600", "2009-01-31": "2356.00500", "2008-10-31": "2158.72500", "2008-07-31": "2593.63000", "2008-04-30": "2498.00900", "2008-01-31": "2529.33400", "2007-10-31": "2092.88700", "2007-07-31": "2217.01300", "2007-04-30": "2270.03400", "2007-01-31": "1210.35000", "2006-10-31": "1036.73500", "2006-07-31": "1031.94100", "2006-04-30": "1285.85100", "2006-01-31": "1140.37300", "2005-10-31": "941.74300", "2005-07-31": "1020.95200", "2005-04-30": "1187.61900", "2005-01-31": "1061.01900"}, "Common Stock Net": {"2020-10-31": "6283.00000", "2020-07-31": "6182.00000", "2020-04-30": "6132.00000", "2020-01-31": "6014.00000", "2019-10-31": "5881.00000", "2019-07-31": "3.00000", "2019-04-30": "5782.00000", "2019-01-31": "5623.00000", "2018-10-31": "5501.00000", "2018-07-31": "3.00000", "2018-04-30": "5289.00000", "2018-01-31": "5151.00000", "2017-10-31": "4999.00000", "2017-07-31": "3.00000", "2017-04-30": "4787.00000", "2017-01-31": "4660.00000", "2016-10-31": "4540.00000", "2016-07-31": "3.00000", "2016-04-30": "4334.00000", "2016-01-31": "4226.00000", "2015-10-31": "4114.00000", "2015-07-31": "3.00000", "2015-04-30": "3925.00000", "2015-01-31": "3822.00000", "2014-10-31": "3687.00000", "2014-07-31": "3.00000", "2014-04-30": "3471.00000", "2014-01-31": "3376.00000", "2013-10-31": "2995.00000", "2013-07-31": "3.00000", "2013-04-30": "3245.00000", "2013-01-31": "3186.00000", "2012-10-31": "3114.00000", "2012-07-31": "3.00000", "2012-04-30": "3007.00000", "2012-01-31": "2975.00000", "2011-10-31": "2919.00000", "2011-07-31": "3.00000", "2011-04-30": "2835.00000", "2011-01-31": "2820.00000", "2010-10-31": "2762.00000", "2010-07-31": "3.00000", "2010-04-30": "2668.00000", "2010-01-31": "2599.00000", "2009-10-31": "2565.00000", "2009-07-31": "3.00000", "2009-04-30": "2495.22000", "2009-01-31": "2457.07600", "2008-10-31": "2428.54800", "2008-07-31": "3.22600", "2008-04-30": "2371.91000", "2008-01-31": "2339.36000", "2007-10-31": "2291.74000", "2007-07-31": "3.39100", "2007-04-30": "2207.66500", "2007-01-31": "2170.71500", "2006-10-31": "2139.99800", "2006-07-31": "3.44200", "2006-04-30": "2063.33300", "2006-01-31": "2029.14200", "2005-10-31": "1984.77700", "2005-07-31": "1.79300", "2005-04-30": "1963.37800", "2005-01-31": "1958.24900"}, "Retained Earnings (Accumulated Deficit)": {"2020-10-31": "10926.00000", "2020-07-31": "10885.00000", "2020-04-30": "10581.00000", "2020-01-31": "9637.00000", "2019-10-31": "9537.00000", "2019-07-31": "9621.00000", "2019-04-30": "9789.00000", "2019-01-31": "8537.00000", "2018-10-31": "8472.00000", "2018-07-31": "8564.00000", "2018-04-30": "8155.00000", "2018-01-31": "7057.00000", "2017-10-31": "7180.00000", "2017-07-31": "7297.00000", "2017-04-30": "7363.00000", "2017-01-31": "6488.00000", "2016-10-31": "6564.00000", "2016-07-31": "6687.00000", "2016-04-30": "6805.00000", "2016-01-31": "5857.00000", "2015-10-31": "5914.00000", "2015-07-31": "6027.00000", "2015-04-30": "6082.00000", "2015-01-31": "5652.00000", "2014-10-31": "5791.00000", "2014-07-31": "5949.00000", "2014-04-30": "6033.00000", "2014-01-31": "5103.00000", "2013-10-31": "5196.00000", "2013-07-31": "5262.00000", "2013-04-30": "5334.00000", "2013-01-31": "4563.00000", "2012-10-31": "4543.00000", "2012-07-31": "4612.00000", "2012-04-30": "4677.00000", "2012-01-31": "3991.00000", "2011-10-31": "3917.00000", "2011-07-31": "4031.00000", "2011-04-30": "4088.00000", "2011-01-31": "3400.00000", "2010-10-31": "3327.00000", "2010-07-31": "3397.00000", "2010-04-30": "3445.00000", "2010-01-31": "2869.00000", "2009-10-31": "2759.00000", "2009-07-31": "2849.00000", "2009-04-30": "2926.15100", "2009-01-31": "2445.89400", "2008-10-31": "2370.17300", "2008-07-31": "2443.98200", "2008-04-30": "2509.36100", "2008-01-31": "2068.30200", "2007-10-31": "1959.08900", "2007-07-31": "1984.88500", "2007-04-30": "2019.61400", "2007-01-31": "1654.30800", "2006-10-31": "1523.04900", "2006-07-31": "1588.12400", "2006-04-30": "1640.57600", "2006-01-31": "1372.38400", "2005-10-31": "1238.52700", "2005-07-31": "1291.48700", "2005-04-30": "1332.72600", "2005-01-31": "1044.35600"}, "Comprehensive Income": {"2020-10-31": "-35.00000", "2020-07-31": "-32.00000", "2020-04-30": "-44.00000", "2020-01-31": "-35.00000", "2019-10-31": "-35.00000", "2019-07-31": "-36.00000", "2019-04-30": "-38.00000", "2019-01-31": "-36.00000", "2018-10-31": "-40.00000", "2018-07-31": "-36.00000", "2018-04-30": "-30.00000", "2018-01-31": "-20.00000", "2017-10-31": "-28.00000", "2017-07-31": "-22.00000", "2017-04-30": "-36.00000", "2017-01-31": "-34.00000", "2016-10-31": "-37.00000", "2016-07-31": "-32.00000", "2016-04-30": "-26.00000", "2016-01-31": "-42.00000", "2015-10-31": "-32.00000", "2015-07-31": "-30.00000", "2015-04-30": "-20.00000", "2015-01-31": "-22.00000", "2014-10-31": "-7.00000", "2014-07-31": "-2.00000", "2014-04-30": "12.00000", "2014-01-31": "10.00000", "2013-10-31": "19.00000", "2013-07-31": "20.00000", "2013-04-30": "29.00000", "2013-01-31": "29.00000", "2012-10-31": "29.00000", "2012-07-31": "25.00000", "2012-04-30": "29.00000", "2012-01-31": "9.00000", "2011-10-31": "9.00000", "2011-07-31": "15.00000", "2011-04-30": "15.00000", "2011-01-31": "11.00000", "2010-10-31": "12.00000", "2010-07-31": "11.00000", "2010-04-30": "11.00000", "2010-01-31": "8.00000", "2009-10-31": "7.00000", "2009-07-31": "7.00000", "2009-04-30": "2.53900", "2009-01-31": "-8.28600", "2008-10-31": "1.15500", "2008-07-31": "7.72200", "2008-04-30": "8.13800", "2008-01-31": "9.16900", "2007-10-31": "8.71100", "2007-07-31": "6.09600", "2007-04-30": "3.85800", "2007-01-31": "13.79000", "2006-10-31": "1.79900", "2006-07-31": "1.08400", "2006-04-30": "2.48200", "2006-01-31": "1.31200", "2005-10-31": "1.29100", "2005-07-31": "0.17400", "2005-04-30": "-1.69600", "2005-01-31": "-0.70200"}, "Other Share Holders Equity": {"2020-10-31": "", "2020-07-31": "", "2020-04-30": "", "2020-01-31": "", "2019-10-31": "", "2019-07-31": "", "2019-04-30": "", "2019-01-31": "", "2018-10-31": "", "2018-07-31": "", "2018-04-30": "", "2018-01-31": "", "2017-10-31": "", "2017-07-31": "", "2017-04-30": "", "2017-01-31": "", "2016-10-31": "", "2016-07-31": "", "2016-04-30": "", "2016-01-31": "", "2015-10-31": "", "2015-07-31": "", "2015-04-30": "", "2015-01-31": "", "2014-10-31": "", "2014-07-31": "", "2014-04-30": "", "2014-01-31": "", "2013-10-31": "", "2013-07-31": "", "2013-04-30": "", "2013-01-31": "", "2012-10-31": "", "2012-07-31": "", "2012-04-30": "", "2012-01-31": "", "2011-10-31": "", "2011-07-31": "", "2011-04-30": "", "2011-01-31": "", "2010-10-31": "", "2010-07-31": "", "2010-04-30": "", "2010-01-31": "", "2009-10-31": "", "2009-07-31": "", "2009-04-30": "", "2009-01-31": "", "2008-10-31": "", "2008-07-31": "", "2008-04-30": "", "2008-01-31": "", "2007-10-31": "", "2007-07-31": "", "2007-04-30": "", "2007-01-31": "", "2006-10-31": "", "2006-07-31": "", "2006-04-30": "", "2006-01-31": "", "2005-10-31": "", "2005-07-31": "", "2005-04-30": "", "2005-01-31": ""}, "Share Holder Equity": {"2020-10-31": "5245.00000", "2020-07-31": "5106.00000", "2020-04-30": "4740.00000", "2020-01-31": "3727.00000", "2019-10-31": "3633.00000", "2019-07-31": "3749.00000", "2019-04-30": "4070.00000", "2019-01-31": "2796.00000", "2018-10-31": "2782.00000", "2018-07-31": "2816.00000", "2018-04-30": "2364.00000", "2018-01-31": "1157.00000", "2017-10-31": "1203.00000", "2017-07-31": "1354.00000", "2017-04-30": "1697.00000", "2017-01-31": "785.00000", "2016-10-31": "936.00000", "2016-07-31": "1161.00000", "2016-04-30": "1248.00000", "2016-01-31": "641.00000", "2015-10-31": "1051.00000", "2015-07-31": "2332.00000", "2015-04-30": "2321.00000", "2015-01-31": "2354.00000", "2014-10-31": "2927.00000", "2014-07-31": "3078.00000", "2014-04-30": "3238.00000", "2014-01-31": "2235.00000", "2013-10-31": "2224.00000", "2013-07-31": "3531.00000", "2013-04-30": "3570.00000", "2013-01-31": "2792.00000", "2012-10-31": "2745.00000", "2012-07-31": "2744.00000", "2012-04-30": "2835.00000", "2012-01-31": "2223.00000", "2011-10-31": "2361.00000", "2011-07-31": "2616.00000", "2011-04-30": "2821.00000", "2011-01-31": "2272.00000", "2010-10-31": "2615.00000", "2010-07-31": "2821.00000", "2010-04-30": "2858.00000", "2010-01-31": "2256.00000", "2009-10-31": "2272.00000", "2009-07-31": "2557.00000", "2009-04-30": "2598.51900", "2009-01-31": "2034.00300", "2008-10-31": "1947.02500", "2008-07-31": "2072.95400", "2008-04-30": "2050.42400", "2008-01-31": "1842.52200", "2007-10-31": "1858.81000", "2007-07-31": "2035.01300", "2007-04-30": "1943.32200", "2007-01-31": "1823.64900", "2006-10-31": "1798.42400", "2006-07-31": "1738.08600", "2006-04-30": "1672.93500", "2006-01-31": "1553.90200", "2005-10-31": "1500.62300", "2005-07-31": "1695.49900", "2005-04-30": "1841.16500", "2005-01-31": "1714.80000"}, "Total Liabilities And Share Holders Equity": {"2020-10-31": "9707.00000", "2020-07-31": "10931.00000", "2020-04-30": "7764.00000", "2020-01-31": "6701.00000", "2019-10-31": "6183.00000", "2019-07-31": "6283.00000", "2019-04-30": "6917.00000", "2019-01-31": "5335.00000", "2018-10-31": "4928.00000", "2018-07-31": "5134.00000", "2018-04-30": "5787.00000", "2018-01-31": "4898.00000", "2017-10-31": "4064.00000", "2017-07-31": "4068.00000", "2017-04-30": "4969.00000", "2017-01-31": "4373.00000", "2016-10-31": "3933.00000", "2016-07-31": "4250.00000", "2016-04-30": "4940.00000", "2016-01-31": "4349.00000", "2015-10-31": "3833.00000", "2015-07-31": "4968.00000", "2015-04-30": "5295.00000", "2015-01-31": "5245.00000", "2014-10-31": "5038.00000", "2014-07-31": "5201.00000", "2014-04-30": "5610.00000", "2014-01-31": "4718.00000", "2013-10-31": "4068.00000", "2013-07-31": "5486.00000", "2013-04-30": "5810.00000", "2013-01-31": "5089.00000", "2012-10-31": "4494.00000", "2012-07-31": "4684.00000", "2012-04-30": "5116.00000", "2012-01-31": "4962.00000", "2011-10-31": "4683.00000", "2011-07-31": "5110.00000", "2011-04-30": "5567.00000", "2011-01-31": "4979.00000", "2010-10-31": "4943.00000", "2010-07-31": "5198.00000", "2010-04-30": "5427.00000", "2010-01-31": "4778.00000", "2009-10-31": "4454.00000", "2009-07-31": "4826.00000", "2009-04-30": "5032.97500", "2009-01-31": "4390.00800", "2008-10-31": "4105.75000", "2008-07-31": "4666.58400", "2008-04-30": "4548.43300", "2008-01-31": "4371.85600", "2007-10-31": "3951.69700", "2007-07-31": "4252.02600", "2007-04-30": "4213.35600", "2007-01-31": "3033.99900", "2006-10-31": "2835.15900", "2006-07-31": "2770.02700", "2006-04-30": "2958.78600", "2006-01-31": "2694.27500", "2005-10-31": "2442.36600", "2005-07-31": "2716.45100", "2005-04-30": "3028.78400", "2005-01-31": "2775.81900"}}, "cash flow statement": {"Net Income/Loss": {"2020-07-31": "1826.00000", "2019-07-31": "1557.00000", "2018-07-31": "1329.00000", "2017-07-31": "985.00000", "2016-07-31": "979.00000", "2015-07-31": "365.00000", "2014-07-31": "907.00000", "2013-07-31": "858.00000", "2012-07-31": "792.00000", "2011-07-31": "634.00000", "2010-07-31": "574.00000", "2009-07-31": "447.00000", "2008-07-31": "477.00000", "2007-07-31": "440.00300", "2006-07-31": "416.96300", "2005-07-31": "381.62700"}, "Total Depreciation And Amortization - Cash Flow": {"2020-07-31": "218.00000", "2019-07-31": "225.00000", "2018-07-31": "253.00000", "2017-07-31": "236.00000", "2016-07-31": "238.00000", "2015-07-31": "528.00000", "2014-07-31": "197.00000", "2013-07-31": "278.00000", "2012-07-31": "242.00000", "2011-07-31": "271.00000", "2010-07-31": "256.00000", "2009-07-31": "275.00000", "2008-07-31": "217.00000", "2007-07-31": "158.52800", "2006-07-31": "126.73900", "2005-07-31": "128.97700"}, "Other Non-Cash Items": {"2020-07-31": "232.00000", "2019-07-31": "394.00000", "2018-07-31": "456.00000", "2017-07-31": "343.00000", "2016-07-31": "56.00000", "2015-07-31": "242.00000", "2014-07-31": "236.00000", "2013-07-31": "155.00000", "2012-07-31": "108.00000", "2011-07-31": "194.00000", "2010-07-31": "26.00000", "2009-07-31": "164.00000", "2008-07-31": "93.00000", "2007-07-31": "32.74600", "2006-07-31": "50.32100", "2005-07-31": "62.69700"}, "Total Non-Cash Items": {"2020-07-31": "450.00000", "2019-07-31": "619.00000", "2018-07-31": "709.00000", "2017-07-31": "579.00000", "2016-07-31": "294.00000", "2015-07-31": "770.00000", "2014-07-31": "433.00000", "2013-07-31": "433.00000", "2012-07-31": "350.00000", "2011-07-31": "465.00000", "2010-07-31": "282.00000", "2009-07-31": "439.00000", "2008-07-31": "310.00000", "2007-07-31": "191.27400", "2006-07-31": "177.06000", "2005-07-31": "191.67400"}, "Change In Accounts Receivable": {"2020-07-31": "-59.00000", "2019-07-31": "11.00000", "2018-07-31": "5.00000", "2017-07-31": "5.00000", "2016-07-31": "-20.00000", "2015-07-31": "24.00000", "2014-07-31": "-5.00000", "2013-07-31": "12.00000", "2012-07-31": "-10.00000", "2011-07-31": "-36.00000", "2010-07-31": "2.00000", "2009-07-31": "-18.00000", "2008-07-31": "11.00000", "2007-07-31": "-3.91300", "2006-07-31": "-10.98100", "2005-07-31": "-4.70800"}, "Change In Inventories": {"2020-07-31": "", "2019-07-31": "", "2018-07-31": "", "2017-07-31": "", "2016-07-31": "", "2015-07-31": "", "2014-07-31": "", "2013-07-31": "", "2012-07-31": "", "2011-07-31": "", "2010-07-31": "", "2009-07-31": "", "2008-07-31": "", "2007-07-31": "", "2006-07-31": "", "2005-07-31": ""}, "Change In Accounts Payable": {"2020-07-31": "33.00000", "2019-07-31": "90.00000", "2018-07-31": "12.00000", "2017-07-31": "", "2016-07-31": "-23.00000", "2015-07-31": "35.00000", "2014-07-31": "15.00000", "2013-07-31": "4.00000", "2012-07-31": "19.00000", "2011-07-31": "-24.00000", "2010-07-31": "40.00000", "2009-07-31": "-7.00000", "2008-07-31": "-18.00000", "2007-07-31": "18.57400", "2006-07-31": "4.25600", "2005-07-31": "-3.06000"}, "Change In Assets/Liabilities": {"2020-07-31": "5.00000", "2019-07-31": "11.00000", "2018-07-31": "-23.00000", "2017-07-31": "51.00000", "2016-07-31": "160.00000", "2015-07-31": "416.00000", "2014-07-31": "2.00000", "2013-07-31": "41.00000", "2012-07-31": "48.00000", "2011-07-31": "-38.00000", "2010-07-31": "30.00000", "2009-07-31": "11.00000", "2008-07-31": "23.00000", "2007-07-31": "73.73900", "2006-07-31": "-0.54000", "2005-07-31": "48.78300"}, "Total Change In Assets/Liabilities": {"2020-07-31": "132.00000", "2019-07-31": "133.00000", "2018-07-31": "68.00000", "2017-07-31": "22.00000", "2016-07-31": "170.00000", "2015-07-31": "454.00000", "2014-07-31": "106.00000", "2013-07-31": "56.00000", "2012-07-31": "93.00000", "2011-07-31": "-105.00000", "2010-07-31": "119.00000", "2009-07-31": "-87.00000", "2008-07-31": "30.00000", "2007-07-31": "90.83900", "2006-07-31": "12.89700", "2005-07-31": "22.28200"}, "Cash Flow From Operating Activities": {"2020-07-31": "2414.00000", "2019-07-31": "2324.00000", "2018-07-31": "2112.00000", "2017-07-31": "1599.00000", "2016-07-31": "1460.00000", "2015-07-31": "1589.00000", "2014-07-31": "1446.00000", "2013-07-31": "1366.00000", "2012-07-31": "1246.00000", "2011-07-31": "1013.00000", "2010-07-31": "998.00000", "2009-07-31": "812.00000", "2008-07-31": "830.00000", "2007-07-31": "726.76000", "2006-07-31": "609.55000", "2005-07-31": "597.60600"}, "Net Change In Property, Plant, And Equipment": {"2020-07-31": "-137.00000", "2019-07-31": "-155.00000", "2018-07-31": "-124.00000", "2017-07-31": "-230.00000", "2016-07-31": "-522.00000", "2015-07-31": "-261.00000", "2014-07-31": "-186.00000", "2013-07-31": "-195.00000", "2012-07-31": "-186.00000", "2011-07-31": "-213.00000", "2010-07-31": "-130.00000", "2009-07-31": "-182.00000", "2008-07-31": "-306.00000", "2007-07-31": "-153.25700", "2006-07-31": "-82.07400", "2005-07-31": "-66.38400"}, "Net Change In Intangible Assets": {"2020-07-31": "", "2019-07-31": "", "2018-07-31": "", "2017-07-31": "", "2016-07-31": "", "2015-07-31": "", "2014-07-31": "", "2013-07-31": "", "2012-07-31": "-10.00000", "2011-07-31": "-15.00000", "2010-07-31": "-13.00000", "2009-07-31": "-20.00000", "2008-07-31": "", "2007-07-31": "", "2006-07-31": "", "2005-07-31": ""}, "Net Acquisitions/Divestitures": {"2020-07-31": "", "2019-07-31": "-64.00000", "2018-07-31": "-363.00000", "2017-07-31": "", "2016-07-31": "463.00000", "2015-07-31": "-95.00000", "2014-07-31": "554.00000", "2013-07-31": "43.00000", "2012-07-31": "-392.00000", "2011-07-31": "", "2010-07-31": "-96.00000", "2009-07-31": "-161.00000", "2008-07-31": "-159.00000", "2007-07-31": "-1251.94200", "2006-07-31": "152.77100", "2005-07-31": "5.28200"}, "Net Change In Short-term Investments": {"2020-07-31": "", "2019-07-31": "", "2018-07-31": "", "2017-07-31": "", "2016-07-31": "", "2015-07-31": "475.00000", "2014-07-31": "-421.00000", "2013-07-31": "-308.00000", "2012-07-31": "349.00000", "2011-07-31": "697.00000", "2010-07-31": "-895.00000", "2009-07-31": "-67.00000", "2008-07-31": "348.00000", "2007-07-31": "59.82990", "2006-07-31": "-111.10900", "2005-07-31": "74.60900"}, "Net Change In Long-Term Investments": {"2020-07-31": "25.00000", "2019-07-31": "-365.00000", "2018-07-31": "7.00000", "2017-07-31": "190.00000", "2016-07-31": "418.00000", "2015-07-31": "-319.00000", "2014-07-31": "26.00000", "2013-07-31": "", "2012-07-31": "", "2011-07-31": "", "2010-07-31": "", "2009-07-31": "", "2008-07-31": "", "2007-07-31": "", "2006-07-31": "", "2005-07-31": ""}, "Net Change In Investments - Total": {"2020-07-31": "25.00000", "2019-07-31": "-365.00000", "2018-07-31": "7.00000", "2017-07-31": "190.00000", "2016-07-31": "418.00000", "2015-07-31": "156.00000", "2014-07-31": "-395.00000", "2013-07-31": "-308.00000", "2012-07-31": "349.00000", "2011-07-31": "697.00000", "2010-07-31": "-895.00000", "2009-07-31": "-67.00000", "2008-07-31": "348.00000", "2007-07-31": "59.82990", "2006-07-31": "-111.10900", "2005-07-31": "74.60900"}, "Investing Activities - Other": {"2020-07-31": "15.00000", "2019-07-31": "-51.00000", "2018-07-31": "-52.00000", "2017-07-31": "23.00000", "2016-07-31": "12.00000", "2015-07-31": "18.00000", "2014-07-31": "-22.00000", "2013-07-31": "-25.00000", "2012-07-31": "14.00000", "2011-07-31": "28.00000", "2010-07-31": "137.00000", "2009-07-31": "-2.00000", "2008-07-31": "30.00000", "2007-07-31": "-47.25800", "2006-07-31": "2.24800", "2005-07-31": "-5.44600"}, "Cash Flow From Investing Activities": {"2020-07-31": "-97.00000", "2019-07-31": "-635.00000", "2018-07-31": "-532.00000", "2017-07-31": "-17.00000", "2016-07-31": "371.00000", "2015-07-31": "-182.00000", "2014-07-31": "-49.00000", "2013-07-31": "-485.00000", "2012-07-31": "-225.00000", "2011-07-31": "497.00000", "2010-07-31": "-997.00000", "2009-07-31": "-432.00000", "2008-07-31": "-87.00000", "2007-07-31": "-1392.62700", "2006-07-31": "-38.16400", "2005-07-31": "8.06100"}, "Net Long-Term Debt": {"2020-07-31": "1933.00000", "2019-07-31": "-50.00000", "2018-07-31": "-50.00000", "2017-07-31": "-512.00000", "2016-07-31": "500.00000", "2015-07-31": "", "2014-07-31": "", "2013-07-31": "", "2012-07-31": "-500.00000", "2011-07-31": "", "2010-07-31": "", "2009-07-31": "", "2008-07-31": "", "2007-07-31": "998.32800", "2006-07-31": "-0.92300", "2005-07-31": "-3.91100"}, "Net Current Debt": {"2020-07-31": "1000.00000", "2019-07-31": "48.00000", "2018-07-31": "", "2017-07-31": "", "2016-07-31": "", "2015-07-31": "", "2014-07-31": "", "2013-07-31": "", "2012-07-31": "", "2011-07-31": "", "2010-07-31": "", "2009-07-31": "", "2008-07-31": "", "2007-07-31": "", "2006-07-31": "", "2005-07-31": ""}, "Debt Issuance/Retirement Net - Total": {"2020-07-31": "2933.00000", "2019-07-31": "-2.00000", "2018-07-31": "-50.00000", "2017-07-31": "-512.00000", "2016-07-31": "500.00000", "2015-07-31": "", "2014-07-31": "", "2013-07-31": "", "2012-07-31": "-500.00000", "2011-07-31": "", "2010-07-31": "", "2009-07-31": "", "2008-07-31": "", "2007-07-31": "998.32800", "2006-07-31": "-0.92300", "2005-07-31": "-3.91100"}, "Net Common Equity Issued/Repurchased": {"2020-07-31": "-112.00000", "2019-07-31": "-272.00000", "2018-07-31": "23.00000", "2017-07-31": "-613.00000", "2016-07-31": "-2067.00000", "2015-07-31": "-1025.00000", "2014-07-31": "-1412.00000", "2013-07-31": "-127.00000", "2012-07-31": "-736.00000", "2011-07-31": "-1077.00000", "2010-07-31": "-484.00000", "2009-07-31": "-102.00000", "2008-07-31": "-597.00000", "2007-07-31": "-293.91900", "2006-07-31": "-504.88000", "2005-07-31": "-544.09000"}, "Net Total Equity Issued/Repurchased": {"2020-07-31": "-112.00000", "2019-07-31": "-272.00000", "2018-07-31": "23.00000", "2017-07-31": "-613.00000", "2016-07-31": "-2067.00000", "2015-07-31": "-1025.00000", "2014-07-31": "-1412.00000", "2013-07-31": "-127.00000", "2012-07-31": "-736.00000", "2011-07-31": "-1077.00000", "2010-07-31": "-484.00000", "2009-07-31": "-102.00000", "2008-07-31": "-597.00000", "2007-07-31": "-293.91900", "2006-07-31": "-504.88000", "2005-07-31": "-544.09000"}, "Total Common And Preferred Stock Dividends Paid": {"2020-07-31": "-561.00000", "2019-07-31": "-501.00000", "2018-07-31": "-407.00000", "2017-07-31": "-353.00000", "2016-07-31": "-318.00000", "2015-07-31": "-283.00000", "2014-07-31": "-220.00000", "2013-07-31": "-203.00000", "2012-07-31": "-178.00000", "2011-07-31": "", "2010-07-31": "", "2009-07-31": "", "2008-07-31": "", "2007-07-31": "", "2006-07-31": "", "2005-07-31": ""}, "Financial Activities - Other": {"2020-07-31": "-226.00000", "2019-07-31": "-190.00000", "2018-07-31": "-205.00000", "2017-07-31": "-154.00000", "2016-07-31": "-114.00000", "2015-07-31": "-114.00000", "2014-07-31": "81.00000", "2013-07-31": "68.00000", "2012-07-31": "70.00000", "2011-07-31": "71.00000", "2010-07-31": "17.00000", "2009-07-31": "-8.00000", "2008-07-31": "11.00000", "2007-07-31": "29.45100", "2006-07-31": "26.98100", "2005-07-31": ""}, "Cash Flow From Financial Activities": {"2020-07-31": "2034.00000", "2019-07-31": "-965.00000", "2018-07-31": "-639.00000", "2017-07-31": "-1632.00000", "2016-07-31": "-1999.00000", "2015-07-31": "-1422.00000", "2014-07-31": "-1551.00000", "2013-07-31": "-262.00000", "2012-07-31": "-1344.00000", "2011-07-31": "-1006.00000", "2010-07-31": "-467.00000", "2009-07-31": "-110.00000", "2008-07-31": "-586.00000", "2007-07-31": "733.86000", "2006-07-31": "-478.82200", "2005-07-31": "-548.00100"}, "Net Cash Flow": {"2020-07-31": "4345.00000", "2019-07-31": "721.00000", "2018-07-31": "930.00000", "2017-07-31": "-41.00000", "2016-07-31": "-170.00000", "2015-07-31": "-41.00000", "2014-07-31": "-160.00000", "2013-07-31": "616.00000", "2012-07-31": "-329.00000", "2011-07-31": "508.00000", "2010-07-31": "-465.00000", "2009-07-31": "266.00000", "2008-07-31": "158.00000", "2007-07-31": "75.60000", "2006-07-31": "95.75900", "2005-07-31": "57.85000"}, "Stock-Based Compensation": {"2020-07-31": "435.00000", "2019-07-31": "401.00000", "2018-07-31": "382.00000", "2017-07-31": "326.00000", "2016-07-31": "281.00000", "2015-07-31": "257.00000", "2014-07-31": "204.00000", "2013-07-31": "195.00000", "2012-07-31": "169.00000", "2011-07-31": "153.00000", "2010-07-31": "135.00000", "2009-07-31": "133.00000", "2008-07-31": "113.00000", "2007-07-31": "77.31400", "2006-07-31": "71.36100", "2005-07-31": "5.48900"}, "Common Stock Dividends Paid": {"2020-07-31": "-561.00000", "2019-07-31": "-501.00000", "2018-07-31": "-407.00000", "2017-07-31": "-353.00000", "2016-07-31": "-318.00000", "2015-07-31": "-283.00000", "2014-07-31": "-220.00000", "2013-07-31": "-203.00000", "2012-07-31": "-178.00000", "2011-07-31": "", "2010-07-31": "", "2009-07-31": "", "2008-07-31": "", "2007-07-31": "", "2006-07-31": "", "2005-07-31": ""}}, "cash flow statement, quarterly": {"Net Income/Loss": {"2020-10-31": "198.00000", "2020-07-31": 445, "2020-04-30": 1084, "2020-01-31": 240, "2019-10-31": "57.00000", "2019-07-31": -44, "2019-04-30": 1378, "2019-01-31": 189, "2018-10-31": "34.00000", "2018-07-31": -38, "2018-04-30": 1186, "2018-01-31": 183, "2017-10-31": "-2.00000", "2017-07-31": 38, "2017-04-30": 964, "2017-01-31": 13, "2016-10-31": "-30.00000", "2016-07-31": -40, "2016-04-30": 1026, "2016-01-31": 24, "2015-10-31": "-31.00000", "2015-07-31": 14, "2015-04-30": 501, "2015-01-31": -66, "2014-10-31": "-84.00000", "2014-07-31": -29, "2014-04-30": 984, "2014-01-31": -37, "2013-10-31": "-11.00000", "2013-07-31": -16, "2013-04-30": 822, "2013-01-31": 71, "2012-10-31": "-19.00000", "2012-07-31": 4, "2012-04-30": 734, "2012-01-31": 118, "2011-10-31": "-64.00000", "2011-07-31": -57, "2011-04-30": 688, "2011-01-31": 73, "2010-10-31": "-70.00000", "2010-07-31": -48, "2010-04-30": 576, "2010-01-31": 114, "2009-10-31": "-68.00000", "2009-07-31": -71, "2009-04-30": 485, "2009-01-31": 85, "2008-10-31": "-52.00000", "2008-07-31": -61.622, "2008-04-30": 444.179, "2008-01-31": 115.247, "2007-10-31": "-20.80400", "2007-07-31": -13.64, "2007-04-30": 367.211, "2007-01-31": 145.362, "2006-10-31": "-58.93000", "2006-07-31": -18.854, "2006-04-30": 298.648, "2006-01-31": 182.973, "2005-10-31": "-45.80400", "2005-07-31": -19.996, "2005-04-30": 300.507, "2005-01-31": 101.116}, "Total Depreciation And Amortization - Cash Flow": {"2020-10-31": "46.00000", "2020-07-31": 50, "2020-04-30": 54, "2020-01-31": 57, "2019-10-31": "57.00000", "2019-07-31": 59, "2019-04-30": 54, "2019-01-31": 55, "2018-10-31": "57.00000", "2018-07-31": 62, "2018-04-30": 64, "2018-01-31": 62, "2017-10-31": "65.00000", "2017-07-31": 62, "2017-04-30": 62, "2017-01-31": 57, "2016-10-31": "55.00000", "2016-07-31": 63, "2016-04-30": 62, "2016-01-31": 58, "2015-10-31": "55.00000", "2015-07-31": 95, "2015-04-30": 322, "2015-01-31": 57, "2014-10-31": "54.00000", "2014-07-31": 50, "2014-04-30": 47, "2014-01-31": 50, "2013-10-31": "50.00000", "2013-07-31": 63, "2013-04-30": 103, "2013-01-31": 58, "2012-10-31": "54.00000", "2012-07-31": 57, "2012-04-30": 52, "2012-01-31": 61, "2011-10-31": "72.00000", "2011-07-31": 93, "2011-04-30": 61, "2011-01-31": 61, "2010-10-31": "56.00000", "2010-07-31": 58, "2010-04-30": 55, "2010-01-31": 68, "2009-10-31": "75.00000", "2009-07-31": 86, "2009-04-30": 63, "2009-01-31": 66, "2008-10-31": "60.00000", "2008-07-31": 59.832, "2008-04-30": 56.938, "2008-01-31": 51.36, "2007-10-31": "48.87000", "2007-07-31": 61.6, "2007-04-30": 41.435, "2007-01-31": 27.449, "2006-10-31": "28.04400", "2006-07-31": 40.258, "2006-04-30": 28.652, "2006-01-31": 28.61, "2005-10-31": "29.21900", "2005-07-31": 29.72, "2005-04-30": 39.848, "2005-01-31": 59.409}, "Other Non-Cash Items": {"2020-10-31": "245.00000", "2020-07-31": -33, "2020-04-30": 45, "2020-01-31": 111, "2019-10-31": "109.00000", "2019-07-31": 135, "2019-04-30": 75, "2019-01-31": 88, "2018-10-31": "96.00000", "2018-07-31": 172, "2018-04-30": 118, "2018-01-31": 73, "2017-10-31": "93.00000", "2017-07-31": 138, "2017-04-30": 66, "2017-01-31": 59, "2016-10-31": "80.00000", "2016-07-31": 140, "2016-04-30": -230, "2016-01-31": 70, "2015-10-31": "76.00000", "2015-07-31": 61, "2015-04-30": 75, "2015-01-31": 51, "2014-10-31": "55.00000", "2014-07-31": 66, "2014-04-30": 45, "2014-01-31": 41, "2013-10-31": "84.00000", "2013-07-31": 14, "2013-04-30": 50, "2013-01-31": 42, "2012-10-31": "49.00000", "2012-07-31": -15, "2012-04-30": 55, "2012-01-31": 32, "2011-10-31": "36.00000", "2011-07-31": 48, "2011-04-30": 50, "2011-01-31": 31, "2010-10-31": "65.00000", "2010-07-31": 34, "2010-04-30": 2, "2010-01-31": -16, "2009-10-31": "6.00000", "2009-07-31": 24, "2009-04-30": 38, "2009-01-31": 30, "2008-10-31": "72.00000", "2008-07-31": 74.462, "2008-04-30": 22.094, "2008-01-31": 28.569, "2007-10-31": "-32.12500", "2007-07-31": -40.975, "2007-04-30": 28.284, "2007-01-31": 19.761, "2006-10-31": "25.67600", "2006-07-31": 29.301, "2006-04-30": -5.811, "2006-01-31": 3.239, "2005-10-31": "23.59200", "2005-07-31": 60.618, "2005-04-30": -29.651, "2005-01-31": 31.73}, "Total Non-Cash Items": {"2020-10-31": "291.00000", "2020-07-31": 17, "2020-04-30": 99, "2020-01-31": 168, "2019-10-31": "166.00000", "2019-07-31": 194, "2019-04-30": 129, "2019-01-31": 143, "2018-10-31": "153.00000", "2018-07-31": 234, "2018-04-30": 182, "2018-01-31": 135, "2017-10-31": "158.00000", "2017-07-31": 200, "2017-04-30": 128, "2017-01-31": 116, "2016-10-31": "135.00000", "2016-07-31": 203, "2016-04-30": -168, "2016-01-31": 128, "2015-10-31": "131.00000", "2015-07-31": 156, "2015-04-30": 397, "2015-01-31": 108, "2014-10-31": "109.00000", "2014-07-31": 116, "2014-04-30": 92, "2014-01-31": 91, "2013-10-31": "134.00000", "2013-07-31": 77, "2013-04-30": 153, "2013-01-31": 100, "2012-10-31": "103.00000", "2012-07-31": 42, "2012-04-30": 107, "2012-01-31": 93, "2011-10-31": "108.00000", "2011-07-31": 141, "2011-04-30": 111, "2011-01-31": 92, "2010-10-31": "121.00000", "2010-07-31": 92, "2010-04-30": 57, "2010-01-31": 52, "2009-10-31": "81.00000", "2009-07-31": 110, "2009-04-30": 101, "2009-01-31": 96, "2008-10-31": "132.00000", "2008-07-31": 134.294, "2008-04-30": 79.032, "2008-01-31": 79.929, "2007-10-31": "16.74500", "2007-07-31": 20.625, "2007-04-30": 69.719, "2007-01-31": 47.21, "2006-10-31": "53.72000", "2006-07-31": 69.559, "2006-04-30": 22.841, "2006-01-31": 31.849, "2005-10-31": "52.81100", "2005-07-31": 90.338, "2005-04-30": 10.197, "2005-01-31": 91.139}, "Change In Accounts Receivable": {"2020-10-31": "47.00000", "2020-07-31": 73, "2020-04-30": 384, "2020-01-31": -500, "2019-10-31": "-16.00000", "2019-07-31": 176, "2019-04-30": 291, "2019-01-31": -477, "2018-10-31": "21.00000", "2018-07-31": 212, "2018-04-30": 221, "2018-01-31": -414, "2017-10-31": "-14.00000", "2017-07-31": 143, "2017-04-30": 275, "2017-01-31": -399, "2016-10-31": "-14.00000", "2016-07-31": 105, "2016-04-30": 306, "2016-01-31": -403, "2015-10-31": "-28.00000", "2015-07-31": 100, "2015-04-30": 251, "2015-01-31": -323, "2014-10-31": "-4.00000", "2014-07-31": 143, "2014-04-30": 160, "2014-01-31": -297, "2013-10-31": "-11.00000", "2013-07-31": 141, "2013-04-30": 229, "2013-01-31": -357, "2012-10-31": "-1.00000", "2012-07-31": 114, "2012-04-30": 297, "2012-01-31": -426, "2011-10-31": "5.00000", "2011-07-31": 94, "2011-04-30": 215, "2011-01-31": -333, "2010-10-31": "-12.00000", "2010-07-31": 69, "2010-04-30": 264, "2010-01-31": -318, "2009-10-31": "-13.00000", "2009-07-31": 128, "2009-04-30": 171, "2009-01-31": -300, "2008-10-31": "-17.00000", "2008-07-31": 97.398, "2008-04-30": 150.54, "2008-01-31": -226.467, "2007-10-31": "-10.47100", "2007-07-31": 53.076, "2007-04-30": 155.895, "2007-01-31": -215.488, "2006-10-31": "2.60400", "2006-07-31": 47.205, "2006-04-30": 174.665, "2006-01-31": -245.772, "2005-10-31": "12.92100", "2005-07-31": 44.872, "2005-04-30": 167.749, "2005-01-31": -217.329}, "Change In Inventories": {"2020-10-31": "", "2020-07-31": 0, "2020-04-30": 0, "2020-01-31": 0, "2019-10-31": "", "2019-07-31": 0, "2019-04-30": 0, "2019-01-31": 0, "2018-10-31": "", "2018-07-31": 0, "2018-04-30": 0, "2018-01-31": 0, "2017-10-31": "", "2017-07-31": 0, "2017-04-30": 0, "2017-01-31": 0, "2016-10-31": "", "2016-07-31": 0, "2016-04-30": 0, "2016-01-31": 0, "2015-10-31": "", "2015-07-31": 0, "2015-04-30": 0, "2015-01-31": 0, "2014-10-31": "", "2014-07-31": 0, "2014-04-30": 0, "2014-01-31": 0, "2013-10-31": "", "2013-07-31": 0, "2013-04-30": 0, "2013-01-31": 0, "2012-10-31": "", "2012-07-31": 0, "2012-04-30": 0, "2012-01-31": 0, "2011-10-31": "", "2011-07-31": 0, "2011-04-30": 0, "2011-01-31": 0, "2010-10-31": "", "2010-07-31": 0, "2010-04-30": 0, "2010-01-31": 0, "2009-10-31": "", "2009-07-31": 0, "2009-04-30": 0, "2009-01-31": 0, "2008-10-31": "", "2008-07-31": 0, "2008-04-30": 0, "2008-01-31": 0, "2007-10-31": "", "2007-07-31": 0, "2007-04-30": 0, "2007-01-31": 0, "2006-10-31": "", "2006-07-31": 0, "2006-04-30": 0, "2006-01-31": 0, "2005-10-31": "", "2005-07-31": 0, "2005-04-30": 0, "2005-01-31": 0}, "Change In Accounts Payable": {"2020-10-31": "-58.00000", "2020-07-31": -78, "2020-04-30": -64, "2020-01-31": 180, "2019-10-31": "-5.00000", "2019-07-31": -115, "2019-04-30": -5, "2019-01-31": 186, "2018-10-31": "24.00000", "2018-07-31": -148, "2018-04-30": -16, "2018-01-31": 115, "2017-10-31": "61.00000", "2017-07-31": -104, "2017-04-30": 11, "2017-01-31": 95, "2016-10-31": "-2.00000", "2016-07-31": -100, "2016-04-30": -26, "2016-01-31": 109, "2015-10-31": "-6.00000", "2015-07-31": -90, "2015-04-30": 9, "2015-01-31": 84, "2014-10-31": "32.00000", "2014-07-31": -41, "2014-04-30": -32, "2014-01-31": 56, "2013-10-31": "32.00000", "2013-07-31": -72, "2013-04-30": 18, "2013-01-31": 46, "2012-10-31": "12.00000", "2012-07-31": -61, "2012-04-30": -4, "2012-01-31": 45, "2011-10-31": "39.00000", "2011-07-31": -66, "2011-04-30": -4, "2011-01-31": 41, "2010-10-31": "5.00000", "2010-07-31": -23, "2010-04-30": 7, "2010-01-31": 47, "2009-10-31": "9.00000", "2009-07-31": -47, "2009-04-30": 25, "2009-01-31": -7, "2008-10-31": "22.00000", "2008-07-31": -28.708, "2008-04-30": 0.333, "2008-01-31": -25.623, "2007-10-31": "35.99800", "2007-07-31": -6.887, "2007-04-30": -23.509, "2007-01-31": 22.619, "2006-10-31": "26.35100", "2006-07-31": -22.2, "2006-04-30": -33.146, "2006-01-31": 28.937, "2005-10-31": "30.66500", "2005-07-31": -28.716, "2005-04-30": -6.719, "2005-01-31": 32.375}, "Change In Assets/Liabilities": {"2020-10-31": "-152.00000", "2020-07-31": 41, "2020-04-30": -40, "2020-01-31": 135, "2019-10-31": "-131.00000", "2019-07-31": -11, "2019-04-30": -44, "2019-01-31": 205, "2018-10-31": "-139.00000", "2018-07-31": 27, "2018-04-30": -53, "2018-01-31": 141, "2017-10-31": "-138.00000", "2017-07-31": -134, "2017-04-30": -85, "2017-01-31": 379, "2016-10-31": "-109.00000", "2016-07-31": -63, "2016-04-30": -98, "2016-01-31": 423, "2015-10-31": "-102.00000", "2015-07-31": -73, "2015-04-30": -72, "2015-01-31": 549, "2014-10-31": "12.00000", "2014-07-31": -34, "2014-04-30": -348, "2014-01-31": 477, "2013-10-31": "-93.00000", "2013-07-31": -24, "2013-04-30": -234, "2013-01-31": 335, "2012-10-31": "-36.00000", "2012-07-31": -73, "2012-04-30": -155, "2012-01-31": 395, "2011-10-31": "-119.00000", "2011-07-31": -93, "2011-04-30": -136, "2011-01-31": 356, "2010-10-31": "-165.00000", "2010-07-31": -1, "2010-04-30": -196, "2010-01-31": 319, "2009-10-31": "-92.00000", "2009-07-31": -55, "2009-04-30": -21, "2009-01-31": 245, "2008-10-31": "-158.00000", "2008-07-31": -38.52, "2008-04-30": -72.677, "2008-01-31": 197.787, "2007-10-31": "-63.59000", "2007-07-31": -28.143, "2007-04-30": -11.382, "2007-01-31": 177.189, "2006-10-31": "-63.92500", "2006-07-31": -38.688, "2006-04-30": -28.162, "2006-01-31": 119.512, "2005-10-31": "-53.20200", "2005-07-31": -10.07, "2005-04-30": -73.526, "2005-01-31": 132.379}, "Total Change In Assets/Liabilities": {"2020-10-31": "-428.00000", "2020-07-31": -159, "2020-04-30": 736, "2020-01-31": -91, "2019-10-31": "-354.00000", "2019-07-31": -275, "2019-04-30": 735, "2019-01-31": 5, "2018-10-31": "-332.00000", "2018-07-31": -240, "2018-04-30": 615, "2018-01-31": -71, "2017-10-31": "-236.00000", "2017-07-31": -532, "2017-04-30": 708, "2017-01-31": 157, "2016-10-31": "-311.00000", "2016-07-31": -461, "2016-04-30": 764, "2016-01-31": 155, "2015-10-31": "-288.00000", "2015-07-31": -303, "2015-04-30": 596, "2015-01-31": 316, "2014-10-31": "-155.00000", "2014-07-31": -171, "2014-04-30": 323, "2014-01-31": 267, "2013-10-31": "-313.00000", "2013-07-31": -262, "2013-04-30": 471, "2013-01-31": 76, "2012-10-31": "-229.00000", "2012-07-31": -236, "2012-04-30": 436, "2012-01-31": 47, "2011-10-31": "-154.00000", "2011-07-31": -275, "2011-04-30": 350, "2011-01-31": 87, "2010-10-31": "-267.00000", "2010-07-31": -203, "2010-04-30": 406, "2010-01-31": 69, "2009-10-31": "-153.00000", "2009-07-31": -108, "2009-04-30": 346, "2009-01-31": -45, "2008-10-31": "-280.00000", "2008-07-31": -116.801, "2008-04-30": 303.31, "2008-01-31": 0.423, "2007-10-31": "-156.93200", "2007-07-31": -97.226, "2007-04-30": 269.739, "2007-01-31": 50.171, "2006-10-31": "-131.84500", "2006-07-31": -188.574, "2006-04-30": 337.32, "2006-01-31": -45.063, "2005-10-31": "-90.78600", "2005-07-31": -183.222, "2005-04-30": 264.909, "2005-01-31": -59.405}, "Cash Flow From Operating Activities": {"2020-10-31": "45.00000", "2020-07-31": 287, "2020-04-30": 1937, "2020-01-31": 317, "2019-10-31": "-127.00000", "2019-07-31": -122, "2019-04-30": 2248, "2019-01-31": 341, "2018-10-31": "-143.00000", "2018-07-31": -37, "2018-04-30": 1975, "2018-01-31": 252, "2017-10-31": "-78.00000", "2017-07-31": -290, "2017-04-30": 1802, "2017-01-31": 292, "2016-10-31": "-205.00000", "2016-07-31": -281, "2016-04-30": 1612, "2016-01-31": 317, "2015-10-31": "-188.00000", "2015-07-31": -133, "2015-04-30": 1475, "2015-01-31": 365, "2014-10-31": "-118.00000", "2014-07-31": -84, "2014-04-30": 1388, "2014-01-31": 332, "2013-10-31": "-190.00000", "2013-07-31": -194, "2013-04-30": 1449, "2013-01-31": 256, "2012-10-31": "-145.00000", "2012-07-31": -182, "2012-04-30": 1278, "2012-01-31": 260, "2011-10-31": "-110.00000", "2011-07-31": -172, "2011-04-30": 1138, "2011-01-31": 258, "2010-10-31": "-211.00000", "2010-07-31": -151, "2010-04-30": 1044, "2010-01-31": 245, "2009-10-31": "-140.00000", "2009-07-31": -66, "2009-04-30": 935, "2009-01-31": 143, "2008-10-31": "-200.00000", "2008-07-31": -39.493, "2008-04-30": 831.949, "2008-01-31": 198.907, "2007-10-31": "-161.36300", "2007-07-31": -87.905, "2007-04-30": 708.234, "2007-01-31": 243.137, "2006-10-31": "-136.70600", "2006-07-31": -136.158, "2006-04-30": 659.027, "2006-01-31": 170.46, "2005-10-31": "-83.77900", "2005-07-31": -110.857, "2005-04-30": 575.613, "2005-01-31": 132.85}, "Net Change In Property, Plant, And Equipment": {"2020-10-31": "-38.00000", "2020-07-31": -30, "2020-04-30": -39, "2020-01-31": -30, "2019-10-31": "-38.00000", "2019-07-31": -26, "2019-04-30": -49, "2019-01-31": -45, "2018-10-31": "-35.00000", "2018-07-31": -27, "2018-04-30": -20, "2018-01-31": -27, "2017-10-31": "-50.00000", "2017-07-31": -52, "2017-04-30": -46, "2017-01-31": -46, "2016-10-31": "-86.00000", "2016-07-31": -73, "2016-04-30": -55, "2016-01-31": -324, "2015-10-31": "-70.00000", "2015-07-31": -78, "2015-04-30": -67, "2015-01-31": -61, "2014-10-31": "-55.00000", "2014-07-31": -65, "2014-04-30": -28, "2014-01-31": -46, "2013-10-31": "-47.00000", "2013-07-31": -48, "2013-04-30": -32, "2013-01-31": -45, "2012-10-31": "-70.00000", "2012-07-31": -61, "2012-04-30": -33, "2012-01-31": -48, "2011-10-31": "-44.00000", "2011-07-31": -47, "2011-04-30": -31, "2011-01-31": -84, "2010-10-31": "-51.00000", "2010-07-31": -30, "2010-04-30": -34, "2010-01-31": -34, "2009-10-31": "-32.00000", "2009-07-31": -34, "2009-04-30": -31, "2009-01-31": -50, "2008-10-31": "-67.00000", "2008-07-31": -88.746, "2008-04-30": -95.335, "2008-01-31": -56.644, "2007-10-31": "-65.27500", "2007-07-31": -63.949, "2007-04-30": -36.402, "2007-01-31": -23.683, "2006-10-31": "-29.22300", "2006-07-31": -25.649, "2006-04-30": -8.847, "2006-01-31": -22.521, "2005-10-31": "-25.05700", "2005-07-31": -13.218, "2005-04-30": -15.606, "2005-01-31": -37.56}, "Net Change In Intangible Assets": {"2020-10-31": "", "2020-07-31": 0, "2020-04-30": 0, "2020-01-31": 0, "2019-10-31": "", "2019-07-31": 0, "2019-04-30": 0, "2019-01-31": 0, "2018-10-31": "", "2018-07-31": 0, "2018-04-30": 0, "2018-01-31": 0, "2017-10-31": "", "2017-07-31": 0, "2017-04-30": 0, "2017-01-31": 0, "2016-10-31": "", "2016-07-31": 0, "2016-04-30": 0, "2016-01-31": 0, "2015-10-31": "", "2015-07-31": 0, "2015-04-30": 0, "2015-01-31": 0, "2014-10-31": "", "2014-07-31": 0, "2014-04-30": 0, "2014-01-31": 0, "2013-10-31": "", "2013-07-31": 0, "2013-04-30": 2, "2013-01-31": -2, "2012-10-31": "", "2012-07-31": -10, "2012-04-30": 0, "2012-01-31": 0, "2011-10-31": "", "2011-07-31": -12, "2011-04-30": 0, "2011-01-31": 0, "2010-10-31": "-3.00000", "2010-07-31": -10, "2010-04-30": -3, "2010-01-31": 0, "2009-10-31": "", "2009-07-31": -20, "2009-04-30": 0, "2009-01-31": 0, "2008-10-31": "", "2008-07-31": 0, "2008-04-30": 0, "2008-01-31": 0, "2007-10-31": "", "2007-07-31": 0, "2007-04-30": 0, "2007-01-31": 0, "2006-10-31": "", "2006-07-31": 0, "2006-04-30": 0, "2006-01-31": 0, "2005-10-31": "", "2005-07-31": 0, "2005-04-30": 0, "2005-01-31": 0}, "Net Acquisitions/Divestitures": {"2020-10-31": "-85.00000", "2020-07-31": 0, "2020-04-30": 0, "2020-01-31": 0, "2019-10-31": "", "2019-07-31": -64, "2019-04-30": 0, "2019-01-31": 0, "2018-10-31": "", "2018-07-31": 0, "2018-04-30": -1, "2018-01-31": -362, "2017-10-31": "", "2017-07-31": 0, "2017-04-30": 0, "2017-01-31": 0, "2016-10-31": "", "2016-07-31": 0, "2016-04-30": 463, "2016-01-31": 0, "2015-10-31": "", "2015-07-31": 0, "2015-04-30": -19, "2015-01-31": -67, "2014-10-31": "-9.00000", "2014-07-31": -381, "2014-04-30": -24, "2014-01-31": -57, "2013-10-31": "1016.00000", "2013-07-31": -6, "2013-04-30": -8, "2013-01-31": 0, "2012-10-31": "57.00000", "2012-07-31": -392, "2012-04-30": 0, "2012-01-31": 0, "2011-10-31": "", "2011-07-31": 0, "2011-04-30": 0, "2011-01-31": 0, "2010-10-31": "", "2010-07-31": -77, "2010-04-30": 0, "2010-01-31": -19, "2009-10-31": "", "2009-07-31": -153, "2009-04-30": -8, "2009-01-31": 0, "2008-10-31": "", "2008-07-31": -28.187, "2008-04-30": -121.192, "2008-01-31": -126.79, "2007-10-31": "117.16900", "2007-07-31": -47.967, "2007-04-30": -1162.971, "2007-01-31": 18.998, "2006-10-31": "-60.00200", "2006-07-31": 17.796, "2006-04-30": -2.977, "2006-01-31": 148.1, "2005-10-31": "-10.14800", "2005-07-31": -0.181, "2005-04-30": 0.422, "2005-01-31": 5.041}, "Net Change In Short-term Investments": {"2020-10-31": "", "2020-07-31": 0, "2020-04-30": 0, "2020-01-31": 0, "2019-10-31": "", "2019-07-31": 0, "2019-04-30": 0, "2019-01-31": 0, "2018-10-31": "", "2018-07-31": 0, "2018-04-30": 0, "2018-01-31": 0, "2017-10-31": "", "2017-07-31": -196, "2017-04-30": 196, "2017-01-31": 0, "2016-10-31": "", "2016-07-31": -561, "2016-04-30": 561, "2016-01-31": 0, "2015-10-31": "", "2015-07-31": 320, "2015-04-30": -12, "2015-01-31": 156, "2014-10-31": "11.00000", "2014-07-31": -40, "2014-04-30": -353, "2014-01-31": -15, "2013-10-31": "-13.00000", "2013-07-31": -77, "2013-04-30": -306, "2013-01-31": 60, "2012-10-31": "15.00000", "2012-07-31": 321, "2012-04-30": 16, "2012-01-31": 32, "2011-10-31": "-20.00000", "2011-07-31": -224, "2011-04-30": 8, "2011-01-31": 569, "2010-10-31": "344.00000", "2010-07-31": 89, "2010-04-30": -895, "2010-01-31": -59, "2009-10-31": "-30.00000", "2009-07-31": -248, "2009-04-30": -40, "2009-01-31": 98, "2008-10-31": "123.00000", "2008-07-31": 17.137, "2008-04-30": -112.398, "2008-01-31": 252.245, "2007-10-31": "191.01600", "2007-07-31": 144.3599, "2007-04-30": -252.171, "2007-01-31": 42.631, "2006-10-31": "125.01000", "2006-07-31": 1.037, "2006-04-30": -313.311, "2006-01-31": -85.56, "2005-10-31": "286.72500", "2005-07-31": 230.495, "2005-04-30": -293.3579, "2005-01-31": 137.4719}, "Net Change In Long-Term Investments": {"2020-10-31": "-12.00000", "2020-07-31": -1, "2020-04-30": 23, "2020-01-31": 1, "2019-10-31": "2.00000", "2019-07-31": -221, "2019-04-30": -139, "2019-01-31": -9, "2018-10-31": "4.00000", "2018-07-31": 86, "2018-04-30": -76, "2018-01-31": -1, "2017-10-31": "-2.00000", "2017-07-31": 190, "2017-04-30": -194, "2017-01-31": -1, "2016-10-31": "195.00000", "2016-07-31": 418, "2016-04-30": -887, "2016-01-31": 0, "2015-10-31": "887.00000", "2015-07-31": -319, "2015-04-30": 0, "2015-01-31": 0, "2014-10-31": "", "2014-07-31": 26, "2014-04-30": 0, "2014-01-31": 0, "2013-10-31": "", "2013-07-31": 0, "2013-04-30": 0, "2013-01-31": 0, "2012-10-31": "", "2012-07-31": 0, "2012-04-30": 0, "2012-01-31": 0, "2011-10-31": "", "2011-07-31": 0, "2011-04-30": 0, "2011-01-31": 0, "2010-10-31": "", "2010-07-31": 0, "2010-04-30": 0, "2010-01-31": 0, "2009-10-31": "", "2009-07-31": 0, "2009-04-30": 0, "2009-01-31": 0, "2008-10-31": "", "2008-07-31": 0, "2008-04-30": 0, "2008-01-31": 0, "2007-10-31": "", "2007-07-31": 0, "2007-04-30": 0, "2007-01-31": 0, "2006-10-31": "", "2006-07-31": 0, "2006-04-30": 0, "2006-01-31": 0, "2005-10-31": "", "2005-07-31": 0, "2005-04-30": 0, "2005-01-31": 0}, "Net Change In Investments - Total": {"2020-10-31": "-12.00000", "2020-07-31": -1, "2020-04-30": 23, "2020-01-31": 1, "2019-10-31": "2.00000", "2019-07-31": -221, "2019-04-30": -139, "2019-01-31": -9, "2018-10-31": "4.00000", "2018-07-31": 86, "2018-04-30": -76, "2018-01-31": -1, "2017-10-31": "-2.00000", "2017-07-31": -6, "2017-04-30": 2, "2017-01-31": -1, "2016-10-31": "195.00000", "2016-07-31": -143, "2016-04-30": -326, "2016-01-31": 0, "2015-10-31": "887.00000", "2015-07-31": 1, "2015-04-30": -12, "2015-01-31": 156, "2014-10-31": "11.00000", "2014-07-31": -14, "2014-04-30": -353, "2014-01-31": -15, "2013-10-31": "-13.00000", "2013-07-31": -77, "2013-04-30": -306, "2013-01-31": 60, "2012-10-31": "15.00000", "2012-07-31": 321, "2012-04-30": 16, "2012-01-31": 32, "2011-10-31": "-20.00000", "2011-07-31": -224, "2011-04-30": 8, "2011-01-31": 569, "2010-10-31": "344.00000", "2010-07-31": 89, "2010-04-30": -895, "2010-01-31": -59, "2009-10-31": "-30.00000", "2009-07-31": -248, "2009-04-30": -40, "2009-01-31": 98, "2008-10-31": "123.00000", "2008-07-31": 17.137, "2008-04-30": -112.398, "2008-01-31": 252.245, "2007-10-31": "191.01600", "2007-07-31": 144.3599, "2007-04-30": -252.171, "2007-01-31": 42.631, "2006-10-31": "125.01000", "2006-07-31": 1.037, "2006-04-30": -313.311, "2006-01-31": -85.56, "2005-10-31": "286.72500", "2005-07-31": 230.495, "2005-04-30": -293.3579, "2005-01-31": 137.4719}, "Investing Activities - Other": {"2020-10-31": "5.00000", "2020-07-31": 45, "2020-04-30": 1, "2020-01-31": -10, "2019-10-31": "-21.00000", "2019-07-31": -7, "2019-04-30": -21, "2019-01-31": -3, "2018-10-31": "-20.00000", "2018-07-31": -50, "2018-04-30": -8, "2018-01-31": 82, "2017-10-31": "-76.00000", "2017-07-31": 63, "2017-04-30": -21, "2017-01-31": -8, "2016-10-31": "-11.00000", "2016-07-31": 9, "2016-04-30": 3, "2016-01-31": 1, "2015-10-31": "-1.00000", "2015-07-31": -10, "2015-04-30": 38, "2015-01-31": -2, "2014-10-31": "-8.00000", "2014-07-31": -8, "2014-04-30": -4, "2014-01-31": -3, "2013-10-31": "-7.00000", "2013-07-31": -7, "2013-04-30": -1, "2013-01-31": -15, "2012-10-31": "-2.00000", "2012-07-31": -1, "2012-04-30": 0, "2012-01-31": 1, "2011-10-31": "14.00000", "2011-07-31": 0, "2011-04-30": -1, "2011-01-31": 34, "2010-10-31": "-5.00000", "2010-07-31": -3, "2010-04-30": -2, "2010-01-31": 58, "2009-10-31": "84.00000", "2009-07-31": -2, "2009-04-30": -4, "2009-01-31": 2, "2008-10-31": "2.00000", "2008-07-31": 32.086, "2008-04-30": 4.384, "2008-01-31": 2.845, "2007-10-31": "-9.31500", "2007-07-31": -39.02, "2007-04-30": -1.556, "2007-01-31": -2.004, "2006-10-31": "-4.67800", "2006-07-31": 7.972, "2006-04-30": 0.655, "2006-01-31": -1.925, "2005-10-31": "-4.45400", "2005-07-31": -1.001, "2005-04-30": 0.165, "2005-01-31": -4.61}, "Cash Flow From Investing Activities": {"2020-10-31": "-130.00000", "2020-07-31": 14, "2020-04-30": -15, "2020-01-31": -39, "2019-10-31": "-57.00000", "2019-07-31": -318, "2019-04-30": -209, "2019-01-31": -57, "2018-10-31": "-51.00000", "2018-07-31": 9, "2018-04-30": -105, "2018-01-31": -308, "2017-10-31": "-128.00000", "2017-07-31": 5, "2017-04-30": -65, "2017-01-31": -55, "2016-10-31": "98.00000", "2016-07-31": -207, "2016-04-30": 85, "2016-01-31": -323, "2015-10-31": "816.00000", "2015-07-31": -87, "2015-04-30": -60, "2015-01-31": 26, "2014-10-31": "-61.00000", "2014-07-31": -468, "2014-04-30": -409, "2014-01-31": -121, "2013-10-31": "949.00000", "2013-07-31": -138, "2013-04-30": -345, "2013-01-31": -2, "2012-10-31": "0.00000", "2012-07-31": -143, "2012-04-30": -17, "2012-01-31": -15, "2011-10-31": "-50.00000", "2011-07-31": -283, "2011-04-30": -24, "2011-01-31": 519, "2010-10-31": "285.00000", "2010-07-31": -31, "2010-04-30": -934, "2010-01-31": -54, "2009-10-31": "22.00000", "2009-07-31": -457, "2009-04-30": -83, "2009-01-31": 50, "2008-10-31": "58.00000", "2008-07-31": -67.71, "2008-04-30": -324.541, "2008-01-31": 71.656, "2007-10-31": "233.59500", "2007-07-31": -6.576, "2007-04-30": -1453.1, "2007-01-31": 35.942, "2006-10-31": "31.10700", "2006-07-31": 1.156, "2006-04-30": -324.48, "2006-01-31": 38.094, "2005-10-31": "247.06600", "2005-07-31": 216.095, "2005-04-30": -308.377, "2005-01-31": 100.343}, "Net Long-Term Debt": {"2020-10-31": "-13.00000", "2020-07-31": 1971, "2020-04-30": -13, "2020-01-31": -12, "2019-10-31": "-13.00000", "2019-07-31": -12, "2019-04-30": -13, "2019-01-31": -12, "2018-10-31": "-13.00000", "2018-07-31": -12, "2018-04-30": -13, "2018-01-31": -12, "2017-10-31": "-13.00000", "2017-07-31": -12, "2017-04-30": -500, "2017-01-31": 0, "2016-10-31": "", "2016-07-31": 0, "2016-04-30": 500, "2016-01-31": 0, "2015-10-31": "", "2015-07-31": 0, "2015-04-30": 0, "2015-01-31": 0, "2014-10-31": "", "2014-07-31": 0, "2014-04-30": 0, "2014-01-31": 0, "2013-10-31": "", "2013-07-31": 0, "2013-04-30": 0, "2013-01-31": 0, "2012-10-31": "", "2012-07-31": 0, "2012-04-30": -500, "2012-01-31": 0, "2011-10-31": "", "2011-07-31": 0, "2011-04-30": 0, "2011-01-31": 0, "2010-10-31": "", "2010-07-31": 0, "2010-04-30": 0, "2010-01-31": 0, "2009-10-31": "", "2009-07-31": 0, "2009-04-30": 0, "2009-01-31": 0, "2008-10-31": "", "2008-07-31": 0, "2008-04-30": 0, "2008-01-31": 0, "2007-10-31": "", "2007-07-31": 0.573, "2007-04-30": 997.755, "2007-01-31": 0, "2006-10-31": "", "2006-07-31": -0.923, "2006-04-30": 0.894, "2006-01-31": -0.26, "2005-10-31": "-0.63400", "2005-07-31": -1.018, "2005-04-30": -1.552, "2005-01-31": -1.341}, "Net Current Debt": {"2020-10-31": "-1000.00000", "2020-07-31": 1000, "2020-04-30": 0, "2020-01-31": 0, "2019-10-31": "", "2019-07-31": 0, "2019-04-30": 48, "2019-01-31": 0, "2018-10-31": "", "2018-07-31": 0, "2018-04-30": -640, "2018-01-31": 240, "2017-10-31": "400.00000", "2017-07-31": 0, "2017-04-30": -150, "2017-01-31": 50, "2016-10-31": "100.00000", "2016-07-31": 0, "2016-04-30": -745, "2016-01-31": 395, "2015-10-31": "350.00000", "2015-07-31": 0, "2015-04-30": 0, "2015-01-31": 0, "2014-10-31": "", "2014-07-31": 0, "2014-04-30": 0, "2014-01-31": 0, "2013-10-31": "", "2013-07-31": 0, "2013-04-30": 0, "2013-01-31": 0, "2012-10-31": "", "2012-07-31": 0, "2012-04-30": 0, "2012-01-31": 0, "2011-10-31": "", "2011-07-31": 0, "2011-04-30": 0, "2011-01-31": 0, "2010-10-31": "", "2010-07-31": 0, "2010-04-30": 0, "2010-01-31": 0, "2009-10-31": "", "2009-07-31": 0, "2009-04-30": 0, "2009-01-31": 0, "2008-10-31": "", "2008-07-31": 0, "2008-04-30": 0, "2008-01-31": 0, "2007-10-31": "", "2007-07-31": 0, "2007-04-30": 0, "2007-01-31": 0, "2006-10-31": "", "2006-07-31": 0, "2006-04-30": 0, "2006-01-31": 0, "2005-10-31": "", "2005-07-31": 0, "2005-04-30": 0, "2005-01-31": 0}, "Debt Issuance/Retirement Net - Total": {"2020-10-31": "-1013.00000", "2020-07-31": 2971, "2020-04-30": -13, "2020-01-31": -12, "2019-10-31": "-13.00000", "2019-07-31": -12, "2019-04-30": 35, "2019-01-31": -12, "2018-10-31": "-13.00000", "2018-07-31": -12, "2018-04-30": -653, "2018-01-31": 228, "2017-10-31": "387.00000", "2017-07-31": -12, "2017-04-30": -650, "2017-01-31": 50, "2016-10-31": "100.00000", "2016-07-31": 0, "2016-04-30": -245, "2016-01-31": 395, "2015-10-31": "350.00000", "2015-07-31": 0, "2015-04-30": 0, "2015-01-31": 0, "2014-10-31": "", "2014-07-31": 0, "2014-04-30": 0, "2014-01-31": 0, "2013-10-31": "", "2013-07-31": 0, "2013-04-30": 0, "2013-01-31": 0, "2012-10-31": "", "2012-07-31": 0, "2012-04-30": -500, "2012-01-31": 0, "2011-10-31": "", "2011-07-31": 0, "2011-04-30": 0, "2011-01-31": 0, "2010-10-31": "", "2010-07-31": 0, "2010-04-30": 0, "2010-01-31": 0, "2009-10-31": "", "2009-07-31": 0, "2009-04-30": 0, "2009-01-31": 0, "2008-10-31": "", "2008-07-31": 0, "2008-04-30": 0, "2008-01-31": 0, "2007-10-31": "", "2007-07-31": 0.573, "2007-04-30": 997.755, "2007-01-31": 0, "2006-10-31": "", "2006-07-31": -0.923, "2006-04-30": 0.894, "2006-01-31": -0.26, "2005-10-31": "-0.63400", "2005-07-31": -1.018, "2005-04-30": -1.552, "2005-01-31": -1.341}, "Net Common Equity Issued/Repurchased": {"2020-10-31": "88.00000", "2020-07-31": 51, "2020-04-30": -6, "2020-01-31": -80, "2019-10-31": "-77.00000", "2019-07-31": -95, "2019-04-30": -57, "2019-01-31": -145, "2018-10-31": "25.00000", "2018-07-31": 90, "2018-04-30": 36, "2018-01-31": -18, "2017-10-31": "-85.00000", "2017-07-31": -290, "2017-04-30": -26, "2017-01-31": -165, "2016-10-31": "-132.00000", "2016-07-31": -2, "2016-04-30": -425, "2016-01-31": -434, "2015-10-31": "-1206.00000", "2015-07-31": 80, "2015-04-30": -652, "2015-01-31": -386, "2014-10-31": "-67.00000", "2014-07-31": -148, "2014-04-30": 13, "2014-01-31": 51, "2013-10-31": "-1328.00000", "2013-07-31": -20, "2013-04-30": -48, "2013-01-31": -32, "2012-10-31": "-27.00000", "2012-07-31": -103, "2012-04-30": -153, "2012-01-31": -270, "2011-10-31": "-210.00000", "2011-07-31": -202, "2011-04-30": -202, "2011-01-31": -469, "2010-10-31": "-204.00000", "2010-07-31": -60, "2010-04-30": -24, "2010-01-31": -165, "2009-10-31": "-235.00000", "2009-07-31": -28, "2009-04-30": 31, "2009-01-31": -17, "2008-10-31": "-88.00000", "2008-07-31": 49.208, "2008-04-30": -261.554, "2008-01-31": -185.855, "2007-10-31": "-198.79900", "2007-07-31": 61.904, "2007-04-30": -274.647, "2007-01-31": -164.074, "2006-10-31": "82.89800", "2006-07-31": 57.559, "2006-04-30": -215.009, "2006-01-31": -174.098, "2005-10-31": "-173.33200", "2005-07-31": -140.828, "2005-04-30": -179.421, "2005-01-31": -223.841}, "Net Total Equity Issued/Repurchased": {"2020-10-31": "88.00000", "2020-07-31": 51, "2020-04-30": -6, "2020-01-31": -80, "2019-10-31": "-77.00000", "2019-07-31": -95, "2019-04-30": -57, "2019-01-31": -145, "2018-10-31": "25.00000", "2018-07-31": 90, "2018-04-30": 36, "2018-01-31": -18, "2017-10-31": "-85.00000", "2017-07-31": -290, "2017-04-30": -26, "2017-01-31": -165, "2016-10-31": "-132.00000", "2016-07-31": -2, "2016-04-30": -425, "2016-01-31": -434, "2015-10-31": "-1206.00000", "2015-07-31": 80, "2015-04-30": -652, "2015-01-31": -386, "2014-10-31": "-67.00000", "2014-07-31": -148, "2014-04-30": 13, "2014-01-31": 51, "2013-10-31": "-1328.00000", "2013-07-31": -20, "2013-04-30": -48, "2013-01-31": -32, "2012-10-31": "-27.00000", "2012-07-31": -103, "2012-04-30": -153, "2012-01-31": -270, "2011-10-31": "-210.00000", "2011-07-31": -202, "2011-04-30": -202, "2011-01-31": -469, "2010-10-31": "-204.00000", "2010-07-31": -60, "2010-04-30": -24, "2010-01-31": -165, "2009-10-31": "-235.00000", "2009-07-31": -28, "2009-04-30": 31, "2009-01-31": -17, "2008-10-31": "-88.00000", "2008-07-31": 49.208, "2008-04-30": -261.554, "2008-01-31": -185.855, "2007-10-31": "-198.79900", "2007-07-31": 61.904, "2007-04-30": -274.647, "2007-01-31": -164.074, "2006-10-31": "82.89800", "2006-07-31": 57.559, "2006-04-30": -215.009, "2006-01-31": -174.098, "2005-10-31": "-173.33200", "2005-07-31": -140.828, "2005-04-30": -179.421, "2005-01-31": -223.841}, "Total Common And Preferred Stock Dividends Paid": {"2020-10-31": "-158.00000", "2020-07-31": -142, "2020-04-30": -139, "2020-01-31": -139, "2019-10-31": "-141.00000", "2019-07-31": -127, "2019-04-30": -123, "2019-01-31": -122, "2018-10-31": "-129.00000", "2018-07-31": -102, "2018-04-30": -100, "2018-01-31": -100, "2017-10-31": "-105.00000", "2017-07-31": -88, "2017-04-30": -88, "2017-01-31": -88, "2016-10-31": "-89.00000", "2016-07-31": -80, "2016-04-30": -77, "2016-01-31": -79, "2015-10-31": "-82.00000", "2015-07-31": -71, "2015-04-30": -69, "2015-01-31": -69, "2014-10-31": "-74.00000", "2014-07-31": -55, "2014-04-30": -54, "2014-01-31": -56, "2013-10-31": "-55.00000", "2013-07-31": -51, "2013-04-30": -51, "2013-01-31": -51, "2012-10-31": "-50.00000", "2012-07-31": -44, "2012-04-30": -45, "2012-01-31": -44, "2011-10-31": "-45.00000", "2011-07-31": 0, "2011-04-30": 0, "2011-01-31": 0, "2010-10-31": "", "2010-07-31": 0, "2010-04-30": 0, "2010-01-31": 0, "2009-10-31": "", "2009-07-31": 0, "2009-04-30": 0, "2009-01-31": 0, "2008-10-31": "", "2008-07-31": 0, "2008-04-30": 0, "2008-01-31": 0, "2007-10-31": "", "2007-07-31": 0, "2007-04-30": 0, "2007-01-31": 0, "2006-10-31": "", "2006-07-31": 0, "2006-04-30": 0, "2006-01-31": 0, "2005-10-31": "", "2005-07-31": 0, "2005-04-30": 0, "2005-01-31": 0}, "Financial Activities - Other": {"2020-10-31": "-70.00000", "2020-07-31": -50, "2020-04-30": -96, "2020-01-31": 14, "2019-10-31": "-94.00000", "2019-07-31": -106, "2019-04-30": -70, "2019-01-31": -20, "2018-10-31": "6.00000", "2018-07-31": -146, "2018-04-30": -10, "2018-01-31": -10, "2017-10-31": "-39.00000", "2017-07-31": -93, "2017-04-30": -10, "2017-01-31": -6, "2016-10-31": "-45.00000", "2016-07-31": -73, "2016-04-30": -12, "2016-01-31": -6, "2015-10-31": "-23.00000", "2015-07-31": -165, "2015-04-30": 13, "2015-01-31": 20, "2014-10-31": "18.00000", "2014-07-31": 29, "2014-04-30": 9, "2014-01-31": 10, "2013-10-31": "33.00000", "2013-07-31": 3, "2013-04-30": 9, "2013-01-31": 12, "2012-10-31": "44.00000", "2012-07-31": 8, "2012-04-30": 19, "2012-01-31": 14, "2011-10-31": "29.00000", "2011-07-31": 12, "2011-04-30": 18, "2011-01-31": 14, "2010-10-31": "27.00000", "2010-07-31": 28, "2010-04-30": 5, "2010-01-31": -3, "2009-10-31": "-13.00000", "2009-07-31": 2, "2009-04-30": 0, "2009-01-31": -4, "2008-10-31": "-6.00000", "2008-07-31": 0.847, "2008-04-30": -4.297, "2008-01-31": 2.805, "2007-10-31": "11.64500", "2007-07-31": 18.842, "2007-04-30": -4.796, "2007-01-31": 7.093, "2006-10-31": "8.31200", "2006-07-31": 5.376, "2006-04-30": 8.22, "2006-01-31": 12.446, "2005-10-31": "0.93900", "2005-07-31": 0, "2005-04-30": 0, "2005-01-31": 0}, "Cash Flow From Financial Activities": {"2020-10-31": "-1153.00000", "2020-07-31": 2830, "2020-04-30": -254, "2020-01-31": -217, "2019-10-31": "-325.00000", "2019-07-31": -340, "2019-04-30": -215, "2019-01-31": -299, "2018-10-31": "-111.00000", "2018-07-31": -170, "2018-04-30": -727, "2018-01-31": 100, "2017-10-31": "158.00000", "2017-07-31": -483, "2017-04-30": -774, "2017-01-31": -209, "2016-10-31": "-166.00000", "2016-07-31": -155, "2016-04-30": -759, "2016-01-31": -124, "2015-10-31": "-961.00000", "2015-07-31": -156, "2015-04-30": -708, "2015-01-31": -435, "2014-10-31": "-123.00000", "2014-07-31": -174, "2014-04-30": -32, "2014-01-31": 5, "2013-10-31": "-1350.00000", "2013-07-31": -68, "2013-04-30": -90, "2013-01-31": -71, "2012-10-31": "-33.00000", "2012-07-31": -139, "2012-04-30": -679, "2012-01-31": -300, "2011-10-31": "-226.00000", "2011-07-31": -190, "2011-04-30": -184, "2011-01-31": -455, "2010-10-31": "-177.00000", "2010-07-31": -32, "2010-04-30": -19, "2010-01-31": -168, "2009-10-31": "-248.00000", "2009-07-31": -26, "2009-04-30": 31, "2009-01-31": -21, "2008-10-31": "-94.00000", "2008-07-31": 50.055, "2008-04-30": -265.851, "2008-01-31": -183.05, "2007-10-31": "-187.15400", "2007-07-31": 81.319, "2007-04-30": 718.312, "2007-01-31": -156.981, "2006-10-31": "91.21000", "2006-07-31": 62.012, "2006-04-30": -205.895, "2006-01-31": -161.912, "2005-10-31": "-173.02700", "2005-07-31": -141.846, "2005-04-30": -180.973, "2005-01-31": -225.182}, "Net Cash Flow": {"2020-10-31": "-1239.00000", "2020-07-31": 3137, "2020-04-30": 1658, "2020-01-31": 59, "2019-10-31": "-509.00000", "2019-07-31": -777, "2019-04-30": 1820, "2019-01-31": -13, "2018-10-31": "-309.00000", "2018-07-31": -202, "2018-04-30": 1133, "2018-01-31": 52, "2017-10-31": "-53.00000", "2017-07-31": -753, "2017-04-30": 958, "2017-01-31": 32, "2016-10-31": "-278.00000", "2016-07-31": -651, "2016-04-30": 955, "2016-01-31": -140, "2015-10-31": "-334.00000", "2015-07-31": -385, "2015-04-30": 711, "2015-01-31": -60, "2014-10-31": "-307.00000", "2014-07-31": -725, "2014-04-30": 949, "2014-01-31": 208, "2013-10-31": "-592.00000", "2013-07-31": -403, "2013-04-30": 1013, "2013-01-31": 183, "2012-10-31": "-177.00000", "2012-07-31": -466, "2012-04-30": 582, "2012-01-31": -56, "2011-10-31": "-389.00000", "2011-07-31": -647, "2011-04-30": 936, "2011-01-31": 321, "2010-10-31": "-102.00000", "2010-07-31": -216, "2010-04-30": 93, "2010-01-31": 24, "2009-10-31": "-366.00000", "2009-07-31": -543, "2009-04-30": 883, "2009-01-31": 170, "2008-10-31": "-244.00000", "2008-07-31": -58.303, "2008-04-30": 241.356, "2008-01-31": 84.08, "2007-10-31": "-109.13300", "2007-07-31": -9.372, "2007-04-30": -21.755, "2007-01-31": 120.254, "2006-10-31": "-13.52700", "2006-07-31": -73.368, "2006-04-30": 130.263, "2006-01-31": 47.732, "2005-10-31": "-8.86800", "2005-07-31": -36.917, "2005-04-30": 85.892, "2005-01-31": 8.875}, "Stock-Based Compensation": {"2020-10-31": "111.00000", "2020-07-31": 114, "2020-04-30": 103, "2020-01-31": 107, "2019-10-31": "111.00000", "2019-07-31": 98, "2019-04-30": 98, "2019-01-31": 100, "2018-10-31": "105.00000", "2018-07-31": 99, "2018-04-30": 92, "2018-01-31": 94, "2017-10-31": "97.00000", "2017-07-31": 85, "2017-04-30": 71, "2017-01-31": 81, "2016-10-31": "89.00000", "2016-07-31": 81, "2016-04-30": 63, "2016-01-31": 68, "2015-10-31": "69.00000", "2015-07-31": 73, "2015-04-30": 62, "2015-01-31": 61, "2014-10-31": "61.00000", "2014-07-31": 56, "2014-04-30": 49, "2014-01-31": 52, "2013-10-31": "47.00000", "2013-07-31": 53, "2013-04-30": 46, "2013-01-31": 47, "2012-10-31": "49.00000", "2012-07-31": 49, "2012-04-30": 37, "2012-01-31": 43, "2011-10-31": "40.00000", "2011-07-31": 41, "2011-04-30": 39, "2011-01-31": 38, "2010-10-31": "35.00000", "2010-07-31": 36, "2010-04-30": 34, "2010-01-31": 38, "2009-10-31": "27.00000", "2009-07-31": 39, "2009-04-30": 37, "2009-01-31": 35, "2008-10-31": "22.00000", "2008-07-31": 26.672, "2008-04-30": 30.093, "2008-01-31": 29.534, "2007-10-31": "26.70100", "2007-07-31": 18.558, "2007-04-30": 20.585, "2007-01-31": 19.312, "2006-10-31": "18.85900", "2006-07-31": 15.997, "2006-04-30": 17.191, "2006-01-31": 17.749, "2005-10-31": "20.42400", "2005-07-31": 1.119, "2005-04-30": 1.119, "2005-01-31": 3.251}, "Common Stock Dividends Paid": {"2020-10-31": "-158.00000", "2020-07-31": -142, "2020-04-30": -139, "2020-01-31": -139, "2019-10-31": "-141.00000", "2019-07-31": -127, "2019-04-30": -123, "2019-01-31": -122, "2018-10-31": "-129.00000", "2018-07-31": -102, "2018-04-30": -100, "2018-01-31": -100, "2017-10-31": "-105.00000", "2017-07-31": -88, "2017-04-30": -88, "2017-01-31": -88, "2016-10-31": "-89.00000", "2016-07-31": -80, "2016-04-30": -77, "2016-01-31": -79, "2015-10-31": "-82.00000", "2015-07-31": -71, "2015-04-30": -69, "2015-01-31": -69, "2014-10-31": "-74.00000", "2014-07-31": -55, "2014-04-30": -54, "2014-01-31": -56, "2013-10-31": "-55.00000", "2013-07-31": -51, "2013-04-30": -51, "2013-01-31": -51, "2012-10-31": "-50.00000", "2012-07-31": -44, "2012-04-30": -45, "2012-01-31": -44, "2011-10-31": "-45.00000", "2011-07-31": 0, "2011-04-30": 0, "2011-01-31": 0, "2010-10-31": "", "2010-07-31": 0, "2010-04-30": 0, "2010-01-31": 0, "2009-10-31": "", "2009-07-31": 0, "2009-04-30": 0, "2009-01-31": 0, "2008-10-31": "", "2008-07-31": 0, "2008-04-30": 0, "2008-01-31": 0, "2007-10-31": "", "2007-07-31": 0, "2007-04-30": 0, "2007-01-31": 0, "2006-10-31": "", "2006-07-31": 0, "2006-04-30": 0, "2006-01-31": 0, "2005-10-31": "", "2005-07-31": 0, "2005-04-30": 0, "2005-01-31": 0}}, "financial ratios": {"Current Ratio": {"2020-07-31": "2.26130", "2019-07-31": "1.82810", "2018-07-31": "1.38960", "2017-07-31": "0.72790", "2016-07-31": "0.71700", "2015-07-31": "1.46790", "2014-07-31": "1.84450", "2013-07-31": "1.87190", "2012-07-31": "1.20400", "2011-07-31": "1.24880", "2010-07-31": "1.87960", "2009-07-31": "1.81550", "2008-07-31": "1.20880", "2007-07-31": "1.68250", "2006-07-31": "1.78850", "2005-07-31": "1.60890"}, "Long-term Debt / Capital": {"2020-07-31": "0.28460", "2019-07-31": "0.09330", "2018-07-31": "0.12110", "2017-07-31": "0.24440", "2016-07-31": "0.29590", "2015-07-31": "0.17660", "2014-07-31": "0.13950", "2013-07-31": "0.12380", "2012-07-31": "0.15390", "2011-07-31": "0.16020", "2010-07-31": "0.26130", "2009-07-31": "0.28070", "2008-07-31": "0.32500", "2007-07-31": "0.32900", "2006-07-31": "", "2005-07-31": "0.01010"}, "Debt/Equity Ratio": {"2020-07-31": "0.65980", "2019-07-31": "0.11630", "2018-07-31": "0.15550", "2017-07-31": "0.36040", "2016-07-31": "0.86130", "2015-07-31": "0.21440", "2014-07-31": "0.16210", "2013-07-31": "0.14130", "2012-07-31": "0.18190", "2011-07-31": "0.38190", "2010-07-31": "0.35380", "2009-07-31": "0.39030", "2008-07-31": "0.48140", "2007-07-31": "0.49030", "2006-07-31": "", "2005-07-31": "0.01020"}, "Gross Margin": {"2020-07-31": "82.05500", "2019-07-31": "82.79780", "2018-07-31": "83.76760", "2017-07-31": "84.41110", "2016-07-31": "83.97960", "2015-07-31": "82.70520", "2014-07-31": "85.36410", "2013-07-31": "86.31530", "2012-07-31": "84.63760", "2011-07-31": "85.79300", "2010-07-31": "82.63300", "2009-07-31": "81.40880", "2008-07-31": "82.12500", "2007-07-31": "82.09770", "2006-07-31": "82.61950", "2005-07-31": "82.40990"}, "Operating Margin": {"2020-07-31": "28.33700", "2019-07-31": "27.32900", "2018-07-31": "25.89210", "2017-07-31": "27.29020", "2016-07-31": "26.45930", "2015-07-31": "17.60500", "2014-07-31": "30.63870", "2013-07-31": "30.61330", "2012-07-31": "30.67230", "2011-07-31": "31.37140", "2010-07-31": "26.56480", "2009-07-31": "21.96850", "2008-07-31": "21.51690", "2007-07-31": "23.85270", "2006-07-31": "24.66600", "2005-07-31": "26.52650"}, "EBIT Margin": {"2020-07-31": "28.33700", "2019-07-31": "27.32900", "2018-07-31": "25.89210", "2017-07-31": "27.29020", "2016-07-31": "26.45930", "2015-07-31": "17.60500", "2014-07-31": "30.63870", "2013-07-31": "30.61330", "2012-07-31": "30.67230", "2011-07-31": "31.37140", "2010-07-31": "26.56480", "2009-07-31": "21.96850", "2008-07-31": "21.51690", "2007-07-31": "23.85270", "2006-07-31": "24.66600", "2005-07-31": "26.52650"}, "EBITDA Margin": {"2020-07-31": "31.17590", "2019-07-31": "30.64560", "2018-07-31": "30.09130", "2017-07-31": "31.83220", "2016-07-31": "31.52960", "2015-07-31": "30.20040", "2014-07-31": "35.28160", "2013-07-31": "37.65840", "2012-07-31": "37.02730", "2011-07-31": "39.22880", "2010-07-31": "34.08760", "2009-07-31": "30.81380", "2008-07-31": "28.76710", "2007-07-31": "29.78350", "2006-07-31": "30.19320", "2005-07-31": "32.99770"}, "Pre-Tax Profit Margin": {"2020-07-31": "28.62350", "2019-07-31": "27.72700", "2018-07-31": "25.99170", "2017-07-31": "26.75140", "2016-07-31": "25.62850", "2015-07-31": "16.98470", "2014-07-31": "30.63870", "2013-07-31": "30.03040", "2012-07-31": "29.88450", "2011-07-31": "30.21170", "2010-07-31": "25.15430", "2009-07-31": "21.00350", "2008-07-31": "23.05380", "2007-07-31": "26.05410", "2006-07-31": "26.87500", "2005-07-31": "28.12370"}, "Net Profit Margin": {"2020-07-31": "23.77910", "2019-07-31": "22.95110", "2018-07-31": "22.05810", "2017-07-31": "18.95690", "2016-07-31": "20.85640", "2015-07-31": "8.70710", "2014-07-31": "21.37640", "2013-07-31": "21.74350", "2012-07-31": "20.79830", "2011-07-31": "18.38210", "2010-07-31": "16.86750", "2009-07-31": "14.37760", "2008-07-31": "15.93720", "2007-07-31": "16.46130", "2006-07-31": "18.18410", "2005-07-31": "19.14740"}, "Asset Turnover": {"2020-07-31": "0.70250", "2019-07-31": "1.07970", "2018-07-31": "1.17350", "2017-07-31": "1.27730", "2016-07-31": "1.10450", "2015-07-31": "0.84380", "2014-07-31": "0.81580", "2013-07-31": "0.71930", "2012-07-31": "0.81300", "2011-07-31": "0.67500", "2010-07-31": "0.65470", "2009-07-31": "0.64420", "2008-07-31": "0.64140", "2007-07-31": "0.62860", "2006-07-31": "0.82780", "2005-07-31": "0.73370"}, "Inventory Turnover Ratio": {"2020-07-31": "", "2019-07-31": "", "2018-07-31": "", "2017-07-31": "", "2016-07-31": "", "2015-07-31": "", "2014-07-31": "", "2013-07-31": "", "2012-07-31": "", "2011-07-31": "", "2010-07-31": "", "2009-07-31": "", "2008-07-31": "", "2007-07-31": "", "2006-07-31": "", "2005-07-31": ""}, "Receiveable Turnover": {"2020-07-31": "47.69570", "2019-07-31": "44.63160", "2018-07-31": "43.97810", "2017-07-31": "31.30120", "2016-07-31": "36.67190", "2015-07-31": "23.95430", "2014-07-31": "28.28670", "2013-07-31": "20.55210", "2012-07-31": "19.52820", "2011-07-31": "14.19340", "2010-07-31": "21.00620", "2009-07-31": "15.39110", "2008-07-31": "15.93770", "2007-07-31": "14.38080", "2006-07-31": "15.05580", "2005-07-31": "15.97170"}, "Days Sales In Receivables": {"2020-07-31": "7.65270", "2019-07-31": "8.17810", "2018-07-31": "8.29960", "2017-07-31": "11.66090", "2016-07-31": "9.95310", "2015-07-31": "15.23740", "2014-07-31": "12.90360", "2013-07-31": "17.75980", "2012-07-31": "18.69090", "2011-07-31": "25.71620", "2010-07-31": "17.37580", "2009-07-31": "23.71500", "2008-07-31": "22.90170", "2007-07-31": "25.38100", "2006-07-31": "24.24320", "2005-07-31": "22.85300"}, "ROE - Return On Equity": {"2020-07-31": "35.76190", "2019-07-31": "41.53110", "2018-07-31": "47.19460", "2017-07-31": "72.74740", "2016-07-31": "69.42290", "2015-07-31": "17.71010", "2014-07-31": "27.71280", "2013-07-31": "22.85470", "2012-07-31": "27.84260", "2011-07-31": "26.29970", "2010-07-31": "19.99290", "2009-07-31": "17.48140", "2008-07-31": "21.56340", "2007-07-31": "21.79190", "2006-07-31": "21.91850", "2005-07-31": "22.27920"}, "Return On Tangible Equity": {"2020-07-31": "53.32940", "2019-07-31": "76.32350", "2018-07-31": "116.17130", "2017-07-31": "2662.16200", "2016-07-31": "-488.48490", "2015-07-31": "42.18590", "2014-07-31": "52.58940", "2013-07-31": "37.78090", "2012-07-31": "61.07110", "2011-07-31": "125.09090", "2010-07-31": "86.63600", "2009-07-31": "87.30470", "2008-07-31": "439.18240", "2007-07-31": "197.01550", "2006-07-31": "30.96570", "2005-07-31": "33.83820"}, "ROA - Return On Assets": {"2020-07-31": "16.70480", "2019-07-31": "24.78120", "2018-07-31": "25.88630", "2017-07-31": "24.21340", "2016-07-31": "18.96470", "2015-07-31": "8.31320", "2014-07-31": "16.40070", "2013-07-31": "14.71020", "2012-07-31": "16.31080", "2011-07-31": "13.46380", "2010-07-31": "10.85030", "2009-07-31": "9.26230", "2008-07-31": "9.57870", "2007-07-31": "10.42960", "2006-07-31": "13.75300", "2005-07-31": "13.90580"}, "ROI - Return On Investment": {"2020-07-31": "25.58500", "2019-07-31": "37.65420", "2018-07-31": "41.47940", "2017-07-31": "54.96650", "2016-07-31": "48.87810", "2015-07-31": "14.58330", "2014-07-31": "23.84680", "2013-07-31": "20.02480", "2012-07-31": "23.55840", "2011-07-31": "22.08670", "2010-07-31": "14.76830", "2009-07-31": "12.57380", "2008-07-31": "14.55580", "2007-07-31": "14.62220", "2006-07-31": "21.91850", "2005-07-31": "22.05400"}, "Book Value Per Share": {"2020-07-31": "19.50790", "2019-07-31": "14.40930", "2018-07-31": "10.88870", "2017-07-31": "5.29590", "2016-07-31": "4.50260", "2015-07-31": "8.39740", "2014-07-31": "10.80190", "2013-07-31": "11.78950", "2012-07-31": "9.29260", "2011-07-31": "8.70270", "2010-07-31": "8.98810", "2009-07-31": "7.92210", "2008-07-31": "6.42580", "2007-07-31": "6.00020", "2006-07-31": "5.05010", "2005-07-31": "4.72890"}, "Operating Cash Flow Per Share": {"2020-07-31": 0.3409, "2019-07-31": 0.711, "2018-07-31": 1.9656, "2017-07-31": 0.617, "2016-07-31": -0.0465, "2015-07-31": 0.5868, "2014-07-31": 0.4608, "2013-07-31": 0.4231, "2012-07-31": 0.8896, "2011-07-31": 0.1248, "2010-07-31": 0.6102, "2009-07-31": 0.0122, "2008-07-31": 0.4059, "2007-07-31": 0.3515, "2006-07-31": 0.105, "2005-07-31": 1.586}, "Free Cash Flow Per Share": {"2020-07-31": 0.4091, "2019-07-31": 0.599, "2018-07-31": 2.3717, "2017-07-31": 1.7056, "2016-07-31": -1.1038, "2015-07-31": 0.3135, "2014-07-31": 0.4652, "2013-07-31": 0.3893, "2012-07-31": 0.9517, "2011-07-31": -0.1471, "2010-07-31": 0.7617, "2009-07-31": 0.3634, "2008-07-31": -0.0661, "2007-07-31": 0.1485, "2006-07-31": 0.0535, "2005-07-31": 1.4098}}, "financial ratios, quarterly": {"Current Ratio": {"2020-10-31": "3.09060", "2020-07-31": "2.26130", "2020-04-30": "1.79210", "2020-01-31": "1.67420", "2019-10-31": "1.79970", "2019-07-31": "1.82810", "2019-04-30": "1.85460", "2019-01-31": "1.32130", "2018-10-31": "1.40730", "2018-07-31": "1.38960", "2018-04-30": "1.05250", "2018-01-31": "0.62730", "2017-10-31": "0.66840", "2017-07-31": "0.72790", "2017-04-30": "0.90420", "2017-01-31": "0.59900", "2016-10-31": "0.57860", "2016-07-31": "0.71700", "2016-04-30": "0.80660", "2016-01-31": "0.62450", "2015-10-31": "0.75620", "2015-07-31": "1.46790", "2015-04-30": "1.34850", "2015-01-31": "1.22240", "2014-10-31": "1.79190", "2014-07-31": "1.84450", "2014-04-30": "2.04280", "2014-01-31": "1.41960", "2013-10-31": "1.69120", "2013-07-31": "1.87190", "2013-04-30": "1.74640", "2013-01-31": "1.19800", "2012-10-31": "1.24210", "2012-07-31": "1.20400", "2012-04-30": "1.46820", "2012-01-31": "1.05890", "2011-10-31": "1.14910", "2011-07-31": "1.24880", "2011-04-30": "1.29350", "2011-01-31": "1.34570", "2010-10-31": "1.76940", "2010-07-31": "1.87960", "2010-04-30": "1.83160", "2010-01-31": "1.41510", "2009-10-31": "1.60390", "2009-07-31": "1.81550", "2009-04-30": "1.69510", "2009-01-31": "1.26990", "2008-10-31": "1.20250", "2008-07-31": "1.20880", "2008-04-30": "1.17190", "2008-01-31": "1.33800", "2007-10-31": "1.65580", "2007-07-31": "1.68250", "2007-04-30": "1.57220", "2007-01-31": "1.69940", "2006-10-31": "1.78050", "2006-07-31": "1.78850", "2006-04-30": "1.55660", "2006-01-31": "1.52700", "2005-10-31": "1.45080", "2005-07-31": "1.60890", "2005-04-30": "1.61640", "2005-01-31": "1.55560"}, "Long-term Debt / Capital": {"2020-10-31": "0.27920", "2020-07-31": "0.28460", "2020-04-30": "0.01000", "2020-01-31": "0.09100", "2019-10-31": "0.09310", "2019-07-31": "0.09330", "2019-04-30": "0.08910", "2019-01-31": "0.11490", "2018-10-31": "0.11880", "2018-07-31": "0.12110", "2018-04-30": "0.14470", "2018-01-31": "0.26310", "2017-10-31": "0.26110", "2017-07-31": "0.24440", "2017-04-30": "0.20960", "2017-01-31": "0.37100", "2016-10-31": "0.33660", "2016-07-31": "0.29590", "2016-04-30": "0.28600", "2016-01-31": "0.60940", "2015-10-31": "0.32240", "2015-07-31": "0.17660", "2015-04-30": "0.17700", "2015-01-31": "0.17490", "2014-10-31": "0.14570", "2014-07-31": "0.13950", "2014-04-30": "0.13350", "2014-01-31": "0.18250", "2013-10-31": "0.18330", "2013-07-31": "0.12380", "2013-04-30": "0.12260", "2013-01-31": "0.15160", "2012-10-31": "0.15380", "2012-07-31": "0.15390", "2012-04-30": "0.14970", "2012-01-31": "0.18330", "2011-10-31": "0.17450", "2011-07-31": "0.16020", "2011-04-30": "0.15000", "2011-01-31": "0.30520", "2010-10-31": "0.27620", "2010-07-31": "0.26130", "2010-04-30": "0.25880", "2010-01-31": "0.30670", "2009-10-31": "0.30520", "2009-07-31": "0.28070", "2009-04-30": "0.27750", "2009-01-31": "0.32920", "2008-10-31": "0.33890", "2008-07-31": "0.32500", "2008-04-30": "0.32740", "2008-01-31": "0.35130", "2007-10-31": "0.34930", "2007-07-31": "0.32900", "2007-04-30": "0.33930", "2007-01-31": "0.01000", "2006-10-31": "0.00820", "2006-07-31": "", "2006-04-30": "0.00930", "2006-01-31": "0.01050", "2005-10-31": "0.01100", "2005-07-31": "0.01010", "2005-04-30": "0.00950", "2005-01-31": "0.00930"}, "Debt/Equity Ratio": {"2020-10-31": "0.44940", "2020-07-31": "0.65980", "2020-04-30": "0.08400", "2020-01-31": "0.11030", "2019-10-31": "0.11640", "2019-07-31": "0.11630", "2019-04-30": "0.11010", "2019-01-31": "0.14770", "2018-10-31": "0.15280", "2018-07-31": "0.15550", "2018-04-30": "0.19040", "2018-01-31": "0.95330", "2017-10-31": "0.72730", "2017-07-31": "0.36040", "2017-04-30": "0.29460", "2017-01-31": "1.46500", "2016-10-31": "1.17520", "2016-07-31": "0.86130", "2016-04-30": "0.80130", "2016-01-31": "1.94230", "2015-10-31": "0.80880", "2015-07-31": "0.21440", "2015-04-30": "0.21500", "2015-01-31": "0.21200", "2014-10-31": "0.17050", "2014-07-31": "0.16210", "2014-04-30": "0.15410", "2014-01-31": "0.22330", "2013-10-31": "0.22440", "2013-07-31": "0.14130", "2013-04-30": "0.13980", "2013-01-31": "0.17870", "2012-10-31": "0.18180", "2012-07-31": "0.18190", "2012-04-30": "0.17600", "2012-01-31": "0.44940", "2011-10-31": "0.42310", "2011-07-31": "0.38190", "2011-04-30": "0.35380", "2011-01-31": "0.43930", "2010-10-31": "0.38160", "2010-07-31": "0.35380", "2010-04-30": "0.34920", "2010-01-31": "0.44240", "2009-10-31": "0.43930", "2009-07-31": "0.39030", "2009-04-30": "0.38410", "2009-01-31": "0.49070", "2008-10-31": "0.51260", "2008-07-31": "0.48140", "2008-04-30": "0.48670", "2008-01-31": "0.54160", "2007-10-31": "0.53680", "2007-07-31": "0.49030", "2007-04-30": "0.51340", "2007-01-31": "0.01010", "2006-10-31": "0.00830", "2006-07-31": "", "2006-04-30": "0.00940", "2006-01-31": "0.01060", "2005-10-31": "0.01110", "2005-07-31": "0.01020", "2005-04-30": "0.00960", "2005-01-31": "0.00940"}, "Gross Margin": {"2020-10-31": "80.65000", "2020-07-31": "82.26870", "2020-04-30": "85.80950", "2020-01-31": "79.95280", "2019-10-31": "75.10730", "2019-07-31": "71.73040", "2019-04-30": "89.18090", "2019-01-31": "81.02530", "2018-10-31": "75.68900", "2018-07-31": "73.49540", "2018-04-30": "89.52610", "2018-01-31": "81.62810", "2017-10-31": "78.24180", "2017-07-31": "78.62950", "2017-04-30": "90.67300", "2017-01-31": "79.72440", "2016-10-31": "76.47820", "2016-07-31": "77.32100", "2016-04-30": "90.62500", "2016-01-31": "78.43990", "2015-10-31": "76.71810", "2015-07-31": "74.71270", "2015-04-30": "90.53860", "2015-01-31": "74.89990", "2014-10-31": "74.01960", "2014-07-31": "70.73170", "2014-04-30": "92.88110", "2014-01-31": "77.49360", "2013-10-31": "77.00970", "2013-07-31": "75.79460", "2013-04-30": "93.30460", "2013-01-31": "81.22170", "2012-10-31": "75.97870", "2012-07-31": "92.85710", "2012-04-30": "89.77160", "2012-01-31": "79.77980", "2011-10-31": "71.47830", "2011-07-31": "72.25130", "2011-04-30": "91.12550", "2011-01-31": "80.06830", "2010-10-31": "70.86470", "2010-07-31": "72.57730", "2010-04-30": "90.54140", "2010-01-31": "80.64520", "2009-10-31": "69.62030", "2009-07-31": "70.31960", "2009-04-30": "89.48480", "2009-01-31": "80.07760", "2008-10-31": "69.85450", "2008-07-31": "73.97850", "2008-04-30": "89.34140", "2008-01-31": "80.86920", "2007-10-31": "70.51250", "2007-07-31": "72.75600", "2007-04-30": "88.50170", "2007-01-31": "82.48770", "2006-10-31": "71.98030", "2006-07-31": "78.27380", "2006-04-30": "88.66990", "2006-01-31": "81.80540", "2005-10-31": "69.84950", "2005-07-31": "77.91990", "2005-04-30": "87.78600", "2005-01-31": "82.03890"}, "Operating Margin": {"2020-10-31": "15.79740", "2020-07-31": "26.59690", "2020-04-30": "47.06860", "2020-01-31": "15.91980", "2019-10-31": "0.85840", "2019-07-31": "-15.39240", "2019-04-30": "54.52320", "2019-01-31": "15.51270", "2018-10-31": "-0.98430", "2018-07-31": "-23.14820", "2018-04-30": "54.97940", "2018-01-31": "14.48840", "2017-10-31": "-3.84620", "2017-07-31": "1.50990", "2017-04-30": "56.82800", "2017-01-31": "2.16540", "2016-10-31": "-7.84060", "2016-07-31": "-7.42710", "2016-04-30": "55.77260", "2016-01-31": "4.55040", "2015-10-31": "-4.06730", "2015-07-31": "-18.67820", "2015-04-30": "49.92970", "2015-01-31": "-11.88250", "2014-10-31": "-17.81050", "2014-07-31": "-15.74280", "2014-04-30": "62.56280", "2014-01-31": "-5.88240", "2013-10-31": "-12.37940", "2013-07-31": "-20.78240", "2013-04-30": "61.31040", "2013-01-31": "9.50230", "2012-10-31": "-12.98930", "2012-07-31": "-17.53250", "2012-04-30": "57.68430", "2012-01-31": "19.51950", "2011-10-31": "-14.60870", "2011-07-31": "-10.12220", "2011-04-30": "57.41340", "2011-01-31": "12.64240", "2010-10-31": "-19.54890", "2010-07-31": "-4.74230", "2010-04-30": "55.25820", "2010-01-31": "16.60690", "2009-10-31": "-21.09710", "2009-07-31": "-26.71230", "2009-04-30": "53.98730", "2009-01-31": "14.35960", "2008-10-31": "-15.80040", "2008-07-31": "-25.22160", "2008-04-30": "51.37070", "2008-01-31": "20.79720", "2007-10-31": "-23.19400", "2007-07-31": "-13.10650", "2007-04-30": "50.74680", "2007-01-31": "28.60460", "2006-10-31": "-28.10870", "2006-07-31": "-17.32240", "2006-04-30": "50.39950", "2006-01-31": "32.17590", "2005-10-31": "-33.74900", "2005-07-31": "-11.48830", "2005-04-30": "50.57280", "2005-01-31": "33.65830"}, "EBIT Margin": {"2020-10-31": "15.79740", "2020-07-31": "26.59690", "2020-04-30": "47.06860", "2020-01-31": "15.91980", "2019-10-31": "0.85840", "2019-07-31": "-15.39240", "2019-04-30": "54.52320", "2019-01-31": "15.51270", "2018-10-31": "-0.98430", "2018-07-31": "-23.14820", "2018-04-30": "54.97940", "2018-01-31": "14.48840", "2017-10-31": "-3.84620", "2017-07-31": "1.50990", "2017-04-30": "56.82800", "2017-01-31": "2.16540", "2016-10-31": "-7.84060", "2016-07-31": "-7.42710", "2016-04-30": "55.77260", "2016-01-31": "4.55040", "2015-10-31": "-4.06730", "2015-07-31": "-18.67820", "2015-04-30": "49.92970", "2015-01-31": "-11.88250", "2014-10-31": "-17.81050", "2014-07-31": "-15.74280", "2014-04-30": "62.56280", "2014-01-31": "-5.88240", "2013-10-31": "-12.37940", "2013-07-31": "-20.78240", "2013-04-30": "61.31040", "2013-01-31": "9.50230", "2012-10-31": "-12.98930", "2012-07-31": "-17.53250", "2012-04-30": "57.68430", "2012-01-31": "19.51950", "2011-10-31": "-14.60870", "2011-07-31": "-10.12220", "2011-04-30": "57.41340", "2011-01-31": "12.64240", "2010-10-31": "-19.54890", "2010-07-31": "-4.74230", "2010-04-30": "55.25820", "2010-01-31": "16.60690", "2009-10-31": "-21.09710", "2009-07-31": "-26.71230", "2009-04-30": "53.98730", "2009-01-31": "14.35960", "2008-10-31": "-15.80040", "2008-07-31": "-25.22170", "2008-04-30": "51.37070", "2008-01-31": "20.79720", "2007-10-31": "-23.19400", "2007-07-31": "-13.10650", "2007-04-30": "50.74680", "2007-01-31": "28.60460", "2006-10-31": "-28.10870", "2006-07-31": "-17.32240", "2006-04-30": "50.39950", "2006-01-31": "32.17590", "2005-10-31": "-33.74900", "2005-07-31": "-11.48830", "2005-04-30": "50.57280", "2005-01-31": "33.65830"}, "EBITDA Margin": {"2020-10-31": "", "2020-07-31": "", "2020-04-30": "", "2020-01-31": "", "2019-10-31": "", "2019-07-31": "", "2019-04-30": "", "2019-01-31": "", "2018-10-31": "", "2018-07-31": "", "2018-04-30": "", "2018-01-31": "", "2017-10-31": "", "2017-07-31": "", "2017-04-30": "", "2017-01-31": "", "2016-10-31": "", "2016-07-31": "", "2016-04-30": "", "2016-01-31": "", "2015-10-31": "", "2015-07-31": "", "2015-04-30": "", "2015-01-31": "", "2014-10-31": "", "2014-07-31": "", "2014-04-30": "", "2014-01-31": "", "2013-10-31": "", "2013-07-31": "", "2013-04-30": "", "2013-01-31": "", "2012-10-31": "", "2012-07-31": "", "2012-04-30": "", "2012-01-31": "", "2011-10-31": "", "2011-07-31": "", "2011-04-30": "", "2011-01-31": "", "2010-10-31": "", "2010-07-31": "", "2010-04-30": "", "2010-01-31": "", "2009-10-31": "", "2009-07-31": "", "2009-04-30": "", "2009-01-31": "", "2008-10-31": "", "2008-07-31": "", "2008-04-30": "", "2008-01-31": "", "2007-10-31": "", "2007-07-31": "", "2007-04-30": "", "2007-01-31": "", "2006-10-31": "", "2006-07-31": "", "2006-04-30": "", "2006-01-31": "", "2005-10-31": "", "2005-07-31": "", "2005-04-30": "", "2005-01-31": ""}, "Pre-Tax Profit Margin": {"2020-10-31": "15.87300", "2020-07-31": "26.76210", "2020-04-30": "46.90210", "2020-01-31": "16.62740", "2019-10-31": "1.88840", "2019-07-31": "-13.78270", "2019-04-30": "54.92050", "2019-01-31": "15.64580", "2018-10-31": "-1.37800", "2018-07-31": "-22.33800", "2018-04-30": "55.04810", "2018-01-31": "14.41370", "2017-10-31": "-4.06590", "2017-07-31": "1.50990", "2017-04-30": "56.63130", "2017-01-31": "0.98430", "2016-10-31": "-9.25450", "2016-07-31": "-8.22280", "2016-04-30": "55.42540", "2016-01-31": "3.03360", "2015-10-31": "-5.61010", "2015-07-31": "-19.82760", "2015-04-30": "49.64870", "2015-01-31": "-12.55010", "2014-10-31": "-18.95430", "2014-07-31": "-12.19510", "2014-04-30": "62.35340", "2014-01-31": "-6.90540", "2013-10-31": "-12.86170", "2013-07-31": "-22.49390", "2013-04-30": "61.11910", "2013-01-31": "8.82350", "2012-10-31": "-14.05690", "2012-07-31": "-21.10390", "2012-04-30": "57.52860", "2012-01-31": "18.31830", "2011-10-31": "-15.30440", "2011-07-31": "-13.08900", "2011-04-30": "56.92640", "2011-01-31": "11.61730", "2010-10-31": "-20.86470", "2010-07-31": "-7.62890", "2010-04-30": "54.63600", "2010-01-31": "15.05380", "2009-10-31": "-23.41770", "2009-07-31": "-27.85390", "2009-04-30": "53.56390", "2009-01-31": "13.58340", "2008-10-31": "-18.50310", "2008-07-31": "-24.93400", "2008-04-30": "52.25600", "2008-01-31": "21.44620", "2007-10-31": "-16.94460", "2007-07-31": "-4.36450", "2007-04-30": "50.61360", "2007-01-31": "30.07370", "2006-10-31": "-24.82500", "2006-07-31": "-9.71460", "2006-04-30": "51.35990", "2006-01-31": "33.33290", "2005-10-31": "-30.27250", "2005-07-31": "-4.13000", "2005-04-30": "51.27360", "2005-01-31": "34.12760"}, "Net Profit Margin": {"2020-10-31": "14.96600", "2020-07-31": "24.50440", "2020-04-30": "36.10930", "2020-01-31": "14.15090", "2019-10-31": "4.89270", "2019-07-31": "-4.42660", "2019-04-30": "42.11490", "2019-01-31": "12.58320", "2018-10-31": "3.34650", "2018-07-31": "-4.39810", "2018-04-30": "40.72800", "2018-01-31": "13.66690", "2017-10-31": "-0.21980", "2017-07-31": "4.41350", "2017-04-30": "37.93780", "2017-01-31": "1.27950", "2016-10-31": "-3.85600", "2016-07-31": "-5.30500", "2016-04-30": "44.53130", "2016-01-31": "2.60020", "2015-10-31": "-4.34780", "2015-07-31": "2.01150", "2015-04-30": "23.46600", "2015-01-31": "-8.81170", "2014-10-31": "-13.72550", "2014-07-31": "-6.43020", "2014-04-30": "41.20600", "2014-01-31": "-4.73150", "2013-10-31": "-1.76850", "2013-07-31": "-3.91200", "2013-04-30": "39.31130", "2013-01-31": "8.03170", "2012-10-31": "-3.38080", "2012-07-31": "1.29870", "2012-04-30": "38.11010", "2012-01-31": "11.81180", "2011-10-31": "-11.13040", "2011-07-31": "-9.94760", "2011-04-30": "37.22940", "2011-01-31": "8.31440", "2010-10-31": "-13.15790", "2010-07-31": "-9.89690", "2010-04-30": "35.84320", "2010-01-31": "13.62010", "2009-10-31": "-14.34600", "2009-07-31": "-16.21000", "2009-04-30": "34.22720", "2009-01-31": "10.99610", "2008-10-31": "-10.81080", "2008-07-31": "-15.39860", "2008-04-30": "33.82910", "2008-01-31": "13.80410", "2007-10-31": "-4.67570", "2007-07-31": "-3.15250", "2007-04-30": "32.23570", "2007-01-31": "19.36520", "2006-10-31": "-16.81350", "2006-07-31": "-6.42100", "2006-04-30": "31.35070", "2006-01-31": "24.63610", "2005-10-31": "-15.06360", "2005-07-31": "-7.77390", "2005-04-30": "35.99470", "2005-01-31": "22.71550"}, "Asset Turnover": {"2020-10-31": "0.13630", "2020-07-31": "0.16610", "2020-04-30": "0.38670", "2020-01-31": "0.25310", "2019-10-31": "0.18840", "2019-07-31": "0.15820", "2019-04-30": "0.47300", "2019-01-31": "0.28150", "2018-10-31": "0.20620", "2018-07-31": "0.16830", "2018-04-30": "0.50320", "2018-01-31": "0.27340", "2017-10-31": "0.22390", "2017-07-31": "0.21170", "2017-04-30": "0.51140", "2017-01-31": "0.23230", "2016-10-31": "0.19780", "2016-07-31": "0.17740", "2016-04-30": "0.46640", "2016-01-31": "0.21220", "2015-10-31": "0.18600", "2015-07-31": "0.14010", "2015-04-30": "0.40320", "2015-01-31": "0.14280", "2014-10-31": "0.12150", "2014-07-31": "0.08670", "2014-04-30": "0.42570", "2014-01-31": "0.16570", "2013-10-31": "0.15290", "2013-07-31": "0.07460", "2013-04-30": "0.35990", "2013-01-31": "0.17370", "2012-10-31": "0.12510", "2012-07-31": "0.06580", "2012-04-30": "0.37650", "2012-01-31": "0.20130", "2011-10-31": "0.12280", "2011-07-31": "0.11210", "2011-04-30": "0.33200", "2011-01-31": "0.17630", "2010-10-31": "0.10760", "2010-07-31": "0.09330", "2010-04-30": "0.29610", "2010-01-31": "0.17520", "2009-10-31": "0.10640", "2009-07-31": "0.09080", "2009-04-30": "0.28150", "2009-01-31": "0.17610", "2008-10-31": "0.11720", "2008-07-31": "0.08580", "2008-04-30": "0.28870", "2008-01-31": "0.19100", "2007-10-31": "0.11260", "2007-07-31": "0.10180", "2007-04-30": "0.27040", "2007-01-31": "0.24740", "2006-10-31": "0.12360", "2006-07-31": "0.10600", "2006-04-30": "0.32200", "2006-01-31": "0.27570", "2005-10-31": "0.12450", "2005-07-31": "0.09470", "2005-04-30": "0.27560", "2005-01-31": "0.23350"}, "Inventory Turnover Ratio": {"2020-10-31": "", "2020-07-31": "", "2020-04-30": "", "2020-01-31": "", "2019-10-31": "", "2019-07-31": "", "2019-04-30": "", "2019-01-31": "", "2018-10-31": "", "2018-07-31": "", "2018-04-30": "", "2018-01-31": "", "2017-10-31": "", "2017-07-31": "", "2017-04-30": "", "2017-01-31": "", "2016-10-31": "", "2016-07-31": "", "2016-04-30": "", "2016-01-31": "", "2015-10-31": "", "2015-07-31": "", "2015-04-30": "", "2015-01-31": "", "2014-10-31": "", "2014-07-31": "", "2014-04-30": "", "2014-01-31": "", "2013-10-31": "", "2013-07-31": "", "2013-04-30": "", "2013-01-31": "", "2012-10-31": "", "2012-07-31": "", "2012-04-30": "", "2012-01-31": "", "2011-10-31": "", "2011-07-31": "", "2011-04-30": "", "2011-01-31": "", "2010-10-31": "", "2010-07-31": "", "2010-04-30": "", "2010-01-31": "", "2009-10-31": "", "2009-07-31": "", "2009-04-30": "", "2009-01-31": "", "2008-10-31": "", "2008-07-31": "", "2008-04-30": "", "2008-01-31": "", "2007-10-31": "", "2007-07-31": "", "2007-04-30": "", "2007-01-31": "", "2006-10-31": "", "2006-07-31": "", "2006-04-30": "", "2006-01-31": "", "2005-10-31": "", "2005-07-31": "", "2005-04-30": "", "2005-01-31": ""}, "Receiveable Turnover": {"2020-10-31": "10.33590", "2020-07-31": "11.27950", "2020-04-30": "13.34220", "2020-01-31": "2.58930", "2019-10-31": "6.13160", "2019-07-31": "6.53950", "2019-04-30": "12.34720", "2019-01-31": "2.40710", "2018-10-31": "5.26420", "2018-07-31": "6.30660", "2018-04-30": "9.36330", "2018-01-31": "2.36990", "2017-10-31": "5.14120", "2017-07-31": "5.18670", "2017-04-30": "10.37140", "2017-01-31": "1.80780", "2016-10-31": "4.37080", "2016-07-31": "5.89060", "2016-04-30": "10.56880", "2016-01-31": "1.48870", "2015-10-31": "3.18300", "2015-07-31": "3.97710", "2015-04-30": "9.79360", "2015-01-31": "1.23800", "2014-10-31": "2.64940", "2014-07-31": "3.00670", "2014-04-30": "8.55910", "2014-01-31": "1.18850", "2013-10-31": "1.81870", "2013-07-31": "2.13020", "2013-04-30": "6.68050", "2013-01-31": "1.26650", "2012-10-31": "1.61030", "2012-07-31": "1.57950", "2012-04-30": "6.44150", "2012-01-31": "1.48440", "2011-10-31": "1.88520", "2011-07-31": "2.35800", "2011-04-30": "6.89550", "2011-01-31": "1.45360", "2010-10-31": "1.84720", "2010-07-31": "2.99380", "2010-04-30": "7.83900", "2010-01-31": "1.70470", "2009-10-31": "1.83720", "2009-07-31": "2.16830", "2009-04-30": "5.16270", "2009-01-31": "1.38210", "2008-10-31": "1.59830", "2008-07-31": "2.13100", "2008-04-30": "5.82250", "2008-01-31": "2.21710", "2007-10-31": "2.10180", "2007-07-31": "2.32780", "2007-04-30": "5.95640", "2007-01-31": "2.34700", "2006-10-31": "1.75790", "2006-07-31": "1.92800", "2006-04-30": "6.57240", "2006-01-31": "2.32460", "2005-10-31": "2.10070", "2005-07-31": "2.06120", "2005-04-30": "5.89060", "2005-01-31": "2.10630"}, "Days Sales In Receivables": {"2020-10-31": "8.70750", "2020-07-31": "7.97910", "2020-04-30": "6.74550", "2020-01-31": "34.75830", "2019-10-31": "14.67810", "2019-07-31": "13.76260", "2019-04-30": "7.28910", "2019-01-31": "37.39010", "2018-10-31": "17.09650", "2018-07-31": "14.27080", "2018-04-30": "9.61200", "2018-01-31": "37.97610", "2017-10-31": "17.50550", "2017-07-31": "17.35190", "2017-04-30": "8.67770", "2017-01-31": "49.78350", "2016-10-31": "20.59130", "2016-07-31": "15.27850", "2016-04-30": "8.51560", "2016-01-31": "60.45500", "2015-10-31": "28.27490", "2015-07-31": "22.62930", "2015-04-30": "9.18970", "2015-01-31": "72.69690", "2014-10-31": "33.97060", "2014-07-31": "29.93350", "2014-04-30": "10.51510", "2014-01-31": "75.72890", "2013-10-31": "49.48550", "2013-07-31": "42.24940", "2013-04-30": "13.47200", "2013-01-31": "71.06340", "2012-10-31": "55.88970", "2012-07-31": "56.98050", "2012-04-30": "13.97200", "2012-01-31": "60.63060", "2011-10-31": "47.73910", "2011-07-31": "38.16750", "2011-04-30": "13.05200", "2011-01-31": "61.91340", "2010-10-31": "48.72180", "2010-07-31": "30.06190", "2010-04-30": "11.48100", "2010-01-31": "52.79570", "2009-10-31": "48.98730", "2009-07-31": "41.50690", "2009-04-30": "17.43280", "2009-01-31": "65.11620", "2008-10-31": "56.31010", "2008-07-31": "42.23470", "2008-04-30": "15.45720", "2008-01-31": "40.59380", "2007-10-31": "42.82050", "2007-07-31": "38.66260", "2007-04-30": "15.10980", "2007-01-31": "38.34630", "2006-10-31": "51.19680", "2006-07-31": "46.68120", "2006-04-30": "13.69360", "2006-01-31": "38.71580", "2005-10-31": "42.84240", "2005-07-31": "43.66370", "2005-04-30": "15.27860", "2005-01-31": "42.72910"}, "ROE - Return On Equity": {"2020-10-31": "3.77500", "2020-07-31": "8.71520", "2020-04-30": "22.86920", "2020-01-31": "6.43950", "2019-10-31": "1.56900", "2019-07-31": "-1.17360", "2019-04-30": "33.85750", "2019-01-31": "6.75970", "2018-10-31": "1.22210", "2018-07-31": "-1.34940", "2018-04-30": "50.16920", "2018-01-31": "15.81680", "2017-10-31": "-0.16630", "2017-07-31": "2.80650", "2017-04-30": "56.80610", "2017-01-31": "1.65610", "2016-10-31": "-3.20510", "2016-07-31": "-3.44530", "2016-04-30": "67.94870", "2016-01-31": "4.52420", "2015-10-31": "-2.94960", "2015-07-31": "-4.37390", "2015-04-30": "28.26370", "2015-01-31": "-2.54890", "2014-10-31": "-2.76730", "2014-07-31": "-1.20210", "2014-04-30": "30.38910", "2014-01-31": "-1.65550", "2013-10-31": "-2.56300", "2013-07-31": "-1.75590", "2013-04-30": "24.03360", "2013-01-31": "2.32810", "2012-10-31": "-1.96720", "2012-07-31": "-1.27550", "2012-04-30": "25.96120", "2012-01-31": "5.44310", "2011-10-31": "-2.45660", "2011-07-31": "-2.14070", "2011-04-30": "24.38850", "2011-01-31": "3.21300", "2010-10-31": "-2.67690", "2010-07-31": "-0.81530", "2010-04-30": "20.15400", "2010-01-31": "3.54610", "2009-10-31": "-3.03700", "2009-07-31": "-2.81580", "2009-04-30": "18.66450", "2009-01-31": "4.22810", "2008-10-31": "-2.67070", "2008-07-31": "-3.16500", "2008-04-30": "21.66280", "2008-01-31": "6.29580", "2007-10-31": "-2.55920", "2007-07-31": "-0.63190", "2007-04-30": "18.93390", "2007-01-31": "7.98290", "2006-10-31": "-3.18060", "2006-07-31": "-0.88150", "2006-04-30": "17.85170", "2006-01-31": "9.99080", "2005-10-31": "-3.83910", "2005-07-31": "-1.16820", "2005-04-30": "16.18940", "2005-01-31": "8.45430"}, "Return On Tangible Equity": {"2020-10-31": "5.68150", "2020-07-31": "12.99650", "2020-04-30": "35.50610", "2020-01-31": "11.81680", "2019-10-31": "2.95490", "2019-07-31": "-2.15690", "2019-04-30": "57.03640", "2019-01-31": "16.63730", "2018-10-31": "3.04390", "2018-07-31": "-3.32170", "2018-04-30": "173.64570", "2018-01-31": "-34.33400", "2017-10-31": "1.83490", "2017-07-31": "102.70270", "2017-04-30": "256.38300", "2017-01-31": "-2.39850", "2016-10-31": "7.57580", "2016-07-31": "24.24240", "2016-04-30": "-931.86820", "2016-01-31": "-4.11930", "2015-10-31": "10.33330", "2015-07-31": "-10.41880", "2015-04-30": "92.91790", "2015-01-31": "-12.52610", "2014-10-31": "-7.35030", "2014-07-31": "-2.28110", "2014-04-30": "55.59320", "2014-01-31": "-4.73150", "2013-10-31": "-6.98530", "2013-07-31": "-2.90260", "2013-04-30": "68.86040", "2013-01-31": "15.70050", "2012-10-31": "-15.29750", "2012-07-31": "-2.79780", "2012-04-30": "90.41770", "2012-01-31": "59.60590", "2011-10-31": "-17.90120", "2011-07-31": "-10.18180", "2011-04-30": "97.17510", "2011-01-31": "52.51800", "2010-10-31": "-15.15150", "2010-07-31": "-3.53300", "2010-04-30": "76.49400", "2010-01-31": "59.70150", "2009-10-31": "-36.31580", "2009-07-31": "-14.06250", "2009-04-30": "69.06900", "2009-01-31": "70.95830", "2008-10-31": "-1038.98500", "2008-07-31": "-64.46250", "2008-04-30": "718.00380", "2008-01-31": "-196.79720", "2007-10-31": "-69.38480", "2007-07-31": "-5.71280", "2007-04-30": "769.48960", "2007-01-31": "12.01870", "2006-10-31": "-4.84780", "2006-07-31": "-1.24530", "2006-04-30": "27.63360", "2006-01-31": "16.22500", "2005-10-31": "-6.26800", "2005-07-31": "-1.77430", "2005-04-30": "27.06730", "2005-01-31": "15.01890"}, "ROA - Return On Assets": {"2020-10-31": "2.03980", "2020-07-31": "4.07100", "2020-04-30": "13.96190", "2020-01-31": "3.58160", "2019-10-31": "0.92190", "2019-07-31": "-0.70030", "2019-04-30": "19.92190", "2019-01-31": "3.54260", "2018-10-31": "0.68990", "2018-07-31": "-0.74020", "2018-04-30": "20.49420", "2018-01-31": "3.73620", "2017-10-31": "-0.04920", "2017-07-31": "0.93410", "2017-04-30": "19.40030", "2017-01-31": "0.29730", "2016-10-31": "-0.76280", "2016-07-31": "-0.94120", "2016-04-30": "17.16600", "2016-01-31": "0.66680", "2015-10-31": "-0.80880", "2015-07-31": "-2.05310", "2015-04-30": "12.38910", "2015-01-31": "-1.14390", "2014-10-31": "-1.60780", "2014-07-31": "-0.71140", "2014-04-30": "17.54010", "2014-01-31": "-0.78420", "2013-10-31": "-1.40120", "2013-07-31": "-1.13010", "2013-04-30": "14.76760", "2013-01-31": "1.27730", "2012-10-31": "-1.20160", "2012-07-31": "-0.74720", "2012-04-30": "14.38620", "2012-01-31": "2.43850", "2011-10-31": "-1.23850", "2011-07-31": "-1.09590", "2011-04-30": "12.35850", "2011-01-31": "1.46620", "2010-10-31": "-1.41610", "2010-07-31": "-0.44250", "2010-04-30": "10.61360", "2010-01-31": "1.67430", "2009-10-31": "-1.54920", "2009-07-31": "-1.49190", "2009-04-30": "9.63640", "2009-01-31": "1.95900", "2008-10-31": "-1.26650", "2008-07-31": "-1.40600", "2008-04-30": "9.76550", "2008-01-31": "2.65340", "2007-10-31": "-1.20380", "2007-07-31": "-0.30240", "2007-04-30": "8.73290", "2007-01-31": "4.79830", "2006-10-31": "-2.01750", "2006-07-31": "-0.55310", "2006-04-30": "10.09360", "2006-01-31": "5.76210", "2005-10-31": "-2.35880", "2005-07-31": "-0.72910", "2005-04-30": "9.84130", "2005-01-31": "5.22270"}, "ROI - Return On Investment": {"2020-10-31": "2.72090", "2020-07-31": "6.23510", "2020-04-30": "22.63990", "2020-01-31": "5.85370", "2019-10-31": "1.42290", "2019-07-31": "-1.06410", "2019-04-30": "30.84150", "2019-01-31": "5.98290", "2018-10-31": "1.07700", "2018-07-31": "-1.18600", "2018-04-30": "42.90880", "2018-01-31": "11.65610", "2017-10-31": "-0.12290", "2017-07-31": "2.12050", "2017-04-30": "44.89990", "2017-01-31": "1.04170", "2016-10-31": "-2.12620", "2016-07-31": "-2.42570", "2016-04-30": "48.51260", "2016-01-31": "1.76720", "2015-10-31": "-1.99870", "2015-07-31": "-3.60170", "2015-04-30": "23.26240", "2015-01-31": "-2.10310", "2014-10-31": "-2.36430", "2014-07-31": "-1.03440", "2014-04-30": "26.33130", "2014-01-31": "-1.35330", "2013-10-31": "-2.09330", "2013-07-31": "-1.53850", "2013-04-30": "21.08630", "2013-01-31": "1.97510", "2012-10-31": "-1.66460", "2012-07-31": "-1.07920", "2012-04-30": "22.07560", "2012-01-31": "4.44530", "2011-10-31": "-2.02800", "2011-07-31": "-1.79780", "2011-04-30": "20.72910", "2011-01-31": "2.23240", "2010-10-31": "-1.93740", "2010-07-31": "-0.60230", "2010-04-30": "14.93780", "2010-01-31": "2.45850", "2009-10-31": "-2.11010", "2009-07-31": "-2.02530", "2009-04-30": "13.48480", "2009-01-31": "2.83630", "2008-10-31": "-1.76570", "2008-07-31": "-2.13650", "2008-04-30": "14.57100", "2008-01-31": "4.08400", "2007-10-31": "-1.66530", "2007-07-31": "-0.42400", "2007-04-30": "12.51050", "2007-01-31": "7.90330", "2006-10-31": "-3.15430", "2006-07-31": "-0.88150", "2006-04-30": "17.68570", "2006-01-31": "9.88570", "2005-10-31": "-3.79690", "2005-07-31": "-1.15640", "2005-04-30": "16.03520", "2005-01-31": "8.37530"}, "Book Value Per Share": {"2020-10-31": "19.96520", "2020-07-31": "19.50790", "2020-04-30": "18.17840", "2020-01-31": "14.30620", "2019-10-31": "13.95700", "2019-07-31": "14.40930", "2019-04-30": "15.69410", "2019-01-31": "10.79080", "2018-10-31": "10.71770", "2018-07-31": "10.88870", "2018-04-30": "9.21370", "2018-01-31": "4.51820", "2017-10-31": "4.70530", "2017-07-31": "5.29590", "2017-04-30": "6.62230", "2017-01-31": "3.06640", "2016-10-31": "3.64110", "2016-07-31": "4.50260", "2016-04-30": "4.86760", "2016-01-31": "2.46090", "2015-10-31": "3.97590", "2015-07-31": "8.39740", "2015-04-30": "8.41990", "2015-01-31": "8.37900", "2014-10-31": "10.25510", "2014-07-31": "10.80190", "2014-04-30": "11.39090", "2014-01-31": "7.88320", "2013-10-31": "7.81180", "2013-07-31": "11.78950", "2013-04-30": "12.03060", "2013-01-31": "9.40880", "2012-10-31": "9.26480", "2012-07-31": "9.29260", "2012-04-30": "9.63210", "2012-01-31": "7.54130", "2011-10-31": "7.90680", "2011-07-31": "8.70270", "2011-04-30": "9.29240", "2011-01-31": "7.44950", "2010-10-31": "8.33860", "2010-07-31": "8.98810", "2010-04-30": "9.11740", "2010-01-31": "7.22540", "2009-10-31": "7.18510", "2009-07-31": "7.92210", "2009-04-30": "8.05340", "2009-01-31": "6.33550", "2008-10-31": "6.06240", "2008-07-31": "6.42580", "2008-04-30": "6.40720", "2008-01-31": "5.59880", "2007-10-31": "5.57120", "2007-07-31": "6.00020", "2007-04-30": "5.80230", "2007-01-31": "5.30090", "2006-10-31": "5.16290", "2006-07-31": "5.05010", "2006-04-30": "4.90620", "2006-01-31": "4.46970", "2005-10-31": "4.27270", "2005-07-31": "4.72890", "2005-04-30": "5.07930", "2005-01-31": "4.62420"}, "Operating Cash Flow Per Share": {"2020-10-31": "0.16980", "2020-07-31": 1.0871, "2020-04-30": 7.3371, "2020-01-31": 1.2008, "2019-10-31": "-0.48110", "2019-07-31": -0.4622, "2019-04-30": 8.5152, "2019-01-31": 1.2917, "2018-10-31": "-0.54170", "2018-07-31": -0.1103, "2018-04-30": 7.5331, "2018-01-31": 0.9739, "2017-10-31": "-0.30470", "2017-07-31": -1.139, "2017-04-30": 6.9308, "2017-01-31": 1.1292, "2016-10-31": "-0.79460", "2016-07-31": -1.1868, "2016-04-30": 6.2112, "2016-01-31": 1.1762, "2015-10-31": "-0.69120", "2015-07-31": -0.5505, "2015-04-30": 5.2397, "2015-01-31": 1.2793, "2014-10-31": "-0.41260", "2014-07-31": -0.3068, "2014-04-30": 4.7759, "2014-01-31": 1.1597, "2013-10-31": "-0.65970", "2013-07-31": -0.6233, "2013-04-30": 4.7653, "2013-01-31": 0.8562, "2012-10-31": "-0.48990", "2012-07-31": -0.6277, "2012-04-30": 4.2227, "2012-01-31": 0.8569, "2011-10-31": "-0.36670", "2011-07-31": -0.4316, "2011-04-30": 3.6381, "2011-01-31": 0.8155, "2010-10-31": "-0.66770", "2010-07-31": -0.4865, "2010-04-30": 3.2322, "2010-01-31": 0.7626, "2009-10-31": "-0.43750", "2009-07-31": -0.2081, "2009-04-30": 2.8435, "2009-01-31": 0.4444, "2008-10-31": "-0.61920", "2008-07-31": -0.1593, "2008-04-30": 2.4982, "2008-01-31": 0.5875, "2007-10-31": "-0.47800", "2007-07-31": -0.274, "2007-04-30": 2.0213, "2007-01-31": 0.6901, "2006-10-31": "-0.39490", "2006-07-31": -0.4042, "2006-04-30": 1.8568, "2006-01-31": 0.4745, "2005-10-31": "-0.23610", "2005-07-31": -0.3094, "2005-04-30": 1.546, "2005-01-31": 0.3494}, "Free Cash Flow Per Share": {"2020-10-31": "0.02640", "2020-07-31": 0.9735, "2020-04-30": 7.1894, "2020-01-31": 1.0871, "2019-10-31": "-0.62500", "2019-07-31": -0.5606, "2019-04-30": 8.3295, "2019-01-31": 1.1212, "2018-10-31": "-0.67420", "2018-07-31": -0.2152, "2018-04-30": 7.459, "2018-01-31": 0.8731, "2017-10-31": "-0.50000", "2017-07-31": -1.3356, "2017-04-30": 6.7539, "2017-01-31": 0.9548, "2016-10-31": "-1.12790", "2016-07-31": -1.4296, "2016-04-30": 5.9654, "2016-01-31": -0.0477, "2015-10-31": "-0.94850", "2015-07-31": -0.814, "2015-04-30": 4.9978, "2015-01-31": 1.0645, "2014-10-31": "-0.60490", "2014-07-31": -0.5287, "2014-04-30": 4.6861, "2014-01-31": 0.9954, "2013-10-31": "-0.82290", "2013-07-31": -0.7833, "2013-04-30": 4.6612, "2013-01-31": 0.7132, "2012-10-31": "-0.72640", "2012-07-31": -0.8249, "2012-04-30": 4.1108, "2012-01-31": 0.7028, "2011-10-31": "-0.51330", "2011-07-31": -0.6066, "2011-04-30": 3.5323, "2011-01-31": 0.5524, "2010-10-31": "-0.82910", "2010-07-31": -0.5769, "2010-04-30": 3.127, "2010-01-31": 0.6582, "2009-10-31": "-0.53750", "2009-07-31": -0.3097, "2009-04-30": 2.7525, "2009-01-31": 0.2929, "2008-10-31": "-0.82660", "2008-07-31": -0.4104, "2008-04-30": 2.2023, "2008-01-31": 0.4252, "2007-10-31": "-0.67140", "2007-07-31": -0.4507, "2007-04-30": 1.9141, "2007-01-31": 0.6277, "2006-10-31": "-0.47930", "2006-07-31": -0.4733, "2006-04-30": 1.8291, "2006-01-31": 0.4142, "2005-10-31": "-0.30670", "2005-07-31": -0.3434, "2005-04-30": 1.5026, "2005-01-31": 0.2506}}, "revenue": {"Intuit Annual Revenue (Millions of US $)": {"2020": "$7,679", "2019": "$6,784", "2018": "$6,025", "2017": "$5,196", "2016": "$4,694", "2015": "$4,192", "2014": "$4,243", "2013": "$3,946", "2012": "$3,808", "2011": "$3,449", "2010": "$3,403", "2009": "$3,109", "2008": "$2,993", "2007": "$2,673", "2006": "$2,293", "2005": "$1,993"}, "Intuit Quarterly Revenue (Millions of US $)": {"2020-10-31": "$1,323", "2020-07-31": "$1,816", "2020-04-30": "$3,002", "2020-01-31": "$1,696", "2019-10-31": "$1,165", "2019-07-31": "$994", "2019-04-30": "$3,272", "2019-01-31": "$1,502", "2018-10-31": "$1,016", "2018-07-31": "$864", "2018-04-30": "$2,912", "2018-01-31": "$1,339", "2017-10-31": "$910", "2017-07-31": "$861", "2017-04-30": "$2,541", "2017-01-31": "$1,016", "2016-10-31": "$778", "2016-07-31": "$754", "2016-04-30": "$2,304", "2016-01-31": "$923", "2015-10-31": "$713", "2015-07-31": "$696", "2015-04-30": "$2,135", "2015-01-31": "$749", "2014-10-31": "$612", "2014-07-31": "$451", "2014-04-30": "$2,388", "2014-01-31": "$782", "2013-10-31": "$622", "2013-07-31": "$409", "2013-04-30": "$2,091", "2013-01-31": "$884", "2012-10-31": "$562", "2012-07-31": "$308", "2012-04-30": "$1,926", "2012-01-31": "$999", "2011-10-31": "$575", "2011-07-31": "$573", "2011-04-30": "$1,848", "2011-01-31": "$878", "2010-10-31": "$532", "2010-07-31": "$485", "2010-04-30": "$1,607", "2010-01-31": "$837", "2009-10-31": "$474", "2009-07-31": "$438", "2009-04-30": "$1,417", "2009-01-31": "$773", "2008-10-31": "$481", "2008-07-31": "$400", "2008-04-30": "$1,313", "2008-01-31": "$835", "2007-10-31": "$445", "2007-07-31": "$433", "2007-04-30": "$1,139", "2007-01-31": "$751", "2006-10-31": "$350", "2006-07-31": "$294", "2006-04-30": "$953", "2006-01-31": "$743", "2005-10-31": "$304", "2005-07-31": "$257", "2005-04-30": "$835", "2005-01-31": "$648"}}, "gross-profit": {"Intuit Annual Gross Profit (Millions of US $)": {"2020": "$6,301", "2019": "$5,617", "2018": "$5,047", "2017": "$4,386", "2016": "$3,942", "2015": "$3,467", "2014": "$3,622", "2013": "$3,406", "2012": "$3,223", "2011": "$2,959", "2010": "$2,812", "2009": "$2,531", "2008": "$2,458", "2007": "$2,194", "2006": "$1,894", "2005": "$1,643"}, "Intuit Quarterly Gross Profit (Millions of US $)": {"2020-10-31": "$1,067", "2020-07-31": "$1,494", "2020-04-30": "$2,576", "2020-01-31": "$1,356", "2019-10-31": "$875", "2019-07-31": "$713", "2019-04-30": "$2,918", "2019-01-31": "$1,217", "2018-10-31": "$769", "2018-07-31": "$635", "2018-04-30": "$2,607", "2018-01-31": "$1,093", "2017-10-31": "$712", "2017-07-31": "$677", "2017-04-30": "$2,304", "2017-01-31": "$810", "2016-10-31": "$595", "2016-07-31": "$583", "2016-04-30": "$2,088", "2016-01-31": "$724", "2015-10-31": "$547", "2015-07-31": "$520", "2015-04-30": "$1,933", "2015-01-31": "$561", "2014-10-31": "$453", "2014-07-31": "$319", "2014-04-30": "$2,218", "2014-01-31": "$606", "2013-10-31": "$479", "2013-07-31": "$310", "2013-04-30": "$1,951", "2013-01-31": "$718", "2012-10-31": "$427", "2012-07-31": "$286", "2012-04-30": "$1,729", "2012-01-31": "$797", "2011-10-31": "$411", "2011-07-31": "$414", "2011-04-30": "$1,684", "2011-01-31": "$703", "2010-10-31": "$377", "2010-07-31": "$352", "2010-04-30": "$1,455", "2010-01-31": "$675", "2009-10-31": "$330", "2009-07-31": "$308", "2009-04-30": "$1,268", "2009-01-31": "$619", "2008-10-31": "$336", "2008-07-31": "$296", "2008-04-30": "$1,173", "2008-01-31": "$675", "2007-10-31": "$314", "2007-07-31": "$315", "2007-04-30": "$1,008", "2007-01-31": "$619", "2006-10-31": "$252", "2006-07-31": "$230", "2006-04-30": "$845", "2006-01-31": "$608", "2005-10-31": "$212", "2005-07-31": "$200", "2005-04-30": "$733", "2005-01-31": "$532"}}, "operating-income": {"Intuit Annual Operating Income (Millions of US $)": {"2020": "$2,176", "2019": "$1,854", "2018": "$1,560", "2017": "$1,418", "2016": "$1,242", "2015": "$738", "2014": "$1,300", "2013": "$1,208", "2012": "$1,168", "2011": "$1,082", "2010": "$904", "2009": "$683", "2008": "$644", "2007": "$638", "2006": "$566", "2005": "$529"}, "Intuit Quarterly Operating Income (Millions of US $)": {"2020-10-31": "$209", "2020-07-31": "$483", "2020-04-30": "$1,413", "2020-01-31": "$270", "2019-10-31": "$10", "2019-07-31": "$-153", "2019-04-30": "$1,784", "2019-01-31": "$233", "2018-10-31": "$-10", "2018-07-31": "$-200", "2018-04-30": "$1,601", "2018-01-31": "$194", "2017-10-31": "$-35", "2017-07-31": "$13", "2017-04-30": "$1,444", "2017-01-31": "$22", "2016-10-31": "$-61", "2016-07-31": "$-56", "2016-04-30": "$1,285", "2016-01-31": "$42", "2015-10-31": "$-29", "2015-07-31": "$-130", "2015-04-30": "$1,066", "2015-01-31": "$-89", "2014-10-31": "$-109", "2014-07-31": "$-71", "2014-04-30": "$1,494", "2014-01-31": "$-46", "2013-10-31": "$-77", "2013-07-31": "$-85", "2013-04-30": "$1,282", "2013-01-31": "$84", "2012-10-31": "$-73", "2012-07-31": "$-54", "2012-04-30": "$1,111", "2012-01-31": "$195", "2011-10-31": "$-84", "2011-07-31": "$-58", "2011-04-30": "$1,061", "2011-01-31": "$111", "2010-10-31": "$-104", "2010-07-31": "$-23", "2010-04-30": "$888", "2010-01-31": "$139", "2009-10-31": "$-100", "2009-07-31": "$-117", "2009-04-30": "$765", "2009-01-31": "$111", "2008-10-31": "$-76", "2008-07-31": "$-101", "2008-04-30": "$675", "2008-01-31": "$174", "2007-10-31": "$-103", "2007-07-31": "$-57", "2007-04-30": "$578", "2007-01-31": "$215", "2006-10-31": "$-99", "2006-07-31": "$-51", "2006-04-30": "$480", "2006-01-31": "$239", "2005-10-31": "$-103", "2005-07-31": "$-30", "2005-04-30": "$422", "2005-01-31": "$218"}}, "ebitda": {"Intuit Annual EBITDA (Millions of US $)": {"2020": "$2,394", "2019": "$2,079", "2018": "$1,813", "2017": "$1,654", "2016": "$1,480", "2015": "$1,266", "2014": "$1,497", "2013": "$1,486", "2012": "$1,410", "2011": "$1,353", "2010": "$1,160", "2009": "$958", "2008": "$861", "2007": "$796", "2006": "$692", "2005": "$658"}, "Intuit Quarterly EBITDA (Millions of US $)": {"2020-10-31": "$255", "2020-07-31": "$533", "2020-04-30": "$1,467", "2020-01-31": "$327", "2019-10-31": "$67", "2019-07-31": "$-94", "2019-04-30": "$1,838", "2019-01-31": "$288", "2018-10-31": "$47", "2018-07-31": "$-138", "2018-04-30": "$1,665", "2018-01-31": "$256", "2017-10-31": "$30", "2017-07-31": "$75", "2017-04-30": "$1,506", "2017-01-31": "$79", "2016-10-31": "$-6", "2016-07-31": "$7", "2016-04-30": "$1,347", "2016-01-31": "$100", "2015-10-31": "$26", "2015-07-31": "$-35", "2015-04-30": "$1,388", "2015-01-31": "$-32", "2014-10-31": "$-55", "2014-07-31": "$-21", "2014-04-30": "$1,541", "2014-01-31": "$4", "2013-10-31": "$-27", "2013-07-31": "$-22", "2013-04-30": "$1,385", "2013-01-31": "$142", "2012-10-31": "$-19", "2012-07-31": "$3", "2012-04-30": "$1,163", "2012-01-31": "$256", "2011-10-31": "$-12", "2011-07-31": "$35", "2011-04-30": "$1,122", "2011-01-31": "$172", "2010-10-31": "$-48", "2010-07-31": "$35", "2010-04-30": "$943", "2010-01-31": "$207", "2009-10-31": "$-25", "2009-07-31": "$-31", "2009-04-30": "$828", "2009-01-31": "$177", "2008-10-31": "$-16", "2008-07-31": "$-41", "2008-04-30": "$731", "2008-01-31": "$225", "2007-10-31": "$-54", "2007-07-31": "$5", "2007-04-30": "$620", "2007-01-31": "$242", "2006-10-31": "$-70", "2006-07-31": "$-11", "2006-04-30": "$509", "2006-01-31": "$268", "2005-10-31": "$-73", "2005-07-31": "$0", "2005-04-30": "$462", "2005-01-31": "$248"}}, "net-income": {"Intuit Annual Net Income (Millions of US $)": {"2020": "$1,826", "2019": "$1,557", "2018": "$1,329", "2017": "$985", "2016": "$979", "2015": "$365", "2014": "$907", "2013": "$858", "2012": "$792", "2011": "$634", "2010": "$574", "2009": "$447", "2008": "$477", "2007": "$440", "2006": "$417", "2005": "$382"}, "Intuit Quarterly Net Income (Millions of US $)": {"2020-10-31": "$198", "2020-07-31": "$445", "2020-04-30": "$1,084", "2020-01-31": "$240", "2019-10-31": "$57", "2019-07-31": "$-44", "2019-04-30": "$1,378", "2019-01-31": "$189", "2018-10-31": "$34", "2018-07-31": "$-38", "2018-04-30": "$1,186", "2018-01-31": "$183", "2017-10-31": "$-2", "2017-07-31": "$38", "2017-04-30": "$964", "2017-01-31": "$13", "2016-10-31": "$-30", "2016-07-31": "$-40", "2016-04-30": "$1,026", "2016-01-31": "$24", "2015-10-31": "$-31", "2015-07-31": "$14", "2015-04-30": "$501", "2015-01-31": "$-66", "2014-10-31": "$-84", "2014-07-31": "$-29", "2014-04-30": "$984", "2014-01-31": "$-37", "2013-10-31": "$-11", "2013-07-31": "$-16", "2013-04-30": "$822", "2013-01-31": "$71", "2012-10-31": "$-19", "2012-07-31": "$4", "2012-04-30": "$734", "2012-01-31": "$118", "2011-10-31": "$-64", "2011-07-31": "$-57", "2011-04-30": "$688", "2011-01-31": "$73", "2010-10-31": "$-70", "2010-07-31": "$-48", "2010-04-30": "$576", "2010-01-31": "$114", "2009-10-31": "$-68", "2009-07-31": "$-71", "2009-04-30": "$485", "2009-01-31": "$85", "2008-10-31": "$-52", "2008-07-31": "$-62", "2008-04-30": "$444", "2008-01-31": "$115", "2007-10-31": "$-21", "2007-07-31": "$-14", "2007-04-30": "$367", "2007-01-31": "$145", "2006-10-31": "$-59", "2006-07-31": "$-19", "2006-04-30": "$299", "2006-01-31": "$183", "2005-10-31": "$-46", "2005-07-31": "$-20", "2005-04-30": "$301", "2005-01-31": "$147"}}, "eps-earnings-per-share-diluted": {"Intuit Annual EPS": {"2020": "$6.92", "2019": "$5.89", "2018": "$5.09", "2017": "$3.78", "2016": "$3.69", "2015": "$1.28", "2014": "$3.12", "2013": "$2.83", "2012": "$2.60", "2011": "$2.00", "2010": "$1.77", "2009": "$1.35", "2008": "$1.41", "2007": "$1.24", "2006": "$1.16", "2005": "$1.01"}, "Intuit Quarterly EPS": {"2020-10-31": "$0.75", "2020-07-31": "$1.68", "2020-04-30": "$4.11", "2020-01-31": "$0.91", "2019-10-31": "$0.22", "2019-07-31": "$-0.18", "2019-04-30": "$5.22", "2019-01-31": "$0.72", "2018-10-31": "$0.13", "2018-07-31": "$-0.13", "2018-04-30": "$4.53", "2018-01-31": "$0.70", "2017-10-31": "$-0.01", "2017-07-31": "$0.15", "2017-04-30": "$3.70", "2017-01-31": "$0.05", "2016-10-31": "$-0.12", "2016-07-31": "$-0.23", "2016-04-30": "$3.94", "2016-01-31": "$0.09", "2015-10-31": "$-0.11", "2015-07-31": "$0.02", "2015-04-30": "$1.78", "2015-01-31": "$-0.23", "2014-10-31": "$-0.29", "2014-07-31": "$-0.10", "2014-04-30": "$3.39", "2014-01-31": "$-0.13", "2013-10-31": "$-0.04", "2013-07-31": "$-0.05", "2013-04-30": "$2.71", "2013-01-31": "$0.23", "2012-10-31": "$-0.06", "2012-07-31": "$0.00", "2012-04-30": "$2.42", "2012-01-31": "$0.39", "2011-10-31": "$-0.21", "2011-07-31": "$-0.19", "2011-04-30": "$2.20", "2011-01-31": "$0.23", "2010-10-31": "$-0.22", "2010-07-31": "$-0.15", "2010-04-30": "$1.78", "2010-01-31": "$0.35", "2009-10-31": "$-0.21", "2009-07-31": "$-0.22", "2009-04-30": "$1.47", "2009-01-31": "$0.26", "2008-10-31": "$-0.16", "2008-07-31": "$-0.20", "2008-04-30": "$1.33", "2008-01-31": "$0.34", "2007-10-31": "$-0.06", "2007-07-31": "$-0.03", "2007-04-30": "$1.04", "2007-01-31": "$0.40", "2006-10-31": "$-0.17", "2006-07-31": "$-0.05", "2006-04-30": "$0.84", "2006-01-31": "$0.50", "2005-10-31": "$-0.13", "2005-07-31": "$-0.06", "2005-04-30": "$0.81", "2005-01-31": "$0.39"}}, "shares-outstanding": {"Intuit Annual Shares Outstanding (Millions of Shares)": {"2020": "264", "2019": "264", "2018": "261", "2017": "261", "2016": "265", "2015": "286", "2014": "291", "2013": "303", "2012": "305", "2011": "317", "2010": "325", "2009": "330", "2008": "339", "2007": "356", "2006": "360", "2005": "377"}, "Intuit Quarterly Shares Outstanding (Millions of Shares)": {"2020-10-31": "265", "2020-07-31": "264", "2020-04-30": "264", "2020-01-31": "264", "2019-10-31": "264", "2019-07-31": "264", "2019-04-30": "264", "2019-01-31": "264", "2018-10-31": "264", "2018-07-31": "261", "2018-04-30": "262", "2018-01-31": "260", "2017-10-31": "256", "2017-07-31": "261", "2017-04-30": "260", "2017-01-31": "260", "2016-10-31": "258", "2016-07-31": "265", "2016-04-30": "260", "2016-01-31": "266", "2015-10-31": "272", "2015-07-31": "286", "2015-04-30": "282", "2015-01-31": "285", "2014-10-31": "286", "2014-07-31": "291", "2014-04-30": "290", "2014-01-31": "284", "2013-10-31": "288", "2013-07-31": "303", "2013-04-30": "304", "2013-01-31": "303", "2012-10-31": "296", "2012-07-31": "305", "2012-04-30": "303", "2012-01-31": "306", "2011-10-31": "300", "2011-07-31": "302", "2011-04-30": "313", "2011-01-31": "318", "2010-10-31": "316", "2010-07-31": "325", "2010-04-30": "323", "2010-01-31": "323", "2009-10-31": "320", "2009-07-31": "330", "2009-04-30": "329", "2009-01-31": "326", "2008-10-31": "323", "2008-07-31": "339", "2008-04-30": "333", "2008-01-31": "343", "2007-10-31": "338", "2007-07-31": "356", "2007-04-30": "352", "2007-01-31": "361", "2006-10-31": "346", "2006-07-31": "360", "2006-04-30": "356", "2006-01-31": "364", "2005-10-31": "355", "2005-07-31": "377", "2005-04-30": "374", "2005-01-31": "380"}}, "total-assets": {"Intuit Annual Total Assets (Millions of US $)": {"2020": "$10,931", "2019": "$6,283", "2018": "$5,134", "2017": "$4,068", "2016": "$4,250", "2015": "$4,968", "2014": "$5,201", "2013": "$5,486", "2012": "$4,684", "2011": "$5,110", "2010": "$5,198", "2009": "$4,826", "2008": "$4,667", "2007": "$4,252", "2006": "$2,770", "2005": "$2,716"}, "Intuit Quarterly Total Assets (Millions of US $)": {"2020-10-31": "$9,707", "2020-07-31": "$10,931", "2020-04-30": "$7,764", "2020-01-31": "$6,701", "2019-10-31": "$6,183", "2019-07-31": "$6,283", "2019-04-30": "$6,917", "2019-01-31": "$5,335", "2018-10-31": "$4,928", "2018-07-31": "$5,134", "2018-04-30": "$5,787", "2018-01-31": "$4,898", "2017-10-31": "$4,064", "2017-07-31": "$4,068", "2017-04-30": "$4,969", "2017-01-31": "$4,373", "2016-10-31": "$3,933", "2016-07-31": "$4,250", "2016-04-30": "$4,940", "2016-01-31": "$4,349", "2015-10-31": "$3,833", "2015-07-31": "$4,968", "2015-04-30": "$5,295", "2015-01-31": "$5,245", "2014-10-31": "$5,038", "2014-07-31": "$5,201", "2014-04-30": "$5,610", "2014-01-31": "$4,718", "2013-10-31": "$4,068", "2013-07-31": "$5,486", "2013-04-30": "$5,810", "2013-01-31": "$5,089", "2012-10-31": "$4,494", "2012-07-31": "$4,684", "2012-04-30": "$5,116", "2012-01-31": "$4,962", "2011-10-31": "$4,683", "2011-07-31": "$5,110", "2011-04-30": "$5,567", "2011-01-31": "$4,979", "2010-10-31": "$4,943", "2010-07-31": "$5,198", "2010-04-30": "$5,427", "2010-01-31": "$4,778", "2009-10-31": "$4,454", "2009-07-31": "$4,826", "2009-04-30": "$5,033", "2009-01-31": "$4,390", "2008-10-31": "$4,106", "2008-07-31": "$4,667", "2008-04-30": "$4,548", "2008-01-31": "$4,372", "2007-10-31": "$3,952", "2007-07-31": "$4,252", "2007-04-30": "$4,213", "2007-01-31": "$3,034", "2006-10-31": "$2,835", "2006-07-31": "$2,770", "2006-04-30": "$2,959", "2006-01-31": "$2,694", "2005-10-31": "$2,442", "2005-07-31": "$2,716", "2005-04-30": "$3,029", "2005-01-31": "$2,776"}}, "cash-on-hand": {"Intuit Annual Cash on Hand (Millions of US $)": {"2020": "$7,050", "2019": "$2,740", "2018": "$1,716", "2017": "$777", "2016": "$1,080", "2015": "$1,697", "2014": "$1,914", "2013": "$1,661", "2012": "$744", "2011": "$1,421", "2010": "$1,622", "2009": "$1,347", "2008": "$828", "2007": "$1,304", "2006": "$1,197", "2005": "$994"}, "Intuit Quarterly Cash on Hand (Millions of US $)": {"2020-10-31": "$5,793", "2020-07-31": "$7,050", "2020-04-30": "$3,971", "2020-01-31": "$2,266", "2019-10-31": "$2,255", "2019-07-31": "$2,740", "2019-04-30": "$3,346", "2019-01-31": "$1,333", "2018-10-31": "$1,332", "2018-07-31": "$1,716", "2018-04-30": "$1,936", "2018-01-31": "$726", "2017-10-31": "$777", "2017-07-31": "$777", "2017-04-30": "$1,593", "2017-01-31": "$637", "2016-10-31": "$605", "2016-07-31": "$1,080", "2016-04-30": "$1,613", "2016-01-31": "$334", "2015-10-31": "$474", "2015-07-31": "$1,697", "2015-04-30": "$2,084", "2015-01-31": "$1,367", "2014-10-31": "$1,589", "2014-07-31": "$1,914", "2014-04-30": "$2,633", "2014-01-31": "$1,331", "2013-10-31": "$1,116", "2013-07-31": "$1,661", "2013-04-30": "$1,995", "2013-01-31": "$678", "2012-10-31": "$558", "2012-07-31": "$744", "2012-04-30": "$1,522", "2012-01-31": "$959", "2011-10-31": "$1,051", "2011-07-31": "$1,421", "2011-04-30": "$1,828", "2011-01-31": "$892", "2010-10-31": "$1,174", "2010-07-31": "$1,622", "2010-04-30": "$1,929", "2010-01-31": "$946", "2009-10-31": "$927", "2009-07-31": "$1,347", "2009-04-30": "$1,472", "2009-01-31": "$548", "2008-10-31": "$459", "2008-07-31": "$828", "2008-04-30": "$897", "2008-01-31": "$837", "2007-10-31": "$1,003", "2007-07-31": "$1,304", "2007-04-30": "$1,365", "2007-01-31": "$1,136", "2006-10-31": "$1,059", "2006-07-31": "$1,197", "2006-04-30": "$1,282", "2006-01-31": "$834", "2005-10-31": "$697", "2005-07-31": "$994", "2005-04-30": "$1,260", "2005-01-31": "$885"}}, "long-term-debt": {"Intuit Annual Long Term Debt (Millions of US $)": {"2020": "$2,031", "2019": "$386", "2018": "$388", "2017": "$438", "2016": "$488", "2015": "$500", "2014": "$499", "2013": "$499", "2012": "$499", "2011": "$499", "2010": "$998", "2009": "$998", "2008": "$998", "2007": "$998", "2006": "$", "2005": "$17"}, "Intuit Quarterly Long Term Debt (Millions of US $)": {"2020-10-31": "$2,032", "2020-07-31": "$2,031", "2020-04-30": "$48", "2020-01-31": "$373", "2019-10-31": "$373", "2019-07-31": "$386", "2019-04-30": "$398", "2019-01-31": "$363", "2018-10-31": "$375", "2018-07-31": "$388", "2018-04-30": "$400", "2018-01-31": "$413", "2017-10-31": "$425", "2017-07-31": "$438", "2017-04-30": "$450", "2017-01-31": "$463", "2016-10-31": "$475", "2016-07-31": "$488", "2016-04-30": "$500", "2016-01-31": "$1,000", "2015-10-31": "$500", "2015-07-31": "$500", "2015-04-30": "$499", "2015-01-31": "$499", "2014-10-31": "$499", "2014-07-31": "$499", "2014-04-30": "$499", "2014-01-31": "$499", "2013-10-31": "$499", "2013-07-31": "$499", "2013-04-30": "$499", "2013-01-31": "$499", "2012-10-31": "$499", "2012-07-31": "$499", "2012-04-30": "$499", "2012-01-31": "$499", "2011-10-31": "$499", "2011-07-31": "$499", "2011-04-30": "$498", "2011-01-31": "$998", "2010-10-31": "$998", "2010-07-31": "$998", "2010-04-30": "$998", "2010-01-31": "$998", "2009-10-31": "$998", "2009-07-31": "$998", "2009-04-30": "$998", "2009-01-31": "$998", "2008-10-31": "$998", "2008-07-31": "$998", "2008-04-30": "$998", "2008-01-31": "$998", "2007-10-31": "$998", "2007-07-31": "$998", "2007-04-30": "$998", "2007-01-31": "$18", "2006-10-31": "$15", "2006-07-31": "", "2006-04-30": "$16", "2006-01-31": "$17", "2005-10-31": "$17", "2005-07-31": "$17", "2005-04-30": "$18", "2005-01-31": "$16"}}, "total-liabilities": {"Intuit Annual Total Liabilities (Millions of US $)": {"2020": "$5,825", "2019": "$2,534", "2018": "$2,318", "2017": "$2,714", "2016": "$3,089", "2015": "$2,636", "2014": "$2,123", "2013": "$1,955", "2012": "$1,940", "2011": "$2,494", "2010": "$2,377", "2009": "$2,269", "2008": "$2,594", "2007": "$2,217", "2006": "$1,032", "2005": "$1,021"}, "Intuit Quarterly Total Liabilities (Millions of US $)": {"2020-10-31": "$4,462", "2020-07-31": "$5,825", "2020-04-30": "$3,024", "2020-01-31": "$2,974", "2019-10-31": "$2,550", "2019-07-31": "$2,534", "2019-04-30": "$2,847", "2019-01-31": "$2,539", "2018-10-31": "$2,146", "2018-07-31": "$2,318", "2018-04-30": "$3,423", "2018-01-31": "$3,741", "2017-10-31": "$2,861", "2017-07-31": "$2,714", "2017-04-30": "$3,272", "2017-01-31": "$3,588", "2016-10-31": "$2,997", "2016-07-31": "$3,089", "2016-04-30": "$3,692", "2016-01-31": "$3,708", "2015-10-31": "$2,782", "2015-07-31": "$2,636", "2015-04-30": "$2,974", "2015-01-31": "$2,891", "2014-10-31": "$2,111", "2014-07-31": "$2,123", "2014-04-30": "$2,372", "2014-01-31": "$2,483", "2013-10-31": "$1,844", "2013-07-31": "$1,955", "2013-04-30": "$2,240", "2013-01-31": "$2,297", "2012-10-31": "$1,749", "2012-07-31": "$1,940", "2012-04-30": "$2,281", "2012-01-31": "$2,739", "2011-10-31": "$2,322", "2011-07-31": "$2,494", "2011-04-30": "$2,746", "2011-01-31": "$2,707", "2010-10-31": "$2,328", "2010-07-31": "$2,377", "2010-04-30": "$2,569", "2010-01-31": "$2,522", "2009-10-31": "$2,182", "2009-07-31": "$2,269", "2009-04-30": "$2,434", "2009-01-31": "$2,356", "2008-10-31": "$2,159", "2008-07-31": "$2,594", "2008-04-30": "$2,498", "2008-01-31": "$2,529", "2007-10-31": "$2,093", "2007-07-31": "$2,217", "2007-04-30": "$2,270", "2007-01-31": "$1,210", "2006-10-31": "$1,037", "2006-07-31": "$1,032", "2006-04-30": "$1,286", "2006-01-31": "$1,140", "2005-10-31": "$942", "2005-07-31": "$1,021", "2005-04-30": "$1,188", "2005-01-31": "$1,061"}}, "total-share-holder-equity": {"Intuit Annual Share Holder Equity (Millions of US $)": {"2020": "$5,106", "2019": "$3,749", "2018": "$2,816", "2017": "$1,354", "2016": "$1,161", "2015": "$2,332", "2014": "$3,078", "2013": "$3,531", "2012": "$2,744", "2011": "$2,616", "2010": "$2,821", "2009": "$2,557", "2008": "$2,073", "2007": "$2,035", "2006": "$1,738", "2005": "$1,695"}, "Intuit Quarterly Share Holder Equity (Millions of US $)": {"2020-10-31": "$5,245", "2020-07-31": "$5,106", "2020-04-30": "$4,740", "2020-01-31": "$3,727", "2019-10-31": "$3,633", "2019-07-31": "$3,749", "2019-04-30": "$4,070", "2019-01-31": "$2,796", "2018-10-31": "$2,782", "2018-07-31": "$2,816", "2018-04-30": "$2,364", "2018-01-31": "$1,157", "2017-10-31": "$1,203", "2017-07-31": "$1,354", "2017-04-30": "$1,697", "2017-01-31": "$785", "2016-10-31": "$936", "2016-07-31": "$1,161", "2016-04-30": "$1,248", "2016-01-31": "$641", "2015-10-31": "$1,051", "2015-07-31": "$2,332", "2015-04-30": "$2,321", "2015-01-31": "$2,354", "2014-10-31": "$2,927", "2014-07-31": "$3,078", "2014-04-30": "$3,238", "2014-01-31": "$2,235", "2013-10-31": "$2,224", "2013-07-31": "$3,531", "2013-04-30": "$3,570", "2013-01-31": "$2,792", "2012-10-31": "$2,745", "2012-07-31": "$2,744", "2012-04-30": "$2,835", "2012-01-31": "$2,223", "2011-10-31": "$2,361", "2011-07-31": "$2,616", "2011-04-30": "$2,821", "2011-01-31": "$2,272", "2010-10-31": "$2,615", "2010-07-31": "$2,821", "2010-04-30": "$2,858", "2010-01-31": "$2,256", "2009-10-31": "$2,272", "2009-07-31": "$2,557", "2009-04-30": "$2,599", "2009-01-31": "$2,034", "2008-10-31": "$1,947", "2008-07-31": "$2,073", "2008-04-30": "$2,050", "2008-01-31": "$1,843", "2007-10-31": "$1,859", "2007-07-31": "$2,035", "2007-04-30": "$1,943", "2007-01-31": "$1,824", "2006-10-31": "$1,798", "2006-07-31": "$1,738", "2006-04-30": "$1,673", "2006-01-31": "$1,554", "2005-10-31": "$1,501", "2005-07-31": "$1,695", "2005-04-30": "$1,841", "2005-01-31": "$1,715"}}, "profit-margins": {"current": "25.1%"}, "gross margin": {"2020-10-31": "82.85%", "2020-07-31": "82.05%", "2020-04-30": "80.50%", "2020-01-31": "82.25%", "2019-10-31": "82.55%", "2019-07-31": "82.80%", "2019-04-30": "83.24%", "2019-01-31": "83.06%", "2018-10-31": "83.25%", "2018-07-31": "83.77%", "2018-04-30": "84.51%", "2018-01-31": "84.69%", "2017-10-31": "84.52%", "2017-07-31": "84.41%", "2017-04-30": "84.34%", "2017-01-31": "84.01%", "2016-10-31": "83.84%", "2016-07-31": "83.98%", "2016-04-30": "83.67%", "2016-01-31": "83.37%", "2015-10-31": "82.95%", "2015-07-31": "82.71%", "2015-04-30": "82.75%", "2015-01-31": "84.55%", "2014-10-31": "84.95%", "2014-07-31": "85.36%", "2014-04-30": "86.00%", "2014-01-31": "85.71%", "2013-10-31": "86.32%", "2013-07-31": "86.32%", "2013-04-30": "87.96%", "2013-01-31": "85.87%", "2012-10-31": "85.35%", "2012-07-31": "84.64%", "2012-04-30": "82.27%", "2012-01-31": "82.75%", "2011-10-31": "82.91%", "2011-07-31": "82.95%", "2011-04-30": "83.25%", "2011-01-31": "82.44%", "2010-10-31": "82.61%", "2010-07-31": "82.63%", "2010-04-30": "82.48%", "2010-01-31": "81.52%", "2009-10-31": "81.40%", "2009-07-31": "81.41%", "2009-04-30": "82.03%", "2009-01-31": "81.70%", "2008-10-31": "81.88%", "2008-07-31": "82.12%", "2008-04-30": "81.86%", "2008-01-31": "81.07%", "2007-10-31": "81.50%", "2007-07-31": "82.08%", "2007-04-30": "83.23%", "2007-01-31": "82.88%", "2006-10-31": "82.69%", "2006-07-31": "82.61%", "2006-04-30": "82.63%", "2006-01-31": "81.95%", "2005-10-31": "82.05%"}, "operating margin": {"2020-10-31": "30.30%", "2020-07-31": "28.34%", "2020-04-30": "22.46%", "2020-01-31": "26.81%", "2019-10-31": "27.03%", "2019-07-31": "27.33%", "2019-04-30": "27.16%", "2019-01-31": "25.80%", "2018-10-31": "25.85%", "2018-07-31": "25.89%", "2018-04-30": "29.44%", "2018-01-31": "28.60%", "2017-10-31": "27.10%", "2017-07-31": "27.29%", "2017-04-30": "26.51%", "2017-01-31": "24.53%", "2016-10-31": "25.43%", "2016-07-31": "26.46%", "2016-04-30": "25.19%", "2016-01-31": "21.24%", "2015-10-31": "19.05%", "2015-07-31": "17.60%", "2015-04-30": "20.19%", "2015-01-31": "29.17%", "2014-10-31": "29.96%", "2014-07-31": "30.64%", "2014-04-30": "30.61%", "2014-01-31": "27.51%", "2013-10-31": "30.05%", "2013-07-31": "30.61%", "2013-04-30": "32.22%", "2013-01-31": "29.02%", "2012-10-31": "31.07%", "2012-07-31": "30.67%", "2012-04-30": "28.58%", "2012-01-31": "27.88%", "2011-10-31": "26.59%", "2011-07-31": "26.36%", "2011-04-30": "27.92%", "2011-01-31": "24.90%", "2010-10-31": "26.00%", "2010-07-31": "26.56%", "2010-04-30": "24.14%", "2010-01-31": "21.70%", "2009-10-31": "21.24%", "2009-07-31": "21.97%", "2009-04-30": "22.76%", "2009-01-31": "20.53%", "2008-10-31": "22.19%", "2008-07-31": "21.55%", "2008-04-30": "22.77%", "2008-01-31": "20.76%", "2007-10-31": "22.87%", "2007-07-31": "23.83%", "2007-04-30": "25.37%", "2007-01-31": "23.21%", "2006-10-31": "24.32%", "2006-07-31": "24.63%", "2006-04-30": "25.96%", "2006-01-31": "24.68%", "2005-10-31": "24.80%"}, "ebitda margin": {"2020-10-31": "32.95%", "2020-07-31": "31.18%", "2020-04-30": "25.77%", "2020-01-31": "30.00%", "2019-10-31": "30.28%", "2019-07-31": "30.65%", "2019-04-30": "30.58%", "2019-01-31": "29.58%", "2018-10-31": "29.85%", "2018-07-31": "30.09%", "2018-04-30": "33.64%", "2018-01-31": "33.04%", "2017-10-31": "31.72%", "2017-07-31": "31.83%", "2017-04-30": "31.17%", "2017-01-31": "29.41%", "2016-10-31": "30.43%", "2016-07-31": "31.53%", "2016-04-30": "31.02%", "2016-01-31": "33.11%", "2015-10-31": "31.38%", "2015-07-31": "30.20%", "2015-04-30": "32.43%", "2015-01-31": "34.12%", "2014-10-31": "34.70%", "2014-07-31": "35.28%", "2014-04-30": "35.61%", "2014-01-31": "34.32%", "2013-10-31": "36.89%", "2013-07-31": "37.66%", "2013-04-30": "39.30%", "2013-01-31": "35.03%", "2012-10-31": "36.97%", "2012-07-31": "37.03%", "2012-04-30": "35.40%", "2012-01-31": "35.07%", "2011-10-31": "34.00%", "2011-07-31": "33.44%", "2011-04-30": "34.22%", "2011-01-31": "31.47%", "2010-10-31": "32.85%", "2010-07-31": "34.09%", "2010-04-30": "32.60%", "2010-01-31": "30.92%", "2009-10-31": "30.59%", "2009-07-31": "30.81%", "2009-04-30": "30.87%", "2009-01-31": "28.68%", "2008-10-31": "29.68%", "2008-07-31": "28.77%", "2008-04-30": "29.97%", "2008-01-31": "27.91%", "2007-10-31": "29.37%", "2007-07-31": "29.82%", "2007-04-30": "30.82%", "2007-01-31": "28.53%", "2006-10-31": "29.74%", "2006-07-31": "30.21%", "2006-04-30": "31.19%", "2006-01-31": "30.72%", "2005-10-31": "31.16%"}, "pre tax profit margin": {"2020-10-31": "30.45%", "2020-07-31": "28.62%", "2020-04-30": "22.97%", "2020-01-31": "27.56%", "2019-10-31": "27.65%", "2019-07-31": "27.73%", "2019-04-30": "27.43%", "2019-01-31": "25.91%", "2018-10-31": "25.92%", "2018-07-31": "25.99%", "2018-04-30": "29.43%", "2018-01-31": "28.46%", "2017-10-31": "26.75%", "2017-07-31": "26.75%", "2017-04-30": "25.84%", "2017-01-31": "23.76%", "2016-10-31": "24.61%", "2016-07-31": "25.63%", "2016-04-30": "24.31%", "2016-01-31": "20.37%", "2015-10-31": "18.36%", "2015-07-31": "16.98%", "2015-04-30": "20.14%", "2015-01-31": "29.14%", "2014-10-31": "29.86%", "2014-07-31": "30.64%", "2014-04-30": "30.06%", "2014-01-31": "26.95%", "2013-10-31": "29.56%", "2013-07-31": "30.03%", "2013-04-30": "31.52%", "2013-01-31": "28.32%", "2012-10-31": "30.22%", "2012-07-31": "29.88%", "2012-04-30": "27.69%", "2012-01-31": "26.83%", "2011-10-31": "25.58%", "2011-07-31": "25.27%", "2011-04-30": "26.88%", "2011-01-31": "23.76%", "2010-10-31": "24.73%", "2010-07-31": "25.15%", "2010-04-30": "22.97%", "2010-01-31": "20.59%", "2009-10-31": "20.34%", "2009-07-31": "21.00%", "2009-04-30": "21.98%", "2009-01-31": "20.29%", "2008-10-31": "22.32%", "2008-07-31": "23.05%", "2008-04-30": "25.48%", "2008-01-31": "23.21%", "2007-10-31": "25.61%", "2007-07-31": "26.08%", "2007-04-30": "27.11%", "2007-01-31": "25.51%", "2006-10-31": "26.54%", "2006-07-31": "26.85%", "2006-04-30": "28.09%", "2006-01-31": "26.79%", "2005-10-31": "26.71%"}, "net profit margin": {"2020-10-31": "25.10%", "2020-07-31": "23.78%", "2020-04-30": "19.50%", "2020-01-31": "22.88%", "2019-10-31": "22.79%", "2019-07-31": "22.95%", "2019-04-30": "23.49%", "2019-01-31": "21.78%", "2018-10-31": "22.26%", "2018-07-31": "22.06%", "2018-04-30": "23.33%", "2018-01-31": "20.93%", "2017-10-31": "19.01%", "2017-07-31": "18.96%", "2017-04-30": "17.82%", "2017-01-31": "19.97%", "2016-10-31": "20.59%", "2016-07-31": "20.86%", "2016-04-30": "22.28%", "2016-01-31": "11.37%", "2015-10-31": "9.74%", "2015-07-31": "8.71%", "2015-04-30": "8.16%", "2015-01-31": "19.17%", "2014-10-31": "19.70%", "2014-07-31": "21.38%", "2014-04-30": "21.90%", "2014-01-31": "19.42%", "2013-10-31": "21.62%", "2013-07-31": "21.74%", "2013-04-30": "22.83%", "2013-01-31": "21.47%", "2012-10-31": "22.06%", "2012-07-31": "20.80%", "2012-04-30": "17.95%", "2012-01-31": "17.15%", "2011-10-31": "16.52%", "2011-07-31": "16.55%", "2011-04-30": "17.18%", "2011-01-31": "15.16%", "2010-10-31": "16.53%", "2010-07-31": "16.87%", "2010-04-30": "16.42%", "2010-01-31": "14.53%", "2009-10-31": "13.89%", "2009-07-31": "14.38%", "2009-04-30": "14.85%", "2009-01-31": "13.99%", "2008-10-31": "14.69%", "2008-07-31": "15.90%", "2008-04-30": "17.32%", "2008-01-31": "15.67%", "2007-10-31": "17.23%", "2007-07-31": "16.42%", "2007-04-30": "17.13%", "2007-01-31": "15.59%", "2006-10-31": "17.26%", "2006-07-31": "18.18%", "2006-04-30": "18.43%", "2006-01-31": "19.54%", "2005-10-31": "18.69%"}, "pe ratio": {"current": "54.23", "2021-02-05": "52.27", "2020-10-31": "42.17", "2020-07-31": "44.13", "2020-04-30": "52.95", "2020-01-31": "45.05", "2019-10-31": "42.60", "2019-07-31": "46.48", "2019-04-30": "39.66", "2019-01-31": "37.84", "2018-10-31": "43.04", "2018-07-31": "43.37", "2018-04-30": "39.95", "2018-01-31": "45.07", "2017-10-31": "39.05", "2017-07-31": "35.85", "2017-04-30": "34.99", "2017-01-31": "30.90", "2016-10-31": "27.95", "2016-07-31": "28.37", "2016-04-30": "24.36", "2016-01-31": "50.43", "2015-10-31": "62.29", "2015-07-31": "76.67", "2015-04-30": "84.85", "2015-01-31": "30.05", "2014-10-31": "29.30", "2014-07-31": "25.00", "2014-04-30": "22.39", "2014-01-31": "27.50", "2013-10-31": "23.36", "2013-07-31": "21.00", "2013-04-30": "19.14", "2013-01-31": "22.19", "2012-10-31": "19.86", "2012-07-31": "20.45", "2012-04-30": "22.07", "2012-01-31": "23.58", "2011-10-31": "24.12", "2011-07-31": "21.03", "2011-04-30": "24.53", "2011-01-31": "26.03", "2010-10-31": "24.80", "2010-07-31": "20.43", "2010-04-30": "19.36", "2010-01-31": "19.38", "2009-10-31": "20.34", "2009-07-31": "20.01", "2009-04-30": "15.25", "2009-01-31": "16.61", "2008-10-31": "17.27", "2008-07-31": "17.51", "2008-04-30": "15.62", "2008-01-31": "21.81", "2007-10-31": "21.84", "2007-07-31": "21.18", "2007-04-30": "21.39", "2007-01-31": "28.32", "2006-10-31": "28.67"}, "price sales": {"2021-02-05": "13.13", "2020-10-31": "10.59", "2020-07-31": "10.50", "2020-04-30": "10.34", "2020-01-31": "10.31", "2019-10-31": "9.72", "2019-07-31": "10.67", "2019-04-30": "9.82", "2019-01-31": "8.88", "2018-10-31": "8.86", "2018-07-31": "8.66", "2018-04-30": "7.83", "2018-01-31": "7.53", "2017-10-31": "7.17", "2017-07-31": "6.67", "2017-04-30": "6.21", "2017-01-31": "6.15", "2016-10-31": "5.76", "2016-07-31": "5.99", "2016-04-30": "5.56", "2016-01-31": "5.67", "2015-10-31": "6.08", "2015-07-31": "6.80", "2015-04-30": "6.84", "2015-01-31": "5.64", "2014-10-31": "5.65", "2014-07-31": "5.24", "2014-04-30": "4.90", "2014-01-31": "5.21", "2013-10-31": "5.00", "2013-07-31": "4.56", "2013-04-30": "4.35", "2013-01-31": "4.74", "2012-10-31": "4.37", "2012-07-31": "4.25", "2012-04-30": "3.96", "2012-01-31": "3.98", "2011-10-31": "3.92", "2011-07-31": "3.47", "2011-04-30": "4.27", "2011-01-31": "3.91", "2010-10-31": "4.06", "2010-07-31": "3.43", "2010-04-30": "3.17", "2010-01-31": "2.77", "2009-10-31": "2.79", "2009-07-31": "2.85", "2009-04-30": "2.25", "2009-01-31": "2.29", "2008-10-31": "2.52", "2008-07-31": "2.80", "2008-04-30": "2.75", "2008-01-31": "3.40", "2007-10-31": "3.73", "2007-07-31": "3.45", "2007-04-30": "3.62", "2007-01-31": "4.34", "2006-10-31": "4.90"}, "price book": {"current": "19.51", "2021-02-05": "19.50", "2020-10-31": "15.74", "2020-07-31": "15.65", "2020-04-30": "14.77", "2020-01-31": "19.46", "2019-10-31": "18.28", "2019-07-31": "19.03", "2019-04-30": "15.79", "2019-01-31": "19.71", "2018-10-31": "19.36", "2018-07-31": "18.40", "2018-04-30": "19.64", "2018-01-31": "36.31", "2017-10-31": "31.28", "2017-07-31": "25.19", "2017-04-30": "18.33", "2017-01-31": "37.39", "2016-10-31": "28.79", "2016-07-31": "23.69", "2016-04-30": "19.87", "2016-01-31": "37.09", "2015-10-31": "23.35", "2015-07-31": "11.96", "2015-04-30": "11.29", "2015-01-31": "9.79", "2014-10-31": "8.09", "2014-07-31": "7.13", "2014-04-30": "6.23", "2014-01-31": "8.69", "2013-10-31": "8.52", "2013-07-31": "5.04", "2013-04-30": "4.60", "2013-01-31": "6.13", "2012-10-31": "5.92", "2012-07-31": "5.74", "2012-04-30": "5.52", "2012-01-31": "6.85", "2011-10-31": "6.19", "2011-07-31": "4.88", "2011-04-30": "5.44", "2011-01-31": "5.73", "2010-10-31": "5.23", "2010-07-31": "4.02", "2010-04-30": "3.61", "2010-01-31": "3.73", "2009-10-31": "3.68", "2009-07-31": "3.41", "2009-04-30": "2.61", "2009-01-31": "3.25", "2008-10-31": "3.76", "2008-07-31": "3.87", "2008-04-30": "3.83", "2008-01-31": "4.99", "2007-10-31": "5.25", "2007-07-31": "4.34", "2007-04-30": "4.46", "2007-01-31": "5.40", "2006-10-31": "6.22", "2006-07-31": "5.56", "2006-04-30": "5.02", "2006-01-31": "5.32"}, "price fcf": {"2021-02-05": "", "2020-10-31": "$9.28", "2020-07-31": "$8.63", "2020-04-30": "$7.09", "2020-01-31": "$8.23", "2019-10-31": "$8.27", "2019-07-31": "$8.22", "2019-04-30": "$8.56", "2019-01-31": "$7.69", "2018-10-31": "$7.44", "2018-07-31": "$7.62", "2018-04-30": "$6.50", "2018-01-31": "$5.79", "2017-10-31": "$5.87", "2017-07-31": "$5.25", "2017-04-30": "$5.15", "2017-01-31": "$4.36", "2016-10-31": "$3.36", "2016-07-31": "$3.54", "2016-04-30": "$4.16", "2016-01-31": "$3.19", "2015-10-31": "$4.30", "2015-07-31": "$4.64", "2015-04-30": "$4.93", "2015-01-31": "$4.62", "2014-10-31": "$4.55", "2014-07-31": "$4.33", "2014-04-30": "$4.08", "2014-01-31": "$4.05", "2013-10-31": "$3.77", "2013-07-31": "$3.86", "2013-04-30": "$3.82", "2013-01-31": "$3.27", "2012-10-31": "$3.26", "2012-07-31": "$3.48", "2012-04-30": "$3.69", "2012-01-31": "$3.12", "2011-10-31": "$2.96", "2011-07-31": "$2.65", "2011-04-30": "$2.68", "2011-01-31": "$2.27", "2010-10-31": "$2.38", "2010-07-31": "$2.67", "2010-04-30": "$2.94", "2010-01-31": "$2.56", "2009-10-31": "$2.20", "2009-07-31": "$1.91", "2009-04-30": "$1.81", "2009-01-31": "$1.26", "2008-10-31": "$1.39", "2008-07-31": "$1.55", "2008-04-30": "$1.51", "2008-01-31": "$1.22", "2007-10-31": "$1.42", "2007-07-31": "$1.61", "2007-04-30": "$1.59", "2007-01-31": "$1.50", "2006-10-31": "$0.98"}, "net worth": {"value": "$102.31B"}, "current ratio": {"current": "3.09", "2020-10-31": "3.09", "2020-07-31": "2.26", "2020-04-30": "1.79", "2020-01-31": "1.67", "2019-10-31": "1.80", "2019-07-31": "1.83", "2019-04-30": "1.86", "2019-01-31": "1.32", "2018-10-31": "1.41", "2018-07-31": "1.39", "2018-04-30": "1.05", "2018-01-31": "0.63", "2017-10-31": "0.67", "2017-07-31": "0.73", "2017-04-30": "0.90", "2017-01-31": "0.60", "2016-10-31": "0.58", "2016-07-31": "0.72", "2016-04-30": "0.81", "2016-01-31": "0.63", "2015-10-31": "0.76", "2015-07-31": "1.47", "2015-04-30": "1.35", "2015-01-31": "1.22", "2014-10-31": "1.79", "2014-07-31": "1.84", "2014-04-30": "2.04", "2014-01-31": "1.42", "2013-10-31": "1.69", "2013-07-31": "1.87", "2013-04-30": "1.75", "2013-01-31": "1.20", "2012-10-31": "1.24", "2012-07-31": "1.20", "2012-04-30": "1.47", "2012-01-31": "1.06", "2011-10-31": "1.15", "2011-07-31": "1.25", "2011-04-30": "1.29", "2011-01-31": "1.35", "2010-10-31": "1.77", "2010-07-31": "1.88", "2010-04-30": "1.83", "2010-01-31": "1.42", "2009-10-31": "1.60", "2009-07-31": "1.82", "2009-04-30": "1.70", "2009-01-31": "1.27", "2008-10-31": "1.20", "2008-07-31": "1.21", "2008-04-30": "1.17", "2008-01-31": "1.34", "2007-10-31": "1.66", "2007-07-31": "1.68", "2007-04-30": "1.57", "2007-01-31": "1.70", "2006-10-31": "1.78", "2006-07-31": "1.79", "2006-04-30": "1.56", "2006-01-31": "1.53", "2005-10-31": "1.45", "2005-07-31": "1.61", "2005-04-30": "1.62", "2005-01-31": "1.56"}, "quick ratio": {"2020-10-31": "0.00", "2020-07-31": "0.00", "2020-04-30": "0.00", "2020-01-31": "0.00", "2019-10-31": "0.00", "2019-07-31": "0.00", "2019-04-30": "0.00", "2019-01-31": "0.00", "2018-10-31": "0.00", "2018-07-31": "0.00", "2018-04-30": "0.00", "2018-01-31": "0.00", "2017-10-31": "0.00", "2017-07-31": "0.00", "2017-04-30": "0.00", "2017-01-31": "0.00", "2016-10-31": "0.00", "2016-07-31": "0.00", "2016-04-30": "0.00", "2016-01-31": "0.00", "2015-10-31": "0.00", "2015-07-31": "0.00", "2015-04-30": "0.00", "2015-01-31": "0.00", "2014-10-31": "0.00", "2014-07-31": "0.00", "2014-04-30": "0.00", "2014-01-31": "0.00", "2013-10-31": "0.00", "2013-07-31": "0.00", "2013-04-30": "0.00", "2013-01-31": "0.00", "2012-10-31": "0.00", "2012-07-31": "0.00", "2012-04-30": "0.00", "2012-01-31": "0.00", "2011-10-31": "0.00", "2011-07-31": "0.00", "2011-04-30": "0.00", "2011-01-31": "0.00", "2010-10-31": "0.00", "2010-07-31": "0.00", "2010-04-30": "0.00", "2010-01-31": "0.00", "2009-10-31": "0.00", "2009-07-31": "0.00", "2009-04-30": "0.00", "2009-01-31": "0.00", "2008-10-31": "0.00", "2008-07-31": "0.00", "2008-04-30": "0.00", "2008-01-31": "0.00", "2007-10-31": "0.00", "2007-07-31": "0.00", "2007-04-30": "0.00", "2007-01-31": "0.00", "2006-10-31": "0.00", "2006-07-31": "0.00", "2006-04-30": "0.00", "2006-01-31": "0.00", "2005-10-31": "0.00", "2005-07-31": "0.00", "2005-04-30": "0.00", "2005-01-31": "0.00"}, "debt equity ratio": {"current": "0.39", "2020-10-31": "0.85", "2020-07-31": "1.14", "2020-04-30": "0.64", "2020-01-31": "0.80", "2019-10-31": "0.70", "2019-07-31": "0.68", "2019-04-30": "0.70", "2019-01-31": "0.91", "2018-10-31": "0.77", "2018-07-31": "0.82", "2018-04-30": "1.45", "2018-01-31": "3.23", "2017-10-31": "2.38", "2017-07-31": "2.00", "2017-04-30": "1.93", "2017-01-31": "4.57", "2016-10-31": "3.20", "2016-07-31": "2.66", "2016-04-30": "2.96", "2016-01-31": "5.79", "2015-10-31": "2.65", "2015-07-31": "1.13", "2015-04-30": "1.28", "2015-01-31": "1.23", "2014-10-31": "0.72", "2014-07-31": "0.69", "2014-04-30": "0.73", "2014-01-31": "1.11", "2013-10-31": "0.83", "2013-07-31": "0.55", "2013-04-30": "0.63", "2013-01-31": "0.82", "2012-10-31": "0.64", "2012-07-31": "0.71", "2012-04-30": "0.81", "2012-01-31": "1.23", "2011-10-31": "0.98", "2011-07-31": "0.95", "2011-04-30": "0.97", "2011-01-31": "1.19", "2010-10-31": "0.89", "2010-07-31": "0.84", "2010-04-30": "0.90", "2010-01-31": "1.12", "2009-10-31": "0.96", "2009-07-31": "0.89", "2009-04-30": "0.94", "2009-01-31": "1.16", "2008-10-31": "1.11", "2008-07-31": "1.25", "2008-04-30": "1.22", "2008-01-31": "1.37", "2007-10-31": "1.13", "2007-07-31": "1.09", "2007-04-30": "1.17", "2007-01-31": "0.66", "2006-10-31": "0.58", "2006-07-31": "0.59", "2006-04-30": "0.77", "2006-01-31": "0.73", "2005-10-31": "0.63", "2005-07-31": "0.60", "2005-04-30": "0.65", "2005-01-31": "0.62"}, "return on equity": {"2020-10-31": "41.81%", "2020-07-31": "42.45%", "2020-04-30": "33.74%", "2020-01-31": "42.98%", "2019-10-31": "44.36%", "2019-07-31": "46.49%", "2019-04-30": "50.16%", "2019-01-31": "50.98%", "2018-10-31": "59.87%", "2018-07-31": "70.50%", "2018-04-30": "92.46%", "2018-01-31": "87.45%", "2017-10-31": "80.41%", "2017-07-31": "82.56%", "2017-04-30": "79.23%", "2017-01-31": "93.85%", "2016-10-31": "98.34%", "2016-07-31": "95.49%", "2016-04-30": "78.38%", "2016-01-31": "32.03%", "2015-10-31": "20.75%", "2015-07-31": "14.70%", "2015-04-30": "12.06%", "2015-01-31": "27.77%", "2014-10-31": "29.06%", "2014-07-31": "33.67%", "2014-04-30": "32.78%", "2014-01-31": "26.23%", "2013-10-31": "28.59%", "2013-07-31": "27.16%", "2013-04-30": "29.63%", "2013-01-31": "28.43%", "2012-10-31": "31.74%", "2012-07-31": "31.17%", "2012-04-30": "29.14%", "2012-01-31": "27.34%", "2011-10-31": "25.42%", "2011-07-31": "24.56%", "2011-04-30": "24.43%", "2011-01-31": "20.10%", "2010-10-31": "21.69%", "2010-07-31": "22.49%", "2010-04-30": "22.17%", "2010-01-31": "19.00%", "2009-10-31": "18.22%", "2009-07-31": "19.57%", "2009-04-30": "21.08%", "2009-01-31": "20.48%", "2008-10-31": "22.49%", "2008-07-31": "24.33%", "2008-04-30": "26.92%", "2008-01-31": "23.28%", "2007-10-31": "24.91%", "2007-07-31": "23.11%", "2007-04-30": "23.77%", "2007-01-31": "20.82%", "2006-10-31": "23.89%", "2006-07-31": "25.80%", "2006-04-30": "25.91%", "2006-01-31": "25.37%", "2005-10-31": "22.63%"}, "return on assets": {"2020-10-31": "22.41%", "2020-07-31": "23.13%", "2020-04-30": "19.86%", "2020-01-31": "25.01%", "2019-10-31": "25.57%", "2019-07-31": "26.54%", "2019-04-30": "28.02%", "2019-01-31": "25.89%", "2018-10-31": "26.32%", "2018-07-31": "26.74%", "2018-04-30": "29.87%", "2018-01-31": "26.29%", "2017-10-31": "23.19%", "2017-07-31": "22.72%", "2017-04-30": "20.70%", "2017-01-31": "22.15%", "2016-10-31": "22.44%", "2016-07-31": "22.54%", "2016-04-30": "22.84%", "2016-01-31": "11.02%", "2015-10-31": "8.64%", "2015-07-31": "7.11%", "2015-04-30": "6.20%", "2015-01-31": "15.27%", "2014-10-31": "16.22%", "2014-07-31": "18.51%", "2014-04-30": "18.51%", "2014-01-31": "15.10%", "2013-10-31": "16.94%", "2013-07-31": "16.44%", "2013-04-30": "17.49%", "2013-01-31": "16.30%", "2012-10-31": "17.39%", "2012-07-31": "16.29%", "2012-04-30": "14.71%", "2012-01-31": "13.48%", "2011-10-31": "12.59%", "2011-07-31": "12.31%", "2011-04-30": "12.43%", "2011-01-31": "10.34%", "2010-10-31": "11.25%", "2010-07-31": "11.56%", "2010-04-30": "11.31%", "2010-01-31": "9.64%", "2009-10-31": "9.22%", "2009-07-31": "9.74%", "2009-04-30": "10.02%", "2009-01-31": "9.37%", "2008-10-31": "10.06%", "2008-07-31": "10.86%", "2008-04-30": "12.24%", "2008-01-31": "10.65%", "2007-10-31": "12.35%", "2007-07-31": "12.25%", "2007-04-30": "13.51%", "2007-01-31": "12.62%", "2006-10-31": "14.35%", "2006-07-31": "15.35%", "2006-04-30": "15.39%", "2006-01-31": "15.37%", "2005-10-31": "13.94%"}, "return on investments": {"2020-10-31": "40.77%", "2020-07-31": "43.45%", "2020-04-30": "36.17%", "2020-01-31": "45.75%", "2019-10-31": "47.54%", "2019-07-31": "49.71%", "2019-04-30": "51.67%", "2019-01-31": "52.88%", "2018-10-31": "59.28%", "2018-07-31": "68.08%", "2018-04-30": "91.46%", "2018-01-31": "90.57%", "2017-10-31": "84.75%", "2017-07-31": "85.97%", "2017-04-30": "83.59%", "2017-01-31": "78.60%", "2016-10-31": "75.05%", "2016-07-31": "75.40%", "2016-04-30": "60.11%", "2016-01-31": "42.92%", "2015-10-31": "32.54%", "2015-07-31": "24.74%", "2015-04-30": "25.15%", "2015-01-31": "36.05%", "2014-10-31": "37.64%", "2014-07-31": "40.72%", "2014-04-30": "38.90%", "2014-01-31": "31.69%", "2013-10-31": "34.12%", "2013-07-31": "33.02%", "2013-04-30": "35.79%", "2013-01-31": "32.58%", "2012-10-31": "37.60%", "2012-07-31": "38.42%", "2012-04-30": "38.70%", "2012-01-31": "37.08%", "2011-10-31": "32.79%", "2011-07-31": "30.34%", "2011-04-30": "29.81%", "2011-01-31": "23.96%", "2010-10-31": "24.76%", "2010-07-31": "25.47%", "2010-04-30": "23.25%", "2010-01-31": "20.09%", "2009-10-31": "19.59%", "2009-07-31": "20.81%", "2009-04-30": "22.11%", "2009-01-31": "20.14%", "2008-10-31": "22.58%", "2008-07-31": "21.83%", "2008-04-30": "23.40%", "2008-01-31": "20.29%", "2007-10-31": "23.72%", "2007-07-31": "26.46%", "2007-04-30": "38.99%", "2007-01-31": "40.79%", "2006-10-31": "44.87%", "2006-07-31": "47.32%", "2006-04-30": "36.12%", "2006-01-31": "31.72%", "2005-10-31": "29.74%"}, "return on tangible equity": {"2020-10-31": "65.60%", "2020-07-31": "69.98%", "2020-04-30": "59.07%", "2020-01-31": "77.52%", "2019-10-31": "84.03%", "2019-07-31": "92.83%", "2019-04-30": "107.55%", "2019-01-31": "134.41%", "2018-10-31": "226.46%", "2018-07-31": "448.61%", "2018-04-30": "7205.13%", "2018-01-31": "-2066.38%", "2017-10-31": "-1702.52%", "2017-07-31": "-750.48%", "2017-04-30": "-499.04%", "2017-01-31": "-324.62%", "2016-10-31": "-289.09%", "2016-07-31": "-310.79%", "2016-04-30": "-3562.07%", "2016-01-31": "298.38%", "2015-10-31": "89.70%", "2015-07-31": "44.70%", "2015-04-30": "32.95%", "2015-01-31": "64.75%", "2014-10-31": "63.23%", "2014-07-31": "72.71%", "2014-04-30": "66.86%", "2014-01-31": "60.88%", "2013-10-31": "75.11%", "2013-07-31": "82.72%", "2013-04-30": "107.60%", "2013-01-31": "111.58%", "2012-10-31": "127.74%", "2012-07-31": "122.22%", "2012-04-30": "154.63%", "2012-01-31": "153.50%", "2011-10-31": "148.75%", "2011-07-31": "136.42%", "2011-04-30": "131.22%", "2011-01-31": "105.94%", "2010-10-31": "114.40%", "2010-07-31": "132.87%", "2010-04-30": "138.70%", "2010-01-31": "119.64%", "2009-10-31": "113.05%", "2009-07-31": "133.43%", "2009-04-30": "196.13%", "2009-01-31": "572.41%", "2008-10-31": "1618.18%", "2008-07-31": "1094.25%", "2008-04-30": "705.72%", "2008-01-31": "631.80%", "2007-10-31": "122.86%", "2007-07-31": "65.92%", "2007-04-30": "47.32%", "2007-01-31": "31.14%", "2006-10-31": "36.33%", "2006-07-31": "39.84%", "2006-04-30": "40.85%", "2006-01-31": "40.85%", "2005-10-31": "37.26%"}, "dividend yield history": {"last payout": "$2.36", "last yield": "0.61%"}}