{"ticker": "ISRG", "price": {"title": "Intuitive Surgical Historical Annual Stock Price Data", "value": 762.25, "historical": {"2020": {"Average Stock Price": "627.4015", "Year Open": "597.2600", "Year High": "818.1000", "Year Low": "367.7500", "Year Close": "818.1000", "Annual % Change": "38.39%"}, "2019": {"Average Stock Price": "532.0131", "Year Open": "466.0300", "Year High": "598.8100", "Year Low": "450.2400", "Year Close": "591.1500", "Annual % Change": "23.43%"}, "2018": {"Average Stock Price": "479.7075", "Year Open": "375.2500", "Year High": "574.7400", "Year Low": "375.2500", "Year Close": "478.9200", "Annual % Change": "31.23%"}, "2017": {"Average Stock Price": "307.1831", "Year Open": "213.9300", "Year High": "403.7000", "Year Low": "209.8300", "Year Close": "364.9400", "Annual % Change": "72.64%"}, "2016": {"Average Stock Price": "212.1001", "Year Open": "182.4633", "Year High": "241.6100", "Year Low": "169.0933", "Year Close": "211.3900", "Annual % Change": "16.11%"}, "2015": {"Average Stock Price": "169.0059", "Year Open": "175.1900", "Year High": "185.7333", "Year Low": "151.6200", "Year Close": "182.0533", "Annual % Change": "3.26%"}, "2014": {"Average Stock Price": "147.5494", "Year Open": "126.6700", "Year High": "180.2100", "Year Low": "117.4500", "Year Close": "176.3133", "Annual % Change": "37.72%"}, "2013": {"Average Stock Price": "149.9708", "Year Open": "165.8400", "Year High": "194.5567", "Year Low": "118.6433", "Year Close": "128.0267", "Annual % Change": "-21.68%"}, "2012": {"Average Stock Price": "172.9286", "Year Open": "157.2367", "Year High": "196.0933", "Year Low": "146.6667", "Year Close": "163.4567", "Annual % Change": "5.91%"}, "2011": {"Average Stock Price": "122.2058", "Year Open": "89.6667", "Year High": "155.3433", "Year Low": "89.1333", "Year Close": "154.3367", "Annual % Change": "79.64%"}, "2010": {"Average Stock Price": "104.3314", "Year Open": "102.9233", "Year High": "129.3367", "Year Low": "82.5000", "Year Close": "85.9167", "Annual % Change": "-15.05%"}, "2009": {"Average Stock Price": "61.5751", "Year Open": "44.1367", "Year High": "102.1933", "Year Low": "28.4433", "Year Close": "101.1433", "Annual % Change": "138.94%"}, "2008": {"Average Stock Price": "85.4821", "Year Open": "107.9833", "Year High": "117.9600", "Year Low": "37.2467", "Year Close": "42.3300", "Annual % Change": "-60.68%"}, "2007": {"Average Stock Price": "61.8175", "Year Open": "31.4933", "Year High": "117.6667", "Year Low": "29.0367", "Year Close": "107.6667", "Annual % Change": "236.81%"}, "2006": {"Average Stock Price": "35.6529", "Year Open": "38.6000", "Year High": "45.7566", "Year Low": "29.3333", "Year Close": "31.9667", "Annual % Change": "-18.22%"}, "2005": {"Average Stock Price": "21.2424", "Year Open": "12.5767", "Year High": "41.0633", "Year Low": "12.0300", "Year Close": "39.0900", "Annual % Change": "193.03%"}, "2004": {"Average Stock Price": "7.4700", "Year Open": "5.6467", "Year High": "13.3400", "Year Low": "5.0433", "Year Close": "13.3400", "Annual % Change": "134.17%"}, "2003": {"Average Stock Price": "4.6905", "Year Open": "4.0667", "Year High": "6.0667", "Year Low": "2.5067", "Year Close": "5.6967", "Annual % Change": "38.72%"}, "2002": {"Average Stock Price": "5.4714", "Year Open": "6.5000", "Year High": "7.2667", "Year Low": "3.8400", "Year Close": "4.1067", "Annual % Change": "-38.58%"}, "2001": {"Average Stock Price": "5.5681", "Year Open": "5.4400", "Year High": "9.3000", "Year Low": "2.2333", "Year Close": "6.6867", "Annual % Change": "18.00%"}, "2000": {"Average Stock Price": "8.0948", "Year Open": "6.0800", "Year High": "12.5867", "Year Low": "3.9200", "Year Close": "5.6667", "Annual % Change": "0.00%"}}}, "market cap": {"value": "$89.61B"}, "income statement": {"Revenue": {"2020-12-31": "4358.40000", "2019-12-31": "4478.50000", "2018-12-31": "3724.20000", "2017-12-31": "3138.20000", "2016-12-31": "2706.50000", "2015-12-31": "2384.40000", "2014-12-31": "2131.70000", "2013-12-31": "2265.10000", "2012-12-31": "2178.80000", "2011-12-31": "1757.30000", "2010-12-31": "1413.00000", "2009-12-31": "1052.20000", "2008-12-31": "874.90000", "2007-12-31": "600.82800", "2006-12-31": "372.68200", "2005-12-31": "227.33800"}, "Cost Of Goods Sold": {"2020-12-31": "1497.20000", "2019-12-31": "1368.30000", "2018-12-31": "1120.10000", "2017-12-31": "936.20000", "2016-12-31": "813.60000", "2015-12-31": "806.50000", "2014-12-31": "717.90000", "2013-12-31": "670.90000", "2012-12-31": "608.50000", "2011-12-31": "483.50000", "2010-12-31": "383.00000", "2009-12-31": "301.10000", "2008-12-31": "254.10000", "2007-12-31": "186.54200", "2006-12-31": "124.84600", "2005-12-31": "73.76900"}, "Gross Profit": {"2020-12-31": "2861.20000", "2019-12-31": "3110.20000", "2018-12-31": "2604.10000", "2017-12-31": "2202.00000", "2016-12-31": "1892.90000", "2015-12-31": "1577.90000", "2014-12-31": "1413.80000", "2013-12-31": "1594.20000", "2012-12-31": "1570.30000", "2011-12-31": "1273.80000", "2010-12-31": "1030.00000", "2009-12-31": "751.10000", "2008-12-31": "620.80000", "2007-12-31": "414.28600", "2006-12-31": "247.83600", "2005-12-31": "153.56900"}, "Research And Development Expenses": {"2020-12-31": "595.10000", "2019-12-31": "557.30000", "2018-12-31": "418.10000", "2017-12-31": "328.60000", "2016-12-31": "239.60000", "2015-12-31": "197.40000", "2014-12-31": "178.00000", "2013-12-31": "167.70000", "2012-12-31": "170.00000", "2011-12-31": "140.20000", "2010-12-31": "116.00000", "2009-12-31": "95.10000", "2008-12-31": "79.40000", "2007-12-31": "48.85900", "2006-12-31": "29.77800", "2005-12-31": "17.35400"}, "SG&A Expenses": {"2020-12-31": "1216.30000", "2019-12-31": "1178.40000", "2018-12-31": "986.60000", "2017-12-31": "810.50000", "2016-12-31": "703.60000", "2015-12-31": "640.50000", "2014-12-31": "691.00000", "2013-12-31": "574.00000", "2012-12-31": "522.20000", "2011-12-31": "438.80000", "2010-12-31": "358.80000", "2009-12-31": "278.60000", "2008-12-31": "230.60000", "2007-12-31": "158.68500", "2006-12-31": "110.70300", "2005-12-31": "67.44300"}, "Other Operating Income Or Expenses": {"2020-12-31": "", "2019-12-31": "", "2018-12-31": "", "2017-12-31": "", "2016-12-31": "", "2015-12-31": "", "2014-12-31": "", "2013-12-31": "", "2012-12-31": "", "2011-12-31": "", "2010-12-31": "", "2009-12-31": "", "2008-12-31": "", "2007-12-31": "", "2006-12-31": "", "2005-12-31": ""}, "Operating Expenses": {"2020-12-31": "3308.60000", "2019-12-31": "3104.00000", "2018-12-31": "2524.80000", "2017-12-31": "2075.30000", "2016-12-31": "1756.80000", "2015-12-31": "1644.40000", "2014-12-31": "1586.90000", "2013-12-31": "1412.60000", "2012-12-31": "1300.70000", "2011-12-31": "1062.50000", "2010-12-31": "857.80000", "2009-12-31": "674.80000", "2008-12-31": "564.10000", "2007-12-31": "394.08600", "2006-12-31": "265.32700", "2005-12-31": "158.56600"}, "Operating Income": {"2020-12-31": "1049.80000", "2019-12-31": "1374.50000", "2018-12-31": "1199.40000", "2017-12-31": "1062.90000", "2016-12-31": "949.70010", "2015-12-31": "739.99990", "2014-12-31": "544.79990", "2013-12-31": "852.50000", "2012-12-31": "878.10010", "2011-12-31": "694.80000", "2010-12-31": "555.20000", "2009-12-31": "377.39990", "2008-12-31": "310.80000", "2007-12-31": "206.74200", "2006-12-31": "107.35500", "2005-12-31": "68.77200"}, "Total Non-Operating Income/Expense": {"2020-12-31": "157.20000", "2019-12-31": "127.70000", "2018-12-31": "80.10000", "2017-12-31": "41.90000", "2016-12-31": "35.60000", "2015-12-31": "18.50000", "2014-12-31": "4.20000", "2013-12-31": "18.40000", "2012-12-31": "15.80000", "2011-12-31": "14.90000", "2010-12-31": "17.10000", "2009-12-31": "18.70000", "2008-12-31": "24.40000", "2007-12-31": "30.49200", "2006-12-31": "12.78300", "2005-12-31": "5.03500"}, "Pre-Tax Income": {"2020-12-31": "1207.00000", "2019-12-31": "1502.20000", "2018-12-31": "1279.50000", "2017-12-31": "1104.80000", "2016-12-31": "985.30000", "2015-12-31": "758.50000", "2014-12-31": "549.00000", "2013-12-31": "870.90000", "2012-12-31": "893.90000", "2011-12-31": "709.70000", "2010-12-31": "572.30000", "2009-12-31": "396.10000", "2008-12-31": "335.20000", "2007-12-31": "237.23400", "2006-12-31": "120.13800", "2005-12-31": "73.80700"}, "Income Taxes": {"2020-12-31": "140.20000", "2019-12-31": "120.40000", "2018-12-31": "154.50000", "2017-12-31": "433.90000", "2016-12-31": "247.00000", "2015-12-31": "169.70000", "2014-12-31": "130.20000", "2013-12-31": "199.90000", "2012-12-31": "237.30000", "2011-12-31": "214.60000", "2010-12-31": "190.50000", "2009-12-31": "163.50000", "2008-12-31": "130.90000", "2007-12-31": "92.69700", "2006-12-31": "48.09400", "2005-12-31": "-20.32700"}, "Income After Taxes": {"2020-12-31": "1066.80000", "2019-12-31": "1381.80000", "2018-12-31": "1125.00000", "2017-12-31": "670.90000", "2016-12-31": "738.30000", "2015-12-31": "588.80000", "2014-12-31": "418.80000", "2013-12-31": "671.00000", "2012-12-31": "656.60000", "2011-12-31": "495.10000", "2010-12-31": "381.80000", "2009-12-31": "232.60000", "2008-12-31": "204.30000", "2007-12-31": "144.53700", "2006-12-31": "72.04400", "2005-12-31": "94.13400"}, "Other Income": {"2020-12-31": "", "2019-12-31": "", "2018-12-31": "", "2017-12-31": "", "2016-12-31": "", "2015-12-31": "", "2014-12-31": "", "2013-12-31": "", "2012-12-31": "", "2011-12-31": "", "2010-12-31": "", "2009-12-31": "", "2008-12-31": "", "2007-12-31": "", "2006-12-31": "", "2005-12-31": ""}, "Income From Continuous Operations": {"2020-12-31": "1066.80000", "2019-12-31": "1381.80000", "2018-12-31": "1125.00000", "2017-12-31": "670.90000", "2016-12-31": "738.30000", "2015-12-31": "588.80000", "2014-12-31": "418.80000", "2013-12-31": "671.00000", "2012-12-31": "656.60000", "2011-12-31": "495.10000", "2010-12-31": "381.80000", "2009-12-31": "232.60000", "2008-12-31": "204.30000", "2007-12-31": "144.53700", "2006-12-31": "72.04400", "2005-12-31": "94.13400"}, "Income From Discontinued Operations": {"2020-12-31": "", "2019-12-31": "", "2018-12-31": "", "2017-12-31": "", "2016-12-31": "", "2015-12-31": "", "2014-12-31": "", "2013-12-31": "", "2012-12-31": "", "2011-12-31": "", "2010-12-31": "", "2009-12-31": "", "2008-12-31": "", "2007-12-31": "", "2006-12-31": "", "2005-12-31": ""}, "Net Income": {"2020-12-31": "1060.60000", "2019-12-31": "1379.30000", "2018-12-31": "1127.90000", "2017-12-31": "670.90000", "2016-12-31": "738.30000", "2015-12-31": "588.80000", "2014-12-31": "418.80000", "2013-12-31": "671.00000", "2012-12-31": "656.60000", "2011-12-31": "495.10000", "2010-12-31": "381.80000", "2009-12-31": "232.60000", "2008-12-31": "204.30000", "2007-12-31": "144.53700", "2006-12-31": "72.04400", "2005-12-31": "94.13400"}, "EBITDA": {"2020-12-31": "1049.80000", "2019-12-31": "1590.60000", "2018-12-31": "1332.80000", "2017-12-31": "1172.90000", "2016-12-31": "1051.90000", "2015-12-31": "855.89990", "2014-12-31": "653.09990", "2013-12-31": "956.60000", "2012-12-31": "935.90010", "2011-12-31": "763.90000", "2010-12-31": "613.40000", "2009-12-31": "411.99990", "2008-12-31": "335.90010", "2007-12-31": "219.76900", "2006-12-31": "117.36400", "2005-12-31": "75.50400"}, "EBIT": {"2020-12-31": "1049.80000", "2019-12-31": "1374.50000", "2018-12-31": "1199.40000", "2017-12-31": "1062.90000", "2016-12-31": "949.70010", "2015-12-31": "739.99990", "2014-12-31": "544.79990", "2013-12-31": "852.50000", "2012-12-31": "878.10010", "2011-12-31": "694.80000", "2010-12-31": "555.20000", "2009-12-31": "377.39990", "2008-12-31": "310.80000", "2007-12-31": "206.74200", "2006-12-31": "107.35500", "2005-12-31": "68.77200"}, "Basic Shares Outstanding": {"2020-12-31": "117.00000", "2019-12-31": "115.40000", "2018-12-31": "113.70000", "2017-12-31": "111.70000", "2016-12-31": "114.90000", "2015-12-31": "111.30000", "2014-12-31": "110.70000", "2013-12-31": "117.60000", "2012-12-31": "119.40000", "2011-12-31": "117.60000", "2010-12-31": "117.60000", "2009-12-31": "114.90000", "2008-12-31": "116.70000", "2007-12-31": "113.49300", "2006-12-31": "110.21100", "2005-12-31": "105.21000"}, "Shares Outstanding": {"2020-12-31": "120.30000", "2019-12-31": "119.50000", "2018-12-31": "118.80000", "2017-12-31": "116.30000", "2016-12-31": "117.90000", "2015-12-31": "113.70000", "2014-12-31": "113.10000", "2013-12-31": "120.30000", "2012-12-31": "123.30000", "2011-12-31": "120.60000", "2010-12-31": "120.90000", "2009-12-31": "117.60000", "2008-12-31": "119.70000", "2007-12-31": "117.06300", "2006-12-31": "114.27900", "2005-12-31": "112.46400"}, "Basic EPS": {"2020-12-31": "9.06000", "2019-12-31": "11.95000", "2018-12-31": "9.92000", "2017-12-31": "6.01000", "2016-12-31": "6.43000", "2015-12-31": "5.29000", "2014-12-31": "3.78330", "2013-12-31": "5.70670", "2012-12-31": "5.50000", "2011-12-31": "4.21000", "2010-12-31": "3.24670", "2009-12-31": "2.02330", "2008-12-31": "1.75330", "2007-12-31": "1.27330", "2006-12-31": "0.65330", "2005-12-31": "0.89330"}, "EPS - Earnings Per Share": {"2020-12-31": "8.82000", "2019-12-31": "11.54000", "2018-12-31": "9.49000", "2017-12-31": "5.77000", "2016-12-31": "6.26000", "2015-12-31": "5.18000", "2014-12-31": "3.70330", "2013-12-31": "5.57670", "2012-12-31": "5.32670", "2011-12-31": "4.10670", "2010-12-31": "3.15670", "2009-12-31": "1.97670", "2008-12-31": "1.70670", "2007-12-31": "1.23330", "2006-12-31": "0.63000", "2005-12-31": "0.83670"}}, "income statement, quarterly": {"Revenue": {"2020-12-31": "1329.10000", "2020-09-30": "1077.70000", "2020-06-30": "852.10000", "2020-03-31": "1099.50000", "2019-12-31": "1277.70000", "2019-09-30": "1128.20000", "2019-06-30": "1098.90000", "2019-03-31": "973.70000", "2018-12-31": "1046.50000", "2018-09-30": "920.90000", "2018-06-30": "909.30000", "2018-03-31": "847.50000", "2017-12-31": "891.99990", "2017-09-30": "807.80000", "2017-06-30": "758.80000", "2017-03-31": "679.60000", "2016-12-31": "759.00000", "2016-09-30": "682.90000", "2016-06-30": "670.10000", "2016-03-31": "594.50000", "2015-12-31": "676.50000", "2015-09-30": "589.70000", "2015-06-30": "586.10000", "2015-03-31": "532.10000", "2014-12-31": "604.69990", "2014-09-30": "550.10000", "2014-06-30": "512.20000", "2014-03-31": "464.70000", "2013-12-31": "576.20010", "2013-09-30": "499.00000", "2013-06-30": "578.50000", "2013-03-31": "611.40000", "2012-12-31": "609.30000", "2012-09-30": "537.80000", "2012-06-30": "536.50000", "2012-03-31": "495.20000", "2011-12-31": "496.80010", "2011-09-30": "446.70000", "2011-06-30": "425.70000", "2011-03-31": "388.10000", "2010-12-31": "389.30000", "2010-09-30": "344.40000", "2010-06-30": "350.70000", "2010-03-31": "328.60000", "2009-12-31": "323.10000", "2009-09-30": "280.10000", "2009-06-30": "260.60000", "2009-03-31": "188.40000", "2008-12-31": "231.52500", "2008-09-30": "235.99200", "2008-06-30": "219.18900", "2008-03-31": "188.19400", "2007-12-31": "189.44600", "2007-09-30": "156.90400", "2007-06-30": "140.24900", "2007-03-31": "114.22900", "2006-12-31": "112.56700", "2006-09-30": "95.83200", "2006-06-30": "87.02500", "2006-03-31": "77.25800", "2005-12-31": "72.09400", "2005-09-30": "60.87400", "2005-06-30": "52.75600", "2005-03-31": "41.61400"}, "Cost Of Goods Sold": {"2020-12-31": "433.30000", "2020-09-30": "353.40000", "2020-06-30": "349.20000", "2020-03-31": "361.30000", "2019-12-31": "381.69990", "2019-09-30": "342.60000", "2019-06-30": "339.90000", "2019-03-31": "304.10000", "2018-12-31": "310.80000", "2018-09-30": "278.60000", "2018-06-30": "277.00000", "2018-03-31": "253.70000", "2017-12-31": "258.00000", "2017-09-30": "239.70000", "2017-06-30": "228.70000", "2017-03-31": "209.80000", "2016-12-31": "228.99990", "2016-09-30": "195.90000", "2016-06-30": "199.20000", "2016-03-31": "189.50000", "2015-12-31": "217.70000", "2015-09-30": "193.90000", "2015-06-30": "199.60000", "2015-03-31": "195.30000", "2014-12-31": "211.30000", "2014-09-30": "189.50000", "2014-06-30": "167.80000", "2014-03-31": "149.30000", "2013-12-31": "178.20000", "2013-09-30": "142.30000", "2013-06-30": "173.30000", "2013-03-31": "177.10000", "2012-12-31": "171.40000", "2012-09-30": "147.70000", "2012-06-30": "150.10000", "2012-03-31": "139.30000", "2011-12-31": "133.90000", "2011-09-30": "121.20000", "2011-06-30": "119.10000", "2011-03-31": "109.30000", "2010-12-31": "107.20000", "2010-09-30": "93.80000", "2010-06-30": "93.90000", "2010-03-31": "88.10000", "2009-12-31": "89.90000", "2009-09-30": "81.10000", "2009-06-30": "70.40000", "2009-03-31": "59.70000", "2008-12-31": "66.16300", "2008-09-30": "66.41700", "2008-06-30": "63.13300", "2008-03-31": "58.38700", "2007-12-31": "54.24600", "2007-09-30": "48.43400", "2007-06-30": "46.14100", "2007-03-31": "37.72100", "2006-12-31": "37.62200", "2006-09-30": "33.59900", "2006-06-30": "28.04800", "2006-03-31": "25.57700", "2005-12-31": "23.53200", "2005-09-30": "18.75700", "2005-06-30": "17.12900", "2005-03-31": "14.35100"}, "Gross Profit": {"2020-12-31": "895.79990", "2020-09-30": "724.29990", "2020-06-30": "502.90000", "2020-03-31": "738.20000", "2019-12-31": "896.00000", "2019-09-30": "785.60000", "2019-06-30": "759.00000", "2019-03-31": "669.60000", "2018-12-31": "735.69980", "2018-09-30": "642.30000", "2018-06-30": "632.30000", "2018-03-31": "593.80000", "2017-12-31": "633.99990", "2017-09-30": "568.10000", "2017-06-30": "530.10000", "2017-03-31": "469.80000", "2016-12-31": "530.00010", "2016-09-30": "487.00000", "2016-06-30": "470.90000", "2016-03-31": "405.00000", "2015-12-31": "458.80000", "2015-09-30": "395.80000", "2015-06-30": "386.50000", "2015-03-31": "336.80000", "2014-12-31": "393.39980", "2014-09-30": "360.60000", "2014-06-30": "344.40000", "2014-03-31": "315.40000", "2013-12-31": "398.00000", "2013-09-30": "356.70000", "2013-06-30": "405.20000", "2013-03-31": "434.30000", "2012-12-31": "437.90000", "2012-09-30": "390.10000", "2012-06-30": "386.40000", "2012-03-31": "355.90000", "2011-12-31": "362.90010", "2011-09-30": "325.50000", "2011-06-30": "306.60000", "2011-03-31": "278.80000", "2010-12-31": "282.09990", "2010-09-30": "250.60000", "2010-06-30": "256.80000", "2010-03-31": "240.50000", "2009-12-31": "233.20000", "2009-09-30": "199.00000", "2009-06-30": "190.20000", "2009-03-31": "128.70000", "2008-12-31": "165.36200", "2008-09-30": "169.57500", "2008-06-30": "156.05600", "2008-03-31": "129.80700", "2007-12-31": "135.20000", "2007-09-30": "108.47000", "2007-06-30": "94.10800", "2007-03-31": "76.50800", "2006-12-31": "74.94500", "2006-09-30": "62.23300", "2006-06-30": "58.97700", "2006-03-31": "51.68100", "2005-12-31": "48.56200", "2005-09-30": "42.11700", "2005-06-30": "35.62700", "2005-03-31": "27.26300"}, "Research And Development Expenses": {"2020-12-31": "149.80000", "2020-09-30": "155.00000", "2020-06-30": "143.20000", "2020-03-31": "147.10000", "2019-12-31": "156.60000", "2019-09-30": "135.90000", "2019-06-30": "120.80000", "2019-03-31": "144.00000", "2018-12-31": "119.90000", "2018-09-30": "107.60000", "2018-06-30": "95.10000", "2018-03-31": "95.50000", "2017-12-31": "87.10000", "2017-09-30": "83.40000", "2017-06-30": "84.60000", "2017-03-31": "73.50000", "2016-12-31": "69.10000", "2016-09-30": "62.60000", "2016-06-30": "54.70000", "2016-03-31": "53.20000", "2015-12-31": "52.60000", "2015-09-30": "51.00000", "2015-06-30": "49.40000", "2015-03-31": "44.40000", "2014-12-31": "47.30000", "2014-09-30": "47.50000", "2014-06-30": "40.20000", "2014-03-31": "43.00000", "2013-12-31": "41.70000", "2013-09-30": "43.20000", "2013-06-30": "41.20000", "2013-03-31": "41.60000", "2012-12-31": "41.70000", "2012-09-30": "49.70000", "2012-06-30": "40.20000", "2012-03-31": "38.40000", "2011-12-31": "41.40000", "2011-09-30": "35.40000", "2011-06-30": "32.00000", "2011-03-31": "31.40000", "2010-12-31": "32.60000", "2010-09-30": "26.90000", "2010-06-30": "28.50000", "2010-03-31": "28.00000", "2009-12-31": "25.80000", "2009-09-30": "24.60000", "2009-06-30": "23.40000", "2009-03-31": "21.30000", "2008-12-31": "20.89100", "2008-09-30": "21.85100", "2008-06-30": "20.35700", "2008-03-31": "16.30100", "2007-12-31": "16.12400", "2007-09-30": "14.31900", "2007-06-30": "10.19200", "2007-03-31": "8.22400", "2006-12-31": "8.44900", "2006-09-30": "7.97900", "2006-06-30": "7.20500", "2006-03-31": "6.14500", "2005-12-31": "4.26700", "2005-09-30": "4.58700", "2005-06-30": "4.35500", "2005-03-31": "4.14500"}, "SG&A Expenses": {"2020-12-31": "330.20000", "2020-09-30": "298.90000", "2020-06-30": "279.10000", "2020-03-31": "308.10000", "2019-12-31": "341.80000", "2019-09-30": "284.00000", "2019-06-30": "279.20000", "2019-03-31": "273.40000", "2018-12-31": "283.80000", "2018-09-30": "221.40000", "2018-06-30": "259.80000", "2018-03-31": "221.60000", "2017-12-31": "217.90000", "2017-09-30": "204.10000", "2017-06-30": "185.60000", "2017-03-31": "202.90000", "2016-12-31": "192.00000", "2016-09-30": "168.00000", "2016-06-30": "170.80000", "2016-03-31": "172.80000", "2015-12-31": "160.30000", "2015-09-30": "154.90000", "2015-06-30": "163.30000", "2015-03-31": "162.00000", "2014-12-31": "160.00000", "2014-09-30": "154.00000", "2014-06-30": "161.20000", "2014-03-31": "215.80000", "2013-12-31": "147.70000", "2013-09-30": "139.30000", "2013-06-30": "145.50000", "2013-03-31": "141.50000", "2012-12-31": "148.10000", "2012-09-30": "129.00000", "2012-06-30": "120.90000", "2012-03-31": "124.20000", "2011-12-31": "122.00000", "2011-09-30": "111.20000", "2011-06-30": "106.50000", "2011-03-31": "99.10000", "2010-12-31": "95.80000", "2010-09-30": "91.60000", "2010-06-30": "88.60000", "2010-03-31": "82.80000", "2009-12-31": "79.00000", "2009-09-30": "69.90000", "2009-06-30": "67.30000", "2009-03-31": "62.40000", "2008-12-31": "61.77000", "2008-09-30": "62.69200", "2008-06-30": "57.50400", "2008-03-31": "48.63400", "2007-12-31": "45.69400", "2007-09-30": "40.16300", "2007-06-30": "38.88300", "2007-03-31": "33.94500", "2006-12-31": "31.05000", "2006-09-30": "28.57800", "2006-06-30": "27.26500", "2006-03-31": "23.81000", "2005-12-31": "20.78400", "2005-09-30": "16.52100", "2005-06-30": "15.93400", "2005-03-31": "14.20400"}, "Other Operating Income Or Expenses": {"2020-12-31": "", "2020-09-30": "", "2020-06-30": "", "2020-03-31": "", "2019-12-31": "", "2019-09-30": "", "2019-06-30": "", "2019-03-31": "", "2018-12-31": "", "2018-09-30": "", "2018-06-30": "", "2018-03-31": "", "2017-12-31": "", "2017-09-30": "", "2017-06-30": "", "2017-03-31": "", "2016-12-31": "", "2016-09-30": "", "2016-06-30": "", "2016-03-31": "", "2015-12-31": "", "2015-09-30": "", "2015-06-30": "", "2015-03-31": "", "2014-12-31": "", "2014-09-30": "", "2014-06-30": "", "2014-03-31": "", "2013-12-31": "", "2013-09-30": "", "2013-06-30": "", "2013-03-31": "", "2012-12-31": "", "2012-09-30": "", "2012-06-30": "", "2012-03-31": "", "2011-12-31": "", "2011-09-30": "", "2011-06-30": "", "2011-03-31": "", "2010-12-31": "", "2010-09-30": "", "2010-06-30": "", "2010-03-31": "", "2009-12-31": "", "2009-09-30": "", "2009-06-30": "", "2009-03-31": "", "2008-12-31": "", "2008-09-30": "", "2008-06-30": "", "2008-03-31": "", "2007-12-31": "", "2007-09-30": "", "2007-06-30": "", "2007-03-31": "", "2006-12-31": "", "2006-09-30": "", "2006-06-30": "", "2006-03-31": "", "2005-12-31": "", "2005-09-30": "", "2005-06-30": "", "2005-03-31": ""}, "Operating Expenses": {"2020-12-31": "913.30000", "2020-09-30": "807.30000", "2020-06-30": "771.50000", "2020-03-31": "816.50000", "2019-12-31": "880.10000", "2019-09-30": "762.50000", "2019-06-30": "739.90000", "2019-03-31": "721.50000", "2018-12-31": "714.49980", "2018-09-30": "607.60000", "2018-06-30": "631.90000", "2018-03-31": "570.80000", "2017-12-31": "563.00010", "2017-09-30": "527.20000", "2017-06-30": "498.90000", "2017-03-31": "486.20000", "2016-12-31": "490.09990", "2016-09-30": "426.50000", "2016-06-30": "424.70000", "2016-03-31": "415.50000", "2015-12-31": "430.60010", "2015-09-30": "399.80000", "2015-06-30": "412.30000", "2015-03-31": "401.70000", "2014-12-31": "418.60000", "2014-09-30": "391.00000", "2014-06-30": "369.20000", "2014-03-31": "408.10000", "2013-12-31": "367.60000", "2013-09-30": "324.80000", "2013-06-30": "360.00000", "2013-03-31": "360.20000", "2012-12-31": "361.19990", "2012-09-30": "326.40000", "2012-06-30": "311.20000", "2012-03-31": "301.90000", "2011-12-31": "297.30000", "2011-09-30": "267.80000", "2011-06-30": "257.60000", "2011-03-31": "239.80000", "2010-12-31": "235.60000", "2010-09-30": "212.30000", "2010-06-30": "211.00000", "2010-03-31": "198.90000", "2009-12-31": "194.70000", "2009-09-30": "175.60000", "2009-06-30": "161.10000", "2009-03-31": "143.40000", "2008-12-31": "148.82400", "2008-09-30": "150.96000", "2008-06-30": "140.99400", "2008-03-31": "123.32200", "2007-12-31": "116.06400", "2007-09-30": "102.91600", "2007-06-30": "95.21600", "2007-03-31": "79.89000", "2006-12-31": "77.12100", "2006-09-30": "70.15600", "2006-06-30": "62.51800", "2006-03-31": "55.53200", "2005-12-31": "48.58300", "2005-09-30": "39.86500", "2005-06-30": "37.41800", "2005-03-31": "32.70000"}, "Operating Income": {"2020-12-31": "415.79990", "2020-09-30": "270.39990", "2020-06-30": "80.60000", "2020-03-31": "283.00000", "2019-12-31": "397.60000", "2019-09-30": "365.70000", "2019-06-30": "359.00000", "2019-03-31": "252.20000", "2018-12-31": "332.00000", "2018-09-30": "313.30000", "2018-06-30": "277.40000", "2018-03-31": "276.70000", "2017-12-31": "328.99980", "2017-09-30": "280.60000", "2017-06-30": "259.90000", "2017-03-31": "193.40000", "2016-12-31": "268.90010", "2016-09-30": "256.40000", "2016-06-30": "245.40000", "2016-03-31": "179.00000", "2015-12-31": "245.89990", "2015-09-30": "189.90000", "2015-06-30": "173.80000", "2015-03-31": "130.40000", "2014-12-31": "186.09990", "2014-09-30": "159.10000", "2014-06-30": "143.00000", "2014-03-31": "56.60000", "2013-12-31": "208.60000", "2013-09-30": "174.20000", "2013-06-30": "218.50000", "2013-03-31": "251.20000", "2012-12-31": "248.10010", "2012-09-30": "211.40000", "2012-06-30": "225.30000", "2012-03-31": "193.30000", "2011-12-31": "199.50010", "2011-09-30": "178.90000", "2011-06-30": "168.10000", "2011-03-31": "148.30000", "2010-12-31": "153.70000", "2010-09-30": "132.10000", "2010-06-30": "139.70000", "2010-03-31": "129.70000", "2009-12-31": "128.39990", "2009-09-30": "104.50000", "2009-06-30": "99.50000", "2009-03-31": "45.00000", "2008-12-31": "82.70100", "2008-09-30": "85.03200", "2008-06-30": "78.19500", "2008-03-31": "64.87200", "2007-12-31": "73.38200", "2007-09-30": "53.98800", "2007-06-30": "45.03300", "2007-03-31": "34.33900", "2006-12-31": "35.44600", "2006-09-30": "25.67600", "2006-06-30": "24.50700", "2006-03-31": "21.72600", "2005-12-31": "23.51100", "2005-09-30": "21.00900", "2005-06-30": "15.33800", "2005-03-31": "8.91400"}, "Total Non-Operating Income/Expense": {"2020-12-31": "20.70000", "2020-09-30": "84.80000", "2020-06-30": "26.60000", "2020-03-31": "25.10000", "2019-12-31": "34.10000", "2019-09-30": "33.30000", "2019-06-30": "32.80000", "2019-03-31": "27.50000", "2018-12-31": "26.80000", "2018-09-30": "21.90000", "2018-06-30": "18.20000", "2018-03-31": "13.20000", "2017-12-31": "12.30000", "2017-09-30": "10.80000", "2017-06-30": "10.10000", "2017-03-31": "8.70000", "2016-12-31": "11.70000", "2016-09-30": "10.40000", "2016-06-30": "8.00000", "2016-03-31": "5.50000", "2015-12-31": "5.90000", "2015-09-30": "3.70000", "2015-06-30": "4.60000", "2015-03-31": "4.30000", "2014-12-31": "-1.30000", "2014-09-30": "2.00000", "2014-06-30": "-0.40000", "2014-03-31": "3.90000", "2013-12-31": "5.90000", "2013-09-30": "3.90000", "2013-06-30": "4.30000", "2013-03-31": "4.30000", "2012-12-31": "3.70000", "2012-09-30": "4.30000", "2012-06-30": "4.00000", "2012-03-31": "3.80000", "2011-12-31": "3.60000", "2011-09-30": "1.90000", "2011-06-30": "4.10000", "2011-03-31": "5.30000", "2010-12-31": "3.50000", "2010-09-30": "5.00000", "2010-06-30": "4.50000", "2010-03-31": "4.10000", "2009-12-31": "4.20000", "2009-09-30": "4.30000", "2009-06-30": "5.20000", "2009-03-31": "5.00000", "2008-12-31": "5.55800", "2008-09-30": "4.59400", "2008-06-30": "5.70700", "2008-03-31": "8.54100", "2007-12-31": "8.43200", "2007-09-30": "12.22000", "2007-06-30": "5.23200", "2007-03-31": "4.60800", "2006-12-31": "4.18100", "2006-09-30": "3.14600", "2006-06-30": "3.25500", "2006-03-31": "2.20100", "2005-12-31": "1.92800", "2005-09-30": "1.43000", "2005-06-30": "0.95400", "2005-03-31": "0.72300"}, "Pre-Tax Income": {"2020-12-31": "436.50000", "2020-09-30": "355.20000", "2020-06-30": "107.20000", "2020-03-31": "308.10000", "2019-12-31": "431.70000", "2019-09-30": "399.00000", "2019-06-30": "391.80000", "2019-03-31": "279.70000", "2018-12-31": "358.80000", "2018-09-30": "335.20000", "2018-06-30": "295.60000", "2018-03-31": "289.90000", "2017-12-31": "341.30000", "2017-09-30": "291.40000", "2017-06-30": "270.00000", "2017-03-31": "202.10000", "2016-12-31": "280.60000", "2016-09-30": "266.80000", "2016-06-30": "253.40000", "2016-03-31": "184.50000", "2015-12-31": "251.80000", "2015-09-30": "193.60000", "2015-06-30": "178.40000", "2015-03-31": "134.70000", "2014-12-31": "184.80000", "2014-09-30": "161.10000", "2014-06-30": "142.60000", "2014-03-31": "60.50000", "2013-12-31": "214.50010", "2013-09-30": "178.10000", "2013-06-30": "222.80000", "2013-03-31": "255.50000", "2012-12-31": "251.80000", "2012-09-30": "215.70000", "2012-06-30": "229.30000", "2012-03-31": "197.10000", "2011-12-31": "203.10000", "2011-09-30": "180.80000", "2011-06-30": "172.20000", "2011-03-31": "153.60000", "2010-12-31": "157.20000", "2010-09-30": "137.10000", "2010-06-30": "144.20000", "2010-03-31": "133.80000", "2009-12-31": "132.60000", "2009-09-30": "108.80000", "2009-06-30": "104.70000", "2009-03-31": "50.00000", "2008-12-31": "88.25900", "2008-09-30": "89.62600", "2008-06-30": "83.90200", "2008-03-31": "73.41300", "2007-12-31": "81.81400", "2007-09-30": "66.20800", "2007-06-30": "50.26500", "2007-03-31": "38.94700", "2006-12-31": "39.62700", "2006-09-30": "28.82200", "2006-06-30": "27.76200", "2006-03-31": "23.92700", "2005-12-31": "25.43900", "2005-09-30": "22.43900", "2005-06-30": "16.29200", "2005-03-31": "9.63700"}, "Income Taxes": {"2020-12-31": "72.90000", "2020-09-30": "38.40000", "2020-06-30": "37.00000", "2020-03-31": "-8.10000", "2019-12-31": "69.00000", "2019-09-30": "0.30000", "2019-06-30": "75.40000", "2019-03-31": "-24.30000", "2018-12-31": "67.50000", "2018-09-30": "43.40000", "2018-06-30": "41.00000", "2018-03-31": "2.60000", "2017-12-31": "372.80000", "2017-09-30": "-7.20000", "2017-06-30": "47.00000", "2017-03-31": "21.30000", "2016-12-31": "74.20000", "2016-09-30": "55.80000", "2016-06-30": "68.90000", "2016-03-31": "48.10000", "2015-12-31": "61.80000", "2015-09-30": "26.30000", "2015-06-30": "43.90000", "2015-03-31": "37.70000", "2014-12-31": "38.00000", "2014-09-30": "37.40000", "2014-06-30": "38.60000", "2014-03-31": "16.20000", "2013-12-31": "48.30000", "2013-09-30": "21.30000", "2013-06-30": "63.70000", "2013-03-31": "66.60000", "2012-12-31": "76.90000", "2012-09-30": "32.40000", "2012-06-30": "74.40000", "2012-03-31": "53.60000", "2011-12-31": "51.90000", "2011-09-30": "58.40000", "2011-06-30": "54.80000", "2011-03-31": "49.50000", "2010-12-31": "36.00000", "2010-09-30": "50.50000", "2010-06-30": "55.50000", "2010-03-31": "48.50000", "2009-12-31": "55.00000", "2009-09-30": "44.30000", "2009-06-30": "42.30000", "2009-03-31": "21.90000", "2008-12-31": "37.51600", "2008-09-30": "32.03200", "2008-06-30": "32.72000", "2008-03-31": "28.63200", "2007-12-31": "32.66100", "2007-09-30": "25.28900", "2007-06-30": "19.60200", "2007-03-31": "15.14500", "2006-12-31": "15.98600", "2006-09-30": "11.55900", "2006-06-30": "11.08000", "2006-03-31": "9.46900", "2005-12-31": "-24.08700", "2005-09-30": "1.71900", "2005-06-30": "1.50800", "2005-03-31": "0.53300"}, "Income After Taxes": {"2020-12-31": "363.60000", "2020-09-30": "316.80000", "2020-06-30": "70.20000", "2020-03-31": "316.20000", "2019-12-31": "362.70000", "2019-09-30": "398.70000", "2019-06-30": "316.40000", "2019-03-31": "304.00000", "2018-12-31": "291.30000", "2018-09-30": "291.80000", "2018-06-30": "254.60000", "2018-03-31": "287.30000", "2017-12-31": "-31.50000", "2017-09-30": "298.60000", "2017-06-30": "223.00000", "2017-03-31": "180.80000", "2016-12-31": "206.40000", "2016-09-30": "211.00000", "2016-06-30": "184.50000", "2016-03-31": "136.40000", "2015-12-31": "190.00000", "2015-09-30": "167.30000", "2015-06-30": "134.50000", "2015-03-31": "97.00000", "2014-12-31": "146.80000", "2014-09-30": "123.70000", "2014-06-30": "104.00000", "2014-03-31": "44.30000", "2013-12-31": "166.20000", "2013-09-30": "156.80000", "2013-06-30": "159.10000", "2013-03-31": "188.90000", "2012-12-31": "174.90010", "2012-09-30": "183.30000", "2012-06-30": "154.90000", "2012-03-31": "143.50000", "2011-12-31": "151.20000", "2011-09-30": "122.40000", "2011-06-30": "117.40000", "2011-03-31": "104.10000", "2010-12-31": "121.20000", "2010-09-30": "86.60000", "2010-06-30": "88.70000", "2010-03-31": "85.30000", "2009-12-31": "77.60000", "2009-09-30": "64.50000", "2009-06-30": "62.40000", "2009-03-31": "28.10000", "2008-12-31": "50.74300", "2008-09-30": "57.59400", "2008-06-30": "51.18200", "2008-03-31": "44.78100", "2007-12-31": "49.15300", "2007-09-30": "40.91900", "2007-06-30": "30.66300", "2007-03-31": "23.80200", "2006-12-31": "23.64100", "2006-09-30": "17.26300", "2006-06-30": "16.68200", "2006-03-31": "14.45800", "2005-12-31": "49.52600", "2005-09-30": "20.72000", "2005-06-30": "14.78400", "2005-03-31": "9.10400"}, "Other Income": {"2020-12-31": "", "2020-09-30": "", "2020-06-30": "", "2020-03-31": "", "2019-12-31": "", "2019-09-30": "", "2019-06-30": "", "2019-03-31": "", "2018-12-31": "", "2018-09-30": "", "2018-06-30": "", "2018-03-31": "", "2017-12-31": "", "2017-09-30": "", "2017-06-30": "", "2017-03-31": "", "2016-12-31": "", "2016-09-30": "", "2016-06-30": "", "2016-03-31": "", "2015-12-31": "", "2015-09-30": "", "2015-06-30": "", "2015-03-31": "", "2014-12-31": "", "2014-09-30": "", "2014-06-30": "", "2014-03-31": "", "2013-12-31": "", "2013-09-30": "", "2013-06-30": "", "2013-03-31": "", "2012-12-31": "", "2012-09-30": "", "2012-06-30": "", "2012-03-31": "", "2011-12-31": "", "2011-09-30": "", "2011-06-30": "", "2011-03-31": "", "2010-12-31": "", "2010-09-30": "", "2010-06-30": "", "2010-03-31": "", "2009-12-31": "", "2009-09-30": "", "2009-06-30": "", "2009-03-31": "", "2008-12-31": "", "2008-09-30": "", "2008-06-30": "", "2008-03-31": "", "2007-12-31": "", "2007-09-30": "", "2007-06-30": "", "2007-03-31": "", "2006-12-31": "", "2006-09-30": "", "2006-06-30": "", "2006-03-31": "", "2005-12-31": "", "2005-09-30": "", "2005-06-30": "", "2005-03-31": ""}, "Income From Continuous Operations": {"2020-12-31": "363.60000", "2020-09-30": "316.80000", "2020-06-30": "70.20000", "2020-03-31": "316.20000", "2019-12-31": "362.70000", "2019-09-30": "398.70000", "2019-06-30": "316.40000", "2019-03-31": "304.00000", "2018-12-31": "291.30000", "2018-09-30": "291.80000", "2018-06-30": "254.60000", "2018-03-31": "287.30000", "2017-12-31": "-31.50000", "2017-09-30": "298.60000", "2017-06-30": "223.00000", "2017-03-31": "180.80000", "2016-12-31": "206.40000", "2016-09-30": "211.00000", "2016-06-30": "184.50000", "2016-03-31": "136.40000", "2015-12-31": "190.00000", "2015-09-30": "167.30000", "2015-06-30": "134.50000", "2015-03-31": "97.00000", "2014-12-31": "146.80000", "2014-09-30": "123.70000", "2014-06-30": "104.00000", "2014-03-31": "44.30000", "2013-12-31": "166.20000", "2013-09-30": "156.80000", "2013-06-30": "159.10000", "2013-03-31": "188.90000", "2012-12-31": "174.90010", "2012-09-30": "183.30000", "2012-06-30": "154.90000", "2012-03-31": "143.50000", "2011-12-31": "151.20000", "2011-09-30": "122.40000", "2011-06-30": "117.40000", "2011-03-31": "104.10000", "2010-12-31": "121.20000", "2010-09-30": "86.60000", "2010-06-30": "88.70000", "2010-03-31": "85.30000", "2009-12-31": "77.60000", "2009-09-30": "64.50000", "2009-06-30": "62.40000", "2009-03-31": "28.10000", "2008-12-31": "50.74300", "2008-09-30": "57.59400", "2008-06-30": "51.18200", "2008-03-31": "44.78100", "2007-12-31": "49.15300", "2007-09-30": "40.91900", "2007-06-30": "30.66300", "2007-03-31": "23.80200", "2006-12-31": "23.64100", "2006-09-30": "17.26300", "2006-06-30": "16.68200", "2006-03-31": "14.45800", "2005-12-31": "49.52600", "2005-09-30": "20.72000", "2005-06-30": "14.78400", "2005-03-31": "9.10400"}, "Income From Discontinued Operations": {"2020-12-31": "", "2020-09-30": "", "2020-06-30": "", "2020-03-31": "", "2019-12-31": "", "2019-09-30": "", "2019-06-30": "", "2019-03-31": "", "2018-12-31": "", "2018-09-30": "", "2018-06-30": "", "2018-03-31": "", "2017-12-31": "", "2017-09-30": "", "2017-06-30": "", "2017-03-31": "", "2016-12-31": "", "2016-09-30": "", "2016-06-30": "", "2016-03-31": "", "2015-12-31": "", "2015-09-30": "", "2015-06-30": "", "2015-03-31": "", "2014-12-31": "", "2014-09-30": "", "2014-06-30": "", "2014-03-31": "", "2013-12-31": "", "2013-09-30": "", "2013-06-30": "", "2013-03-31": "", "2012-12-31": "", "2012-09-30": "", "2012-06-30": "", "2012-03-31": "", "2011-12-31": "", "2011-09-30": "", "2011-06-30": "", "2011-03-31": "", "2010-12-31": "", "2010-09-30": "", "2010-06-30": "", "2010-03-31": "", "2009-12-31": "", "2009-09-30": "", "2009-06-30": "", "2009-03-31": "", "2008-12-31": "", "2008-09-30": "", "2008-06-30": "", "2008-03-31": "", "2007-12-31": "", "2007-09-30": "", "2007-06-30": "", "2007-03-31": "", "2006-12-31": "", "2006-09-30": "", "2006-06-30": "", "2006-03-31": "", "2005-12-31": "", "2005-09-30": "", "2005-06-30": "", "2005-03-31": ""}, "Net Income": {"2020-12-31": "365.20000", "2020-09-30": "313.90000", "2020-06-30": "68.00000", "2020-03-31": "313.50000", "2019-12-31": "357.70010", "2019-09-30": "396.80000", "2019-06-30": "318.30000", "2019-03-31": "306.50000", "2018-12-31": "292.50000", "2018-09-30": "292.50000", "2018-06-30": "255.30000", "2018-03-31": "287.60000", "2017-12-31": "-31.50000", "2017-09-30": "298.60000", "2017-06-30": "223.00000", "2017-03-31": "180.80000", "2016-12-31": "206.40000", "2016-09-30": "211.00000", "2016-06-30": "184.50000", "2016-03-31": "136.40000", "2015-12-31": "190.00000", "2015-09-30": "167.30000", "2015-06-30": "134.50000", "2015-03-31": "97.00000", "2014-12-31": "146.80000", "2014-09-30": "123.70000", "2014-06-30": "104.00000", "2014-03-31": "44.30000", "2013-12-31": "166.20000", "2013-09-30": "156.80000", "2013-06-30": "159.10000", "2013-03-31": "188.90000", "2012-12-31": "174.90000", "2012-09-30": "183.30000", "2012-06-30": "154.90000", "2012-03-31": "143.50000", "2011-12-31": "151.20000", "2011-09-30": "122.40000", "2011-06-30": "117.40000", "2011-03-31": "104.10000", "2010-12-31": "121.20000", "2010-09-30": "86.60000", "2010-06-30": "88.70000", "2010-03-31": "85.30000", "2009-12-31": "77.60000", "2009-09-30": "64.50000", "2009-06-30": "62.40000", "2009-03-31": "28.10000", "2008-12-31": "50.74300", "2008-09-30": "57.59400", "2008-06-30": "51.18200", "2008-03-31": "44.78100", "2007-12-31": "49.15300", "2007-09-30": "40.91900", "2007-06-30": "30.66300", "2007-03-31": "23.80200", "2006-12-31": "23.64100", "2006-09-30": "17.26300", "2006-06-30": "16.68200", "2006-03-31": "14.45800", "2005-12-31": "49.52600", "2005-09-30": "20.72000", "2005-06-30": "14.78400", "2005-03-31": "9.10400"}, "EBITDA": {"2020-12-31": "", "2020-09-30": "343.79990", "2020-06-30": "148.30000", "2020-03-31": "350.70000", "2019-12-31": "465.30000", "2019-09-30": "419.89990", "2019-06-30": "410.00000", "2019-03-31": "295.40000", "2018-12-31": "367.80000", "2018-09-30": "350.10010", "2018-06-30": "304.50000", "2018-03-31": "310.40000", "2017-12-31": "359.29970", "2017-09-30": "308.20000", "2017-06-30": "280.50000", "2017-03-31": "224.90000", "2016-12-31": "276.80010", "2016-09-30": "287.60000", "2016-06-30": "276.80000", "2016-03-31": "210.70000", "2015-12-31": "278.39990", "2015-09-30": "232.00000", "2015-06-30": "194.90000", "2015-03-31": "150.60000", "2014-12-31": "240.29990", "2014-09-30": "179.00000", "2014-06-30": "160.20000", "2014-03-31": "73.60000", "2013-12-31": "234.90000", "2013-09-30": "199.20000", "2013-06-30": "245.50000", "2013-03-31": "277.00000", "2012-12-31": "239.70010", "2012-09-30": "235.20000", "2012-06-30": "247.40000", "2012-03-31": "213.60000", "2011-12-31": "218.60010", "2011-09-30": "196.40000", "2011-06-30": "184.20000", "2011-03-31": "164.70000", "2010-12-31": "182.30000", "2010-09-30": "142.40000", "2010-06-30": "149.50000", "2010-03-31": "139.20000", "2009-12-31": "137.09990", "2009-09-30": "113.40000", "2009-06-30": "108.50000", "2009-03-31": "53.00000", "2008-12-31": "90.22200", "2008-09-30": "91.81700", "2008-06-30": "84.36100", "2008-03-31": "69.50000", "2007-12-31": "77.10300", "2007-09-30": "57.37400", "2007-06-30": "48.10100", "2007-03-31": "37.19100", "2006-12-31": "38.48900", "2006-09-30": "28.27900", "2006-06-30": "26.69600", "2006-03-31": "23.90000", "2005-12-31": "25.30700", "2005-09-30": "22.64800", "2005-06-30": "16.96800", "2005-03-31": "10.58100"}, "EBIT": {"2020-12-31": "415.79990", "2020-09-30": "270.39990", "2020-06-30": "80.60000", "2020-03-31": "283.00000", "2019-12-31": "397.60000", "2019-09-30": "365.70000", "2019-06-30": "359.00000", "2019-03-31": "252.20000", "2018-12-31": "332.00020", "2018-09-30": "313.30000", "2018-06-30": "277.40000", "2018-03-31": "276.70000", "2017-12-31": "328.99990", "2017-09-30": "280.60000", "2017-06-30": "259.90000", "2017-03-31": "193.40000", "2016-12-31": "268.90010", "2016-09-30": "256.40000", "2016-06-30": "245.40000", "2016-03-31": "179.00000", "2015-12-31": "245.89990", "2015-09-30": "189.90000", "2015-06-30": "173.80000", "2015-03-31": "130.40000", "2014-12-31": "186.09990", "2014-09-30": "159.10000", "2014-06-30": "143.00000", "2014-03-31": "56.60000", "2013-12-31": "208.60000", "2013-09-30": "174.20000", "2013-06-30": "218.50000", "2013-03-31": "251.20000", "2012-12-31": "248.10010", "2012-09-30": "211.40000", "2012-06-30": "225.30000", "2012-03-31": "193.30000", "2011-12-31": "199.50000", "2011-09-30": "178.90000", "2011-06-30": "168.10000", "2011-03-31": "148.30000", "2010-12-31": "153.70000", "2010-09-30": "132.10000", "2010-06-30": "139.70000", "2010-03-31": "129.70000", "2009-12-31": "128.39990", "2009-09-30": "104.50000", "2009-06-30": "99.50000", "2009-03-31": "45.00000", "2008-12-31": "82.70110", "2008-09-30": "85.03200", "2008-06-30": "78.19500", "2008-03-31": "64.87200", "2007-12-31": "73.38200", "2007-09-30": "53.98800", "2007-06-30": "45.03300", "2007-03-31": "34.33900", "2006-12-31": "35.44600", "2006-09-30": "25.67600", "2006-06-30": "24.50700", "2006-03-31": "21.72600", "2005-12-31": "23.51100", "2005-09-30": "21.00900", "2005-06-30": "15.33800", "2005-03-31": "8.91400"}, "Basic Shares Outstanding": {"2020-12-31": "117.60000", "2020-09-30": "117.30000", "2020-06-30": "116.80000", "2020-03-31": "116.40000", "2019-12-31": "115.40000", "2019-09-30": "115.40000", "2019-06-30": "115.40000", "2019-03-31": "115.00000", "2018-12-31": "113.70000", "2018-09-30": "114.00000", "2018-06-30": "113.50000", "2018-03-31": "112.80000", "2017-12-31": "111.70000", "2017-09-30": "111.80000", "2017-06-30": "111.00000", "2017-03-31": "111.90000", "2016-12-31": "114.90000", "2016-09-30": "116.10000", "2016-06-30": "114.90000", "2016-03-31": "113.10000", "2015-12-31": "111.30000", "2015-09-30": "111.90000", "2015-06-30": "110.70000", "2015-03-31": "110.10000", "2014-12-31": "110.70000", "2014-09-30": "108.30000", "2014-06-30": "110.70000", "2014-03-31": "114.90000", "2013-12-31": "117.60000", "2013-09-30": "115.80000", "2013-06-30": "119.70000", "2013-03-31": "120.90000", "2012-12-31": "119.40000", "2012-09-30": "119.70000", "2012-06-30": "119.70000", "2012-03-31": "118.50000", "2011-12-31": "117.60000", "2011-09-30": "117.30000", "2011-06-30": "117.60000", "2011-03-31": "117.30000", "2010-12-31": "117.60000", "2010-09-30": "118.20000", "2010-06-30": "117.90000", "2010-03-31": "116.40000", "2009-12-31": "114.90000", "2009-09-30": "114.30000", "2009-06-30": "113.70000", "2009-03-31": "116.70000", "2008-12-31": "116.70000", "2008-09-30": "117.04500", "2008-06-30": "116.31900", "2008-03-31": "115.74600", "2007-12-31": "113.49300", "2007-09-30": "114.09900", "2007-06-30": "112.90800", "2007-03-31": "111.86700", "2006-12-31": "110.21100", "2006-09-30": "110.62500", "2006-06-30": "110.05200", "2006-03-31": "109.13700", "2005-12-31": "105.21000", "2005-09-30": "105.46200", "2005-06-30": "104.37000", "2005-03-31": "103.55100"}, "Shares Outstanding": {"2020-12-31": "121.10000", "2020-09-30": "120.60000", "2020-06-30": "119.70000", "2020-03-31": "119.80000", "2019-12-31": "119.50000", "2019-09-30": "119.30000", "2019-06-30": "119.30000", "2019-03-31": "119.60000", "2018-12-31": "118.80000", "2018-09-30": "119.20000", "2018-06-30": "118.50000", "2018-03-31": "118.00000", "2017-12-31": "116.30000", "2017-09-30": "116.80000", "2017-06-30": "115.20000", "2017-03-31": "115.50000", "2016-12-31": "117.90000", "2016-09-30": "119.10000", "2016-06-30": "117.60000", "2016-03-31": "115.50000", "2015-12-31": "113.70000", "2015-09-30": "114.00000", "2015-06-30": "113.40000", "2015-03-31": "113.10000", "2014-12-31": "113.10000", "2014-09-30": "110.70000", "2014-06-30": "112.80000", "2014-03-31": "117.30000", "2013-12-31": "120.30000", "2013-09-30": "117.90000", "2013-06-30": "122.40000", "2013-03-31": "124.20000", "2012-12-31": "123.30000", "2012-09-30": "123.30000", "2012-06-30": "123.90000", "2012-03-31": "123.00000", "2011-12-31": "120.60000", "2011-09-30": "120.30000", "2011-06-30": "120.90000", "2011-03-31": "120.60000", "2010-12-31": "120.90000", "2010-09-30": "121.50000", "2010-06-30": "121.50000", "2010-03-31": "120.60000", "2009-12-31": "117.60000", "2009-09-30": "117.60000", "2009-06-30": "115.80000", "2009-03-31": "117.90000", "2008-12-31": "119.70000", "2008-09-30": "120.32400", "2008-06-30": "119.94000", "2008-03-31": "119.54100", "2007-12-31": "117.06300", "2007-09-30": "117.81300", "2007-06-30": "115.97100", "2007-03-31": "115.19400", "2006-12-31": "114.27900", "2006-09-30": "114.55200", "2006-06-30": "114.37200", "2006-03-31": "113.47200", "2005-12-31": "112.46400", "2005-09-30": "114.03900", "2005-06-30": "111.73200", "2005-03-31": "111.06300"}, "Basic EPS": {"2020-12-31": "3.11000", "2020-09-30": "2.68000", "2020-06-30": "0.58000", "2020-03-31": "2.69000", "2019-12-31": "3.08000", "2019-09-30": "3.44000", "2019-06-30": "2.76000", "2019-03-31": "2.67000", "2018-12-31": "2.55000", "2018-09-30": "2.57000", "2018-06-30": "2.25000", "2018-03-31": "2.55000", "2017-12-31": "-0.29000", "2017-09-30": "2.67000", "2017-06-30": "2.01000", "2017-03-31": "1.62000", "2016-12-31": "1.79670", "2016-09-30": "1.82000", "2016-06-30": "1.60670", "2016-03-31": "1.20670", "2015-12-31": "1.70000", "2015-09-30": "1.49670", "2015-06-30": "1.21330", "2015-03-31": "0.88000", "2014-12-31": "1.31330", "2014-09-30": "1.14330", "2014-06-30": "0.94000", "2014-03-31": "0.38670", "2013-12-31": "1.46000", "2013-09-30": "1.35330", "2013-06-30": "1.33000", "2013-03-31": "1.56330", "2012-12-31": "1.46670", "2012-09-30": "1.53000", "2012-06-30": "1.29330", "2012-03-31": "1.21000", "2011-12-31": "1.28330", "2011-09-30": "1.04330", "2011-06-30": "0.99670", "2011-03-31": "0.88670", "2010-12-31": "1.02670", "2010-09-30": "0.73330", "2010-06-30": "0.75330", "2010-03-31": "0.73330", "2009-12-31": "0.67000", "2009-09-30": "0.56330", "2009-06-30": "0.55000", "2009-03-31": "0.24000", "2008-12-31": "0.43330", "2008-09-30": "0.49330", "2008-06-30": "0.44000", "2008-03-31": "0.38670", "2007-12-31": "0.43000", "2007-09-30": "0.36000", "2007-06-30": "0.27000", "2007-03-31": "0.21330", "2006-12-31": "0.21330", "2006-09-30": "0.15670", "2006-06-30": "0.15000", "2006-03-31": "0.13330", "2005-12-31": "0.47000", "2005-09-30": "0.19670", "2005-06-30": "0.14000", "2005-03-31": "0.08670"}, "EPS - Earnings Per Share": {"2020-12-31": "3.02000", "2020-09-30": "2.60000", "2020-06-30": "0.57000", "2020-03-31": "2.62000", "2019-12-31": "2.98000", "2019-09-30": "3.33000", "2019-06-30": "2.67000", "2019-03-31": "2.56000", "2018-12-31": "2.45000", "2018-09-30": "2.45000", "2018-06-30": "2.15000", "2018-03-31": "2.44000", "2017-12-31": "-0.30000", "2017-09-30": "2.56000", "2017-06-30": "1.94000", "2017-03-31": "1.57000", "2016-12-31": "1.74000", "2016-09-30": "1.77000", "2016-06-30": "1.57000", "2016-03-31": "1.18000", "2015-12-31": "1.67000", "2015-09-30": "1.46670", "2015-06-30": "1.18670", "2015-03-31": "0.85670", "2014-12-31": "1.28670", "2014-09-30": "1.11670", "2014-06-30": "0.92330", "2014-03-31": "0.37670", "2013-12-31": "1.42670", "2013-09-30": "1.33000", "2013-06-30": "1.30000", "2013-03-31": "1.52000", "2012-12-31": "1.42330", "2012-09-30": "1.48670", "2012-06-30": "1.25000", "2012-03-31": "1.16670", "2011-12-31": "1.25670", "2011-09-30": "1.01670", "2011-06-30": "0.97000", "2011-03-31": "0.86330", "2010-12-31": "1.00670", "2010-09-30": "0.71330", "2010-06-30": "0.73000", "2010-03-31": "0.70670", "2009-12-31": "0.65000", "2009-09-30": "0.54670", "2009-06-30": "0.54000", "2009-03-31": "0.24000", "2008-12-31": "0.42670", "2008-09-30": "0.48000", "2008-06-30": "0.42670", "2008-03-31": "0.37330", "2007-12-31": "0.41670", "2007-09-30": "0.34670", "2007-06-30": "0.26330", "2007-03-31": "0.20670", "2006-12-31": "0.20670", "2006-09-30": "0.15000", "2006-06-30": "0.14670", "2006-03-31": "0.12670", "2005-12-31": "0.43670", "2005-09-30": "0.18330", "2005-06-30": "0.13330", "2005-03-31": "0.08330"}}, "balance sheet": {"Cash On Hand": {"2020-12-31": "6869.10000", "2019-12-31": "3221.70000", "2018-12-31": "3063.10000", "2017-12-31": "1960.60000", "2016-12-31": "2554.60000", "2015-12-31": "1559.80000", "2014-12-31": "1232.50000", "2013-12-31": "1403.50000", "2012-12-31": "1324.40000", "2011-12-31": "1029.20000", "2010-12-31": "910.40000", "2009-12-31": "555.40000", "2008-12-31": "451.36900", "2007-12-31": "427.46700", "2006-12-31": "239.74300", "2005-12-31": "129.18700"}, "Receivables": {"2020-12-31": "645.50000", "2019-12-31": "645.20000", "2018-12-31": "682.30000", "2017-12-31": "507.90000", "2016-12-31": "430.20000", "2015-12-31": "394.30000", "2014-12-31": "315.10000", "2013-12-31": "301.40000", "2012-12-31": "370.30000", "2011-12-31": "297.90000", "2010-12-31": "246.80000", "2009-12-31": "205.40000", "2008-12-31": "170.10700", "2007-12-31": "130.37000", "2006-12-31": "94.68000", "2005-12-31": "52.84900"}, "Inventory": {"2020-12-31": "601.50000", "2019-12-31": "595.50000", "2018-12-31": "409.00000", "2017-12-31": "241.20000", "2016-12-31": "182.30000", "2015-12-31": "167.90000", "2014-12-31": "181.70000", "2013-12-31": "179.60000", "2012-12-31": "121.50000", "2011-12-31": "112.10000", "2010-12-31": "86.80000", "2009-12-31": "57.60000", "2008-12-31": "63.46000", "2007-12-31": "32.41600", "2006-12-31": "24.29500", "2005-12-31": "15.17000"}, "Pre-Paid Expenses": {"2020-12-31": "", "2019-12-31": "200.20000", "2018-12-31": "178.80000", "2017-12-31": "99.20000", "2016-12-31": "83.30000", "2015-12-31": "73.50000", "2014-12-31": "82.60000", "2013-12-31": "38.30000", "2012-12-31": "67.30000", "2011-12-31": "20.90000", "2010-12-31": "23.30000", "2009-12-31": "21.40000", "2008-12-31": "9.49600", "2007-12-31": "13.48600", "2006-12-31": "6.32800", "2005-12-31": "6.45000"}, "Other Current Assets": {"2020-12-31": "", "2019-12-31": "", "2018-12-31": "", "2017-12-31": "", "2016-12-31": "", "2015-12-31": "", "2014-12-31": "", "2013-12-31": "", "2012-12-31": "", "2011-12-31": "", "2010-12-31": "", "2009-12-31": "", "2008-12-31": "", "2007-12-31": "", "2006-12-31": "", "2005-12-31": ""}, "Total Current Assets": {"2020-12-31": "8116.10000", "2019-12-31": "4662.60000", "2018-12-31": "4333.20000", "2017-12-31": "2808.90000", "2016-12-31": "3250.40000", "2015-12-31": "2195.50000", "2014-12-31": "1811.90000", "2013-12-31": "1932.40000", "2012-12-31": "1892.80000", "2011-12-31": "1466.30000", "2010-12-31": "1275.80000", "2009-12-31": "847.10000", "2008-12-31": "703.89000", "2007-12-31": "609.59100", "2006-12-31": "374.45100", "2005-12-31": "208.65500"}, "Property, Plant, And Equipment": {"2020-12-31": "1577.30000", "2019-12-31": "1272.90000", "2018-12-31": "812.00000", "2017-12-31": "613.10000", "2016-12-31": "458.40000", "2015-12-31": "432.10000", "2014-12-31": "387.40000", "2013-12-31": "309.90000", "2012-12-31": "241.80000", "2011-12-31": "197.20000", "2010-12-31": "159.80000", "2009-12-31": "125.70000", "2008-12-31": "117.02100", "2007-12-31": "68.09300", "2006-12-31": "59.93900", "2005-12-31": "52.22500"}, "Long-Term Investments": {"2020-12-31": "", "2019-12-31": "2623.50000", "2018-12-31": "1771.30000", "2017-12-31": "1885.90000", "2016-12-31": "2283.30000", "2015-12-31": "1788.00000", "2014-12-31": "1264.50000", "2013-12-31": "1350.40000", "2012-12-31": "1596.10000", "2011-12-31": "1142.60000", "2010-12-31": "698.50000", "2009-12-31": "616.60000", "2008-12-31": "450.50400", "2007-12-31": "207.91400", "2006-12-31": "90.55300", "2005-12-31": "73.55200"}, "Goodwill And Intangible Assets": {"2020-12-31": "336.70000", "2019-12-31": "748.60000", "2018-12-31": "501.60000", "2017-12-31": "396.90000", "2016-12-31": "201.10000", "2015-12-31": "323.90000", "2014-12-31": "324.30000", "2013-12-31": "231.50000", "2012-12-31": "241.50000", "2011-12-31": "187.90000", "2010-12-31": "183.00000", "2009-12-31": "166.90000", "2008-12-31": "166.96400", "2007-12-31": "134.21400", "2006-12-31": "124.05400", "2005-12-31": "129.99100"}, "Other Long-Term Assets": {"2020-12-31": "771.10000", "2019-12-31": "", "2018-12-31": "", "2017-12-31": "", "2016-12-31": "142.80000", "2015-12-31": "", "2014-12-31": "", "2013-12-31": "", "2012-12-31": "", "2011-12-31": "", "2010-12-31": "", "2009-12-31": "", "2008-12-31": "0.34600", "2007-12-31": "1.46100", "2006-12-31": "0.52100", "2005-12-31": "1.40500"}, "Total Long-Term Assets": {"2020-12-31": "3052.80000", "2019-12-31": "5070.60000", "2018-12-31": "3513.50000", "2017-12-31": "2967.90000", "2016-12-31": "3236.50000", "2015-12-31": "2711.80000", "2014-12-31": "2147.50000", "2013-12-31": "2017.90000", "2012-12-31": "2166.40000", "2011-12-31": "1596.80000", "2010-12-31": "1114.60000", "2009-12-31": "962.60000", "2008-12-31": "770.73400", "2007-12-31": "430.40700", "2006-12-31": "297.33900", "2005-12-31": "292.93200"}, "Total Assets": {"2020-12-31": "11168.90000", "2019-12-31": "9733.20000", "2018-12-31": "7846.70000", "2017-12-31": "5776.80000", "2016-12-31": "6486.90000", "2015-12-31": "4907.30000", "2014-12-31": "3959.40000", "2013-12-31": "3950.30000", "2012-12-31": "4059.20000", "2011-12-31": "3063.10000", "2010-12-31": "2390.40000", "2009-12-31": "1809.70000", "2008-12-31": "1474.62400", "2007-12-31": "1039.99800", "2006-12-31": "671.79000", "2005-12-31": "501.58700"}, "Total Current Liabilities": {"2020-12-31": "1409.80000", "2019-12-31": "1030.20000", "2018-12-31": "820.60000", "2017-12-31": "662.80000", "2016-12-31": "596.50000", "2015-12-31": "491.90000", "2014-12-31": "501.20000", "2013-12-31": "380.90000", "2012-12-31": "401.60000", "2011-12-31": "320.60000", "2010-12-31": "273.80000", "2009-12-31": "202.80000", "2008-12-31": "164.51600", "2007-12-31": "131.77000", "2006-12-31": "80.66700", "2005-12-31": "57.98700"}, "Long Term Debt": {"2020-12-31": "", "2019-12-31": "", "2018-12-31": "", "2017-12-31": "", "2016-12-31": "", "2015-12-31": "", "2014-12-31": "", "2013-12-31": "", "2012-12-31": "", "2011-12-31": "", "2010-12-31": "", "2009-12-31": "", "2008-12-31": "", "2007-12-31": "", "2006-12-31": "", "2005-12-31": ""}, "Other Non-Current Liabilities": {"2020-12-31": "", "2019-12-31": "418.30000", "2018-12-31": "338.60000", "2017-12-31": "333.60000", "2016-12-31": "112.60000", "2015-12-31": "95.90000", "2014-12-31": "78.80000", "2013-12-31": "68.00000", "2012-12-31": "77.50000", "2011-12-31": "96.90000", "2010-12-31": "79.20000", "2009-12-31": "69.60000", "2008-12-31": "42.07100", "2007-12-31": "18.67900", "2006-12-31": "0.59200", "2005-12-31": "1.00900"}, "Total Long Term Liabilities": {"2020-12-31": "", "2019-12-31": "418.30000", "2018-12-31": "338.60000", "2017-12-31": "333.60000", "2016-12-31": "112.60000", "2015-12-31": "95.90000", "2014-12-31": "78.80000", "2013-12-31": "68.00000", "2012-12-31": "77.50000", "2011-12-31": "96.90000", "2010-12-31": "79.20000", "2009-12-31": "69.60000", "2008-12-31": "43.34200", "2007-12-31": "19.55400", "2006-12-31": "1.41800", "2005-12-31": "1.00900"}, "Total Liabilities": {"2020-12-31": "1409.80000", "2019-12-31": "1448.50000", "2018-12-31": "1159.20000", "2017-12-31": "996.40000", "2016-12-31": "709.10000", "2015-12-31": "587.80000", "2014-12-31": "580.00000", "2013-12-31": "448.90000", "2012-12-31": "479.10000", "2011-12-31": "417.50000", "2010-12-31": "353.00000", "2009-12-31": "272.40000", "2008-12-31": "207.85800", "2007-12-31": "151.32400", "2006-12-31": "82.08500", "2005-12-31": "58.99600"}, "Common Stock Net": {"2020-12-31": "", "2019-12-31": "0.10000", "2018-12-31": "0.10000", "2017-12-31": "0.10000", "2016-12-31": "", "2015-12-31": "", "2014-12-31": "", "2013-12-31": "", "2012-12-31": "", "2011-12-31": "", "2010-12-31": "", "2009-12-31": "", "2008-12-31": "0.03900", "2007-12-31": "0.03800", "2006-12-31": "0.03700", "2005-12-31": "0.03600"}, "Retained Earnings (Accumulated Deficit)": {"2020-12-31": "", "2019-12-31": "2494.50000", "2018-12-31": "1521.70000", "2017-12-31": "115.00000", "2016-12-31": "1574.90000", "2015-12-31": "899.20000", "2014-12-31": "487.70000", "2013-12-31": "979.40000", "2012-12-31": "1333.40000", "2011-12-31": "901.90000", "2010-12-31": "718.90000", "2009-12-31": "511.70000", "2008-12-31": "397.82400", "2007-12-31": "193.50900", "2006-12-31": "51.02000", "2005-12-31": "-20.98900"}, "Comprehensive Income": {"2020-12-31": "", "2019-12-31": "12.40000", "2018-12-31": "-13.30000", "2017-12-31": "-15.50000", "2016-12-31": "-8.90000", "2015-12-31": "-9.50000", "2014-12-31": "-5.10000", "2013-12-31": "2.10000", "2012-12-31": "6.60000", "2011-12-31": "0.90000", "2010-12-31": "1.60000", "2009-12-31": "1.30000", "2008-12-31": "-2.94300", "2007-12-31": "0.53000", "2006-12-31": "0.70500", "2005-12-31": "-1.47700"}, "Other Share Holders Equity": {"2020-12-31": "", "2019-12-31": "", "2018-12-31": "", "2017-12-31": "", "2016-12-31": "", "2015-12-31": "", "2014-12-31": "", "2013-12-31": "", "2012-12-31": "", "2011-12-31": "", "2010-12-31": "", "2009-12-31": "", "2008-12-31": "", "2007-12-31": "", "2006-12-31": "", "2005-12-31": ""}, "Share Holder Equity": {"2020-12-31": "9759.10000", "2019-12-31": "8284.70000", "2018-12-31": "6687.50000", "2017-12-31": "4780.40000", "2016-12-31": "5777.80000", "2015-12-31": "4319.50000", "2014-12-31": "3379.40000", "2013-12-31": "3501.40000", "2012-12-31": "3580.10000", "2011-12-31": "2645.60000", "2010-12-31": "2037.40000", "2009-12-31": "1537.30000", "2008-12-31": "1266.76600", "2007-12-31": "888.67400", "2006-12-31": "589.70500", "2005-12-31": "442.59100"}, "Total Liabilities And Share Holders Equity": {"2020-12-31": "11168.90000", "2019-12-31": "9733.20000", "2018-12-31": "7846.70000", "2017-12-31": "5776.80000", "2016-12-31": "6486.90000", "2015-12-31": "4907.30000", "2014-12-31": "3959.40000", "2013-12-31": "3950.30000", "2012-12-31": "4059.20000", "2011-12-31": "3063.10000", "2010-12-31": "2390.40000", "2009-12-31": "1809.70000", "2008-12-31": "1474.62400", "2007-12-31": "1039.99800", "2006-12-31": "671.79000", "2005-12-31": "501.58700"}}, "balance sheet, quarterly": {"Cash On Hand": {"2020-12-31": "6869.10000", "2020-09-30": "4718.20000", "2020-06-30": "4488.30000", "2020-03-31": "3253.40000", "2019-12-31": "3221.70000", "2019-09-30": "2897.60000", "2019-06-30": "2718.40000", "2019-03-31": "2808.70000", "2018-12-31": "3063.10000", "2018-09-30": "3135.90000", "2018-06-30": "2932.50000", "2018-03-31": "2517.30000", "2017-12-31": "1960.60000", "2017-09-30": "2146.80000", "2017-06-30": "1823.40000", "2017-03-31": "1464.80000", "2016-12-31": "2554.60000", "2016-09-30": "2215.30000", "2016-06-30": "2183.80000", "2016-03-31": "1808.40000", "2015-12-31": "1559.80000", "2015-09-30": "1739.70000", "2015-06-30": "1561.50000", "2015-03-31": "1362.20000", "2014-12-31": "1232.50000", "2014-09-30": "1014.30000", "2014-06-30": "978.60000", "2014-03-31": "1559.30000", "2013-12-31": "1403.50000", "2013-09-30": "1212.90000", "2013-06-30": "1290.20000", "2013-03-31": "1358.20000", "2012-12-31": "1324.40000", "2012-09-30": "1141.40000", "2012-06-30": "1212.50000", "2012-03-31": "971.30000", "2011-12-31": "1029.20000", "2011-09-30": "910.60000", "2011-06-30": "993.90000", "2011-03-31": "1089.80000", "2010-12-31": "910.40000", "2010-09-30": "980.90000", "2010-06-30": "967.90000", "2010-03-31": "743.40000", "2009-12-31": "555.40000", "2009-09-30": "512.79700", "2009-06-30": "380.66200", "2009-03-31": "340.01600", "2008-12-31": "451.36900", "2008-09-30": "408.22200", "2008-06-30": "339.63700", "2008-03-31": "386.96800", "2007-12-31": "427.46700", "2007-09-30": "368.95800", "2007-06-30": "305.88600", "2007-03-31": "274.69900", "2006-12-31": "239.74300", "2006-09-30": "201.80800", "2006-06-30": "160.51800", "2006-03-31": "165.44700", "2005-12-31": "129.18700", "2005-09-30": "189.73900", "2005-06-30": "158.86100", "2005-03-31": "149.77100"}, "Receivables": {"2020-12-31": "645.50000", "2020-09-30": "588.60000", "2020-06-30": "508.80000", "2020-03-31": "527.60000", "2019-12-31": "645.20000", "2019-09-30": "639.00000", "2019-06-30": "633.40000", "2019-03-31": "547.60000", "2018-12-31": "682.30000", "2018-09-30": "580.40000", "2018-06-30": "532.50000", "2018-03-31": "474.90000", "2017-12-31": "507.90000", "2017-09-30": "468.00000", "2017-06-30": "481.10000", "2017-03-31": "412.90000", "2016-12-31": "430.20000", "2016-09-30": "432.00000", "2016-06-30": "403.80000", "2016-03-31": "325.90000", "2015-12-31": "394.30000", "2015-09-30": "334.70000", "2015-06-30": "321.50000", "2015-03-31": "292.40000", "2014-12-31": "315.10000", "2014-09-30": "259.10000", "2014-06-30": "271.10000", "2014-03-31": "239.10000", "2013-12-31": "301.40000", "2013-09-30": "280.60000", "2013-06-30": "358.60000", "2013-03-31": "345.10000", "2012-12-31": "370.30000", "2012-09-30": "336.20000", "2012-06-30": "323.20000", "2012-03-31": "299.70000", "2011-12-31": "297.90000", "2011-09-30": "265.10000", "2011-06-30": "250.30000", "2011-03-31": "259.90000", "2010-12-31": "246.80000", "2010-09-30": "207.90000", "2010-06-30": "194.70000", "2010-03-31": "180.20000", "2009-12-31": "205.40000", "2009-09-30": "186.53000", "2009-06-30": "175.21600", "2009-03-31": "139.34100", "2008-12-31": "170.10700", "2008-09-30": "173.70800", "2008-06-30": "162.08800", "2008-03-31": "135.69000", "2007-12-31": "130.37000", "2007-09-30": "120.45600", "2007-06-30": "105.64900", "2007-03-31": "90.48200", "2006-12-31": "94.68000", "2006-09-30": "71.67900", "2006-06-30": "70.53000", "2006-03-31": "56.97500", "2005-12-31": "52.84900", "2005-09-30": "43.75600", "2005-06-30": "39.64600", "2005-03-31": "31.40700"}, "Inventory": {"2020-12-31": "601.50000", "2020-09-30": "662.90000", "2020-06-30": "645.50000", "2020-03-31": "620.30000", "2019-12-31": "595.50000", "2019-09-30": "579.60000", "2019-06-30": "512.80000", "2019-03-31": "468.30000", "2018-12-31": "409.00000", "2018-09-30": "370.10000", "2018-06-30": "331.50000", "2018-03-31": "283.60000", "2017-12-31": "241.20000", "2017-09-30": "225.20000", "2017-06-30": "214.20000", "2017-03-31": "213.50000", "2016-12-31": "182.30000", "2016-09-30": "183.50000", "2016-06-30": "169.20000", "2016-03-31": "163.00000", "2015-12-31": "167.90000", "2015-09-30": "194.00000", "2015-06-30": "201.30000", "2015-03-31": "202.40000", "2014-12-31": "181.70000", "2014-09-30": "198.90000", "2014-06-30": "202.40000", "2014-03-31": "185.50000", "2013-12-31": "179.60000", "2013-09-30": "200.10000", "2013-06-30": "169.30000", "2013-03-31": "135.50000", "2012-12-31": "121.50000", "2012-09-30": "125.80000", "2012-06-30": "119.40000", "2012-03-31": "118.80000", "2011-12-31": "112.10000", "2011-09-30": "108.60000", "2011-06-30": "100.10000", "2011-03-31": "93.30000", "2010-12-31": "86.80000", "2010-09-30": "85.00000", "2010-06-30": "74.00000", "2010-03-31": "68.50000", "2009-12-31": "57.60000", "2009-09-30": "56.64600", "2009-06-30": "59.24700", "2009-03-31": "64.38300", "2008-12-31": "63.46000", "2008-09-30": "52.49800", "2008-06-30": "42.59400", "2008-03-31": "38.83200", "2007-12-31": "32.41600", "2007-09-30": "26.77300", "2007-06-30": "24.04000", "2007-03-31": "26.26100", "2006-12-31": "24.29500", "2006-09-30": "22.33000", "2006-06-30": "24.63800", "2006-03-31": "20.36800", "2005-12-31": "15.17000", "2005-09-30": "12.22000", "2005-06-30": "8.83600", "2005-03-31": "7.56600"}, "Pre-Paid Expenses": {"2020-12-31": "", "2020-09-30": "330.60000", "2020-06-30": "256.40000", "2020-03-31": "290.20000", "2019-12-31": "200.20000", "2019-09-30": "200.80000", "2019-06-30": "207.00000", "2019-03-31": "200.40000", "2018-12-31": "178.80000", "2018-09-30": "166.20000", "2018-06-30": "189.60000", "2018-03-31": "105.90000", "2017-12-31": "99.20000", "2017-09-30": "88.90000", "2017-06-30": "123.50000", "2017-03-31": "76.50000", "2016-12-31": "83.30000", "2016-09-30": "80.60000", "2016-06-30": "70.60000", "2016-03-31": "109.10000", "2015-12-31": "73.50000", "2015-09-30": "102.70000", "2015-06-30": "53.00000", "2015-03-31": "73.90000", "2014-12-31": "82.60000", "2014-09-30": "86.20000", "2014-06-30": "42.40000", "2014-03-31": "58.80000", "2013-12-31": "38.30000", "2013-09-30": "30.00000", "2013-06-30": "33.40000", "2013-03-31": "46.50000", "2012-12-31": "67.30000", "2012-09-30": "42.60000", "2012-06-30": "40.80000", "2012-03-31": "39.90000", "2011-12-31": "20.90000", "2011-09-30": "22.80000", "2011-06-30": "17.00000", "2011-03-31": "32.20000", "2010-12-31": "23.30000", "2010-09-30": "20.30000", "2010-06-30": "20.30000", "2010-03-31": "20.10000", "2009-12-31": "21.40000", "2009-09-30": "16.21100", "2009-06-30": "13.63400", "2009-03-31": "11.12100", "2008-12-31": "9.49600", "2008-09-30": "11.28500", "2008-06-30": "9.36900", "2008-03-31": "14.67000", "2007-12-31": "13.48600", "2007-09-30": "13.91800", "2007-06-30": "11.32800", "2007-03-31": "7.42500", "2006-12-31": "6.32800", "2006-09-30": "8.55400", "2006-06-30": "8.22400", "2006-03-31": "7.38700", "2005-12-31": "6.45000", "2005-09-30": "5.14600", "2005-06-30": "4.65200", "2005-03-31": "3.94500"}, "Other Current Assets": {"2020-12-31": "", "2020-09-30": "", "2020-06-30": "", "2020-03-31": "", "2019-12-31": "", "2019-09-30": "", "2019-06-30": "", "2019-03-31": "", "2018-12-31": "", "2018-09-30": "", "2018-06-30": "", "2018-03-31": "", "2017-12-31": "", "2017-09-30": "", "2017-06-30": "", "2017-03-31": "", "2016-12-31": "", "2016-09-30": "", "2016-06-30": "", "2016-03-31": "", "2015-12-31": "", "2015-09-30": "", "2015-06-30": "", "2015-03-31": "", "2014-12-31": "", "2014-09-30": "", "2014-06-30": "", "2014-03-31": "", "2013-12-31": "", "2013-09-30": "", "2013-06-30": "", "2013-03-31": "", "2012-12-31": "", "2012-09-30": "", "2012-06-30": "", "2012-03-31": "", "2011-12-31": "", "2011-09-30": "", "2011-06-30": "", "2011-03-31": "", "2010-12-31": "", "2010-09-30": "", "2010-06-30": "", "2010-03-31": "", "2009-12-31": "", "2009-09-30": "", "2009-06-30": "", "2009-03-31": "", "2008-12-31": "", "2008-09-30": "", "2008-06-30": "", "2008-03-31": "", "2007-12-31": "", "2007-09-30": "", "2007-06-30": "", "2007-03-31": "", "2006-12-31": "", "2006-09-30": "", "2006-06-30": "", "2006-03-31": "", "2005-12-31": "", "2005-09-30": "", "2005-06-30": "", "2005-03-31": ""}, "Total Current Assets": {"2020-12-31": "8116.10000", "2020-09-30": "6300.30000", "2020-06-30": "5899.00000", "2020-03-31": "4691.50000", "2019-12-31": "4662.60000", "2019-09-30": "4317.00000", "2019-06-30": "4071.60000", "2019-03-31": "4025.00000", "2018-12-31": "4333.20000", "2018-09-30": "4252.60000", "2018-06-30": "3986.10000", "2018-03-31": "3381.70000", "2017-12-31": "2808.90000", "2017-09-30": "2928.90000", "2017-06-30": "2642.20000", "2017-03-31": "2167.70000", "2016-12-31": "3250.40000", "2016-09-30": "2911.40000", "2016-06-30": "2827.40000", "2016-03-31": "2406.40000", "2015-12-31": "2195.50000", "2015-09-30": "2398.80000", "2015-06-30": "2163.20000", "2015-03-31": "1959.30000", "2014-12-31": "1811.90000", "2014-09-30": "1591.90000", "2014-06-30": "1533.40000", "2014-03-31": "2077.60000", "2013-12-31": "1932.40000", "2013-09-30": "1733.50000", "2013-06-30": "1861.00000", "2013-03-31": "1894.70000", "2012-12-31": "1892.80000", "2012-09-30": "1653.10000", "2012-06-30": "1703.30000", "2012-03-31": "1436.10000", "2011-12-31": "1466.30000", "2011-09-30": "1311.90000", "2011-06-30": "1365.30000", "2011-03-31": "1483.60000", "2010-12-31": "1275.80000", "2010-09-30": "1301.50000", "2010-06-30": "1264.10000", "2010-03-31": "1019.50000", "2009-12-31": "847.10000", "2009-09-30": "781.22500", "2009-06-30": "638.05800", "2009-03-31": "564.50400", "2008-12-31": "703.89000", "2008-09-30": "651.56400", "2008-06-30": "559.54000", "2008-03-31": "582.01200", "2007-12-31": "609.59100", "2007-09-30": "538.70200", "2007-06-30": "455.50000", "2007-03-31": "407.37800", "2006-12-31": "374.45100", "2006-09-30": "319.25400", "2006-06-30": "276.20200", "2006-03-31": "267.36500", "2005-12-31": "208.65500", "2005-09-30": "250.86100", "2005-06-30": "211.99500", "2005-03-31": "192.68900"}, "Property, Plant, And Equipment": {"2020-12-31": "1577.30000", "2020-09-30": "1509.70000", "2020-06-30": "1450.30000", "2020-03-31": "1369.20000", "2019-12-31": "1272.90000", "2019-09-30": "1136.80000", "2019-06-30": "1032.40000", "2019-03-31": "935.40000", "2018-12-31": "812.00000", "2018-09-30": "746.40000", "2018-06-30": "688.80000", "2018-03-31": "661.90000", "2017-12-31": "613.10000", "2017-09-30": "584.80000", "2017-06-30": "540.10000", "2017-03-31": "497.40000", "2016-12-31": "458.40000", "2016-09-30": "447.30000", "2016-06-30": "440.10000", "2016-03-31": "439.00000", "2015-12-31": "432.10000", "2015-09-30": "427.30000", "2015-06-30": "408.60000", "2015-03-31": "404.70000", "2014-12-31": "387.40000", "2014-09-30": "335.40000", "2014-06-30": "326.70000", "2014-03-31": "320.80000", "2013-12-31": "309.90000", "2013-09-30": "294.20000", "2013-06-30": "267.60000", "2013-03-31": "249.90000", "2012-12-31": "241.80000", "2012-09-30": "223.40000", "2012-06-30": "216.10000", "2012-03-31": "210.10000", "2011-12-31": "197.20000", "2011-09-30": "196.00000", "2011-06-30": "194.20000", "2011-03-31": "162.60000", "2010-12-31": "159.80000", "2010-09-30": "156.60000", "2010-06-30": "144.40000", "2010-03-31": "132.90000", "2009-12-31": "125.70000", "2009-09-30": "122.86500", "2009-06-30": "122.58400", "2009-03-31": "122.57100", "2008-12-31": "117.02100", "2008-09-30": "98.08100", "2008-06-30": "94.56800", "2008-03-31": "71.90500", "2007-12-31": "68.09300", "2007-09-30": "64.15300", "2007-06-30": "62.04000", "2007-03-31": "60.27800", "2006-12-31": "59.93900", "2006-09-30": "58.73900", "2006-06-30": "58.84100", "2006-03-31": "53.86100", "2005-12-31": "52.22500", "2005-09-30": "29.45100", "2005-06-30": "29.29100", "2005-03-31": "26.85700"}, "Long-Term Investments": {"2020-12-31": "", "2020-09-30": "1643.20000", "2020-06-30": "1586.50000", "2020-03-31": "2642.70000", "2019-12-31": "2623.50000", "2019-09-30": "2533.00000", "2019-06-30": "2429.80000", "2019-03-31": "2255.90000", "2018-12-31": "1771.30000", "2018-09-30": "1434.60000", "2018-06-30": "1327.10000", "2018-03-31": "1550.90000", "2017-12-31": "1885.90000", "2017-09-30": "1655.20000", "2017-06-30": "1599.90000", "2017-03-31": "1682.00000", "2016-12-31": "2283.30000", "2016-09-30": "2346.00000", "2016-06-30": "2041.10000", "2016-03-31": "1992.70000", "2015-12-31": "1788.00000", "2015-09-30": "1385.50000", "2015-06-30": "1307.10000", "2015-03-31": "1304.80000", "2014-12-31": "1264.50000", "2014-09-30": "1248.40000", "2014-06-30": "1064.80000", "2014-03-31": "1404.30000", "2013-12-31": "1350.40000", "2013-09-30": "1319.40000", "2013-06-30": "1737.00000", "2013-03-31": "1757.80000", "2012-12-31": "1596.10000", "2012-09-30": "1559.70000", "2012-06-30": "1418.70000", "2012-03-31": "1399.70000", "2011-12-31": "1142.60000", "2011-09-30": "976.70000", "2011-06-30": "828.10000", "2011-03-31": "667.20000", "2010-12-31": "698.50000", "2010-09-30": "639.70000", "2010-06-30": "620.30000", "2010-03-31": "652.10000", "2009-12-31": "616.60000", "2009-09-30": "511.18700", "2009-06-30": "521.39900", "2009-03-31": "481.66700", "2008-12-31": "450.50400", "2008-09-30": "413.20900", "2008-06-30": "400.14500", "2008-03-31": "312.68600", "2007-12-31": "207.91400", "2007-09-30": "164.53100", "2007-06-30": "141.62600", "2007-03-31": "110.12700", "2006-12-31": "90.55300", "2006-09-30": "90.48900", "2006-06-30": "83.25700", "2006-03-31": "56.04400", "2005-12-31": "73.55200", "2005-09-30": "", "2005-06-30": "", "2005-03-31": ""}, "Goodwill And Intangible Assets": {"2020-12-31": "336.70000", "2020-09-30": "804.00000", "2020-06-30": "802.30000", "2020-03-31": "823.00000", "2019-12-31": "748.60000", "2019-09-30": "720.40000", "2019-06-30": "628.70000", "2019-03-31": "626.20000", "2018-12-31": "501.60000", "2018-09-30": "473.50000", "2018-06-30": "432.20000", "2018-03-31": "404.90000", "2017-12-31": "396.90000", "2017-09-30": "355.90000", "2017-06-30": "353.50000", "2017-03-31": "341.30000", "2016-12-31": "201.10000", "2016-09-30": "336.90000", "2016-06-30": "345.40000", "2016-03-31": "332.60000", "2015-12-31": "323.90000", "2015-09-30": "331.10000", "2015-06-30": "326.70000", "2015-03-31": "318.30000", "2014-12-31": "324.30000", "2014-09-30": "332.60000", "2014-06-30": "336.00000", "2014-03-31": "259.90000", "2013-12-31": "231.50000", "2013-09-30": "228.70000", "2013-06-30": "229.50000", "2013-03-31": "237.80000", "2012-12-31": "241.50000", "2012-09-30": "207.90000", "2012-06-30": "213.40000", "2012-03-31": "219.50000", "2011-12-31": "187.90000", "2011-09-30": "192.30000", "2011-06-30": "185.00000", "2011-03-31": "189.40000", "2010-12-31": "183.00000", "2010-09-30": "187.50000", "2010-06-30": "160.50000", "2010-03-31": "163.10000", "2009-12-31": "166.90000", "2009-09-30": "170.85100", "2009-06-30": "174.73200", "2009-03-31": "178.81600", "2008-12-31": "166.96400", "2008-09-30": "168.32200", "2008-06-30": "150.14200", "2008-03-31": "132.72500", "2007-12-31": "134.21400", "2007-09-30": "116.69500", "2007-06-30": "123.16200", "2007-03-31": "123.59100", "2006-12-31": "124.05400", "2006-09-30": "128.69600", "2006-06-30": "130.70700", "2006-03-31": "130.37500", "2005-12-31": "129.99100", "2005-09-30": "146.57100", "2005-06-30": "147.69500", "2005-03-31": "149.08700"}, "Other Long-Term Assets": {"2020-12-31": "771.10000", "2020-09-30": "", "2020-06-30": "", "2020-03-31": "", "2019-12-31": "", "2019-09-30": "", "2019-06-30": "", "2019-03-31": "", "2018-12-31": "", "2018-09-30": "", "2018-06-30": "", "2018-03-31": "", "2017-12-31": "", "2017-09-30": "", "2017-06-30": "", "2017-03-31": "", "2016-12-31": "142.80000", "2016-09-30": "", "2016-06-30": "", "2016-03-31": "", "2015-12-31": "", "2015-09-30": "", "2015-06-30": "", "2015-03-31": "", "2014-12-31": "", "2014-09-30": "", "2014-06-30": "", "2014-03-31": "", "2013-12-31": "", "2013-09-30": "", "2013-06-30": "", "2013-03-31": "", "2012-12-31": "", "2012-09-30": "", "2012-06-30": "", "2012-03-31": "", "2011-12-31": "", "2011-09-30": "", "2011-06-30": "", "2011-03-31": "", "2010-12-31": "", "2010-09-30": "1.30000", "2010-06-30": "0.60000", "2010-03-31": "0.60000", "2009-12-31": "", "2009-09-30": "0.46700", "2009-06-30": "0.38500", "2009-03-31": "0.31500", "2008-12-31": "0.34600", "2008-09-30": "0.37300", "2008-06-30": "0.38500", "2008-03-31": "1.49900", "2007-12-31": "1.46100", "2007-09-30": "0.55200", "2007-06-30": "0.84900", "2007-03-31": "0.36800", "2006-12-31": "0.52100", "2006-09-30": "1.24300", "2006-06-30": "1.25900", "2006-03-31": "1.28600", "2005-12-31": "1.40500", "2005-09-30": "1.03200", "2005-06-30": "0.54100", "2005-03-31": "0.56700"}, "Total Long-Term Assets": {"2020-12-31": "3052.80000", "2020-09-30": "4317.20000", "2020-06-30": "4204.60000", "2020-03-31": "5199.60000", "2019-12-31": "5070.60000", "2019-09-30": "4814.30000", "2019-06-30": "4460.00000", "2019-03-31": "4209.90000", "2018-12-31": "3513.50000", "2018-09-30": "3066.00000", "2018-06-30": "2863.50000", "2018-03-31": "3044.50000", "2017-12-31": "2967.90000", "2017-09-30": "2715.70000", "2017-06-30": "2608.60000", "2017-03-31": "2640.30000", "2016-12-31": "3236.50000", "2016-09-30": "3263.30000", "2016-06-30": "2953.40000", "2016-03-31": "2899.90000", "2015-12-31": "2711.80000", "2015-09-30": "2283.50000", "2015-06-30": "2191.30000", "2015-03-31": "2166.90000", "2014-12-31": "2147.50000", "2014-09-30": "2059.60000", "2014-06-30": "1871.20000", "2014-03-31": "2116.60000", "2013-12-31": "2017.90000", "2013-09-30": "1963.90000", "2013-06-30": "2340.30000", "2013-03-31": "2341.10000", "2012-12-31": "2166.40000", "2012-09-30": "2079.10000", "2012-06-30": "1922.80000", "2012-03-31": "1896.80000", "2011-12-31": "1596.80000", "2011-09-30": "1434.10000", "2011-06-30": "1284.60000", "2011-03-31": "1084.70000", "2010-12-31": "1114.60000", "2010-09-30": "1050.30000", "2010-06-30": "978.99990", "2010-03-31": "997.10000", "2009-12-31": "962.60000", "2009-09-30": "856.58600", "2009-06-30": "863.22400", "2009-03-31": "821.54900", "2008-12-31": "770.73400", "2008-09-30": "713.10700", "2008-06-30": "671.84700", "2008-03-31": "541.27310", "2007-12-31": "430.40700", "2007-09-30": "373.54500", "2007-06-30": "353.19800", "2007-03-31": "316.79000", "2006-12-31": "297.33900", "2006-09-30": "294.73900", "2006-06-30": "289.63600", "2006-03-31": "257.13800", "2005-12-31": "292.93200", "2005-09-30": "177.05400", "2005-06-30": "177.52700", "2005-03-31": "176.51100"}, "Total Assets": {"2020-12-31": "11168.90000", "2020-09-30": "10617.50000", "2020-06-30": "10103.60000", "2020-03-31": "9891.10000", "2019-12-31": "9733.20000", "2019-09-30": "9131.30000", "2019-06-30": "8531.60000", "2019-03-31": "8234.90000", "2018-12-31": "7846.70000", "2018-09-30": "7318.60000", "2018-06-30": "6849.60000", "2018-03-31": "6426.20000", "2017-12-31": "5776.80000", "2017-09-30": "5644.60000", "2017-06-30": "5250.80000", "2017-03-31": "4808.00000", "2016-12-31": "6486.90000", "2016-09-30": "6174.70000", "2016-06-30": "5780.80000", "2016-03-31": "5306.30000", "2015-12-31": "4907.30000", "2015-09-30": "4682.30000", "2015-06-30": "4354.50000", "2015-03-31": "4126.20000", "2014-12-31": "3959.40000", "2014-09-30": "3651.50000", "2014-06-30": "3404.60000", "2014-03-31": "4194.20000", "2013-12-31": "3950.30000", "2013-09-30": "3697.40000", "2013-06-30": "4201.30000", "2013-03-31": "4235.80000", "2012-12-31": "4059.20000", "2012-09-30": "3732.20000", "2012-06-30": "3626.10000", "2012-03-31": "3332.90000", "2011-12-31": "3063.10000", "2011-09-30": "2746.00000", "2011-06-30": "2649.90000", "2011-03-31": "2568.30000", "2010-12-31": "2390.40000", "2010-09-30": "2351.80000", "2010-06-30": "2243.10000", "2010-03-31": "2016.60000", "2009-12-31": "1809.70000", "2009-09-30": "1637.81100", "2009-06-30": "1501.28200", "2009-03-31": "1386.05300", "2008-12-31": "1474.62400", "2008-09-30": "1364.67100", "2008-06-30": "1231.38700", "2008-03-31": "1123.28500", "2007-12-31": "1039.99800", "2007-09-30": "912.24700", "2007-06-30": "808.69800", "2007-03-31": "724.16800", "2006-12-31": "671.79000", "2006-09-30": "613.99300", "2006-06-30": "565.83800", "2006-03-31": "524.50300", "2005-12-31": "501.58700", "2005-09-30": "427.91500", "2005-06-30": "389.52200", "2005-03-31": "369.20000"}, "Total Current Liabilities": {"2020-12-31": "1409.80000", "2020-09-30": "894.70000", "2020-06-30": "924.80000", "2020-03-31": "945.90000", "2019-12-31": "1030.20000", "2019-09-30": "930.90000", "2019-06-30": "807.50000", "2019-03-31": "740.20000", "2018-12-31": "820.60000", "2018-09-30": "703.30000", "2018-06-30": "666.40000", "2018-03-31": "581.20000", "2017-12-31": "662.80000", "2017-09-30": "615.70000", "2017-06-30": "599.80000", "2017-03-31": "558.20000", "2016-12-31": "596.50000", "2016-09-30": "528.10000", "2016-06-30": "489.50000", "2016-03-31": "452.90000", "2015-12-31": "491.90000", "2015-09-30": "478.60000", "2015-06-30": "474.40000", "2015-03-31": "456.90000", "2014-12-31": "501.20000", "2014-09-30": "480.50000", "2014-06-30": "495.90000", "2014-03-31": "459.50000", "2013-12-31": "380.90000", "2013-09-30": "367.30000", "2013-06-30": "390.90000", "2013-03-31": "377.60000", "2012-12-31": "401.60000", "2012-09-30": "364.90000", "2012-06-30": "346.80000", "2012-03-31": "313.60000", "2011-12-31": "320.60000", "2011-09-30": "284.10000", "2011-06-30": "274.00000", "2011-03-31": "252.30000", "2010-12-31": "273.80000", "2010-09-30": "267.30000", "2010-06-30": "243.30000", "2010-03-31": "173.80000", "2009-12-31": "202.80000", "2009-09-30": "185.59900", "2009-06-30": "179.00000", "2009-03-31": "162.97700", "2008-12-31": "164.51600", "2008-09-30": "146.84200", "2008-06-30": "129.41700", "2008-03-31": "119.26400", "2007-12-31": "131.77000", "2007-09-30": "103.66400", "2007-06-30": "91.43900", "2007-03-31": "77.05700", "2006-12-31": "80.66700", "2006-09-30": "68.97900", "2006-06-30": "61.66500", "2006-03-31": "55.04300", "2005-12-31": "57.98700", "2005-09-30": "46.21300", "2005-06-30": "40.83300", "2005-03-31": "38.24100"}, "Long Term Debt": {"2020-12-31": "", "2020-09-30": "", "2020-06-30": "", "2020-03-31": "", "2019-12-31": "", "2019-09-30": "", "2019-06-30": "", "2019-03-31": "", "2018-12-31": "", "2018-09-30": "", "2018-06-30": "", "2018-03-31": "", "2017-12-31": "", "2017-09-30": "", "2017-06-30": "", "2017-03-31": "", "2016-12-31": "", "2016-09-30": "", "2016-06-30": "", "2016-03-31": "", "2015-12-31": "", "2015-09-30": "", "2015-06-30": "", "2015-03-31": "", "2014-12-31": "", "2014-09-30": "", "2014-06-30": "", "2014-03-31": "", "2013-12-31": "", "2013-09-30": "", "2013-06-30": "", "2013-03-31": "", "2012-12-31": "", "2012-09-30": "", "2012-06-30": "", "2012-03-31": "", "2011-12-31": "", "2011-09-30": "", "2011-06-30": "", "2011-03-31": "", "2010-12-31": "", "2010-09-30": "", "2010-06-30": "", "2010-03-31": "", "2009-12-31": "", "2009-09-30": "", "2009-06-30": "", "2009-03-31": "", "2008-12-31": "", "2008-09-30": "", "2008-06-30": "", "2008-03-31": "", "2007-12-31": "", "2007-09-30": "", "2007-06-30": "", "2007-03-31": "", "2006-12-31": "", "2006-09-30": "", "2006-06-30": "", "2006-03-31": "", "2005-12-31": "", "2005-09-30": "", "2005-06-30": "", "2005-03-31": ""}, "Other Non-Current Liabilities": {"2020-12-31": "", "2020-09-30": "436.10000", "2020-06-30": "412.40000", "2020-03-31": "414.70000", "2019-12-31": "418.30000", "2019-09-30": "423.30000", "2019-06-30": "444.50000", "2019-03-31": "454.30000", "2018-12-31": "338.60000", "2018-09-30": "326.80000", "2018-06-30": "314.00000", "2018-03-31": "338.60000", "2017-12-31": "333.60000", "2017-09-30": "69.00000", "2017-06-30": "128.70000", "2017-03-31": "122.30000", "2016-12-31": "112.60000", "2016-09-30": "104.80000", "2016-06-30": "109.80000", "2016-03-31": "103.00000", "2015-12-31": "95.90000", "2015-09-30": "88.50000", "2015-06-30": "87.40000", "2015-03-31": "83.90000", "2014-12-31": "78.80000", "2014-09-30": "86.80000", "2014-06-30": "86.30000", "2014-03-31": "78.10000", "2013-12-31": "68.00000", "2013-09-30": "65.80000", "2013-06-30": "91.60000", "2013-03-31": "86.00000", "2012-12-31": "77.50000", "2012-09-30": "73.80000", "2012-06-30": "96.90000", "2012-03-31": "92.00000", "2011-12-31": "96.90000", "2011-09-30": "92.90000", "2011-06-30": "87.40000", "2011-03-31": "85.10000", "2010-12-31": "79.20000", "2010-09-30": "76.20000", "2010-06-30": "75.40000", "2010-03-31": "72.80000", "2009-12-31": "69.60000", "2009-09-30": "61.95000", "2009-06-30": "51.09800", "2009-03-31": "47.95600", "2008-12-31": "42.07100", "2008-09-30": "33.06500", "2008-06-30": "26.84400", "2008-03-31": "21.32700", "2007-12-31": "18.67900", "2007-09-30": "8.43200", "2007-06-30": "5.91000", "2007-03-31": "3.87500", "2006-12-31": "0.59200", "2006-09-30": "0.77400", "2006-06-30": "0.60000", "2006-03-31": "0.62600", "2005-12-31": "1.00900", "2005-09-30": "0.82200", "2005-06-30": "0.34200", "2005-03-31": "0.34200"}, "Total Long Term Liabilities": {"2020-12-31": "", "2020-09-30": "436.10000", "2020-06-30": "412.40000", "2020-03-31": "414.70000", "2019-12-31": "418.30000", "2019-09-30": "423.30000", "2019-06-30": "444.50000", "2019-03-31": "454.30000", "2018-12-31": "338.60000", "2018-09-30": "326.80000", "2018-06-30": "314.00000", "2018-03-31": "338.60000", "2017-12-31": "333.60000", "2017-09-30": "69.00000", "2017-06-30": "128.70000", "2017-03-31": "122.30000", "2016-12-31": "112.60000", "2016-09-30": "104.80000", "2016-06-30": "109.80000", "2016-03-31": "103.00000", "2015-12-31": "95.90000", "2015-09-30": "88.50000", "2015-06-30": "87.40000", "2015-03-31": "83.90000", "2014-12-31": "78.80000", "2014-09-30": "86.80000", "2014-06-30": "86.30000", "2014-03-31": "78.10000", "2013-12-31": "68.00000", "2013-09-30": "65.80000", "2013-06-30": "91.60000", "2013-03-31": "86.00000", "2012-12-31": "77.50000", "2012-09-30": "73.80000", "2012-06-30": "96.90000", "2012-03-31": "92.00000", "2011-12-31": "96.90000", "2011-09-30": "92.90000", "2011-06-30": "87.40000", "2011-03-31": "85.10000", "2010-12-31": "79.20000", "2010-09-30": "76.20000", "2010-06-30": "75.40000", "2010-03-31": "72.80000", "2009-12-31": "69.60000", "2009-09-30": "61.95000", "2009-06-30": "51.09800", "2009-03-31": "47.95600", "2008-12-31": "43.34200", "2008-09-30": "34.40100", "2008-06-30": "27.98300", "2008-03-31": "22.21000", "2007-12-31": "19.55400", "2007-09-30": "8.43200", "2007-06-30": "5.91000", "2007-03-31": "3.87500", "2006-12-31": "1.41800", "2006-09-30": "1.36800", "2006-06-30": "1.10300", "2006-03-31": "0.76900", "2005-12-31": "1.00900", "2005-09-30": "1.08400", "2005-06-30": "0.67900", "2005-03-31": "0.76200"}, "Total Liabilities": {"2020-12-31": "1409.80000", "2020-09-30": "1330.80000", "2020-06-30": "1337.20000", "2020-03-31": "1360.60000", "2019-12-31": "1448.50000", "2019-09-30": "1354.20000", "2019-06-30": "1252.00000", "2019-03-31": "1194.50000", "2018-12-31": "1159.20000", "2018-09-30": "1030.10000", "2018-06-30": "980.40000", "2018-03-31": "919.80000", "2017-12-31": "996.40000", "2017-09-30": "684.70000", "2017-06-30": "728.50000", "2017-03-31": "680.50000", "2016-12-31": "709.10000", "2016-09-30": "632.90000", "2016-06-30": "599.30000", "2016-03-31": "555.90000", "2015-12-31": "587.80000", "2015-09-30": "567.10000", "2015-06-30": "561.80000", "2015-03-31": "540.80000", "2014-12-31": "580.00000", "2014-09-30": "567.30000", "2014-06-30": "582.20000", "2014-03-31": "537.60000", "2013-12-31": "448.90000", "2013-09-30": "433.10000", "2013-06-30": "482.50000", "2013-03-31": "463.60000", "2012-12-31": "479.10000", "2012-09-30": "438.70000", "2012-06-30": "443.70000", "2012-03-31": "405.60000", "2011-12-31": "417.50000", "2011-09-30": "377.00000", "2011-06-30": "361.40000", "2011-03-31": "337.40000", "2010-12-31": "353.00000", "2010-09-30": "343.50000", "2010-06-30": "318.70000", "2010-03-31": "246.60000", "2009-12-31": "272.40000", "2009-09-30": "247.54900", "2009-06-30": "230.09800", "2009-03-31": "210.93300", "2008-12-31": "207.85800", "2008-09-30": "181.24300", "2008-06-30": "157.40000", "2008-03-31": "141.47400", "2007-12-31": "151.32400", "2007-09-30": "112.09600", "2007-06-30": "97.34900", "2007-03-31": "80.93200", "2006-12-31": "82.08500", "2006-09-30": "70.34700", "2006-06-30": "62.76800", "2006-03-31": "55.81200", "2005-12-31": "58.99600", "2005-09-30": "47.29700", "2005-06-30": "41.51200", "2005-03-31": "39.00300"}, "Common Stock Net": {"2020-12-31": "", "2020-09-30": "0.10000", "2020-06-30": "0.10000", "2020-03-31": "0.10000", "2019-12-31": "0.10000", "2019-09-30": "0.10000", "2019-06-30": "0.10000", "2019-03-31": "0.10000", "2018-12-31": "0.10000", "2018-09-30": "0.10000", "2018-06-30": "0.10000", "2018-03-31": "0.10000", "2017-12-31": "0.10000", "2017-09-30": "0.10000", "2017-06-30": "", "2017-03-31": "", "2016-12-31": "", "2016-09-30": "", "2016-06-30": "", "2016-03-31": "", "2015-12-31": "", "2015-09-30": "", "2015-06-30": "", "2015-03-31": "", "2014-12-31": "", "2014-09-30": "", "2014-06-30": "", "2014-03-31": "", "2013-12-31": "", "2013-09-30": "", "2013-06-30": "", "2013-03-31": "", "2012-12-31": "", "2012-09-30": "", "2012-06-30": "", "2012-03-31": "", "2011-12-31": "", "2011-09-30": "", "2011-06-30": "", "2011-03-31": "", "2010-12-31": "", "2010-09-30": "", "2010-06-30": "", "2010-03-31": "", "2009-12-31": "", "2009-09-30": "0.03800", "2009-06-30": "0.03800", "2009-03-31": "0.03800", "2008-12-31": "0.03900", "2008-09-30": "0.03900", "2008-06-30": "0.03900", "2008-03-31": "0.03900", "2007-12-31": "0.03800", "2007-09-30": "0.03800", "2007-06-30": "0.03800", "2007-03-31": "0.03700", "2006-12-31": "0.03700", "2006-09-30": "0.03700", "2006-06-30": "0.03700", "2006-03-31": "0.03700", "2005-12-31": "0.03600", "2005-09-30": "0.03500", "2005-06-30": "0.03500", "2005-03-31": "0.03500"}, "Retained Earnings (Accumulated Deficit)": {"2020-12-31": "", "2020-09-30": "2937.20000", "2020-06-30": "2633.00000", "2020-03-31": "2570.90000", "2019-12-31": "2494.50000", "2019-09-30": "2142.60000", "2019-06-30": "1819.00000", "2019-03-31": "1696.00000", "2018-12-31": "1521.70000", "2018-09-30": "1234.00000", "2018-06-30": "948.10000", "2018-03-31": "698.00000", "2017-12-31": "115.00000", "2017-09-30": "776.60000", "2017-06-30": "482.30000", "2017-03-31": "263.30000", "2016-12-31": "1574.90000", "2016-09-30": "1402.80000", "2016-06-30": "1193.00000", "2016-03-31": "1009.60000", "2015-12-31": "899.20000", "2015-09-30": "785.70000", "2015-06-30": "651.30000", "2015-03-31": "562.30000", "2014-12-31": "487.70000", "2014-09-30": "341.00000", "2014-06-30": "312.20000", "2014-03-31": "1023.70000", "2013-12-31": "979.40000", "2013-09-30": "813.20000", "2013-06-30": "1292.90000", "2013-03-31": "1385.60000", "2012-12-31": "1333.40000", "2012-09-30": "1208.80000", "2012-06-30": "1185.80000", "2012-03-31": "1045.40000", "2011-12-31": "901.90000", "2011-09-30": "750.70000", "2011-06-30": "798.50000", "2011-03-31": "812.00000", "2010-12-31": "718.90000", "2010-09-30": "720.10000", "2010-06-30": "685.70000", "2010-03-31": "597.00000", "2009-12-31": "511.70000", "2009-09-30": "434.16400", "2009-06-30": "369.64000", "2009-03-31": "307.25200", "2008-12-31": "397.82400", "2008-09-30": "347.06600", "2008-06-30": "289.47200", "2008-03-31": "238.29000", "2007-12-31": "193.50900", "2007-09-30": "144.35600", "2007-06-30": "103.43700", "2007-03-31": "72.77400", "2006-12-31": "51.02000", "2006-09-30": "27.37900", "2006-06-30": "10.11600", "2006-03-31": "-6.56600", "2005-12-31": "-20.98900", "2005-09-30": "-70.51500", "2005-06-30": "-91.23500", "2005-03-31": "-105.96400"}, "Comprehensive Income": {"2020-12-31": "", "2020-09-30": "16.20000", "2020-06-30": "22.30000", "2020-03-31": "8.90000", "2019-12-31": "12.40000", "2019-09-30": "17.80000", "2019-06-30": "16.10000", "2019-03-31": "-0.70000", "2018-12-31": "-13.30000", "2018-09-30": "-16.70000", "2018-06-30": "-16.40000", "2018-03-31": "-18.10000", "2017-12-31": "-15.50000", "2017-09-30": "-9.20000", "2017-06-30": "-9.80000", "2017-03-31": "-8.00000", "2016-12-31": "-8.90000", "2016-09-30": "4.00000", "2016-06-30": "9.30000", "2016-03-31": "1.30000", "2015-12-31": "-9.50000", "2015-09-30": "-2.70000", "2015-06-30": "-6.40000", "2015-03-31": "-1.20000", "2014-12-31": "-5.10000", "2014-09-30": "1.40000", "2014-06-30": "0.60000", "2014-03-31": "3.80000", "2013-12-31": "2.10000", "2013-09-30": "0.40000", "2013-06-30": "-2.10000", "2013-03-31": "8.10000", "2012-12-31": "6.60000", "2012-09-30": "5.80000", "2012-06-30": "3.60000", "2012-03-31": "1.50000", "2011-12-31": "0.90000", "2011-09-30": "1.50000", "2011-06-30": "2.60000", "2011-03-31": "-0.70000", "2010-12-31": "1.60000", "2010-09-30": "0.70000", "2010-06-30": "0.70000", "2010-03-31": "2.20000", "2009-12-31": "1.30000", "2009-09-30": "1.20500", "2009-06-30": "0.79400", "2009-03-31": "-0.97700", "2008-12-31": "-2.94300", "2008-09-30": "-10.89200", "2008-06-30": "-5.73900", "2008-03-31": "-0.75400", "2007-12-31": "0.53000", "2007-09-30": "0.20000", "2007-06-30": "1.22200", "2007-03-31": "1.49600", "2006-12-31": "0.70500", "2006-09-30": "-0.69100", "2006-06-30": "-1.65900", "2006-03-31": "-1.54700", "2005-12-31": "-1.47700", "2005-09-30": "-1.40900", "2005-06-30": "-0.85400", "2005-03-31": "-1.18900"}, "Other Share Holders Equity": {"2020-12-31": "", "2020-09-30": "", "2020-06-30": "", "2020-03-31": "", "2019-12-31": "", "2019-09-30": "", "2019-06-30": "", "2019-03-31": "", "2018-12-31": "", "2018-09-30": "", "2018-06-30": "", "2018-03-31": "", "2017-12-31": "", "2017-09-30": "", "2017-06-30": "", "2017-03-31": "", "2016-12-31": "", "2016-09-30": "", "2016-06-30": "", "2016-03-31": "", "2015-12-31": "", "2015-09-30": "", "2015-06-30": "", "2015-03-31": "", "2014-12-31": "", "2014-09-30": "", "2014-06-30": "", "2014-03-31": "", "2013-12-31": "", "2013-09-30": "", "2013-06-30": "", "2013-03-31": "", "2012-12-31": "", "2012-09-30": "", "2012-06-30": "", "2012-03-31": "", "2011-12-31": "", "2011-09-30": "", "2011-06-30": "", "2011-03-31": "", "2010-12-31": "", "2010-09-30": "", "2010-06-30": "", "2010-03-31": "", "2009-12-31": "", "2009-09-30": "", "2009-06-30": "", "2009-03-31": "", "2008-12-31": "", "2008-09-30": "", "2008-06-30": "", "2008-03-31": "", "2007-12-31": "", "2007-09-30": "", "2007-06-30": "", "2007-03-31": "", "2006-12-31": "", "2006-09-30": "", "2006-06-30": "", "2006-03-31": "", "2005-12-31": "", "2005-09-30": "", "2005-06-30": "", "2005-03-31": ""}, "Share Holder Equity": {"2020-12-31": "9759.10000", "2020-09-30": "9286.70000", "2020-06-30": "8766.40000", "2020-03-31": "8530.50000", "2019-12-31": "8284.70000", "2019-09-30": "7777.10000", "2019-06-30": "7279.60000", "2019-03-31": "7040.40000", "2018-12-31": "6687.50000", "2018-09-30": "6288.50000", "2018-06-30": "5869.20000", "2018-03-31": "5506.40000", "2017-12-31": "4780.40000", "2017-09-30": "4959.90000", "2017-06-30": "4522.30000", "2017-03-31": "4127.50000", "2016-12-31": "5777.80000", "2016-09-30": "5541.80000", "2016-06-30": "5181.50000", "2016-03-31": "4750.40000", "2015-12-31": "4319.50000", "2015-09-30": "4115.20000", "2015-06-30": "3792.70000", "2015-03-31": "3585.40000", "2014-12-31": "3379.40000", "2014-09-30": "3084.20000", "2014-06-30": "2822.40000", "2014-03-31": "3656.60000", "2013-12-31": "3501.40000", "2013-09-30": "3264.30000", "2013-06-30": "3718.80000", "2013-03-31": "3772.20000", "2012-12-31": "3580.10000", "2012-09-30": "3293.50000", "2012-06-30": "3182.40000", "2012-03-31": "2927.30000", "2011-12-31": "2645.60000", "2011-09-30": "2369.00000", "2011-06-30": "2288.50000", "2011-03-31": "2230.90000", "2010-12-31": "2037.40000", "2010-09-30": "2008.30000", "2010-06-30": "1924.40000", "2010-03-31": "1770.00000", "2009-12-31": "1537.30000", "2009-09-30": "1390.26200", "2009-06-30": "1271.18400", "2009-03-31": "1175.12000", "2008-12-31": "1266.76600", "2008-09-30": "1183.42800", "2008-06-30": "1073.98700", "2008-03-31": "981.81100", "2007-12-31": "888.67400", "2007-09-30": "800.15100", "2007-06-30": "711.34900", "2007-03-31": "643.23600", "2006-12-31": "589.70500", "2006-09-30": "543.64600", "2006-06-30": "503.07000", "2006-03-31": "468.69100", "2005-12-31": "442.59100", "2005-09-30": "380.61800", "2005-06-30": "348.01000", "2005-03-31": "330.19700"}, "Total Liabilities And Share Holders Equity": {"2020-12-31": "11168.90000", "2020-09-30": "10617.50000", "2020-06-30": "10103.60000", "2020-03-31": "9891.10000", "2019-12-31": "9733.20000", "2019-09-30": "9131.30000", "2019-06-30": "8531.60000", "2019-03-31": "8234.90000", "2018-12-31": "7846.70000", "2018-09-30": "7318.60000", "2018-06-30": "6849.60000", "2018-03-31": "6426.20000", "2017-12-31": "5776.80000", "2017-09-30": "5644.60000", "2017-06-30": "5250.80000", "2017-03-31": "4808.00000", "2016-12-31": "6486.90000", "2016-09-30": "6174.70000", "2016-06-30": "5780.80000", "2016-03-31": "5306.30000", "2015-12-31": "4907.30000", "2015-09-30": "4682.30000", "2015-06-30": "4354.50000", "2015-03-31": "4126.20000", "2014-12-31": "3959.40000", "2014-09-30": "3651.50000", "2014-06-30": "3404.60000", "2014-03-31": "4194.20000", "2013-12-31": "3950.30000", "2013-09-30": "3697.40000", "2013-06-30": "4201.30000", "2013-03-31": "4235.80000", "2012-12-31": "4059.20000", "2012-09-30": "3732.20000", "2012-06-30": "3626.10000", "2012-03-31": "3332.90000", "2011-12-31": "3063.10000", "2011-09-30": "2746.00000", "2011-06-30": "2649.90000", "2011-03-31": "2568.30000", "2010-12-31": "2390.40000", "2010-09-30": "2351.80000", "2010-06-30": "2243.10000", "2010-03-31": "2016.60000", "2009-12-31": "1809.70000", "2009-09-30": "1637.81100", "2009-06-30": "1501.28200", "2009-03-31": "1386.05300", "2008-12-31": "1474.62400", "2008-09-30": "1364.67100", "2008-06-30": "1231.38700", "2008-03-31": "1123.28500", "2007-12-31": "1039.99800", "2007-09-30": "912.24700", "2007-06-30": "808.69800", "2007-03-31": "724.16800", "2006-12-31": "671.79000", "2006-09-30": "613.99300", "2006-06-30": "565.83800", "2006-03-31": "524.50300", "2005-12-31": "501.58700", "2005-09-30": "427.91500", "2005-06-30": "389.52200", "2005-03-31": "369.20000"}}, "cash flow statement": {"Net Income/Loss": {"2020-12-31": "0.00000", "2019-12-31": "1381.80000", "2018-12-31": "1125.00000", "2017-12-31": "670.90000", "2016-12-31": "738.30000", "2015-12-31": "588.80000", "2014-12-31": "418.80000", "2013-12-31": "671.00000", "2012-12-31": "656.60000", "2011-12-31": "495.10000", "2010-12-31": "381.80000", "2009-12-31": "232.60000", "2008-12-31": "204.30000", "2007-12-31": "144.53700", "2006-12-31": "72.04400", "2005-12-31": "94.13400"}, "Total Depreciation And Amortization - Cash Flow": {"2020-12-31": "", "2019-12-31": "216.10000", "2018-12-31": "133.40000", "2017-12-31": "110.00000", "2016-12-31": "102.20000", "2015-12-31": "115.90000", "2014-12-31": "108.30000", "2013-12-31": "104.10000", "2012-12-31": "57.80000", "2011-12-31": "69.10000", "2010-12-31": "58.20000", "2009-12-31": "34.60000", "2008-12-31": "25.10000", "2007-12-31": "13.02700", "2006-12-31": "10.00900", "2005-12-31": "6.73200"}, "Other Non-Cash Items": {"2020-12-31": "", "2019-12-31": "321.80000", "2018-12-31": "294.90000", "2017-12-31": "290.50000", "2016-12-31": "264.20000", "2015-12-31": "194.00000", "2014-12-31": "123.80000", "2013-12-31": "126.90000", "2012-12-31": "165.30000", "2011-12-31": "133.30000", "2010-12-31": "88.80000", "2009-12-31": "87.00000", "2008-12-31": "58.60000", "2007-12-31": "46.15300", "2006-12-31": "45.96800", "2005-12-31": "-20.37800"}, "Total Non-Cash Items": {"2020-12-31": "", "2019-12-31": "537.90000", "2018-12-31": "428.30000", "2017-12-31": "400.50000", "2016-12-31": "366.40000", "2015-12-31": "309.90000", "2014-12-31": "232.10000", "2013-12-31": "231.00000", "2012-12-31": "223.10000", "2011-12-31": "202.40000", "2010-12-31": "147.00000", "2009-12-31": "121.60000", "2008-12-31": "83.70000", "2007-12-31": "59.18000", "2006-12-31": "55.97700", "2005-12-31": "-13.64600"}, "Change In Accounts Receivable": {"2020-12-31": "", "2019-12-31": "38.80000", "2018-12-31": "-161.30000", "2017-12-31": "-81.40000", "2016-12-31": "-34.20000", "2015-12-31": "-79.20000", "2014-12-31": "-13.70000", "2013-12-31": "68.90000", "2012-12-31": "-68.90000", "2011-12-31": "-51.10000", "2010-12-31": "-41.50000", "2009-12-31": "-35.30000", "2008-12-31": "-39.70000", "2007-12-31": "-35.68700", "2006-12-31": "-41.85300", "2005-12-31": "-17.38500"}, "Change In Inventories": {"2020-12-31": "", "2019-12-31": "-360.50000", "2018-12-31": "-279.00000", "2017-12-31": "-115.50000", "2016-12-31": "-46.70000", "2015-12-31": "-10.70000", "2014-12-31": "-26.80000", "2013-12-31": "-70.00000", "2012-12-31": "-7.10000", "2011-12-31": "-25.30000", "2010-12-31": "-29.20000", "2009-12-31": "5.90000", "2008-12-31": "-31.10000", "2007-12-31": "-8.21300", "2006-12-31": "-9.02000", "2005-12-31": "-9.20500"}, "Change In Accounts Payable": {"2020-12-31": "", "2019-12-31": "12.30000", "2018-12-31": "16.70000", "2017-12-31": "14.00000", "2016-12-31": "15.90000", "2015-12-31": "-11.30000", "2014-12-31": "17.70000", "2013-12-31": "-8.90000", "2012-12-31": "8.40000", "2011-12-31": "10.30000", "2010-12-31": "8.10000", "2009-12-31": "7.00000", "2008-12-31": "-9.20000", "2007-12-31": "18.64600", "2006-12-31": "3.10700", "2005-12-31": "3.50500"}, "Change In Assets/Liabilities": {"2020-12-31": "", "2019-12-31": "-69.50000", "2018-12-31": "13.70000", "2017-12-31": "224.20000", "2016-12-31": "28.60000", "2015-12-31": "-12.80000", "2014-12-31": "15.60000", "2013-12-31": "21.30000", "2012-12-31": "-6.60000", "2011-12-31": "18.70000", "2010-12-31": "27.60000", "2009-12-31": "15.00000", "2008-12-31": "28.60000", "2007-12-31": "10.53500", "2006-12-31": "11.71200", "2005-12-31": "6.58800"}, "Total Change In Assets/Liabilities": {"2020-12-31": "", "2019-12-31": "-321.50000", "2018-12-31": "-383.70000", "2017-12-31": "72.50000", "2016-12-31": "-17.70000", "2015-12-31": "-92.50000", "2014-12-31": "14.20000", "2013-12-31": "-22.00000", "2012-12-31": "-65.50000", "2011-12-31": "-19.90000", "2010-12-31": "17.00000", "2009-12-31": "38.00000", "2008-12-31": "-9.80000", "2007-12-31": "1.97000", "2006-12-31": "-28.17600", "2005-12-31": "-9.70100"}, "Cash Flow From Operating Activities": {"2020-12-31": "", "2019-12-31": "1598.20000", "2018-12-31": "1169.60000", "2017-12-31": "1143.90000", "2016-12-31": "1087.00000", "2015-12-31": "806.20000", "2014-12-31": "665.10000", "2013-12-31": "880.00000", "2012-12-31": "814.20000", "2011-12-31": "677.60000", "2010-12-31": "545.80000", "2009-12-31": "392.20000", "2008-12-31": "278.20000", "2007-12-31": "205.68700", "2006-12-31": "99.84500", "2005-12-31": "70.78700"}, "Net Change In Property, Plant, And Equipment": {"2020-12-31": "", "2019-12-31": "-425.60000", "2018-12-31": "-187.40000", "2017-12-31": "-190.70000", "2016-12-31": "-53.90000", "2015-12-31": "-81.00000", "2014-12-31": "-105.60000", "2013-12-31": "-104.60000", "2012-12-31": "-114.20000", "2011-12-31": "-82.90000", "2010-12-31": "-96.00000", "2009-12-31": "-53.40000", "2008-12-31": "-106.00000", "2007-12-31": "-24.00700", "2006-12-31": "-15.85400", "2005-12-31": "-31.04400"}, "Net Change In Intangible Assets": {"2020-12-31": "", "2019-12-31": "", "2018-12-31": "", "2017-12-31": "", "2016-12-31": "", "2015-12-31": "", "2014-12-31": "", "2013-12-31": "", "2012-12-31": "", "2011-12-31": "", "2010-12-31": "", "2009-12-31": "", "2008-12-31": "", "2007-12-31": "", "2006-12-31": "-2.20000", "2005-12-31": ""}, "Net Acquisitions/Divestitures": {"2020-12-31": "", "2019-12-31": "-59.70000", "2018-12-31": "-87.90000", "2017-12-31": "", "2016-12-31": "", "2015-12-31": "", "2014-12-31": "-84.30000", "2013-12-31": "", "2012-12-31": "-27.60000", "2011-12-31": "", "2010-12-31": "", "2009-12-31": "", "2008-12-31": "", "2007-12-31": "", "2006-12-31": "", "2005-12-31": ""}, "Net Change In Short-term Investments": {"2020-12-31": "", "2019-12-31": "", "2018-12-31": "", "2017-12-31": "", "2016-12-31": "", "2015-12-31": "233.10000", "2014-12-31": "1380.60000", "2013-12-31": "363.60000", "2012-12-31": "", "2011-12-31": "1136.10000", "2010-12-31": "987.10000", "2009-12-31": "", "2008-12-31": "", "2007-12-31": "", "2006-12-31": "", "2005-12-31": ""}, "Net Change In Long-Term Investments": {"2020-12-31": "", "2019-12-31": "-669.09990", "2018-12-31": "-774.29990", "2017-12-31": "569.40010", "2016-12-31": "-1225.50000", "2015-12-31": "-1001.60000", "2014-12-31": "-1344.60000", "2013-12-31": "", "2012-12-31": "-703.90000", "2011-12-31": "-1532.20000", "2010-12-31": "-1385.40000", "2009-12-31": "-246.10000", "2008-12-31": "-198.50000", "2007-12-31": "-212.39300", "2006-12-31": "-95.29900", "2005-12-31": "-72.26300"}, "Net Change In Investments - Total": {"2020-12-31": "", "2019-12-31": "-669.09990", "2018-12-31": "-774.29990", "2017-12-31": "569.40010", "2016-12-31": "-1225.50000", "2015-12-31": "-768.50000", "2014-12-31": "36.00000", "2013-12-31": "363.60000", "2012-12-31": "-703.90000", "2011-12-31": "-396.10000", "2010-12-31": "-398.30000", "2009-12-31": "-246.10000", "2008-12-31": "-198.50000", "2007-12-31": "-212.39300", "2006-12-31": "-95.29900", "2005-12-31": "-72.26300"}, "Investing Activities - Other": {"2020-12-31": "", "2019-12-31": "", "2018-12-31": "", "2017-12-31": "", "2016-12-31": "", "2015-12-31": "", "2014-12-31": "", "2013-12-31": "", "2012-12-31": "", "2011-12-31": "", "2010-12-31": "", "2009-12-31": "", "2008-12-31": "", "2007-12-31": "", "2006-12-31": "", "2005-12-31": ""}, "Cash Flow From Investing Activities": {"2020-12-31": "", "2019-12-31": "-1154.40000", "2018-12-31": "-1049.60000", "2017-12-31": "378.70000", "2016-12-31": "-1279.40000", "2015-12-31": "-849.50000", "2014-12-31": "-153.90000", "2013-12-31": "259.00000", "2012-12-31": "-845.70000", "2011-12-31": "-479.00000", "2010-12-31": "-494.30000", "2009-12-31": "-299.50000", "2008-12-31": "-304.50000", "2007-12-31": "-236.40000", "2006-12-31": "-113.35300", "2005-12-31": "-103.30700"}, "Net Long-Term Debt": {"2020-12-31": "", "2019-12-31": "", "2018-12-31": "", "2017-12-31": "", "2016-12-31": "", "2015-12-31": "", "2014-12-31": "", "2013-12-31": "", "2012-12-31": "", "2011-12-31": "", "2010-12-31": "", "2009-12-31": "", "2008-12-31": "", "2007-12-31": "", "2006-12-31": "", "2005-12-31": ""}, "Net Current Debt": {"2020-12-31": "", "2019-12-31": "", "2018-12-31": "", "2017-12-31": "", "2016-12-31": "", "2015-12-31": "", "2014-12-31": "", "2013-12-31": "", "2012-12-31": "", "2011-12-31": "", "2010-12-31": "", "2009-12-31": "", "2008-12-31": "", "2007-12-31": "", "2006-12-31": "", "2005-12-31": "-0.60800"}, "Debt Issuance/Retirement Net - Total": {"2020-12-31": "", "2019-12-31": "", "2018-12-31": "", "2017-12-31": "", "2016-12-31": "", "2015-12-31": "", "2014-12-31": "", "2013-12-31": "", "2012-12-31": "", "2011-12-31": "", "2010-12-31": "", "2009-12-31": "", "2008-12-31": "", "2007-12-31": "", "2006-12-31": "", "2005-12-31": "-0.60800"}, "Net Common Equity Issued/Repurchased": {"2020-12-31": "", "2019-12-31": "3.30000", "2018-12-31": "236.60000", "2017-12-31": "-1858.50000", "2016-12-31": "538.40000", "2015-12-31": "177.40000", "2014-12-31": "-716.40000", "2013-12-31": "-948.60000", "2012-12-31": "25.00000", "2011-12-31": "-71.20000", "2010-12-31": "-57.50000", "2009-12-31": "-91.30000", "2008-12-31": "44.70000", "2007-12-31": "55.97900", "2006-12-31": "19.14300", "2005-12-31": "32.92400"}, "Net Total Equity Issued/Repurchased": {"2020-12-31": "", "2019-12-31": "3.30000", "2018-12-31": "236.60000", "2017-12-31": "-1858.50000", "2016-12-31": "538.40000", "2015-12-31": "177.40000", "2014-12-31": "-716.40000", "2013-12-31": "-948.60000", "2012-12-31": "25.00000", "2011-12-31": "-71.20000", "2010-12-31": "-57.50000", "2009-12-31": "-91.30000", "2008-12-31": "44.70000", "2007-12-31": "55.97900", "2006-12-31": "19.14300", "2005-12-31": "32.92400"}, "Total Common And Preferred Stock Dividends Paid": {"2020-12-31": "", "2019-12-31": "", "2018-12-31": "", "2017-12-31": "", "2016-12-31": "", "2015-12-31": "", "2014-12-31": "", "2013-12-31": "", "2012-12-31": "", "2011-12-31": "", "2010-12-31": "", "2009-12-31": "", "2008-12-31": "", "2007-12-31": "", "2006-12-31": "", "2005-12-31": ""}, "Financial Activities - Other": {"2020-12-31": "", "2019-12-31": "-171.70000", "2018-12-31": "-110.30000", "2017-12-31": "-54.60000", "2016-12-31": "-24.00000", "2015-12-31": "-18.30000", "2014-12-31": "24.00000", "2013-12-31": "38.00000", "2012-12-31": "94.20000", "2011-12-31": "58.80000", "2010-12-31": "65.20000", "2009-12-31": "25.10000", "2008-12-31": "53.30000", "2007-12-31": "62.86800", "2006-12-31": "23.04000", "2005-12-31": ""}, "Cash Flow From Financial Activities": {"2020-12-31": "", "2019-12-31": "-168.40000", "2018-12-31": "126.30000", "2017-12-31": "-1913.10000", "2016-12-31": "514.40000", "2015-12-31": "159.10000", "2014-12-31": "-692.40000", "2013-12-31": "-910.60000", "2012-12-31": "119.20000", "2011-12-31": "-12.40000", "2010-12-31": "7.70000", "2009-12-31": "-66.20000", "2008-12-31": "98.00000", "2007-12-31": "118.84700", "2006-12-31": "42.18300", "2005-12-31": "32.31600"}, "Net Cash Flow": {"2020-12-31": "", "2019-12-31": "273.20000", "2018-12-31": "246.20000", "2017-12-31": "-388.40000", "2016-12-31": "322.00000", "2015-12-31": "114.30000", "2014-12-31": "-181.80000", "2013-12-31": "228.40000", "2012-12-31": "87.90000", "2011-12-31": "186.00000", "2010-12-31": "58.40000", "2009-12-31": "26.80000", "2008-12-31": "71.80000", "2007-12-31": "88.43500", "2006-12-31": "28.88200", "2005-12-31": "-0.26300"}, "Stock-Based Compensation": {"2020-12-31": "", "2019-12-31": "335.80000", "2018-12-31": "261.20000", "2017-12-31": "209.10000", "2016-12-31": "177.60000", "2015-12-31": "167.90000", "2014-12-31": "168.90000", "2013-12-31": "168.90000", "2012-12-31": "153.30000", "2011-12-31": "136.40000", "2010-12-31": "117.60000", "2009-12-31": "97.00000", "2008-12-31": "76.60000", "2007-12-31": "36.29200", "2006-12-31": "25.26000", "2005-12-31": ""}, "Common Stock Dividends Paid": {"2020-12-31": "", "2019-12-31": "", "2018-12-31": "", "2017-12-31": "", "2016-12-31": "", "2015-12-31": "", "2014-12-31": "", "2013-12-31": "", "2012-12-31": "", "2011-12-31": "", "2010-12-31": "", "2009-12-31": "", "2008-12-31": "", "2007-12-31": "", "2006-12-31": "", "2005-12-31": ""}}, "cash flow statement, quarterly": {"Net Income/Loss": {"2020-12-31": -703.2, "2020-09-30": 316.8, "2020-06-30": 70.2, "2020-03-31": "316.20000", "2019-12-31": 362.7, "2019-09-30": 398.7, "2019-06-30": 316.4, "2019-03-31": "304.00000", "2018-12-31": 291.3, "2018-09-30": 291.8, "2018-06-30": 254.6, "2018-03-31": "287.30000", "2017-12-31": -31.5, "2017-09-30": 298.6, "2017-06-30": 223, "2017-03-31": "180.80000", "2016-12-31": 206.4, "2016-09-30": 211, "2016-06-30": 184.5, "2016-03-31": "136.40000", "2015-12-31": 190, "2015-09-30": 167.3, "2015-06-30": 134.5, "2015-03-31": "97.00000", "2014-12-31": 146.8, "2014-09-30": 123.7, "2014-06-30": 104, "2014-03-31": "44.30000", "2013-12-31": 166.2, "2013-09-30": 156.8, "2013-06-30": 159.1, "2013-03-31": "188.90000", "2012-12-31": 174.9, "2012-09-30": 183.3, "2012-06-30": 154.9, "2012-03-31": "143.50000", "2011-12-31": 151.2, "2011-09-30": 122.4, "2011-06-30": 117.4, "2011-03-31": "104.10000", "2010-12-31": 121.2, "2010-09-30": 86.6, "2010-06-30": 88.7, "2010-03-31": "85.30000", "2009-12-31": 77.6, "2009-09-30": 64.5, "2009-06-30": 62.4, "2009-03-31": "28.10000", "2008-12-31": 50.743, "2008-09-30": 57.594, "2008-06-30": 51.182, "2008-03-31": "44.78100", "2007-12-31": 49.153, "2007-09-30": 40.919, "2007-06-30": 30.663, "2007-03-31": "23.80200", "2006-12-31": 23.641, "2006-09-30": 17.263, "2006-06-30": 16.682, "2006-03-31": "14.45800", "2005-12-31": 49.526, "2005-09-30": 20.72, "2005-06-30": 14.784, "2005-03-31": "9.10400"}, "Total Depreciation And Amortization - Cash Flow": {"2020-12-31": -208.8, "2020-09-30": 73.4, "2020-06-30": 67.7, "2020-03-31": "67.70000", "2019-12-31": 67.7, "2019-09-30": 54.2, "2019-06-30": 51, "2019-03-31": "43.20000", "2018-12-31": 35.8, "2018-09-30": 36.8, "2018-06-30": 27.1, "2018-03-31": "33.70000", "2017-12-31": 30.3, "2017-09-30": 27.6, "2017-06-30": 20.6, "2017-03-31": "31.50000", "2016-12-31": 7.9, "2016-09-30": 31.2, "2016-06-30": 31.4, "2016-03-31": "31.70000", "2015-12-31": 32.5, "2015-09-30": 42.1, "2015-06-30": 21.1, "2015-03-31": "20.20000", "2014-12-31": 54.2, "2014-09-30": 19.9, "2014-06-30": 17.2, "2014-03-31": "17.00000", "2013-12-31": 26.3, "2013-09-30": 25, "2013-06-30": 27, "2013-03-31": "25.80000", "2012-12-31": -8.4, "2012-09-30": 23.8, "2012-06-30": 22.1, "2012-03-31": "20.30000", "2011-12-31": 19.1, "2011-09-30": 17.5, "2011-06-30": 16.1, "2011-03-31": "16.40000", "2010-12-31": 28.6, "2010-09-30": 10.3, "2010-06-30": 9.8, "2010-03-31": "9.50000", "2009-12-31": 8.7, "2009-09-30": 8.9, "2009-06-30": 9, "2009-03-31": "8.00000", "2008-12-31": 7.521, "2008-09-30": 6.785, "2008-06-30": 6.166, "2008-03-31": "4.62800", "2007-12-31": 3.721, "2007-09-30": 3.386, "2007-06-30": 3.068, "2007-03-31": "2.85200", "2006-12-31": 3.043, "2006-09-30": 2.603, "2006-06-30": 2.189, "2006-03-31": "2.17400", "2005-12-31": 1.796, "2005-09-30": 1.639, "2005-06-30": 1.63, "2005-03-31": "1.66700"}, "Other Non-Cash Items": {"2020-12-31": -300, "2020-09-30": 63.4, "2020-06-30": 81.5, "2020-03-31": "155.10000", "2019-12-31": 90.1, "2019-09-30": 22.9, "2019-06-30": 99.8, "2019-03-31": "109.00000", "2018-12-31": 51.8, "2018-09-30": 68.9, "2018-06-30": 79.3, "2018-03-31": "94.90000", "2017-12-31": 88.8, "2017-09-30": 57, "2017-06-30": 66.8, "2017-03-31": "77.90000", "2016-12-31": 74.8, "2016-09-30": 50, "2016-06-30": 57, "2016-03-31": "82.40000", "2015-12-31": 73.6, "2015-09-30": 35, "2015-06-30": 38.8, "2015-03-31": "46.60000", "2014-12-31": 19.9, "2014-09-30": 55.1, "2014-06-30": 35.3, "2014-03-31": "13.50000", "2013-12-31": 34.8, "2013-09-30": 31.6, "2013-06-30": 32.5, "2013-03-31": "28.00000", "2012-12-31": 69.5, "2012-09-30": 34.2, "2012-06-30": 28.6, "2012-03-31": "33.00000", "2011-12-31": 32, "2011-09-30": 36.9, "2011-06-30": 26.2, "2011-03-31": "38.20000", "2010-12-31": 19.9, "2010-09-30": 17.6, "2010-06-30": 24.4, "2010-03-31": "26.90000", "2009-12-31": 31.1, "2009-09-30": 17.2, "2009-06-30": 18.5, "2009-03-31": "20.20000", "2008-12-31": 14.881, "2008-09-30": 14.599, "2008-06-30": 16.36, "2008-03-31": "12.76000", "2007-12-31": 19.765, "2007-09-30": 9.901, "2007-06-30": 7.416, "2007-03-31": "9.07100", "2006-12-31": 12.522, "2006-09-30": 13.957, "2006-06-30": 6.426, "2006-03-31": "13.06300", "2005-12-31": -23.374, "2005-09-30": 1.62, "2005-06-30": 1.434, "2005-03-31": "-0.05800"}, "Total Non-Cash Items": {"2020-12-31": -508.8, "2020-09-30": 136.8, "2020-06-30": 149.2, "2020-03-31": "222.80000", "2019-12-31": 157.8, "2019-09-30": 77.1, "2019-06-30": 150.8, "2019-03-31": "152.20000", "2018-12-31": 87.6, "2018-09-30": 105.7, "2018-06-30": 106.4, "2018-03-31": "128.60000", "2017-12-31": 119.1, "2017-09-30": 84.6, "2017-06-30": 87.4, "2017-03-31": "109.40000", "2016-12-31": 82.7, "2016-09-30": 81.2, "2016-06-30": 88.4, "2016-03-31": "114.10000", "2015-12-31": 106.1, "2015-09-30": 77.1, "2015-06-30": 59.9, "2015-03-31": "66.80000", "2014-12-31": 74.1, "2014-09-30": 75, "2014-06-30": 52.5, "2014-03-31": "30.50000", "2013-12-31": 61.1, "2013-09-30": 56.6, "2013-06-30": 59.5, "2013-03-31": "53.80000", "2012-12-31": 61.1, "2012-09-30": 58, "2012-06-30": 50.7, "2012-03-31": "53.30000", "2011-12-31": 51.1, "2011-09-30": 54.4, "2011-06-30": 42.3, "2011-03-31": "54.60000", "2010-12-31": 48.5, "2010-09-30": 27.9, "2010-06-30": 34.2, "2010-03-31": "36.40000", "2009-12-31": 39.8, "2009-09-30": 26.1, "2009-06-30": 27.5, "2009-03-31": "28.20000", "2008-12-31": 22.402, "2008-09-30": 21.384, "2008-06-30": 22.526, "2008-03-31": "17.38800", "2007-12-31": 23.486, "2007-09-30": 13.287, "2007-06-30": 10.484, "2007-03-31": "11.92300", "2006-12-31": 15.565, "2006-09-30": 16.56, "2006-06-30": 8.615, "2006-03-31": "15.23700", "2005-12-31": -21.578, "2005-09-30": 3.259, "2005-06-30": 3.064, "2005-03-31": "1.60900"}, "Change In Accounts Receivable": {"2020-12-31": -57.2, "2020-09-30": -79.7, "2020-06-30": 18.7, "2020-03-31": "118.20000", "2019-12-31": -11.8, "2019-09-30": 1.7, "2019-06-30": -85.7, "2019-03-31": "134.60000", "2018-12-31": -96.1, "2018-09-30": -47.9, "2018-06-30": -50.3, "2018-03-31": "33.00000", "2017-12-31": -42.7, "2017-09-30": 12.7, "2017-06-30": -67.9, "2017-03-31": "16.50000", "2016-12-31": 3.5, "2016-09-30": -28.3, "2016-06-30": -77.8, "2016-03-31": "68.40000", "2015-12-31": -59.5, "2015-09-30": -13.3, "2015-06-30": -29.1, "2015-03-31": "22.70000", "2014-12-31": -56.1, "2014-09-30": 12.1, "2014-06-30": -32.1, "2014-03-31": "62.40000", "2013-12-31": -20.8, "2013-09-30": 78, "2013-06-30": -13.6, "2013-03-31": "25.30000", "2012-12-31": -34.1, "2012-09-30": -12.9, "2012-06-30": -23.5, "2012-03-31": "1.60000", "2011-12-31": -32.9, "2011-09-30": -14.7, "2011-06-30": 9.6, "2011-03-31": "-13.10000", "2010-12-31": -39.1, "2010-09-30": -13.1, "2010-06-30": -14.5, "2010-03-31": "25.20000", "2009-12-31": -18.9, "2009-09-30": -11.3, "2009-06-30": -35.9, "2009-03-31": "30.80000", "2008-12-31": 3.64, "2008-09-30": -11.627, "2008-06-30": -26.399, "2008-03-31": "-5.31400", "2007-12-31": -10.103, "2007-09-30": -14.617, "2007-06-30": -15.167, "2007-03-31": "4.20000", "2006-12-31": -23.003, "2006-09-30": -1.149, "2006-06-30": -13.555, "2006-03-31": "-4.14600", "2005-12-31": -9.072, "2005-09-30": -4.187, "2005-06-30": -8.22, "2005-03-31": "4.09400"}, "Change In Inventories": {"2020-12-31": 177, "2020-09-30": -56.9, "2020-06-30": -54.9, "2020-03-31": "-65.20000", "2019-12-31": -67.1, "2019-09-30": -115.4, "2019-06-30": -84, "2019-03-31": "-94.00000", "2018-12-31": -73.2, "2018-09-30": -71.9, "2018-06-30": -67.7, "2018-03-31": "-66.20000", "2017-12-31": -32.8, "2017-09-30": -24.4, "2017-06-30": -19.3, "2017-03-31": "-39.00000", "2016-12-31": -5.9, "2016-09-30": -21.3, "2016-06-30": -11.7, "2016-03-31": "-7.80000", "2015-12-31": 20, "2015-09-30": 3.1, "2015-06-30": -5.9, "2015-03-31": "-27.90000", "2014-12-31": 13.7, "2014-09-30": -1.6, "2014-06-30": -18.5, "2014-03-31": "-20.40000", "2013-12-31": 17.9, "2013-09-30": -34.7, "2013-06-30": -37.4, "2013-03-31": "-15.80000", "2012-12-31": 13.9, "2012-09-30": -8.8, "2012-06-30": -6.2, "2012-03-31": "-6.00000", "2011-12-31": -3.5, "2011-09-30": -8.5, "2011-06-30": -6.8, "2011-03-31": "-6.50000", "2010-12-31": -1.8, "2010-09-30": -11, "2010-06-30": -5.5, "2010-03-31": "-10.90000", "2009-12-31": -0.9, "2009-09-30": 2.6, "2009-06-30": 5.1, "2009-03-31": "-0.90000", "2008-12-31": -10.998, "2008-09-30": -9.904, "2008-06-30": -3.761, "2008-03-31": "-6.43700", "2007-12-31": -5.769, "2007-09-30": -2.734, "2007-06-30": 2.221, "2007-03-31": "-1.93100", "2006-12-31": -1.965, "2006-09-30": 2.3, "2006-06-30": -4.252, "2006-03-31": "-5.10300", "2005-12-31": -2.95, "2005-09-30": -3.384, "2005-06-30": -1.27, "2005-03-31": "-1.60100"}, "Change In Accounts Payable": {"2020-12-31": 3.9, "2020-09-30": -0.3, "2020-06-30": -25.5, "2020-03-31": "21.90000", "2019-12-31": -12.4, "2019-09-30": 3, "2019-06-30": -1.3, "2019-03-31": "23.00000", "2018-12-31": 3.3, "2018-09-30": -0.9, "2018-06-30": 5.9, "2018-03-31": "8.40000", "2017-12-31": 2.1, "2017-09-30": 6.2, "2017-06-30": 0.2, "2017-03-31": "5.50000", "2016-12-31": 9.5, "2016-09-30": -6.6, "2016-06-30": 7.7, "2016-03-31": "5.30000", "2015-12-31": -2.9, "2015-09-30": -7, "2015-06-30": -4.1, "2015-03-31": "2.70000", "2014-12-31": 9.5, "2014-09-30": -5.9, "2014-06-30": 3.8, "2014-03-31": "10.30000", "2013-12-31": -13.3, "2013-09-30": -5.3, "2013-06-30": -0.6, "2013-03-31": "10.30000", "2012-12-31": 1.5, "2012-09-30": 1.5, "2012-06-30": 4.9, "2012-03-31": "0.50000", "2011-12-31": 2.8, "2011-09-30": 5.7, "2011-06-30": -5.7, "2011-03-31": "7.50000", "2010-12-31": -0.1, "2010-09-30": -6.1, "2010-06-30": 7.3, "2010-03-31": "7.00000", "2009-12-31": 2.6, "2009-09-30": -1.6, "2009-06-30": 5.2, "2009-03-31": "0.80000", "2008-12-31": -5.595, "2008-09-30": 6.223, "2008-06-30": -4.023, "2008-03-31": "-5.80500", "2007-12-31": 7.518, "2007-09-30": 6.019, "2007-06-30": 1.937, "2007-03-31": "3.17200", "2006-12-31": 0.89, "2006-09-30": 4.416, "2006-06-30": -3.386, "2006-03-31": "1.18700", "2005-12-31": 0.456, "2005-09-30": 2.119, "2005-06-30": -1.086, "2005-03-31": "2.01600"}, "Change In Assets/Liabilities": {"2020-12-31": 154.6, "2020-09-30": -48.7, "2020-06-30": 60, "2020-03-31": "-165.90000", "2019-12-31": 59.3, "2019-09-30": 4.7, "2019-06-30": -15.6, "2019-03-31": "-117.90000", "2018-12-31": 77.5, "2018-09-30": 24.9, "2018-06-30": -41.8, "2018-03-31": "-46.90000", "2017-12-31": 275.3, "2017-09-30": -37.4, "2017-06-30": -32.3, "2017-03-31": "18.60000", "2016-12-31": 1.9, "2016-09-30": 23.1, "2016-06-30": 53.5, "2016-03-31": "-49.90000", "2015-12-31": 37.4, "2015-09-30": -51, "2015-06-30": 11.8, "2015-03-31": "-11.00000", "2014-12-31": -12.4, "2014-09-30": 24, "2014-06-30": 3.4, "2014-03-31": "0.60000", "2013-12-31": 11.6, "2013-09-30": -6.4, "2013-06-30": -2.4, "2013-03-31": "18.50000", "2012-12-31": -1.1, "2012-09-30": -1.1, "2012-06-30": -1, "2012-03-31": "-3.40000", "2011-12-31": 8.6, "2011-09-30": 4.7, "2011-06-30": 19, "2011-03-31": "-13.60000", "2010-12-31": 10.7, "2010-09-30": 7.8, "2010-06-30": 25.9, "2010-03-31": "-16.80000", "2009-12-31": 9.5, "2009-09-30": -0.8, "2009-06-30": -11.3, "2009-03-31": "17.60000", "2008-12-31": 8.311, "2008-09-30": 4.512, "2008-06-30": 11.252, "2008-03-31": "4.52500", "2007-12-31": 7.006, "2007-09-30": 2.732, "2007-06-30": -0.746, "2007-03-31": "1.54300", "2006-12-31": 5.333, "2006-09-30": 3.03, "2006-06-30": 2.178, "2006-03-31": "1.17100", "2005-12-31": 3.584, "2005-09-30": 1.723, "2005-06-30": 0.759, "2005-03-31": "0.52200"}, "Total Change In Assets/Liabilities": {"2020-12-31": 354.7, "2020-09-30": -179, "2020-06-30": 10.5, "2020-03-31": "-186.20000", "2019-12-31": 32.2, "2019-09-30": -79.5, "2019-06-30": -151.2, "2019-03-31": "-123.00000", "2018-12-31": -40.8, "2018-09-30": -77.7, "2018-06-30": -129.5, "2018-03-31": "-135.70000", "2017-12-31": 244.4, "2017-09-30": -29.3, "2017-06-30": -93.9, "2017-03-31": "-48.70000", "2016-12-31": 40.6, "2016-09-30": -23.4, "2016-06-30": -11.2, "2016-03-31": "-23.70000", "2015-12-31": 21.6, "2015-09-30": -64.7, "2015-06-30": -9.3, "2015-03-31": "-40.10000", "2014-12-31": -26.7, "2014-09-30": -48.1, "2014-06-30": -2.5, "2014-03-31": "91.50000", "2013-12-31": 1.8, "2013-09-30": -9.6, "2013-06-30": -29.5, "2013-03-31": "15.30000", "2012-12-31": -9.2, "2012-09-30": -29.7, "2012-06-30": 5.2, "2012-03-31": "-31.80000", "2011-12-31": 11.4, "2011-09-30": -19.2, "2011-06-30": 41.2, "2011-03-31": "-53.30000", "2010-12-31": -28, "2010-09-30": -1.5, "2010-06-30": 52.6, "2010-03-31": "-6.10000", "2009-12-31": 5.4, "2009-09-30": 5.7, "2009-06-30": -6.9, "2009-03-31": "33.80000", "2008-12-31": 19.06, "2008-09-30": 2.832, "2008-06-30": -8.907, "2008-03-31": "-22.78500", "2007-12-31": 10.373, "2007-09-30": -5.252, "2007-06-30": -0.795, "2007-03-31": "-2.35600", "2006-12-31": -11.28, "2006-09-30": 2.255, "2006-06-30": -5.572, "2006-03-31": "-13.57900", "2005-12-31": -1.28, "2005-09-30": -2.626, "2005-06-30": -7.43, "2005-03-31": "1.63500"}, "Cash Flow From Operating Activities": {"2020-12-31": -857.3, "2020-09-30": 274.6, "2020-06-30": 229.9, "2020-03-31": "352.80000", "2019-12-31": 552.7, "2019-09-30": 396.3, "2019-06-30": 316, "2019-03-31": "333.20000", "2018-12-31": 338.1, "2018-09-30": 319.8, "2018-06-30": 231.5, "2018-03-31": "280.20000", "2017-12-31": 332, "2017-09-30": 353.9, "2017-06-30": 216.5, "2017-03-31": "241.50000", "2016-12-31": 329.7, "2016-09-30": 268.8, "2016-06-30": 261.7, "2016-03-31": "226.80000", "2015-12-31": 317.7, "2015-09-30": 179.7, "2015-06-30": 185.1, "2015-03-31": "123.70000", "2014-12-31": 194.2, "2014-09-30": 150.6, "2014-06-30": 154, "2014-03-31": "166.30000", "2013-12-31": 229.1, "2013-09-30": 203.8, "2013-06-30": 189.1, "2013-03-31": "258.00000", "2012-12-31": 226.8, "2012-09-30": 211.6, "2012-06-30": 210.8, "2012-03-31": "165.00000", "2011-12-31": 213.7, "2011-09-30": 157.6, "2011-06-30": 200.9, "2011-03-31": "105.40000", "2010-12-31": 141.7, "2010-09-30": 113, "2010-06-30": 175.5, "2010-03-31": "115.60000", "2009-12-31": 122.8, "2009-09-30": 96.3, "2009-06-30": 83, "2009-03-31": "90.10000", "2008-12-31": 92.205, "2008-09-30": 81.81, "2008-06-30": 64.801, "2008-03-31": "39.38400", "2007-12-31": 83.012, "2007-09-30": 48.954, "2007-06-30": 40.352, "2007-03-31": "33.36900", "2006-12-31": 27.926, "2006-09-30": 36.078, "2006-06-30": 19.725, "2006-03-31": "16.11600", "2005-12-31": 26.668, "2005-09-30": 21.353, "2005-06-30": 10.418, "2005-03-31": "12.34800"}, "Net Change In Property, Plant, And Equipment": {"2020-12-31": 279.6, "2020-09-30": -64.4, "2020-06-30": -110, "2020-03-31": "-105.20000", "2019-12-31": -142, "2019-09-30": -86.7, "2019-06-30": -82.1, "2019-03-31": "-114.80000", "2018-12-31": -55.5, "2018-09-30": -47, "2018-06-30": -44.8, "2018-03-31": "-40.10000", "2017-12-31": -31, "2017-09-30": -51.4, "2017-06-30": -55.3, "2017-03-31": "-53.00000", "2016-12-31": -17.8, "2016-09-30": -15.1, "2016-06-30": -11.4, "2016-03-31": "-9.60000", "2015-12-31": -19.7, "2015-09-30": -28.5, "2015-06-30": -13.6, "2015-03-31": "-19.20000", "2014-12-31": -65.2, "2014-09-30": -13.8, "2014-06-30": -18.5, "2014-03-31": "-8.10000", "2013-12-31": -28.9, "2013-09-30": -34, "2013-06-30": -25, "2013-03-31": "-16.70000", "2012-12-31": -70.7, "2012-09-30": 12.9, "2012-06-30": -8.1, "2012-03-31": "-48.30000", "2011-12-31": -15.2, "2011-09-30": -14.5, "2011-06-30": -38.5, "2011-03-31": "-14.70000", "2010-12-31": -9.4, "2010-09-30": -50.1, "2010-06-30": -20.3, "2010-03-31": "-16.20000", "2009-12-31": -7.7, "2009-09-30": -5.4, "2009-06-30": -12.8, "2009-03-31": "-27.50000", "2008-12-31": -22.969, "2008-09-30": -30.996, "2008-06-30": -45.086, "2008-03-31": "-6.94900", "2007-12-31": -11.835, "2007-09-30": -5.069, "2007-06-30": -4.398, "2007-03-31": "-2.70500", "2006-12-31": -3.807, "2006-09-30": -2.072, "2006-06-30": -6.771, "2006-03-31": "-3.20400", "2005-12-31": -25.105, "2005-09-30": -1.335, "2005-06-30": -3.603, "2005-03-31": "-1.00100"}, "Net Change In Intangible Assets": {"2020-12-31": 0, "2020-09-30": 0, "2020-06-30": 0, "2020-03-31": "", "2019-12-31": 0, "2019-09-30": 0, "2019-06-30": 0, "2019-03-31": "", "2018-12-31": 0, "2018-09-30": 0, "2018-06-30": 0, "2018-03-31": "", "2017-12-31": 0, "2017-09-30": 0, "2017-06-30": 0, "2017-03-31": "", "2016-12-31": 0, "2016-09-30": 0, "2016-06-30": 0, "2016-03-31": "", "2015-12-31": 0, "2015-09-30": 0, "2015-06-30": 0, "2015-03-31": "", "2014-12-31": 0, "2014-09-30": 0, "2014-06-30": 0, "2014-03-31": "", "2013-12-31": 0, "2013-09-30": 0, "2013-06-30": 0, "2013-03-31": "", "2012-12-31": 0, "2012-09-30": 0, "2012-06-30": 0, "2012-03-31": "", "2011-12-31": 0, "2011-09-30": 0, "2011-06-30": 0, "2011-03-31": "", "2010-12-31": 0, "2010-09-30": 0, "2010-06-30": 0, "2010-03-31": "", "2009-12-31": 0, "2009-09-30": 0, "2009-06-30": 0, "2009-03-31": "", "2008-12-31": 0, "2008-09-30": 0, "2008-06-30": 0, "2008-03-31": "", "2007-12-31": 0, "2007-09-30": 0, "2007-06-30": 0, "2007-03-31": "", "2006-12-31": 0, "2006-09-30": 0, "2006-06-30": -1.3, "2006-03-31": "-0.90000", "2005-12-31": 0, "2005-09-30": 0, "2005-06-30": 0, "2005-03-31": ""}, "Net Acquisitions/Divestitures": {"2020-12-31": 37.7, "2020-09-30": 0, "2020-06-30": 0, "2020-03-31": "-37.70000", "2019-12-31": -27.9, "2019-09-30": -33, "2019-06-30": 2.5, "2019-03-31": "-1.30000", "2018-12-31": -27.8, "2018-09-30": -22, "2018-06-30": -38.1, "2018-03-31": "", "2017-12-31": 0, "2017-09-30": 0, "2017-06-30": 0, "2017-03-31": "", "2016-12-31": 0, "2016-09-30": 0, "2016-06-30": 0, "2016-03-31": "", "2015-12-31": 0, "2015-09-30": 0, "2015-06-30": 0, "2015-03-31": "", "2014-12-31": -1.4, "2014-09-30": -1.7, "2014-06-30": -68.7, "2014-03-31": "-12.50000", "2013-12-31": 0, "2013-09-30": 0, "2013-06-30": 0, "2013-03-31": "", "2012-12-31": 15, "2012-09-30": -42.6, "2012-06-30": 0, "2012-03-31": "", "2011-12-31": 0, "2011-09-30": 0, "2011-06-30": 0, "2011-03-31": "", "2010-12-31": 0, "2010-09-30": 0, "2010-06-30": 0, "2010-03-31": "", "2009-12-31": 0, "2009-09-30": 0, "2009-06-30": 0, "2009-03-31": "", "2008-12-31": 0, "2008-09-30": 0, "2008-06-30": 0, "2008-03-31": "", "2007-12-31": 0, "2007-09-30": 0, "2007-06-30": 0, "2007-03-31": "", "2006-12-31": 0, "2006-09-30": 0, "2006-06-30": 0, "2006-03-31": "", "2005-12-31": 0, "2005-09-30": 0, "2005-06-30": 0, "2005-03-31": ""}, "Net Change In Short-term Investments": {"2020-12-31": 289, "2020-09-30": -289, "2020-06-30": 0, "2020-03-31": "", "2019-12-31": 432.8, "2019-09-30": -432.8, "2019-06-30": 0, "2019-03-31": "", "2018-12-31": -274, "2018-09-30": -450.9, "2018-06-30": 724.9, "2018-03-31": "", "2017-12-31": 0, "2017-09-30": 0, "2017-06-30": 0, "2017-03-31": "", "2016-12-31": -683.9, "2016-09-30": 683.9, "2016-06-30": -305.4, "2016-03-31": "305.40000", "2015-12-31": -520, "2015-09-30": 219, "2015-06-30": 742.1, "2015-03-31": "-208.00000", "2014-12-31": 204.2, "2014-09-30": 145.7, "2014-06-30": 782.2, "2014-03-31": "248.50000", "2013-12-31": -1164.3, "2013-09-30": 829.6, "2013-06-30": 453.6, "2013-03-31": "244.70000", "2012-12-31": 616.9, "2012-09-30": -1171.1, "2012-06-30": 267.8, "2012-03-31": "286.40000", "2011-12-31": 233, "2011-09-30": 293.8, "2011-06-30": 427, "2011-03-31": "182.30000", "2010-12-31": 987.1, "2010-09-30": 0, "2010-06-30": 0, "2010-03-31": "", "2009-12-31": -417.7, "2009-09-30": 417.7, "2009-06-30": -117.9, "2009-03-31": "117.90000", "2008-12-31": 0, "2008-09-30": 0, "2008-06-30": 0, "2008-03-31": "", "2007-12-31": 0, "2007-09-30": 0, "2007-06-30": 0, "2007-03-31": "", "2006-12-31": 0, "2006-09-30": 0, "2006-06-30": 0, "2006-03-31": "", "2005-12-31": 0, "2005-09-30": 0, "2005-06-30": 0, "2005-03-31": ""}, "Net Change In Long-Term Investments": {"2020-12-31": 0, "2020-09-30": -672.5, "2020-06-30": 646.7, "2020-03-31": "25.80000", "2019-12-31": -669.0999, "2019-09-30": 335.9, "2019-06-30": -143.1, "2019-03-31": "-192.80000", "2018-12-31": -128.9999, "2018-09-30": -52.7, "2018-06-30": -686.3, "2018-03-31": "93.70000", "2017-12-31": -284.7999, "2017-09-30": -208.6, "2017-06-30": -298.5, "2017-03-31": "1361.30000", "2016-12-31": 392.7, "2016-09-30": -1210.1, "2016-06-30": 79.6, "2016-03-31": "-487.70000", "2015-12-31": 126.6, "2015-09-30": -529.3, "2015-06-30": -738.4, "2015-03-31": "139.50000", "2014-12-31": -341.1, "2014-09-30": -388.9, "2014-06-30": -181.4, "2014-03-31": "-433.20000", "2013-12-31": 1130, "2013-09-30": -182.4, "2013-06-30": -371.6, "2013-03-31": "-576.00000", "2012-12-31": -703.9, "2012-09-30": 1022.9, "2012-06-30": -376.6, "2012-03-31": "-646.30000", "2011-12-31": -356.2, "2011-09-30": -450.1, "2011-06-30": -560.5, "2011-03-31": "-165.40000", "2010-12-31": -1098.6001, "2010-09-30": -69.0999, "2010-06-30": -86.3, "2010-03-31": "-131.40000", "2009-12-31": 277.1, "2009-09-30": -506.1, "2009-06-30": 116.6, "2009-03-31": "-133.70000", "2008-12-31": -105.31, "2008-09-30": -81.625, "2008-06-30": -52.256, "2008-03-31": "40.69100", "2007-12-31": -64.956, "2007-09-30": -62.879, "2007-06-30": -50.132, "2007-03-31": "-34.42600", "2006-12-31": -54.831, "2006-09-30": -25.169, "2006-06-30": 3.472, "2006-03-31": "-18.77100", "2005-12-31": -16.768, "2005-09-30": -30.681, "2005-06-30": -11.822, "2005-03-31": "-12.99200"}, "Net Change In Investments - Total": {"2020-12-31": 289, "2020-09-30": -961.5, "2020-06-30": 646.7, "2020-03-31": "25.80000", "2019-12-31": -236.2999, "2019-09-30": -96.9, "2019-06-30": -143.1, "2019-03-31": "-192.80000", "2018-12-31": -402.9999, "2018-09-30": -503.6, "2018-06-30": 38.6, "2018-03-31": "93.70000", "2017-12-31": -284.7999, "2017-09-30": -208.6, "2017-06-30": -298.5, "2017-03-31": "1361.30000", "2016-12-31": -291.2001, "2016-09-30": -526.1999, "2016-06-30": -225.8, "2016-03-31": "-182.30000", "2015-12-31": -393.4, "2015-09-30": -310.2999, "2015-06-30": 3.6999, "2015-03-31": "-68.50000", "2014-12-31": -136.9, "2014-09-30": -243.2, "2014-06-30": 600.8, "2014-03-31": "-184.70000", "2013-12-31": -34.3, "2013-09-30": 647.2, "2013-06-30": 82, "2013-03-31": "-331.30000", "2012-12-31": -87, "2012-09-30": -148.2, "2012-06-30": -108.8, "2012-03-31": "-359.90000", "2011-12-31": -123.2, "2011-09-30": -156.3, "2011-06-30": -133.5, "2011-03-31": "16.90000", "2010-12-31": -111.5001, "2010-09-30": -69.0999, "2010-06-30": -86.3, "2010-03-31": "-131.40000", "2009-12-31": -140.6, "2009-09-30": -88.4, "2009-06-30": -1.3, "2009-03-31": "-15.80000", "2008-12-31": -105.31, "2008-09-30": -81.625, "2008-06-30": -52.256, "2008-03-31": "40.69100", "2007-12-31": -64.956, "2007-09-30": -62.879, "2007-06-30": -50.132, "2007-03-31": "-34.42600", "2006-12-31": -54.831, "2006-09-30": -25.169, "2006-06-30": 3.472, "2006-03-31": "-18.77100", "2005-12-31": -16.768, "2005-09-30": -30.681, "2005-06-30": -11.822, "2005-03-31": "-12.99200"}, "Investing Activities - Other": {"2020-12-31": 0, "2020-09-30": 0, "2020-06-30": 0, "2020-03-31": "", "2019-12-31": 0, "2019-09-30": 0, "2019-06-30": 0, "2019-03-31": "", "2018-12-31": 0, "2018-09-30": 0, "2018-06-30": 0, "2018-03-31": "", "2017-12-31": 0, "2017-09-30": 0, "2017-06-30": 0, "2017-03-31": "", "2016-12-31": 0, "2016-09-30": 0, "2016-06-30": 0, "2016-03-31": "", "2015-12-31": 0, "2015-09-30": 0, "2015-06-30": 0, "2015-03-31": "", "2014-12-31": 0, "2014-09-30": 0, "2014-06-30": 0, "2014-03-31": "", "2013-12-31": 0, "2013-09-30": 0, "2013-06-30": 0, "2013-03-31": "", "2012-12-31": 0, "2012-09-30": 0, "2012-06-30": 0, "2012-03-31": "", "2011-12-31": 0, "2011-09-30": 0, "2011-06-30": 0, "2011-03-31": "", "2010-12-31": 0, "2010-09-30": 0, "2010-06-30": 0, "2010-03-31": "", "2009-12-31": 0, "2009-09-30": 0, "2009-06-30": 0, "2009-03-31": "", "2008-12-31": 0, "2008-09-30": 0, "2008-06-30": 0, "2008-03-31": "", "2007-12-31": 0, "2007-09-30": 0, "2007-06-30": 0, "2007-03-31": "", "2006-12-31": 0, "2006-09-30": 0, "2006-06-30": 0, "2006-03-31": "", "2005-12-31": -0.205, "2005-09-30": 0.001, "2005-06-30": 0, "2005-03-31": "0.20400"}, "Cash Flow From Investing Activities": {"2020-12-31": 606.3, "2020-09-30": -1025.9, "2020-06-30": 536.7, "2020-03-31": "-117.10000", "2019-12-31": -406.2, "2019-09-30": -216.6, "2019-06-30": -222.7, "2019-03-31": "-308.90000", "2018-12-31": -486.3, "2018-09-30": -572.6, "2018-06-30": -44.3, "2018-03-31": "53.60000", "2017-12-31": -315.8, "2017-09-30": -260, "2017-06-30": -353.8, "2017-03-31": "1308.30000", "2016-12-31": -309, "2016-09-30": -541.3, "2016-06-30": -237.2, "2016-03-31": "-191.90000", "2015-12-31": -413.1, "2015-09-30": -338.8, "2015-06-30": -9.9, "2015-03-31": "-87.70000", "2014-12-31": -203.5, "2014-09-30": -258.7, "2014-06-30": 513.6, "2014-03-31": "-205.30000", "2013-12-31": -63.2, "2013-09-30": 613.2, "2013-06-30": 57, "2013-03-31": "-348.00000", "2012-12-31": -142.7, "2012-09-30": -177.9, "2012-06-30": -116.9, "2012-03-31": "-408.20000", "2011-12-31": -138.4, "2011-09-30": -170.8, "2011-06-30": -172, "2011-03-31": "2.20000", "2010-12-31": -120.9, "2010-09-30": -119.2, "2010-06-30": -106.6, "2010-03-31": "-147.60000", "2009-12-31": -148.3, "2009-09-30": -93.8, "2009-06-30": -14.1, "2009-03-31": "-43.30000", "2008-12-31": -128.279, "2008-09-30": -112.621, "2008-06-30": -97.342, "2008-03-31": "33.74200", "2007-12-31": -76.791, "2007-09-30": -67.948, "2007-06-30": -54.53, "2007-03-31": "-37.13100", "2006-12-31": -58.638, "2006-09-30": -27.241, "2006-06-30": -4.599, "2006-03-31": "-22.87500", "2005-12-31": -42.078, "2005-09-30": -32.015, "2005-06-30": -15.425, "2005-03-31": "-13.78900"}, "Net Long-Term Debt": {"2020-12-31": 0, "2020-09-30": 0, "2020-06-30": 0, "2020-03-31": "", "2019-12-31": 0, "2019-09-30": 0, "2019-06-30": 0, "2019-03-31": "", "2018-12-31": 0, "2018-09-30": 0, "2018-06-30": 0, "2018-03-31": "", "2017-12-31": 0, "2017-09-30": 0, "2017-06-30": 0, "2017-03-31": "", "2016-12-31": 0, "2016-09-30": 0, "2016-06-30": 0, "2016-03-31": "", "2015-12-31": 0, "2015-09-30": 0, "2015-06-30": 0, "2015-03-31": "", "2014-12-31": 0, "2014-09-30": 0, "2014-06-30": 0, "2014-03-31": "", "2013-12-31": 0, "2013-09-30": 0, "2013-06-30": 0, "2013-03-31": "", "2012-12-31": 0, "2012-09-30": 0, "2012-06-30": 0, "2012-03-31": "", "2011-12-31": 0, "2011-09-30": 0, "2011-06-30": 0, "2011-03-31": "", "2010-12-31": 0, "2010-09-30": 0, "2010-06-30": 0, "2010-03-31": "", "2009-12-31": 0, "2009-09-30": 0, "2009-06-30": 0, "2009-03-31": "", "2008-12-31": 0, "2008-09-30": 0, "2008-06-30": 0, "2008-03-31": "", "2007-12-31": 0, "2007-09-30": 0, "2007-06-30": 0, "2007-03-31": "", "2006-12-31": 0, "2006-09-30": 0, "2006-06-30": 0, "2006-03-31": "", "2005-12-31": 0, "2005-09-30": 0, "2005-06-30": 0, "2005-03-31": ""}, "Net Current Debt": {"2020-12-31": 0, "2020-09-30": 0, "2020-06-30": 0, "2020-03-31": "", "2019-12-31": 0, "2019-09-30": 0, "2019-06-30": 0, "2019-03-31": "", "2018-12-31": 0, "2018-09-30": 0, "2018-06-30": 0, "2018-03-31": "", "2017-12-31": 0, "2017-09-30": 0, "2017-06-30": 0, "2017-03-31": "", "2016-12-31": 0, "2016-09-30": 0, "2016-06-30": 0, "2016-03-31": "", "2015-12-31": 0, "2015-09-30": 0, "2015-06-30": 0, "2015-03-31": "", "2014-12-31": 0, "2014-09-30": 0, "2014-06-30": 0, "2014-03-31": "", "2013-12-31": 0, "2013-09-30": 0, "2013-06-30": 0, "2013-03-31": "", "2012-12-31": 0, "2012-09-30": 0, "2012-06-30": 0, "2012-03-31": "", "2011-12-31": 0, "2011-09-30": 0, "2011-06-30": 0, "2011-03-31": "", "2010-12-31": 0, "2010-09-30": 0, "2010-06-30": 0, "2010-03-31": "", "2009-12-31": 0, "2009-09-30": 0, "2009-06-30": 0, "2009-03-31": "", "2008-12-31": 0, "2008-09-30": 0, "2008-06-30": 0, "2008-03-31": "", "2007-12-31": 0, "2007-09-30": 0, "2007-06-30": 0, "2007-03-31": "", "2006-12-31": 0, "2006-09-30": 0, "2006-06-30": 0, "2006-03-31": "", "2005-12-31": -0.034, "2005-09-30": -0.136, "2005-06-30": -0.176, "2005-03-31": "-0.26200"}, "Debt Issuance/Retirement Net - Total": {"2020-12-31": 0, "2020-09-30": 0, "2020-06-30": 0, "2020-03-31": "", "2019-12-31": 0, "2019-09-30": 0, "2019-06-30": 0, "2019-03-31": "", "2018-12-31": 0, "2018-09-30": 0, "2018-06-30": 0, "2018-03-31": "", "2017-12-31": 0, "2017-09-30": 0, "2017-06-30": 0, "2017-03-31": "", "2016-12-31": 0, "2016-09-30": 0, "2016-06-30": 0, "2016-03-31": "", "2015-12-31": 0, "2015-09-30": 0, "2015-06-30": 0, "2015-03-31": "", "2014-12-31": 0, "2014-09-30": 0, "2014-06-30": 0, "2014-03-31": "", "2013-12-31": 0, "2013-09-30": 0, "2013-06-30": 0, "2013-03-31": "", "2012-12-31": 0, "2012-09-30": 0, "2012-06-30": 0, "2012-03-31": "", "2011-12-31": 0, "2011-09-30": 0, "2011-06-30": 0, "2011-03-31": "", "2010-12-31": 0, "2010-09-30": 0, "2010-06-30": 0, "2010-03-31": "", "2009-12-31": 0, "2009-09-30": 0, "2009-06-30": 0, "2009-03-31": "", "2008-12-31": 0, "2008-09-30": 0, "2008-06-30": 0, "2008-03-31": "", "2007-12-31": 0, "2007-09-30": 0, "2007-06-30": 0, "2007-03-31": "", "2006-12-31": 0, "2006-09-30": 0, "2006-06-30": 0, "2006-03-31": "", "2005-12-31": -0.034, "2005-09-30": -0.136, "2005-06-30": -0.176, "2005-03-31": "-0.26200"}, "Net Common Equity Issued/Repurchased": {"2020-12-31": -167.9, "2020-09-30": 113.9, "2020-06-30": 62.7, "2020-03-31": "-8.70000", "2019-12-31": 67.1, "2019-09-30": 16.6, "2019-06-30": -169.2, "2019-03-31": "88.80000", "2018-12-31": 37, "2018-09-30": 64.7, "2018-06-30": 48.7, "2018-03-31": "86.20000", "2017-12-31": -240.1, "2017-09-30": 85.2, "2017-06-30": 127.3, "2017-03-31": "-1830.90000", "2016-12-31": -3.9, "2016-09-30": 101.9, "2016-06-30": 189.7, "2016-03-31": "250.70000", "2015-12-31": -17.1, "2015-09-30": 101, "2015-06-30": 28, "2015-03-31": "65.50000", "2014-12-31": 107.6, "2014-09-30": 85.5, "2014-06-30": -975.8, "2014-03-31": "66.30000", "2013-12-31": 22.6999, "2013-09-30": -667.9999, "2013-06-30": -246.9, "2013-03-31": "-56.40000", "2012-12-31": 33.6, "2012-09-30": -131.9, "2012-06-30": 40.4, "2012-03-31": "82.90000", "2011-12-31": 79, "2011-09-30": -90.7, "2011-06-30": -107.4, "2011-03-31": "47.90000", "2010-12-31": -131.5, "2010-09-30": -41.9, "2010-06-30": 23.4, "2010-03-31": "92.50000", "2009-12-31": 25, "2009-09-30": 21.7, "2009-06-30": 6.4, "2009-03-31": "-144.40000", "2008-12-31": 2.707, "2008-09-30": 18.675, "2008-06-30": 8.299, "2008-03-31": "15.01900", "2007-12-31": 14.368, "2007-09-30": 21.354, "2007-06-30": 10.597, "2007-03-31": "9.66000", "2006-12-31": 3.296, "2006-09-30": 4.227, "2006-06-30": 5.152, "2006-03-31": "6.46800", "2005-12-31": 12.243, "2005-09-30": 11.558, "2005-06-30": 2.165, "2005-03-31": "6.95800"}, "Net Total Equity Issued/Repurchased": {"2020-12-31": -167.9, "2020-09-30": 113.9, "2020-06-30": 62.7, "2020-03-31": "-8.70000", "2019-12-31": 67.1, "2019-09-30": 16.6, "2019-06-30": -169.2, "2019-03-31": "88.80000", "2018-12-31": 37, "2018-09-30": 64.7, "2018-06-30": 48.7, "2018-03-31": "86.20000", "2017-12-31": -240.1, "2017-09-30": 85.2, "2017-06-30": 127.3, "2017-03-31": "-1830.90000", "2016-12-31": -3.9, "2016-09-30": 101.9, "2016-06-30": 189.7, "2016-03-31": "250.70000", "2015-12-31": -17.1, "2015-09-30": 101, "2015-06-30": 28, "2015-03-31": "65.50000", "2014-12-31": 107.6, "2014-09-30": 85.5, "2014-06-30": -975.8, "2014-03-31": "66.30000", "2013-12-31": 22.6999, "2013-09-30": -667.9999, "2013-06-30": -246.9, "2013-03-31": "-56.40000", "2012-12-31": 33.6, "2012-09-30": -131.9, "2012-06-30": 40.4, "2012-03-31": "82.90000", "2011-12-31": 79, "2011-09-30": -90.7, "2011-06-30": -107.4, "2011-03-31": "47.90000", "2010-12-31": -131.5, "2010-09-30": -41.9, "2010-06-30": 23.4, "2010-03-31": "92.50000", "2009-12-31": 25, "2009-09-30": 21.7, "2009-06-30": 6.4, "2009-03-31": "-144.40000", "2008-12-31": 2.707, "2008-09-30": 18.675, "2008-06-30": 8.299, "2008-03-31": "15.01900", "2007-12-31": 14.368, "2007-09-30": 21.354, "2007-06-30": 10.597, "2007-03-31": "9.66000", "2006-12-31": 3.296, "2006-09-30": 4.227, "2006-06-30": 5.152, "2006-03-31": "6.46800", "2005-12-31": 12.243, "2005-09-30": 11.558, "2005-06-30": 2.165, "2005-03-31": "6.95800"}, "Total Common And Preferred Stock Dividends Paid": {"2020-12-31": 0, "2020-09-30": 0, "2020-06-30": 0, "2020-03-31": "", "2019-12-31": 0, "2019-09-30": 0, "2019-06-30": 0, "2019-03-31": "", "2018-12-31": 0, "2018-09-30": 0, "2018-06-30": 0, "2018-03-31": "", "2017-12-31": 0, "2017-09-30": 0, "2017-06-30": 0, "2017-03-31": "", "2016-12-31": 0, "2016-09-30": 0, "2016-06-30": 0, "2016-03-31": "", "2015-12-31": 0, "2015-09-30": 0, "2015-06-30": 0, "2015-03-31": "", "2014-12-31": 0, "2014-09-30": 0, "2014-06-30": 0, "2014-03-31": "", "2013-12-31": 0, "2013-09-30": 0, "2013-06-30": 0, "2013-03-31": "", "2012-12-31": 0, "2012-09-30": 0, "2012-06-30": 0, "2012-03-31": "", "2011-12-31": 0, "2011-09-30": 0, "2011-06-30": 0, "2011-03-31": "", "2010-12-31": 0, "2010-09-30": 0, "2010-06-30": 0, "2010-03-31": "", "2009-12-31": 0, "2009-09-30": 0, "2009-06-30": 0, "2009-03-31": "", "2008-12-31": 0, "2008-09-30": 0, "2008-06-30": 0, "2008-03-31": "", "2007-12-31": 0, "2007-09-30": 0, "2007-06-30": 0, "2007-03-31": "", "2006-12-31": 0, "2006-09-30": 0, "2006-06-30": 0, "2006-03-31": "", "2005-12-31": 0, "2005-09-30": 0, "2005-06-30": 0, "2005-03-31": ""}, "Financial Activities - Other": {"2020-12-31": 213.8, "2020-09-30": -28.7, "2020-06-30": -15.1, "2020-03-31": "-170.00000", "2019-12-31": -16.3, "2019-09-30": -15.4, "2019-06-30": -9.4, "2019-03-31": "-130.60000", "2018-12-31": -3.3, "2018-09-30": -7, "2018-06-30": -5.5, "2018-03-31": "-94.50000", "2017-12-31": -3, "2017-09-30": -1.6, "2017-06-30": -2.6, "2017-03-31": "-47.40000", "2016-12-31": -0.8, "2016-09-30": -1.4, "2016-06-30": -1.2, "2016-03-31": "-20.60000", "2015-12-31": -41, "2015-09-30": 11.4, "2015-06-30": 10.8, "2015-03-31": "0.50000", "2014-12-31": 8.8, "2014-09-30": 9.1, "2014-06-30": 1.8, "2014-03-31": "4.30000", "2013-12-31": 6.9, "2013-09-30": 4.6, "2013-06-30": 5.9, "2013-03-31": "20.60000", "2012-12-31": 39.5, "2012-09-30": 10, "2012-06-30": 24.5, "2012-03-31": "20.20000", "2011-12-31": 13.9, "2011-09-30": 20.5, "2011-06-30": 10.7, "2011-03-31": "13.70000", "2010-12-31": 8.9, "2010-09-30": 9.4, "2010-06-30": 14.7, "2010-03-31": "32.20000", "2009-12-31": 15.9, "2009-09-30": 8.2, "2009-06-30": 1, "2009-03-31": "", "2008-12-31": 0.509, "2008-09-30": 17.211, "2008-06-30": 16.339, "2008-03-31": "19.24100", "2007-12-31": 15.723, "2007-09-30": 18.174, "2007-06-30": 16.504, "2007-03-31": "12.46700", "2006-12-31": 8.197, "2006-09-30": 9.31, "2006-06-30": 5.533, "2006-03-31": "", "2005-12-31": 0, "2005-09-30": 0, "2005-06-30": 0, "2005-03-31": ""}, "Cash Flow From Financial Activities": {"2020-12-31": 45.9, "2020-09-30": 85.2, "2020-06-30": 47.6, "2020-03-31": "-178.70000", "2019-12-31": 50.8, "2019-09-30": 1.2, "2019-06-30": -178.6, "2019-03-31": "-41.80000", "2018-12-31": 33.7, "2018-09-30": 57.7, "2018-06-30": 43.2, "2018-03-31": "-8.30000", "2017-12-31": -243.1, "2017-09-30": 83.6, "2017-06-30": 124.7, "2017-03-31": "-1878.30000", "2016-12-31": -4.7, "2016-09-30": 100.5, "2016-06-30": 188.5, "2016-03-31": "230.10000", "2015-12-31": -58.1, "2015-09-30": 112.4, "2015-06-30": 38.8, "2015-03-31": "66.00000", "2014-12-31": 116.4, "2014-09-30": 94.6, "2014-06-30": -974, "2014-03-31": "70.60000", "2013-12-31": 29.6, "2013-09-30": -663.4, "2013-06-30": -241, "2013-03-31": "-35.80000", "2012-12-31": 73.1, "2012-09-30": -121.9, "2012-06-30": 64.9, "2012-03-31": "103.10000", "2011-12-31": 92.9, "2011-09-30": -70.2, "2011-06-30": -96.7, "2011-03-31": "61.60000", "2010-12-31": -122.6, "2010-09-30": -32.5, "2010-06-30": 38.1, "2010-03-31": "124.70000", "2009-12-31": 40.9, "2009-09-30": 29.9, "2009-06-30": 7.4, "2009-03-31": "-144.40000", "2008-12-31": 3.216, "2008-09-30": 35.886, "2008-06-30": 24.638, "2008-03-31": "34.26000", "2007-12-31": 30.091, "2007-09-30": 39.528, "2007-06-30": 27.101, "2007-03-31": "22.12700", "2006-12-31": 11.493, "2006-09-30": 13.537, "2006-06-30": 10.685, "2006-03-31": "6.46800", "2005-12-31": 12.209, "2005-09-30": 11.422, "2005-06-30": 1.989, "2005-03-31": "6.69600"}, "Net Cash Flow": {"2020-12-31": -203.1, "2020-09-30": -666.5, "2020-06-30": 813.4, "2020-03-31": "56.20000", "2019-12-31": 198, "2019-09-30": 179.3, "2019-06-30": -85.4, "2019-03-31": "-18.70000", "2018-12-31": -113.9, "2018-09-30": -195.2, "2018-06-30": 228.8, "2018-03-31": "326.50000", "2017-12-31": -226.8, "2017-09-30": 178.5, "2017-06-30": -12.1, "2017-03-31": "-328.00000", "2016-12-31": 15, "2016-09-30": -171.9, "2016-06-30": 213, "2016-03-31": "265.90000", "2015-12-31": -153.6, "2015-09-30": -47.2, "2015-06-30": 214.3, "2015-03-31": "100.80000", "2014-12-31": 107.3, "2014-09-30": -14.6, "2014-06-30": -306.4, "2014-03-31": "31.90000", "2013-12-31": 195.3, "2013-09-30": 154.1, "2013-06-30": 5.2, "2013-03-31": "-126.20000", "2012-12-31": 157.5, "2012-09-30": -88.2, "2012-06-30": 158.5, "2012-03-31": "-139.90000", "2011-12-31": 167.6, "2011-09-30": -83.8, "2011-06-30": -67.8, "2011-03-31": "170.00000", "2010-12-31": -102.2, "2010-09-30": -38, "2010-06-30": 106.4, "2010-03-31": "92.20000", "2009-12-31": 15.3, "2009-09-30": 32.7, "2009-06-30": 76.8, "2009-03-31": "-98.00000", "2008-12-31": -32.989, "2008-09-30": 4.591, "2008-06-30": -7.785, "2008-03-31": "107.98300", "2007-12-31": 36.432, "2007-09-30": 20.681, "2007-06-30": 12.957, "2007-03-31": "18.36500", "2006-12-31": -19.055, "2006-09-30": 22.384, "2006-06-30": 25.845, "2006-03-31": "-0.29200", "2005-12-31": -3.221, "2005-09-30": 0.757, "2005-06-30": -3.053, "2005-03-31": "5.25400"}, "Stock-Based Compensation": {"2020-12-31": -292.3, "2020-09-30": 105.8, "2020-06-30": 95.9, "2020-03-31": "90.60000", "2019-12-31": 89.2, "2019-09-30": 88.9, "2019-06-30": 81.6, "2019-03-31": "76.10000", "2018-12-31": 70.4, "2018-09-30": 70, "2018-06-30": 63.3, "2018-03-31": "57.50000", "2017-12-31": 55.6, "2017-09-30": 55.7, "2017-06-30": 50.4, "2017-03-31": "47.40000", "2016-12-31": 45.5, "2016-09-30": 46.8, "2016-06-30": 42.6, "2016-03-31": "42.70000", "2015-12-31": 41.3, "2015-09-30": 44.2, "2015-06-30": 41.3, "2015-03-31": "41.10000", "2014-12-31": 41.1, "2014-09-30": 45.1, "2014-06-30": 41.9, "2014-03-31": "40.80000", "2013-12-31": 41.6, "2013-09-30": 50.4, "2013-06-30": 38.7, "2013-03-31": "38.20000", "2012-12-31": 38.3, "2012-09-30": 47.3, "2012-06-30": 33.3, "2012-03-31": "34.40000", "2011-12-31": 34.6, "2011-09-30": 34.9, "2011-06-30": 34.8, "2011-03-31": "32.10000", "2010-12-31": 30.1, "2010-09-30": 30.4, "2010-06-30": 30.3, "2010-03-31": "26.80000", "2009-12-31": 25.1, "2009-09-30": 24.5, "2009-06-30": 24.7, "2009-03-31": "22.70000", "2008-12-31": 21.353, "2008-09-30": 20.965, "2008-06-30": 19.718, "2008-03-31": "14.56400", "2007-12-31": 10.11, "2007-09-30": 8.726, "2007-06-30": 9.351, "2007-03-31": "8.10500", "2006-12-31": 6.785, "2006-09-30": 6.95, "2006-06-30": 6.461, "2006-03-31": "5.06400", "2005-12-31": 0, "2005-09-30": 0, "2005-06-30": 0, "2005-03-31": ""}, "Common Stock Dividends Paid": {"2020-12-31": 0, "2020-09-30": 0, "2020-06-30": 0, "2020-03-31": "", "2019-12-31": 0, "2019-09-30": 0, "2019-06-30": 0, "2019-03-31": "", "2018-12-31": 0, "2018-09-30": 0, "2018-06-30": 0, "2018-03-31": "", "2017-12-31": 0, "2017-09-30": 0, "2017-06-30": 0, "2017-03-31": "", "2016-12-31": 0, "2016-09-30": 0, "2016-06-30": 0, "2016-03-31": "", "2015-12-31": 0, "2015-09-30": 0, "2015-06-30": 0, "2015-03-31": "", "2014-12-31": 0, "2014-09-30": 0, "2014-06-30": 0, "2014-03-31": "", "2013-12-31": 0, "2013-09-30": 0, "2013-06-30": 0, "2013-03-31": "", "2012-12-31": 0, "2012-09-30": 0, "2012-06-30": 0, "2012-03-31": "", "2011-12-31": 0, "2011-09-30": 0, "2011-06-30": 0, "2011-03-31": "", "2010-12-31": 0, "2010-09-30": 0, "2010-06-30": 0, "2010-03-31": "", "2009-12-31": 0, "2009-09-30": 0, "2009-06-30": 0, "2009-03-31": "", "2008-12-31": 0, "2008-09-30": 0, "2008-06-30": 0, "2008-03-31": "", "2007-12-31": 0, "2007-09-30": 0, "2007-06-30": 0, "2007-03-31": "", "2006-12-31": 0, "2006-09-30": 0, "2006-06-30": 0, "2006-03-31": "", "2005-12-31": 0, "2005-09-30": 0, "2005-06-30": 0, "2005-03-31": ""}}, "financial ratios": {"Current Ratio": {"2019-12-31": "4.52590", "2018-12-31": "5.28050", "2017-12-31": "4.23790", "2016-12-31": "5.44910", "2015-12-31": "4.46330", "2014-12-31": "3.61510", "2013-12-31": "5.07320", "2012-12-31": "4.71310", "2011-12-31": "4.57360", "2010-12-31": "4.65960", "2009-12-31": "4.17700", "2008-12-31": "4.27860", "2007-12-31": "4.62620", "2006-12-31": "4.64190", "2005-12-31": "3.59830"}, "Long-term Debt / Capital": {"2019-12-31": "", "2018-12-31": "", "2017-12-31": "", "2016-12-31": "", "2015-12-31": "", "2014-12-31": "", "2013-12-31": "", "2012-12-31": "", "2011-12-31": "", "2010-12-31": "", "2009-12-31": "", "2008-12-31": "", "2007-12-31": "", "2006-12-31": "", "2005-12-31": ""}, "Debt/Equity Ratio": {"2019-12-31": "", "2018-12-31": "", "2017-12-31": "", "2016-12-31": "", "2015-12-31": "", "2014-12-31": "", "2013-12-31": "", "2012-12-31": "", "2011-12-31": "", "2010-12-31": "", "2009-12-31": "", "2008-12-31": "", "2007-12-31": "", "2006-12-31": "", "2005-12-31": ""}, "Gross Margin": {"2019-12-31": "69.44740", "2018-12-31": "69.92370", "2017-12-31": "70.16760", "2016-12-31": "69.93900", "2015-12-31": "66.17600", "2014-12-31": "66.32270", "2013-12-31": "70.38100", "2012-12-31": "72.07180", "2011-12-31": "72.48620", "2010-12-31": "72.89460", "2009-12-31": "71.38380", "2008-12-31": "70.95670", "2007-12-31": "68.95250", "2006-12-31": "66.50070", "2005-12-31": "67.55100"}, "Operating Margin": {"2019-12-31": "30.69110", "2018-12-31": "32.20560", "2017-12-31": "33.86970", "2016-12-31": "35.08960", "2015-12-31": "31.03510", "2014-12-31": "25.55710", "2013-12-31": "37.63630", "2012-12-31": "40.30200", "2011-12-31": "39.53790", "2010-12-31": "39.29230", "2009-12-31": "35.86770", "2008-12-31": "35.52410", "2007-12-31": "34.40950", "2006-12-31": "28.80610", "2005-12-31": "30.25100"}, "EBIT Margin": {"2019-12-31": "30.69110", "2018-12-31": "32.20560", "2017-12-31": "33.86970", "2016-12-31": "35.08960", "2015-12-31": "31.03510", "2014-12-31": "25.55710", "2013-12-31": "37.63630", "2012-12-31": "40.30200", "2011-12-31": "39.53790", "2010-12-31": "39.29230", "2009-12-31": "35.86770", "2008-12-31": "35.52410", "2007-12-31": "34.40950", "2006-12-31": "28.80610", "2005-12-31": "30.25100"}, "EBITDA Margin": {"2019-12-31": "35.51640", "2018-12-31": "35.78760", "2017-12-31": "37.37490", "2016-12-31": "38.86570", "2015-12-31": "35.89580", "2014-12-31": "30.63750", "2013-12-31": "42.23210", "2012-12-31": "42.95480", "2011-12-31": "43.47010", "2010-12-31": "43.41120", "2009-12-31": "39.15610", "2008-12-31": "38.39300", "2007-12-31": "36.57770", "2006-12-31": "31.49170", "2005-12-31": "33.21220"}, "Pre-Tax Profit Margin": {"2019-12-31": "33.54250", "2018-12-31": "34.35640", "2017-12-31": "35.20490", "2016-12-31": "36.40500", "2015-12-31": "31.81090", "2014-12-31": "25.75410", "2013-12-31": "38.44860", "2012-12-31": "41.02720", "2011-12-31": "40.38580", "2010-12-31": "40.50250", "2009-12-31": "37.64490", "2008-12-31": "38.31300", "2007-12-31": "39.48450", "2006-12-31": "32.23610", "2005-12-31": "32.46580"}, "Net Profit Margin": {"2019-12-31": "30.79830", "2018-12-31": "30.28570", "2017-12-31": "21.37850", "2016-12-31": "27.27880", "2015-12-31": "24.69380", "2014-12-31": "19.64630", "2013-12-31": "29.62340", "2012-12-31": "30.13590", "2011-12-31": "28.17390", "2010-12-31": "27.02050", "2009-12-31": "22.10610", "2008-12-31": "23.35120", "2007-12-31": "24.05630", "2006-12-31": "19.33120", "2005-12-31": "41.40710"}, "Asset Turnover": {"2019-12-31": "0.46010", "2018-12-31": "0.47460", "2017-12-31": "0.54320", "2016-12-31": "0.41720", "2015-12-31": "0.48590", "2014-12-31": "0.53840", "2013-12-31": "0.57340", "2012-12-31": "0.53680", "2011-12-31": "0.57370", "2010-12-31": "0.59110", "2009-12-31": "0.58140", "2008-12-31": "0.59330", "2007-12-31": "0.57770", "2006-12-31": "0.55480", "2005-12-31": "0.45320"}, "Inventory Turnover Ratio": {"2019-12-31": "2.29770", "2018-12-31": "2.73860", "2017-12-31": "3.88140", "2016-12-31": "4.46300", "2015-12-31": "4.80350", "2014-12-31": "3.95100", "2013-12-31": "3.73550", "2012-12-31": "5.00820", "2011-12-31": "4.31310", "2010-12-31": "4.41240", "2009-12-31": "5.22740", "2008-12-31": "4.00410", "2007-12-31": "5.75460", "2006-12-31": "5.13880", "2005-12-31": "4.86280"}, "Receiveable Turnover": {"2019-12-31": "6.94130", "2018-12-31": "5.45830", "2017-12-31": "6.17880", "2016-12-31": "6.29130", "2015-12-31": "6.04720", "2014-12-31": "6.76520", "2013-12-31": "7.51530", "2012-12-31": "5.88390", "2011-12-31": "5.89900", "2010-12-31": "5.72530", "2009-12-31": "5.12270", "2008-12-31": "5.14320", "2007-12-31": "4.60860", "2006-12-31": "3.93620", "2005-12-31": "4.30170"}, "Days Sales In Receivables": {"2019-12-31": "52.58410", "2018-12-31": "66.87060", "2017-12-31": "59.07320", "2016-12-31": "58.01700", "2015-12-31": "60.35880", "2014-12-31": "53.95300", "2013-12-31": "48.56780", "2012-12-31": "62.03390", "2011-12-31": "61.87530", "2010-12-31": "63.75230", "2009-12-31": "71.25170", "2008-12-31": "70.96700", "2007-12-31": "79.19910", "2006-12-31": "92.72840", "2005-12-31": "84.85110"}, "ROE - Return On Equity": {"2019-12-31": "16.67890", "2018-12-31": "16.82240", "2017-12-31": "14.03440", "2016-12-31": "12.77820", "2015-12-31": "13.63120", "2014-12-31": "12.39270", "2013-12-31": "19.16380", "2012-12-31": "18.34030", "2011-12-31": "18.71410", "2010-12-31": "18.73960", "2009-12-31": "15.13040", "2008-12-31": "16.12770", "2007-12-31": "16.26430", "2006-12-31": "12.21700", "2005-12-31": "21.26890"}, "Return On Tangible Equity": {"2019-12-31": "18.33570", "2018-12-31": "18.18650", "2017-12-31": "15.30510", "2016-12-31": "13.23900", "2015-12-31": "14.73620", "2014-12-31": "13.70820", "2013-12-31": "20.52050", "2012-12-31": "19.66690", "2011-12-31": "20.14490", "2010-12-31": "20.58890", "2009-12-31": "16.97320", "2008-12-31": "18.57610", "2007-12-31": "19.15770", "2006-12-31": "15.47170", "2005-12-31": "30.11320"}, "ROA - Return On Assets": {"2019-12-31": "14.19680", "2018-12-31": "14.33720", "2017-12-31": "11.61370", "2016-12-31": "11.38140", "2015-12-31": "11.99850", "2014-12-31": "10.57740", "2013-12-31": "16.98610", "2012-12-31": "16.17560", "2011-12-31": "16.16340", "2010-12-31": "15.97220", "2009-12-31": "12.85300", "2008-12-31": "13.85440", "2007-12-31": "13.89780", "2006-12-31": "10.72420", "2005-12-31": "18.76720"}, "ROI - Return On Investment": {"2019-12-31": "16.67890", "2018-12-31": "16.82240", "2017-12-31": "14.03440", "2016-12-31": "12.77820", "2015-12-31": "13.63120", "2014-12-31": "12.39270", "2013-12-31": "19.16380", "2012-12-31": "18.34030", "2011-12-31": "18.71410", "2010-12-31": "18.73960", "2009-12-31": "15.13040", "2008-12-31": "16.12770", "2007-12-31": "16.26430", "2006-12-31": "12.21700", "2005-12-31": "21.26890"}, "Book Value Per Share": {"2019-12-31": "71.41980", "2018-12-31": "58.40610", "2017-12-31": "42.56810", "2016-12-31": "49.63750", "2015-12-31": "38.49820", "2014-12-31": "30.77780", "2013-12-31": "30.55320", "2012-12-31": "29.68570", "2011-12-31": "22.43940", "2010-12-31": "17.45840", "2009-12-31": "13.31000", "2008-12-31": "10.77650", "2007-12-31": "7.70010", "2006-12-31": "5.29930", "2005-12-31": "4.07680"}, "Operating Cash Flow Per Share": {"2019-12-31": 3.529, "2018-12-31": 0.0093, "2017-12-31": 0.6161, "2016-12-31": 2.1291, "2015-12-31": 1.21, "2014-12-31": -1.4344, "2013-12-31": 0.7116, "2012-12-31": 0.9848, "2011-12-31": 1.1041, "2010-12-31": 1.1795, "2009-12-31": 1.0109, "2008-12-31": 0.567, "2007-12-31": 0.8834, "2006-12-31": 0.2443, "2005-12-31": 0.6294}, "Free Cash Flow Per Share": {"2019-12-31": 1.5449, "2018-12-31": 0.0717, "2017-12-31": -0.5665, "2016-12-31": 2.3843, "2015-12-31": 1.4313, "2014-12-31": -1.4987, "2013-12-31": 0.7684, "2012-12-31": 0.746, "2011-12-31": 1.2108, "2010-12-31": 0.8394, "2009-12-31": 1.4424, "2008-12-31": -0.1134, "2007-12-31": 0.817, "2006-12-31": 0.3816, "2005-12-31": 0.3534}}, "financial ratios, quarterly": {"Current Ratio": {"2020-09-30": "7.04180", "2020-06-30": "6.37870", "2020-03-31": "4.95980", "2019-12-31": "4.52590", "2019-09-30": "4.63740", "2019-06-30": "5.04220", "2019-03-31": "5.43770", "2018-12-31": "5.28050", "2018-09-30": "6.04660", "2018-06-30": "5.98150", "2018-03-31": "5.81850", "2017-12-31": "4.23790", "2017-09-30": "4.75700", "2017-06-30": "4.40510", "2017-03-31": "3.88340", "2016-12-31": "5.44910", "2016-09-30": "5.51300", "2016-06-30": "5.77610", "2016-03-31": "5.31330", "2015-12-31": "4.46330", "2015-09-30": "5.01210", "2015-06-30": "4.55990", "2015-03-31": "4.28820", "2014-12-31": "3.61510", "2014-09-30": "3.31300", "2014-06-30": "3.09220", "2014-03-31": "4.52140", "2013-12-31": "5.07320", "2013-09-30": "4.71960", "2013-06-30": "4.76080", "2013-03-31": "5.01770", "2012-12-31": "4.71310", "2012-09-30": "4.53030", "2012-06-30": "4.91150", "2012-03-31": "4.57940", "2011-12-31": "4.57360", "2011-09-30": "4.61770", "2011-06-30": "4.98280", "2011-03-31": "5.88030", "2010-12-31": "4.65960", "2010-09-30": "4.86910", "2010-06-30": "5.19560", "2010-03-31": "5.86590", "2009-12-31": "4.17700", "2009-09-30": "4.20920", "2009-06-30": "3.56460", "2009-03-31": "3.46370", "2008-12-31": "4.27860", "2008-09-30": "4.43720", "2008-06-30": "4.32350", "2008-03-31": "4.88000", "2007-12-31": "4.62620", "2007-09-30": "5.19660", "2007-06-30": "4.98150", "2007-03-31": "5.28670", "2006-12-31": "4.64190", "2006-09-30": "4.62830", "2006-06-30": "4.47910", "2006-03-31": "4.85740", "2005-12-31": "3.59830", "2005-09-30": "5.42840", "2005-06-30": "5.19180", "2005-03-31": "5.03880"}, "Long-term Debt / Capital": {"2020-09-30": "", "2020-06-30": "", "2020-03-31": "", "2019-12-31": "", "2019-09-30": "", "2019-06-30": "", "2019-03-31": "", "2018-12-31": "", "2018-09-30": "", "2018-06-30": "", "2018-03-31": "", "2017-12-31": "", "2017-09-30": "", "2017-06-30": "", "2017-03-31": "", "2016-12-31": "", "2016-09-30": "", "2016-06-30": "", "2016-03-31": "", "2015-12-31": "", "2015-09-30": "", "2015-06-30": "", "2015-03-31": "", "2014-12-31": "", "2014-09-30": "", "2014-06-30": "", "2014-03-31": "", "2013-12-31": "", "2013-09-30": "", "2013-06-30": "", "2013-03-31": "", "2012-12-31": "", "2012-09-30": "", "2012-06-30": "", "2012-03-31": "", "2011-12-31": "", "2011-09-30": "", "2011-06-30": "", "2011-03-31": "", "2010-12-31": "", "2010-09-30": "", "2010-06-30": "", "2010-03-31": "", "2009-12-31": "", "2009-09-30": "", "2009-06-30": "", "2009-03-31": "", "2008-12-31": "", "2008-09-30": "", "2008-06-30": "", "2008-03-31": "", "2007-12-31": "", "2007-09-30": "", "2007-06-30": "", "2007-03-31": "", "2006-12-31": "", "2006-09-30": "", "2006-06-30": "", "2006-03-31": "", "2005-12-31": "", "2005-09-30": "", "2005-06-30": "", "2005-03-31": ""}, "Debt/Equity Ratio": {"2020-09-30": "", "2020-06-30": "", "2020-03-31": "", "2019-12-31": "", "2019-09-30": "", "2019-06-30": "", "2019-03-31": "", "2018-12-31": "", "2018-09-30": "", "2018-06-30": "", "2018-03-31": "", "2017-12-31": "", "2017-09-30": "", "2017-06-30": "", "2017-03-31": "", "2016-12-31": "", "2016-09-30": "", "2016-06-30": "", "2016-03-31": "", "2015-12-31": "", "2015-09-30": "", "2015-06-30": "", "2015-03-31": "", "2014-12-31": "", "2014-09-30": "", "2014-06-30": "", "2014-03-31": "", "2013-12-31": "", "2013-09-30": "", "2013-06-30": "", "2013-03-31": "", "2012-12-31": "", "2012-09-30": "", "2012-06-30": "", "2012-03-31": "", "2011-12-31": "", "2011-09-30": "", "2011-06-30": "", "2011-03-31": "", "2010-12-31": "", "2010-09-30": "", "2010-06-30": "", "2010-03-31": "", "2009-12-31": "", "2009-09-30": "", "2009-06-30": "", "2009-03-31": "", "2008-12-31": "", "2008-09-30": "", "2008-06-30": "", "2008-03-31": "", "2007-12-31": "", "2007-09-30": "", "2007-06-30": "", "2007-03-31": "", "2006-12-31": "", "2006-09-30": "", "2006-06-30": "", "2006-03-31": "", "2005-12-31": "", "2005-09-30": "0.00010", "2005-06-30": "0.00050", "2005-03-31": "0.00110"}, "Gross Margin": {"2020-09-30": "67.20800", "2020-06-30": "59.01890", "2020-03-31": "67.13960", "2019-12-31": "70.12600", "2019-09-30": "69.63300", "2019-06-30": "69.06910", "2019-03-31": "68.76860", "2018-12-31": "70.30100", "2018-09-30": "69.74700", "2018-06-30": "69.53700", "2018-03-31": "70.06490", "2017-12-31": "71.07630", "2017-09-30": "70.32680", "2017-06-30": "69.86030", "2017-03-31": "69.12890", "2016-12-31": "69.82870", "2016-09-30": "71.31350", "2016-06-30": "70.27310", "2016-03-31": "68.12450", "2015-12-31": "67.81970", "2015-09-30": "67.11890", "2015-06-30": "65.94440", "2015-03-31": "63.29640", "2014-12-31": "65.05710", "2014-09-30": "65.55170", "2014-06-30": "67.23940", "2014-03-31": "67.87170", "2013-12-31": "69.07320", "2013-09-30": "71.48300", "2013-06-30": "70.04320", "2013-03-31": "71.03370", "2012-12-31": "71.86940", "2012-09-30": "72.53630", "2012-06-30": "72.02240", "2012-03-31": "71.87000", "2011-12-31": "73.04750", "2011-09-30": "72.86770", "2011-06-30": "72.02260", "2011-03-31": "71.83720", "2010-12-31": "72.46340", "2010-09-30": "72.76420", "2010-06-30": "73.22500", "2010-03-31": "73.18930", "2009-12-31": "72.17580", "2009-09-30": "71.04610", "2009-06-30": "72.98540", "2009-03-31": "68.31210", "2008-12-31": "71.42290", "2008-09-30": "71.85630", "2008-06-30": "71.19700", "2008-03-31": "68.97510", "2007-12-31": "71.36600", "2007-09-30": "69.13140", "2007-06-30": "67.10070", "2007-03-31": "66.97780", "2006-12-31": "66.57810", "2006-09-30": "64.93970", "2006-06-30": "67.77020", "2006-03-31": "66.89400", "2005-12-31": "67.35930", "2005-09-30": "69.18720", "2005-06-30": "67.53170", "2005-03-31": "65.51400"}, "Operating Margin": {"2020-09-30": "25.09050", "2020-06-30": "9.45900", "2020-03-31": "25.73900", "2019-12-31": "31.11840", "2019-09-30": "32.41450", "2019-06-30": "32.66900", "2019-03-31": "25.90120", "2018-12-31": "31.72480", "2018-09-30": "34.02110", "2018-06-30": "30.50700", "2018-03-31": "32.64900", "2017-12-31": "36.88340", "2017-09-30": "34.73630", "2017-06-30": "34.25150", "2017-03-31": "28.45790", "2016-12-31": "35.42820", "2016-09-30": "37.54580", "2016-06-30": "36.62140", "2016-03-31": "30.10930", "2015-12-31": "36.34880", "2015-09-30": "32.20280", "2015-06-30": "29.65360", "2015-03-31": "24.50670", "2014-12-31": "30.77560", "2014-09-30": "28.92200", "2014-06-30": "27.91880", "2014-03-31": "12.17990", "2013-12-31": "36.20270", "2013-09-30": "34.90980", "2013-06-30": "37.77010", "2013-03-31": "41.08600", "2012-12-31": "40.71890", "2012-09-30": "39.30830", "2012-06-30": "41.99440", "2012-03-31": "39.03470", "2011-12-31": "40.15700", "2011-09-30": "40.04930", "2011-06-30": "39.48790", "2011-03-31": "38.21180", "2010-12-31": "39.48110", "2010-09-30": "38.35660", "2010-06-30": "39.83460", "2010-03-31": "39.47050", "2009-12-31": "39.74000", "2009-09-30": "37.30810", "2009-06-30": "38.18110", "2009-03-31": "23.88540", "2008-12-31": "35.72010", "2008-09-30": "36.03170", "2008-06-30": "35.67470", "2008-03-31": "34.47080", "2007-12-31": "38.73510", "2007-09-30": "34.40830", "2007-06-30": "32.10930", "2007-03-31": "30.06150", "2006-12-31": "31.48880", "2006-09-30": "26.79270", "2006-06-30": "28.16090", "2006-03-31": "28.12140", "2005-12-31": "32.61160", "2005-09-30": "34.51230", "2005-06-30": "29.07350", "2005-03-31": "21.42070"}, "EBIT Margin": {"2020-09-30": "25.09050", "2020-06-30": "9.45900", "2020-03-31": "25.73900", "2019-12-31": "31.11840", "2019-09-30": "32.41450", "2019-06-30": "32.66900", "2019-03-31": "25.90120", "2018-12-31": "31.72480", "2018-09-30": "34.02110", "2018-06-30": "30.50700", "2018-03-31": "32.64900", "2017-12-31": "36.88340", "2017-09-30": "34.73630", "2017-06-30": "34.25150", "2017-03-31": "28.45790", "2016-12-31": "35.42820", "2016-09-30": "37.54580", "2016-06-30": "36.62140", "2016-03-31": "30.10930", "2015-12-31": "36.34880", "2015-09-30": "32.20280", "2015-06-30": "29.65360", "2015-03-31": "24.50670", "2014-12-31": "30.77560", "2014-09-30": "28.92200", "2014-06-30": "27.91880", "2014-03-31": "12.17990", "2013-12-31": "36.20270", "2013-09-30": "34.90980", "2013-06-30": "37.77010", "2013-03-31": "41.08600", "2012-12-31": "40.71890", "2012-09-30": "39.30830", "2012-06-30": "41.99440", "2012-03-31": "39.03470", "2011-12-31": "40.15700", "2011-09-30": "40.04930", "2011-06-30": "39.48790", "2011-03-31": "38.21180", "2010-12-31": "39.48110", "2010-09-30": "38.35660", "2010-06-30": "39.83460", "2010-03-31": "39.47050", "2009-12-31": "39.74000", "2009-09-30": "37.30810", "2009-06-30": "38.18110", "2009-03-31": "23.88540", "2008-12-31": "35.72010", "2008-09-30": "36.03170", "2008-06-30": "35.67470", "2008-03-31": "34.47080", "2007-12-31": "38.73510", "2007-09-30": "34.40830", "2007-06-30": "32.10930", "2007-03-31": "30.06150", "2006-12-31": "31.48880", "2006-09-30": "26.79270", "2006-06-30": "28.16090", "2006-03-31": "28.12140", "2005-12-31": "32.61160", "2005-09-30": "34.51230", "2005-06-30": "29.07350", "2005-03-31": "21.42070"}, "EBITDA Margin": {"2020-09-30": "", "2020-06-30": "", "2020-03-31": "", "2019-12-31": "", "2019-09-30": "", "2019-06-30": "", "2019-03-31": "", "2018-12-31": "", "2018-09-30": "", "2018-06-30": "", "2018-03-31": "", "2017-12-31": "", "2017-09-30": "", "2017-06-30": "", "2017-03-31": "", "2016-12-31": "", "2016-09-30": "", "2016-06-30": "", "2016-03-31": "", "2015-12-31": "", "2015-09-30": "", "2015-06-30": "", "2015-03-31": "", "2014-12-31": "", "2014-09-30": "", "2014-06-30": "", "2014-03-31": "", "2013-12-31": "", "2013-09-30": "", "2013-06-30": "", "2013-03-31": "", "2012-12-31": "", "2012-09-30": "", "2012-06-30": "", "2012-03-31": "", "2011-12-31": "", "2011-09-30": "", "2011-06-30": "", "2011-03-31": "", "2010-12-31": "", "2010-09-30": "", "2010-06-30": "", "2010-03-31": "", "2009-12-31": "", "2009-09-30": "", "2009-06-30": "", "2009-03-31": "", "2008-12-31": "", "2008-09-30": "", "2008-06-30": "", "2008-03-31": "", "2007-12-31": "", "2007-09-30": "", "2007-06-30": "", "2007-03-31": "", "2006-12-31": "", "2006-09-30": "", "2006-06-30": "", "2006-03-31": "", "2005-12-31": "", "2005-09-30": "", "2005-06-30": "", "2005-03-31": ""}, "Pre-Tax Profit Margin": {"2020-09-30": "32.95910", "2020-06-30": "12.58070", "2020-03-31": "28.02180", "2019-12-31": "33.78730", "2019-09-30": "35.36610", "2019-06-30": "35.65380", "2019-03-31": "28.72550", "2018-12-31": "34.28570", "2018-09-30": "36.39920", "2018-06-30": "32.50850", "2018-03-31": "34.20650", "2017-12-31": "38.26230", "2017-09-30": "36.07330", "2017-06-30": "35.58250", "2017-03-31": "29.73810", "2016-12-31": "36.96970", "2016-09-30": "39.06870", "2016-06-30": "37.81530", "2016-03-31": "31.03450", "2015-12-31": "37.22100", "2015-09-30": "32.83030", "2015-06-30": "30.43850", "2015-03-31": "25.31480", "2014-12-31": "30.56060", "2014-09-30": "29.28560", "2014-06-30": "27.84070", "2014-03-31": "13.01920", "2013-12-31": "37.22670", "2013-09-30": "35.69140", "2013-06-30": "38.51340", "2013-03-31": "41.78930", "2012-12-31": "41.32610", "2012-09-30": "40.10790", "2012-06-30": "42.74000", "2012-03-31": "39.80210", "2011-12-31": "40.88160", "2011-09-30": "40.47460", "2011-06-30": "40.45100", "2011-03-31": "39.57740", "2010-12-31": "40.38020", "2010-09-30": "39.80840", "2010-06-30": "41.11780", "2010-03-31": "40.71820", "2009-12-31": "41.03990", "2009-09-30": "38.84330", "2009-06-30": "40.17650", "2009-03-31": "26.53930", "2008-12-31": "38.12070", "2008-09-30": "37.97840", "2008-06-30": "38.27840", "2008-03-31": "39.00920", "2007-12-31": "43.18590", "2007-09-30": "42.19650", "2007-06-30": "35.83980", "2007-03-31": "34.09550", "2006-12-31": "35.20300", "2006-09-30": "30.07560", "2006-06-30": "31.90120", "2006-03-31": "30.97030", "2005-12-31": "35.28590", "2005-09-30": "36.86140", "2005-06-30": "30.88180", "2005-03-31": "23.15810"}, "Net Profit Margin": {"2020-09-30": "29.12680", "2020-06-30": "7.98030", "2020-03-31": "28.51300", "2019-12-31": "27.99560", "2019-09-30": "35.17110", "2019-06-30": "28.96530", "2019-03-31": "31.47790", "2018-12-31": "27.95030", "2018-09-30": "31.76240", "2018-06-30": "28.07650", "2018-03-31": "33.93510", "2017-12-31": "-3.53140", "2017-09-30": "36.96460", "2017-06-30": "29.38850", "2017-03-31": "26.60390", "2016-12-31": "27.19370", "2016-09-30": "30.89760", "2016-06-30": "27.53320", "2016-03-31": "22.94370", "2015-12-31": "28.08570", "2015-09-30": "28.37040", "2015-06-30": "22.94830", "2015-03-31": "18.22970", "2014-12-31": "24.27650", "2014-09-30": "22.48680", "2014-06-30": "20.30460", "2014-03-31": "9.53300", "2013-12-31": "28.84420", "2013-09-30": "31.42290", "2013-06-30": "27.50220", "2013-03-31": "30.89630", "2012-12-31": "28.70510", "2012-09-30": "34.08330", "2012-06-30": "28.87230", "2012-03-31": "28.97820", "2011-12-31": "30.43480", "2011-09-30": "27.40090", "2011-06-30": "27.57810", "2011-03-31": "26.82300", "2010-12-31": "31.13280", "2010-09-30": "25.14520", "2010-06-30": "25.29230", "2010-03-31": "25.95860", "2009-12-31": "24.01730", "2009-09-30": "23.02750", "2009-06-30": "23.94470", "2009-03-31": "14.91510", "2008-12-31": "21.91690", "2008-09-30": "24.40510", "2008-06-30": "23.35060", "2008-03-31": "23.79510", "2007-12-31": "25.94570", "2007-09-30": "26.07900", "2007-06-30": "21.86330", "2007-03-31": "20.83710", "2006-12-31": "21.00170", "2006-09-30": "18.01380", "2006-06-30": "19.16920", "2006-03-31": "18.71390", "2005-12-31": "68.69640", "2005-09-30": "34.03750", "2005-06-30": "28.02340", "2005-03-31": "21.87730"}, "Asset Turnover": {"2020-09-30": "0.10150", "2020-06-30": "0.08430", "2020-03-31": "0.11120", "2019-12-31": "0.13130", "2019-09-30": "0.12360", "2019-06-30": "0.12880", "2019-03-31": "0.11820", "2018-12-31": "0.13340", "2018-09-30": "0.12580", "2018-06-30": "0.13280", "2018-03-31": "0.13190", "2017-12-31": "0.15440", "2017-09-30": "0.14310", "2017-06-30": "0.14450", "2017-03-31": "0.14130", "2016-12-31": "0.11700", "2016-09-30": "0.11060", "2016-06-30": "0.11590", "2016-03-31": "0.11200", "2015-12-31": "0.13790", "2015-09-30": "0.12590", "2015-06-30": "0.13460", "2015-03-31": "0.12900", "2014-12-31": "0.15270", "2014-09-30": "0.15070", "2014-06-30": "0.15040", "2014-03-31": "0.11080", "2013-12-31": "0.14590", "2013-09-30": "0.13500", "2013-06-30": "0.13770", "2013-03-31": "0.14430", "2012-12-31": "0.15010", "2012-09-30": "0.14410", "2012-06-30": "0.14800", "2012-03-31": "0.14860", "2011-12-31": "0.16220", "2011-09-30": "0.16270", "2011-06-30": "0.16060", "2011-03-31": "0.15110", "2010-12-31": "0.16290", "2010-09-30": "0.14640", "2010-06-30": "0.15630", "2010-03-31": "0.16290", "2009-12-31": "0.17850", "2009-09-30": "0.17100", "2009-06-30": "0.17360", "2009-03-31": "0.13590", "2008-12-31": "0.15700", "2008-09-30": "0.17290", "2008-06-30": "0.17800", "2008-03-31": "0.16750", "2007-12-31": "0.18220", "2007-09-30": "0.17200", "2007-06-30": "0.17340", "2007-03-31": "0.15770", "2006-12-31": "0.16760", "2006-09-30": "0.15610", "2006-06-30": "0.15380", "2006-03-31": "0.14730", "2005-12-31": "0.14370", "2005-09-30": "0.14230", "2005-06-30": "0.13540", "2005-03-31": "0.11270"}, "Inventory Turnover Ratio": {"2020-09-30": "0.53310", "2020-06-30": "0.54100", "2020-03-31": "0.58250", "2019-12-31": "0.64100", "2019-09-30": "0.59110", "2019-06-30": "0.66280", "2019-03-31": "0.64940", "2018-12-31": "0.75990", "2018-09-30": "0.75280", "2018-06-30": "0.83560", "2018-03-31": "0.89460", "2017-12-31": "1.06970", "2017-09-30": "1.06440", "2017-06-30": "1.06770", "2017-03-31": "0.98270", "2016-12-31": "1.25620", "2016-09-30": "1.06760", "2016-06-30": "1.17730", "2016-03-31": "1.16260", "2015-12-31": "1.29660", "2015-09-30": "0.99950", "2015-06-30": "0.99160", "2015-03-31": "0.96490", "2014-12-31": "1.16290", "2014-09-30": "0.95270", "2014-06-30": "0.82910", "2014-03-31": "0.80490", "2013-12-31": "0.99220", "2013-09-30": "0.71110", "2013-06-30": "1.02360", "2013-03-31": "1.30700", "2012-12-31": "1.41070", "2012-09-30": "1.17410", "2012-06-30": "1.25710", "2012-03-31": "1.17260", "2011-12-31": "1.19450", "2011-09-30": "1.11600", "2011-06-30": "1.18980", "2011-03-31": "1.17150", "2010-12-31": "1.23500", "2010-09-30": "1.10350", "2010-06-30": "1.26890", "2010-03-31": "1.28610", "2009-12-31": "1.56080", "2009-09-30": "1.43170", "2009-06-30": "1.18820", "2009-03-31": "0.92730", "2008-12-31": "1.04260", "2008-09-30": "1.26510", "2008-06-30": "1.48220", "2008-03-31": "1.50360", "2007-12-31": "1.67340", "2007-09-30": "1.80910", "2007-06-30": "1.91930", "2007-03-31": "1.43640", "2006-12-31": "1.54850", "2006-09-30": "1.50470", "2006-06-30": "1.13840", "2006-03-31": "1.25570", "2005-12-31": "1.55120", "2005-09-30": "1.53490", "2005-06-30": "1.93850", "2005-03-31": "1.89680"}, "Receiveable Turnover": {"2020-09-30": "1.83100", "2020-06-30": "1.67470", "2020-03-31": "2.08400", "2019-12-31": "1.98030", "2019-09-30": "1.76560", "2019-06-30": "1.73490", "2019-03-31": "1.77810", "2018-12-31": "1.53380", "2018-09-30": "1.58670", "2018-06-30": "1.70760", "2018-03-31": "1.78460", "2017-12-31": "1.75630", "2017-09-30": "1.72610", "2017-06-30": "1.57720", "2017-03-31": "1.64590", "2016-12-31": "1.76430", "2016-09-30": "1.58080", "2016-06-30": "1.65950", "2016-03-31": "1.82420", "2015-12-31": "1.71570", "2015-09-30": "1.76190", "2015-06-30": "1.82300", "2015-03-31": "1.81980", "2014-12-31": "1.91910", "2014-09-30": "2.12310", "2014-06-30": "1.88930", "2014-03-31": "1.94350", "2013-12-31": "1.91170", "2013-09-30": "1.77830", "2013-06-30": "1.61320", "2013-03-31": "1.77170", "2012-12-31": "1.64540", "2012-09-30": "1.59960", "2012-06-30": "1.66000", "2012-03-31": "1.65230", "2011-12-31": "1.66770", "2011-09-30": "1.68500", "2011-06-30": "1.70080", "2011-03-31": "1.49330", "2010-12-31": "1.57740", "2010-09-30": "1.65660", "2010-06-30": "1.80120", "2010-03-31": "1.82350", "2009-12-31": "1.57300", "2009-09-30": "1.50160", "2009-06-30": "1.48730", "2009-03-31": "1.35210", "2008-12-31": "1.36110", "2008-09-30": "1.35860", "2008-06-30": "1.35230", "2008-03-31": "1.38690", "2007-12-31": "1.45310", "2007-09-30": "1.30260", "2007-06-30": "1.32750", "2007-03-31": "1.26250", "2006-12-31": "1.18890", "2006-09-30": "1.33700", "2006-06-30": "1.23390", "2006-03-31": "1.35600", "2005-12-31": "1.36420", "2005-09-30": "1.39120", "2005-06-30": "1.33070", "2005-03-31": "1.32500"}, "Days Sales In Receivables": {"2020-09-30": "49.15470", "2020-06-30": "53.74020", "2020-03-31": "43.18690", "2019-12-31": "45.44730", "2019-09-30": "50.97500", "2019-06-30": "51.87550", "2019-03-31": "50.61520", "2018-12-31": "58.67850", "2018-09-30": "56.72280", "2018-06-30": "52.70540", "2018-03-31": "50.43190", "2017-12-31": "51.24550", "2017-09-30": "52.14160", "2017-06-30": "57.06250", "2017-03-31": "54.68070", "2016-12-31": "51.01190", "2016-09-30": "56.93370", "2016-06-30": "54.23370", "2016-03-31": "49.33730", "2015-12-31": "52.45680", "2015-09-30": "51.08190", "2015-06-30": "49.36870", "2015-03-31": "49.45690", "2014-12-31": "46.89770", "2014-09-30": "42.39050", "2014-06-30": "47.63570", "2014-03-31": "46.30730", "2013-12-31": "47.07740", "2013-09-30": "50.60920", "2013-06-30": "55.78910", "2013-03-31": "50.79980", "2012-12-31": "54.69720", "2012-09-30": "56.26260", "2012-06-30": "54.21810", "2012-03-31": "54.46890", "2011-12-31": "53.96740", "2011-09-30": "53.41170", "2011-06-30": "52.91760", "2011-03-31": "60.27060", "2010-12-31": "57.05630", "2010-09-30": "54.32930", "2010-06-30": "49.96580", "2010-03-31": "49.35480", "2009-12-31": "57.21450", "2009-09-30": "59.93470", "2009-06-30": "60.51210", "2009-03-31": "66.56420", "2008-12-31": "66.12520", "2008-09-30": "66.24680", "2008-06-30": "66.55410", "2008-03-31": "64.89100", "2007-12-31": "61.93480", "2007-09-30": "69.09350", "2007-06-30": "67.79660", "2007-03-31": "71.29000", "2006-12-31": "75.69890", "2006-09-30": "67.31690", "2006-06-30": "72.94110", "2006-03-31": "66.37180", "2005-12-31": "65.97510", "2005-09-30": "64.69170", "2005-06-30": "67.63480", "2005-03-31": "67.92500"}, "ROE - Return On Equity": {"2020-09-30": "3.41130", "2020-06-30": "0.80080", "2020-03-31": "3.70670", "2019-12-31": "4.37790", "2019-09-30": "5.12660", "2019-06-30": "4.34640", "2019-03-31": "4.31790", "2018-12-31": "4.35590", "2018-09-30": "4.64020", "2018-06-30": "4.33790", "2018-03-31": "5.21760", "2017-12-31": "-0.65890", "2017-09-30": "6.02030", "2017-06-30": "4.93110", "2017-03-31": "4.38040", "2016-12-31": "3.57230", "2016-09-30": "3.80740", "2016-06-30": "3.56070", "2016-03-31": "2.87130", "2015-12-31": "4.39870", "2015-09-30": "4.06540", "2015-06-30": "3.54630", "2015-03-31": "2.70540", "2014-12-31": "4.34400", "2014-09-30": "4.01080", "2014-06-30": "3.68480", "2014-03-31": "1.21150", "2013-12-31": "4.74670", "2013-09-30": "4.80350", "2013-06-30": "4.27830", "2013-03-31": "5.00770", "2012-12-31": "4.88530", "2012-09-30": "5.56550", "2012-06-30": "4.86740", "2012-03-31": "4.90210", "2011-12-31": "5.71520", "2011-09-30": "5.16670", "2011-06-30": "5.13000", "2011-03-31": "4.66630", "2010-12-31": "5.94880", "2010-09-30": "4.31210", "2010-06-30": "4.60920", "2010-03-31": "4.81920", "2009-12-31": "5.04780", "2009-09-30": "4.63940", "2009-06-30": "4.90880", "2009-03-31": "2.39120", "2008-12-31": "4.00570", "2008-09-30": "4.86670", "2008-06-30": "4.76560", "2008-03-31": "4.56110", "2007-12-31": "5.53100", "2007-09-30": "5.11390", "2007-06-30": "4.31050", "2007-03-31": "3.70040", "2006-12-31": "4.00900", "2006-09-30": "3.17540", "2006-06-30": "3.31600", "2006-03-31": "3.08480", "2005-12-31": "11.19000", "2005-09-30": "5.44380", "2005-06-30": "4.24820", "2005-03-31": "2.75710"}, "Return On Tangible Equity": {"2020-09-30": "3.73470", "2020-06-30": "0.88150", "2020-03-31": "4.10250", "2019-12-31": "4.81280", "2019-09-30": "5.65000", "2019-06-30": "4.75730", "2019-03-31": "4.73950", "2018-12-31": "4.70910", "2018-09-30": "5.01810", "2018-06-30": "4.68270", "2018-03-31": "5.63170", "2017-12-31": "-0.71860", "2017-09-30": "6.48570", "2017-06-30": "5.34930", "2017-03-31": "4.77520", "2016-12-31": "3.70110", "2016-09-30": "4.05390", "2016-06-30": "3.81510", "2016-03-31": "3.08750", "2015-12-31": "4.75520", "2015-09-30": "4.42110", "2015-06-30": "3.88060", "2015-03-31": "2.96900", "2014-12-31": "4.80510", "2014-09-30": "4.49560", "2014-06-30": "4.18280", "2014-03-31": "1.30420", "2013-12-31": "5.08270", "2013-09-30": "5.16540", "2013-06-30": "4.55970", "2013-03-31": "5.34460", "2012-12-31": "5.23870", "2012-09-30": "5.94050", "2012-06-30": "5.21720", "2012-03-31": "5.29950", "2011-12-31": "6.15210", "2011-09-30": "5.62320", "2011-06-30": "5.58120", "2011-03-31": "5.09920", "2010-12-31": "6.53580", "2010-09-30": "4.75620", "2010-06-30": "5.02860", "2010-03-31": "5.30840", "2009-12-31": "5.66260", "2009-09-30": "5.28940", "2009-06-30": "5.69110", "2009-03-31": "2.82040", "2008-12-31": "4.61380", "2008-09-30": "5.67370", "2008-06-30": "5.54010", "2008-03-31": "5.27400", "2007-12-31": "6.51500", "2007-09-30": "5.98710", "2007-06-30": "5.21310", "2007-03-31": "4.58040", "2006-12-31": "5.07700", "2006-09-30": "4.16030", "2006-06-30": "4.48000", "2006-03-31": "4.27350", "2005-12-31": "15.84330", "2005-09-30": "8.85290", "2005-06-30": "7.38040", "2005-03-31": "5.02680"}, "ROA - Return On Assets": {"2020-09-30": "2.98380", "2020-06-30": "0.69480", "2020-03-31": "3.19680", "2019-12-31": "3.72640", "2019-09-30": "4.36630", "2019-06-30": "3.70860", "2019-03-31": "3.69160", "2018-12-31": "3.71240", "2018-09-30": "3.98710", "2018-06-30": "3.71700", "2018-03-31": "4.47080", "2017-12-31": "-0.54530", "2017-09-30": "5.29000", "2017-06-30": "4.24700", "2017-03-31": "3.76040", "2016-12-31": "3.18180", "2016-09-30": "3.41720", "2016-06-30": "3.19160", "2016-03-31": "2.57050", "2015-12-31": "3.87180", "2015-09-30": "3.57300", "2015-06-30": "3.08880", "2015-03-31": "2.35080", "2014-12-31": "3.70760", "2014-09-30": "3.38760", "2014-06-30": "3.05470", "2014-03-31": "1.05620", "2013-12-31": "4.20730", "2013-09-30": "4.24080", "2013-06-30": "3.78690", "2013-03-31": "4.45960", "2012-12-31": "4.30870", "2012-09-30": "4.91130", "2012-06-30": "4.27180", "2012-03-31": "4.30560", "2011-12-31": "4.93620", "2011-09-30": "4.45740", "2011-06-30": "4.43040", "2011-03-31": "4.05330", "2010-12-31": "5.07030", "2010-09-30": "3.68230", "2010-06-30": "3.95430", "2010-03-31": "4.22990", "2009-12-31": "4.28800", "2009-09-30": "3.93820", "2009-06-30": "4.15640", "2009-03-31": "2.02730", "2008-12-31": "3.44110", "2008-09-30": "4.22040", "2008-06-30": "4.15650", "2008-03-31": "3.98660", "2007-12-31": "4.72630", "2007-09-30": "4.48550", "2007-06-30": "3.79170", "2007-03-31": "3.28680", "2006-12-31": "3.51910", "2006-09-30": "2.81160", "2006-06-30": "2.94820", "2006-03-31": "2.75650", "2005-12-31": "9.87390", "2005-09-30": "4.84210", "2005-06-30": "3.79540", "2005-03-31": "2.46590"}, "ROI - Return On Investment": {"2020-09-30": "3.41130", "2020-06-30": "0.80080", "2020-03-31": "3.70670", "2019-12-31": "4.37790", "2019-09-30": "5.12660", "2019-06-30": "4.34640", "2019-03-31": "4.31790", "2018-12-31": "4.35590", "2018-09-30": "4.64020", "2018-06-30": "4.33790", "2018-03-31": "5.21760", "2017-12-31": "-0.65890", "2017-09-30": "6.02030", "2017-06-30": "4.93110", "2017-03-31": "4.38040", "2016-12-31": "3.57230", "2016-09-30": "3.80740", "2016-06-30": "3.56070", "2016-03-31": "2.87130", "2015-12-31": "4.39870", "2015-09-30": "4.06540", "2015-06-30": "3.54630", "2015-03-31": "2.70540", "2014-12-31": "4.34400", "2014-09-30": "4.01080", "2014-06-30": "3.68480", "2014-03-31": "1.21150", "2013-12-31": "4.74670", "2013-09-30": "4.80350", "2013-06-30": "4.27830", "2013-03-31": "5.00770", "2012-12-31": "4.88530", "2012-09-30": "5.56550", "2012-06-30": "4.86740", "2012-03-31": "4.90210", "2011-12-31": "5.71520", "2011-09-30": "5.16670", "2011-06-30": "5.13000", "2011-03-31": "4.66630", "2010-12-31": "5.94880", "2010-09-30": "4.31210", "2010-06-30": "4.60920", "2010-03-31": "4.81920", "2009-12-31": "5.04780", "2009-09-30": "4.63940", "2009-06-30": "4.90880", "2009-03-31": "2.39120", "2008-12-31": "4.00570", "2008-09-30": "4.86670", "2008-06-30": "4.76560", "2008-03-31": "4.56110", "2007-12-31": "5.53100", "2007-09-30": "5.11390", "2007-06-30": "4.31050", "2007-03-31": "3.70040", "2006-12-31": "4.00900", "2006-09-30": "3.17540", "2006-06-30": "3.31600", "2006-03-31": "3.08480", "2005-12-31": "11.19000", "2005-09-30": "5.44380", "2005-06-30": "4.24820", "2005-03-31": "2.75710"}, "Book Value Per Share": {"2020-09-30": "79.03570", "2020-06-30": "74.92650", "2020-03-31": "73.16040", "2019-12-31": "71.41980", "2019-09-30": "67.27600", "2019-06-30": "63.19100", "2019-03-31": "61.00870", "2018-12-31": "58.40610", "2018-09-30": "55.06570", "2018-06-30": "51.62010", "2018-03-31": "48.60020", "2017-12-31": "42.56810", "2017-09-30": "44.28480", "2017-06-30": "40.63160", "2017-03-31": "37.38680", "2016-12-31": "49.63750", "2016-09-30": "47.73300", "2016-06-30": "44.86150", "2016-03-31": "41.56080", "2015-12-31": "38.49820", "2015-09-30": "36.77570", "2015-06-30": "34.16850", "2015-03-31": "32.47650", "2014-12-31": "30.77780", "2014-09-30": "28.32140", "2014-06-30": "26.13330", "2014-03-31": "31.74130", "2013-12-31": "30.55320", "2013-09-30": "28.55910", "2013-06-30": "31.22420", "2013-03-31": "31.27860", "2012-12-31": "29.68570", "2012-09-30": "27.58380", "2012-06-30": "26.58650", "2012-03-31": "24.57850", "2011-12-31": "22.43940", "2011-09-30": "20.24790", "2011-06-30": "19.50980", "2011-03-31": "18.92200", "2010-12-31": "17.45840", "2010-09-30": "17.03390", "2010-06-30": "16.28090", "2010-03-31": "15.05100", "2009-12-31": "13.31000", "2009-09-30": "12.13460", "2009-06-30": "11.17100", "2009-03-31": "10.34840", "2008-12-31": "10.77650", "2008-09-30": "10.08530", "2008-06-30": "9.21840", "2008-03-31": "8.45570", "2007-12-31": "7.70010", "2007-09-30": "6.98100", "2007-06-30": "6.28140", "2007-03-31": "5.72330", "2006-12-31": "5.29930", "2006-09-30": "4.90540", "2006-06-30": "4.55870", "2006-03-31": "4.27410", "2005-12-31": "4.07680", "2005-09-30": "3.58010", "2005-06-30": "3.32670", "2005-03-31": "3.17030"}, "Operating Cash Flow Per Share": {"2020-09-30": 2.2406, "2020-06-30": 1.9231, "2020-03-31": "2.94490", "2019-12-31": 4.6105, "2019-09-30": 3.3219, "2019-06-30": 2.6557, "2019-03-31": "2.78600", "2018-12-31": 2.8694, "2018-09-30": 2.6576, "2018-06-30": 1.9435, "2018-03-31": "2.37460", "2017-12-31": 2.8846, "2017-09-30": 2.9755, "2017-06-30": 1.8848, "2017-03-31": "2.09090", "2016-12-31": 2.8612, "2016-09-30": 2.2046, "2016-06-30": 2.1903, "2016-03-31": "1.96360", "2015-12-31": 2.8055, "2015-09-30": 1.562, "2015-06-30": 1.6294, "2015-03-31": "1.09370", "2014-12-31": 1.6268, "2014-09-30": 1.4143, "2014-06-30": 1.4218, "2014-03-31": "1.41770", "2013-12-31": 1.7942, "2013-09-30": 1.868, "2013-06-30": 1.5755, "2013-03-31": "2.07730", "2012-12-31": 1.8394, "2012-09-30": 1.7309, "2012-06-30": 1.6916, "2012-03-31": "1.34150", "2011-12-31": 1.7624, "2011-09-30": 1.3227, "2011-06-30": 1.6595, "2011-03-31": "0.87400", "2010-12-31": 1.1886, "2010-09-30": 0.93, "2010-06-30": 1.4374, "2010-03-31": "0.95850", "2009-12-31": 1.0442, "2009-09-30": 0.796, "2009-06-30": 0.7306, "2009-03-31": "0.76420", "2008-12-31": 0.7783, "2008-09-30": 0.6772, "2008-06-30": 0.5391, "2008-03-31": "0.32950", "2007-12-31": 0.7158, "2007-09-30": 0.4056, "2007-06-30": 0.346, "2007-03-31": "0.28970", "2006-12-31": 0.2459, "2006-09-30": 0.3144, "2006-06-30": 0.1714, "2006-03-31": "0.14200", "2005-12-31": 0.2425, "2005-09-30": 0.1831, "2005-06-30": 0.0926, "2005-03-31": "0.11120"}, "Free Cash Flow Per Share": {"2020-09-30": 1.72, "2020-06-30": 1.0034, "2020-03-31": "2.06680", "2019-12-31": 3.4262, "2019-09-30": 2.5951, "2019-06-30": 1.9652, "2019-03-31": "1.82610", "2018-12-31": 2.3986, "2018-09-30": 2.2674, "2018-06-30": 1.567, "2018-03-31": "2.03470", "2017-12-31": 2.6121, "2017-09-30": 2.5483, "2017-06-30": 1.4036, "2017-03-31": "1.63200", "2016-12-31": 2.7071, "2016-09-30": 2.0801, "2016-06-30": 2.0948, "2016-03-31": "1.88050", "2015-12-31": 2.6308, "2015-09-30": 1.3135, "2015-06-30": 1.5099, "2015-03-31": "0.92400", "2014-12-31": 1.058, "2014-09-30": 1.2852, "2014-06-30": 1.255, "2014-03-31": "1.34870", "2013-12-31": 1.5669, "2013-09-30": 1.5666, "2013-06-30": 1.3693, "2013-03-31": "1.94280", "2012-12-31": 1.266, "2012-09-30": 1.8333, "2012-06-30": 1.6291, "2012-03-31": "0.94880", "2011-12-31": 1.6378, "2011-09-30": 1.1999, "2011-06-30": 1.3414, "2011-03-31": "0.75210", "2010-12-31": 1.1072, "2010-09-30": 0.5177, "2010-06-30": 1.2713, "2010-03-31": "0.82420", "2009-12-31": 0.9788, "2009-09-30": 0.7554, "2009-06-30": 0.6158, "2009-03-31": "0.53100", "2008-12-31": 0.5829, "2008-09-30": 0.4209, "2008-06-30": 0.1635, "2008-03-31": "0.27130", "2007-12-31": 0.614, "2007-09-30": 0.3636, "2007-06-30": 0.3082, "2007-03-31": "0.26620", "2006-12-31": 0.2123, "2006-09-30": 0.2965, "2006-06-30": 0.1124, "2006-03-31": "0.11380", "2005-12-31": 0.0186, "2005-09-30": 0.1723, "2005-06-30": 0.0603, "2005-03-31": "0.10220"}}, "revenue": {"Intuitive Surgical Annual Revenue (Millions of US $)": {"2020": "$4,358", "2019": "$4,479", "2018": "$3,724", "2017": "$3,138", "2016": "$2,707", "2015": "$2,384", "2014": "$2,132", "2013": "$2,265", "2012": "$2,179", "2011": "$1,757", "2010": "$1,413", "2009": "$1,052", "2008": "$875", "2007": "$601", "2006": "$373", "2005": "$227"}, "Intuitive Surgical Quarterly Revenue (Millions of US $)": {"2020-12-31": "$1,329", "2020-09-30": "$1,078", "2020-06-30": "$852", "2020-03-31": "$1,100", "2019-12-31": "$1,278", "2019-09-30": "$1,128", "2019-06-30": "$1,099", "2019-03-31": "$974", "2018-12-31": "$1,047", "2018-09-30": "$921", "2018-06-30": "$909", "2018-03-31": "$848", "2017-12-31": "$892", "2017-09-30": "$808", "2017-06-30": "$759", "2017-03-31": "$680", "2016-12-31": "$759", "2016-09-30": "$683", "2016-06-30": "$670", "2016-03-31": "$595", "2015-12-31": "$677", "2015-09-30": "$590", "2015-06-30": "$586", "2015-03-31": "$532", "2014-12-31": "$605", "2014-09-30": "$550", "2014-06-30": "$512", "2014-03-31": "$465", "2013-12-31": "$576", "2013-09-30": "$499", "2013-06-30": "$579", "2013-03-31": "$611", "2012-12-31": "$609", "2012-09-30": "$538", "2012-06-30": "$537", "2012-03-31": "$495", "2011-12-31": "$497", "2011-09-30": "$447", "2011-06-30": "$426", "2011-03-31": "$388", "2010-12-31": "$389", "2010-09-30": "$344", "2010-06-30": "$351", "2010-03-31": "$329", "2009-12-31": "$323", "2009-09-30": "$280", "2009-06-30": "$261", "2009-03-31": "$188", "2008-12-31": "$232", "2008-09-30": "$236", "2008-06-30": "$219", "2008-03-31": "$188", "2007-12-31": "$189", "2007-09-30": "$157", "2007-06-30": "$140", "2007-03-31": "$114", "2006-12-31": "$113", "2006-09-30": "$96", "2006-06-30": "$87", "2006-03-31": "$77", "2005-12-31": "$72", "2005-09-30": "$61", "2005-06-30": "$53", "2005-03-31": "$42"}}, "gross-profit": {"Intuitive Surgical Annual Gross Profit (Millions of US $)": {"2020": "$2,861", "2019": "$3,110", "2018": "$2,604", "2017": "$2,202", "2016": "$1,893", "2015": "$1,578", "2014": "$1,414", "2013": "$1,594", "2012": "$1,570", "2011": "$1,274", "2010": "$1,030", "2009": "$751", "2008": "$621", "2007": "$414", "2006": "$248", "2005": "$154"}, "Intuitive Surgical Quarterly Gross Profit (Millions of US $)": {"2020-12-31": "$896", "2020-09-30": "$724", "2020-06-30": "$503", "2020-03-31": "$738", "2019-12-31": "$896", "2019-09-30": "$786", "2019-06-30": "$759", "2019-03-31": "$670", "2018-12-31": "$736", "2018-09-30": "$642", "2018-06-30": "$632", "2018-03-31": "$594", "2017-12-31": "$634", "2017-09-30": "$568", "2017-06-30": "$530", "2017-03-31": "$470", "2016-12-31": "$530", "2016-09-30": "$487", "2016-06-30": "$471", "2016-03-31": "$405", "2015-12-31": "$459", "2015-09-30": "$396", "2015-06-30": "$387", "2015-03-31": "$337", "2014-12-31": "$393", "2014-09-30": "$361", "2014-06-30": "$344", "2014-03-31": "$315", "2013-12-31": "$398", "2013-09-30": "$357", "2013-06-30": "$405", "2013-03-31": "$434", "2012-12-31": "$438", "2012-09-30": "$390", "2012-06-30": "$386", "2012-03-31": "$356", "2011-12-31": "$363", "2011-09-30": "$326", "2011-06-30": "$307", "2011-03-31": "$279", "2010-12-31": "$282", "2010-09-30": "$251", "2010-06-30": "$257", "2010-03-31": "$241", "2009-12-31": "$233", "2009-09-30": "$199", "2009-06-30": "$190", "2009-03-31": "$129", "2008-12-31": "$165", "2008-09-30": "$170", "2008-06-30": "$156", "2008-03-31": "$130", "2007-12-31": "$135", "2007-09-30": "$108", "2007-06-30": "$94", "2007-03-31": "$77", "2006-12-31": "$75", "2006-09-30": "$62", "2006-06-30": "$59", "2006-03-31": "$52", "2005-12-31": "$49", "2005-09-30": "$42", "2005-06-30": "$36", "2005-03-31": "$27"}}, "operating-income": {"Intuitive Surgical Annual Operating Income (Millions of US $)": {"2020": "$1,050", "2019": "$1,375", "2018": "$1,199", "2017": "$1,063", "2016": "$950", "2015": "$740", "2014": "$545", "2013": "$853", "2012": "$878", "2011": "$695", "2010": "$555", "2009": "$377", "2008": "$311", "2007": "$207", "2006": "$107", "2005": "$69"}, "Intuitive Surgical Quarterly Operating Income (Millions of US $)": {"2020-12-31": "$416", "2020-09-30": "$270", "2020-06-30": "$81", "2020-03-31": "$283", "2019-12-31": "$398", "2019-09-30": "$366", "2019-06-30": "$359", "2019-03-31": "$252", "2018-12-31": "$332", "2018-09-30": "$313", "2018-06-30": "$277", "2018-03-31": "$277", "2017-12-31": "$329", "2017-09-30": "$281", "2017-06-30": "$260", "2017-03-31": "$193", "2016-12-31": "$269", "2016-09-30": "$256", "2016-06-30": "$245", "2016-03-31": "$179", "2015-12-31": "$246", "2015-09-30": "$190", "2015-06-30": "$174", "2015-03-31": "$130", "2014-12-31": "$186", "2014-09-30": "$159", "2014-06-30": "$143", "2014-03-31": "$57", "2013-12-31": "$209", "2013-09-30": "$174", "2013-06-30": "$219", "2013-03-31": "$251", "2012-12-31": "$248", "2012-09-30": "$211", "2012-06-30": "$225", "2012-03-31": "$193", "2011-12-31": "$200", "2011-09-30": "$179", "2011-06-30": "$168", "2011-03-31": "$148", "2010-12-31": "$154", "2010-09-30": "$132", "2010-06-30": "$140", "2010-03-31": "$130", "2009-12-31": "$128", "2009-09-30": "$105", "2009-06-30": "$100", "2009-03-31": "$45", "2008-12-31": "$83", "2008-09-30": "$85", "2008-06-30": "$78", "2008-03-31": "$65", "2007-12-31": "$73", "2007-09-30": "$54", "2007-06-30": "$45", "2007-03-31": "$34", "2006-12-31": "$35", "2006-09-30": "$26", "2006-06-30": "$25", "2006-03-31": "$22", "2005-12-31": "$24", "2005-09-30": "$21", "2005-06-30": "$15", "2005-03-31": "$9"}}, "ebitda": {"Intuitive Surgical Annual EBITDA (Millions of US $)": {"2019": "$1,591", "2018": "$1,333", "2017": "$1,173", "2016": "$1,052", "2015": "$856", "2014": "$653", "2013": "$957", "2012": "$936", "2011": "$764", "2010": "$613", "2009": "$412", "2008": "$336", "2007": "$220", "2006": "$117", "2005": "$76"}, "Intuitive Surgical Quarterly EBITDA (Millions of US $)": {"2020-09-30": "$344", "2020-06-30": "$148", "2020-03-31": "$351", "2019-12-31": "$465", "2019-09-30": "$420", "2019-06-30": "$410", "2019-03-31": "$295", "2018-12-31": "$368", "2018-09-30": "$350", "2018-06-30": "$305", "2018-03-31": "$310", "2017-12-31": "$359", "2017-09-30": "$308", "2017-06-30": "$281", "2017-03-31": "$225", "2016-12-31": "$277", "2016-09-30": "$288", "2016-06-30": "$277", "2016-03-31": "$211", "2015-12-31": "$278", "2015-09-30": "$232", "2015-06-30": "$195", "2015-03-31": "$151", "2014-12-31": "$240", "2014-09-30": "$179", "2014-06-30": "$160", "2014-03-31": "$74", "2013-12-31": "$235", "2013-09-30": "$199", "2013-06-30": "$246", "2013-03-31": "$277", "2012-12-31": "$240", "2012-09-30": "$235", "2012-06-30": "$247", "2012-03-31": "$214", "2011-12-31": "$219", "2011-09-30": "$196", "2011-06-30": "$184", "2011-03-31": "$165", "2010-12-31": "$182", "2010-09-30": "$142", "2010-06-30": "$150", "2010-03-31": "$139", "2009-12-31": "$137", "2009-09-30": "$113", "2009-06-30": "$109", "2009-03-31": "$53", "2008-12-31": "$90", "2008-09-30": "$92", "2008-06-30": "$84", "2008-03-31": "$70", "2007-12-31": "$77", "2007-09-30": "$57", "2007-06-30": "$48", "2007-03-31": "$37", "2006-12-31": "$38", "2006-09-30": "$28", "2006-06-30": "$27", "2006-03-31": "$24", "2005-12-31": "$25", "2005-09-30": "$23", "2005-06-30": "$17", "2005-03-31": "$11"}}, "net-income": {"Intuitive Surgical Annual Net Income (Millions of US $)": {"2020": "$1,061", "2019": "$1,379", "2018": "$1,128", "2017": "$671", "2016": "$738", "2015": "$589", "2014": "$419", "2013": "$671", "2012": "$657", "2011": "$495", "2010": "$382", "2009": "$233", "2008": "$204", "2007": "$145", "2006": "$72", "2005": "$94"}, "Intuitive Surgical Quarterly Net Income (Millions of US $)": {"2020-12-31": "$365", "2020-09-30": "$314", "2020-06-30": "$68", "2020-03-31": "$314", "2019-12-31": "$358", "2019-09-30": "$397", "2019-06-30": "$318", "2019-03-31": "$307", "2018-12-31": "$293", "2018-09-30": "$293", "2018-06-30": "$255", "2018-03-31": "$288", "2017-12-31": "$-32", "2017-09-30": "$299", "2017-06-30": "$223", "2017-03-31": "$181", "2016-12-31": "$206", "2016-09-30": "$211", "2016-06-30": "$185", "2016-03-31": "$136", "2015-12-31": "$190", "2015-09-30": "$167", "2015-06-30": "$135", "2015-03-31": "$97", "2014-12-31": "$147", "2014-09-30": "$124", "2014-06-30": "$104", "2014-03-31": "$44", "2013-12-31": "$166", "2013-09-30": "$157", "2013-06-30": "$159", "2013-03-31": "$189", "2012-12-31": "$175", "2012-09-30": "$183", "2012-06-30": "$155", "2012-03-31": "$144", "2011-12-31": "$151", "2011-09-30": "$122", "2011-06-30": "$117", "2011-03-31": "$104", "2010-12-31": "$121", "2010-09-30": "$87", "2010-06-30": "$89", "2010-03-31": "$85", "2009-12-31": "$78", "2009-09-30": "$65", "2009-06-30": "$62", "2009-03-31": "$28", "2008-12-31": "$51", "2008-09-30": "$58", "2008-06-30": "$51", "2008-03-31": "$45", "2007-12-31": "$49", "2007-09-30": "$41", "2007-06-30": "$31", "2007-03-31": "$24", "2006-12-31": "$24", "2006-09-30": "$17", "2006-06-30": "$17", "2006-03-31": "$14", "2005-12-31": "$50", "2005-09-30": "$21", "2005-06-30": "$15", "2005-03-31": "$9"}}, "eps-earnings-per-share-diluted": {"Intuitive Surgical Annual EPS": {"2020": "$8.82", "2019": "$11.54", "2018": "$9.49", "2017": "$5.77", "2016": "$6.26", "2015": "$5.18", "2014": "$3.70", "2013": "$5.58", "2012": "$5.33", "2011": "$4.11", "2010": "$3.16", "2009": "$1.98", "2008": "$1.71", "2007": "$1.23", "2006": "$0.63", "2005": "$0.84"}, "Intuitive Surgical Quarterly EPS": {"2020-12-31": "$3.02", "2020-09-30": "$2.60", "2020-06-30": "$0.57", "2020-03-31": "$2.62", "2019-12-31": "$2.98", "2019-09-30": "$3.33", "2019-06-30": "$2.67", "2019-03-31": "$2.56", "2018-12-31": "$2.45", "2018-09-30": "$2.45", "2018-06-30": "$2.15", "2018-03-31": "$2.44", "2017-12-31": "$-0.30", "2017-09-30": "$2.56", "2017-06-30": "$1.94", "2017-03-31": "$1.57", "2016-12-31": "$1.74", "2016-09-30": "$1.77", "2016-06-30": "$1.57", "2016-03-31": "$1.18", "2015-12-31": "$1.67", "2015-09-30": "$1.47", "2015-06-30": "$1.19", "2015-03-31": "$0.86", "2014-12-31": "$1.29", "2014-09-30": "$1.12", "2014-06-30": "$0.92", "2014-03-31": "$0.38", "2013-12-31": "$1.43", "2013-09-30": "$1.33", "2013-06-30": "$1.30", "2013-03-31": "$1.52", "2012-12-31": "$1.42", "2012-09-30": "$1.49", "2012-06-30": "$1.25", "2012-03-31": "$1.17", "2011-12-31": "$1.26", "2011-09-30": "$1.02", "2011-06-30": "$0.97", "2011-03-31": "$0.86", "2010-12-31": "$1.01", "2010-09-30": "$0.71", "2010-06-30": "$0.73", "2010-03-31": "$0.71", "2009-12-31": "$0.65", "2009-09-30": "$0.55", "2009-06-30": "$0.54", "2009-03-31": "$0.24", "2008-12-31": "$0.43", "2008-09-30": "$0.48", "2008-06-30": "$0.43", "2008-03-31": "$0.37", "2007-12-31": "$0.42", "2007-09-30": "$0.35", "2007-06-30": "$0.26", "2007-03-31": "$0.21", "2006-12-31": "$0.21", "2006-09-30": "$0.15", "2006-06-30": "$0.15", "2006-03-31": "$0.13", "2005-12-31": "$0.44", "2005-09-30": "$0.18", "2005-06-30": "$0.13", "2005-03-31": "$0.08"}}, "shares-outstanding": {"Intuitive Surgical Annual Shares Outstanding (Millions of Shares)": {"2020": "120", "2019": "120", "2018": "119", "2017": "116", "2016": "118", "2015": "114", "2014": "113", "2013": "120", "2012": "123", "2011": "121", "2010": "121", "2009": "118", "2008": "120", "2007": "117", "2006": "114", "2005": "112"}, "Intuitive Surgical Quarterly Shares Outstanding (Millions of Shares)": {"2020-12-31": "121", "2020-09-30": "121", "2020-06-30": "120", "2020-03-31": "120", "2019-12-31": "120", "2019-09-30": "119", "2019-06-30": "119", "2019-03-31": "120", "2018-12-31": "119", "2018-09-30": "119", "2018-06-30": "119", "2018-03-31": "118", "2017-12-31": "116", "2017-09-30": "117", "2017-06-30": "115", "2017-03-31": "116", "2016-12-31": "118", "2016-09-30": "119", "2016-06-30": "118", "2016-03-31": "116", "2015-12-31": "114", "2015-09-30": "114", "2015-06-30": "113", "2015-03-31": "113", "2014-12-31": "113", "2014-09-30": "111", "2014-06-30": "113", "2014-03-31": "117", "2013-12-31": "120", "2013-09-30": "118", "2013-06-30": "122", "2013-03-31": "124", "2012-12-31": "123", "2012-09-30": "123", "2012-06-30": "124", "2012-03-31": "123", "2011-12-31": "121", "2011-09-30": "120", "2011-06-30": "121", "2011-03-31": "121", "2010-12-31": "121", "2010-09-30": "122", "2010-06-30": "122", "2010-03-31": "121", "2009-12-31": "118", "2009-09-30": "118", "2009-06-30": "116", "2009-03-31": "118", "2008-12-31": "120", "2008-09-30": "120", "2008-06-30": "120", "2008-03-31": "120", "2007-12-31": "117", "2007-09-30": "118", "2007-06-30": "116", "2007-03-31": "115", "2006-12-31": "114", "2006-09-30": "115", "2006-06-30": "114", "2006-03-31": "113", "2005-12-31": "112", "2005-09-30": "114", "2005-06-30": "112", "2005-03-31": "111"}}, "total-assets": {"Intuitive Surgical Annual Total Assets (Millions of US $)": {"2019": "$9,733", "2018": "$7,847", "2017": "$5,777", "2016": "$6,487", "2015": "$4,907", "2014": "$3,959", "2013": "$3,950", "2012": "$4,059", "2011": "$3,063", "2010": "$2,390", "2009": "$1,810", "2008": "$1,475", "2007": "$1,040", "2006": "$672", "2005": "$502"}, "Intuitive Surgical Quarterly Total Assets (Millions of US $)": {"2020-09-30": "$10,618", "2020-06-30": "$10,104", "2020-03-31": "$9,891", "2019-12-31": "$9,733", "2019-09-30": "$9,131", "2019-06-30": "$8,532", "2019-03-31": "$8,235", "2018-12-31": "$7,847", "2018-09-30": "$7,319", "2018-06-30": "$6,850", "2018-03-31": "$6,426", "2017-12-31": "$5,777", "2017-09-30": "$5,645", "2017-06-30": "$5,251", "2017-03-31": "$4,808", "2016-12-31": "$6,487", "2016-09-30": "$6,175", "2016-06-30": "$5,781", "2016-03-31": "$5,306", "2015-12-31": "$4,907", "2015-09-30": "$4,682", "2015-06-30": "$4,355", "2015-03-31": "$4,126", "2014-12-31": "$3,959", "2014-09-30": "$3,652", "2014-06-30": "$3,405", "2014-03-31": "$4,194", "2013-12-31": "$3,950", "2013-09-30": "$3,697", "2013-06-30": "$4,201", "2013-03-31": "$4,236", "2012-12-31": "$4,059", "2012-09-30": "$3,732", "2012-06-30": "$3,626", "2012-03-31": "$3,333", "2011-12-31": "$3,063", "2011-09-30": "$2,746", "2011-06-30": "$2,650", "2011-03-31": "$2,568", "2010-12-31": "$2,390", "2010-09-30": "$2,352", "2010-06-30": "$2,243", "2010-03-31": "$2,017", "2009-12-31": "$1,810", "2009-09-30": "$1,638", "2009-06-30": "$1,501", "2009-03-31": "$1,386", "2008-12-31": "$1,475", "2008-09-30": "$1,365", "2008-06-30": "$1,231", "2008-03-31": "$1,123", "2007-12-31": "$1,040", "2007-09-30": "$912", "2007-06-30": "$809", "2007-03-31": "$724", "2006-12-31": "$672", "2006-09-30": "$614", "2006-06-30": "$566", "2006-03-31": "$525", "2005-12-31": "$502", "2005-09-30": "$428", "2005-06-30": "$390", "2005-03-31": "$369"}}, "cash-on-hand": {"Intuitive Surgical Annual Cash on Hand (Millions of US $)": {"2019": "$3,222", "2018": "$3,063", "2017": "$1,961", "2016": "$2,555", "2015": "$1,560", "2014": "$1,233", "2013": "$1,404", "2012": "$1,324", "2011": "$1,029", "2010": "$910", "2009": "$555", "2008": "$451", "2007": "$427", "2006": "$240", "2005": "$129"}, "Intuitive Surgical Quarterly Cash on Hand (Millions of US $)": {"2020-09-30": "$4,718", "2020-06-30": "$4,488", "2020-03-31": "$3,253", "2019-12-31": "$3,222", "2019-09-30": "$2,898", "2019-06-30": "$2,718", "2019-03-31": "$2,809", "2018-12-31": "$3,063", "2018-09-30": "$3,136", "2018-06-30": "$2,933", "2018-03-31": "$2,517", "2017-12-31": "$1,961", "2017-09-30": "$2,147", "2017-06-30": "$1,823", "2017-03-31": "$1,465", "2016-12-31": "$2,555", "2016-09-30": "$2,215", "2016-06-30": "$2,184", "2016-03-31": "$1,808", "2015-12-31": "$1,560", "2015-09-30": "$1,740", "2015-06-30": "$1,562", "2015-03-31": "$1,362", "2014-12-31": "$1,233", "2014-09-30": "$1,014", "2014-06-30": "$979", "2014-03-31": "$1,559", "2013-12-31": "$1,404", "2013-09-30": "$1,213", "2013-06-30": "$1,290", "2013-03-31": "$1,358", "2012-12-31": "$1,324", "2012-09-30": "$1,141", "2012-06-30": "$1,213", "2012-03-31": "$971", "2011-12-31": "$1,029", "2011-09-30": "$911", "2011-06-30": "$994", "2011-03-31": "$1,090", "2010-12-31": "$910", "2010-09-30": "$981", "2010-06-30": "$968", "2010-03-31": "$743", "2009-12-31": "$555", "2009-09-30": "$513", "2009-06-30": "$381", "2009-03-31": "$340", "2008-12-31": "$451", "2008-09-30": "$408", "2008-06-30": "$340", "2008-03-31": "$387", "2007-12-31": "$427", "2007-09-30": "$369", "2007-06-30": "$306", "2007-03-31": "$275", "2006-12-31": "$240", "2006-09-30": "$202", "2006-06-30": "$161", "2006-03-31": "$165", "2005-12-31": "$129", "2005-09-30": "$190", "2005-06-30": "$159", "2005-03-31": "$150"}}, "long-term-debt": {"Intuitive Surgical Annual Long Term Debt (Millions of US $)": {"2019": "$", "2018": "$", "2017": "$", "2016": "$", "2015": "$", "2014": "$", "2013": "$", "2012": "$", "2011": "$", "2010": "$", "2009": "$", "2008": "$", "2007": "$", "2006": "$", "2005": "$"}, "Intuitive Surgical Quarterly Long Term Debt (Millions of US $)": {"2020-09-30": "", "2020-06-30": "", "2020-03-31": "", "2019-12-31": "", "2019-09-30": "", "2019-06-30": "", "2019-03-31": "", "2018-12-31": "", "2018-09-30": "", "2018-06-30": "", "2018-03-31": "", "2017-12-31": "", "2017-09-30": "", "2017-06-30": "", "2017-03-31": "", "2016-12-31": "", "2016-09-30": "", "2016-06-30": "", "2016-03-31": "", "2015-12-31": "", "2015-09-30": "", "2015-06-30": "", "2015-03-31": "", "2014-12-31": "", "2014-09-30": "", "2014-06-30": "", "2014-03-31": "", "2013-12-31": "", "2013-09-30": "", "2013-06-30": "", "2013-03-31": "", "2012-12-31": "", "2012-09-30": "", "2012-06-30": "", "2012-03-31": "", "2011-12-31": "", "2011-09-30": "", "2011-06-30": "", "2011-03-31": "", "2010-12-31": "", "2010-09-30": "", "2010-06-30": "", "2010-03-31": "", "2009-12-31": "", "2009-09-30": "", "2009-06-30": "", "2009-03-31": "", "2008-12-31": "", "2008-09-30": "", "2008-06-30": "", "2008-03-31": "", "2007-12-31": "", "2007-09-30": "", "2007-06-30": "", "2007-03-31": "", "2006-12-31": "", "2006-09-30": "", "2006-06-30": "", "2006-03-31": "", "2005-12-31": "", "2005-09-30": "", "2005-06-30": "", "2005-03-31": ""}}, "total-liabilities": {"Intuitive Surgical Annual Total Liabilities (Millions of US $)": {"2019": "$1,449", "2018": "$1,159", "2017": "$996", "2016": "$709", "2015": "$588", "2014": "$580", "2013": "$449", "2012": "$479", "2011": "$418", "2010": "$353", "2009": "$272", "2008": "$208", "2007": "$151", "2006": "$82", "2005": "$59"}, "Intuitive Surgical Quarterly Total Liabilities (Millions of US $)": {"2020-09-30": "$1,331", "2020-06-30": "$1,337", "2020-03-31": "$1,361", "2019-12-31": "$1,449", "2019-09-30": "$1,354", "2019-06-30": "$1,252", "2019-03-31": "$1,195", "2018-12-31": "$1,159", "2018-09-30": "$1,030", "2018-06-30": "$980", "2018-03-31": "$920", "2017-12-31": "$996", "2017-09-30": "$685", "2017-06-30": "$729", "2017-03-31": "$681", "2016-12-31": "$709", "2016-09-30": "$633", "2016-06-30": "$599", "2016-03-31": "$556", "2015-12-31": "$588", "2015-09-30": "$567", "2015-06-30": "$562", "2015-03-31": "$541", "2014-12-31": "$580", "2014-09-30": "$567", "2014-06-30": "$582", "2014-03-31": "$538", "2013-12-31": "$449", "2013-09-30": "$433", "2013-06-30": "$483", "2013-03-31": "$464", "2012-12-31": "$479", "2012-09-30": "$439", "2012-06-30": "$444", "2012-03-31": "$406", "2011-12-31": "$418", "2011-09-30": "$377", "2011-06-30": "$361", "2011-03-31": "$337", "2010-12-31": "$353", "2010-09-30": "$344", "2010-06-30": "$319", "2010-03-31": "$247", "2009-12-31": "$272", "2009-09-30": "$248", "2009-06-30": "$230", "2009-03-31": "$211", "2008-12-31": "$208", "2008-09-30": "$181", "2008-06-30": "$157", "2008-03-31": "$141", "2007-12-31": "$151", "2007-09-30": "$112", "2007-06-30": "$97", "2007-03-31": "$81", "2006-12-31": "$82", "2006-09-30": "$70", "2006-06-30": "$63", "2006-03-31": "$56", "2005-12-31": "$59", "2005-09-30": "$47", "2005-06-30": "$42", "2005-03-31": "$39"}}, "total-share-holder-equity": {"Intuitive Surgical Annual Share Holder Equity (Millions of US $)": {"2019": "$8,285", "2018": "$6,688", "2017": "$4,780", "2016": "$5,778", "2015": "$4,320", "2014": "$3,379", "2013": "$3,501", "2012": "$3,580", "2011": "$2,646", "2010": "$2,037", "2009": "$1,537", "2008": "$1,267", "2007": "$889", "2006": "$590", "2005": "$443"}, "Intuitive Surgical Quarterly Share Holder Equity (Millions of US $)": {"2020-09-30": "$9,287", "2020-06-30": "$8,766", "2020-03-31": "$8,531", "2019-12-31": "$8,285", "2019-09-30": "$7,777", "2019-06-30": "$7,280", "2019-03-31": "$7,040", "2018-12-31": "$6,688", "2018-09-30": "$6,289", "2018-06-30": "$5,869", "2018-03-31": "$5,506", "2017-12-31": "$4,780", "2017-09-30": "$4,960", "2017-06-30": "$4,522", "2017-03-31": "$4,128", "2016-12-31": "$5,778", "2016-09-30": "$5,542", "2016-06-30": "$5,182", "2016-03-31": "$4,750", "2015-12-31": "$4,320", "2015-09-30": "$4,115", "2015-06-30": "$3,793", "2015-03-31": "$3,585", "2014-12-31": "$3,379", "2014-09-30": "$3,084", "2014-06-30": "$2,822", "2014-03-31": "$3,657", "2013-12-31": "$3,501", "2013-09-30": "$3,264", "2013-06-30": "$3,719", "2013-03-31": "$3,772", "2012-12-31": "$3,580", "2012-09-30": "$3,294", "2012-06-30": "$3,182", "2012-03-31": "$2,927", "2011-12-31": "$2,646", "2011-09-30": "$2,369", "2011-06-30": "$2,289", "2011-03-31": "$2,231", "2010-12-31": "$2,037", "2010-09-30": "$2,008", "2010-06-30": "$1,924", "2010-03-31": "$1,770", "2009-12-31": "$1,537", "2009-09-30": "$1,390", "2009-06-30": "$1,271", "2009-03-31": "$1,175", "2008-12-31": "$1,267", "2008-09-30": "$1,183", "2008-06-30": "$1,074", "2008-03-31": "$982", "2007-12-31": "$889", "2007-09-30": "$800", "2007-06-30": "$711", "2007-03-31": "$643", "2006-12-31": "$590", "2006-09-30": "$544", "2006-06-30": "$503", "2006-03-31": "$469", "2005-12-31": "$443", "2005-09-30": "$381", "2005-06-30": "$348", "2005-03-31": "$330"}}, "profit-margins": {"current": "24.33%"}, "gross margin": {"2020-12-31": "65.63%", "2020-09-30": "66.41%", "2020-06-30": "67.07%", "2020-03-31": "69.03%", "2019-12-31": "69.46%", "2019-09-30": "69.47%", "2019-06-30": "69.46%", "2019-03-31": "69.59%", "2018-12-31": "69.91%", "2018-09-30": "70.08%", "2018-06-30": "70.23%", "2018-03-31": "70.34%", "2017-12-31": "70.15%", "2017-09-30": "69.79%", "2017-06-30": "70.01%", "2017-03-31": "70.13%", "2016-12-31": "69.93%", "2016-09-30": "69.41%", "2016-06-30": "68.36%", "2016-03-31": "67.28%", "2015-12-31": "66.21%", "2015-09-30": "65.41%", "2015-06-30": "65.02%", "2015-03-31": "65.26%", "2014-12-31": "66.28%", "2014-09-30": "67.43%", "2014-06-30": "68.91%", "2014-03-31": "69.61%", "2013-12-31": "70.38%", "2013-09-30": "71.11%", "2013-06-30": "71.33%", "2013-03-31": "71.81%", "2012-12-31": "72.05%", "2012-09-30": "72.33%", "2012-06-30": "72.42%", "2012-03-31": "72.49%", "2011-12-31": "72.53%", "2011-09-30": "72.36%", "2011-06-30": "72.33%", "2011-03-31": "72.62%", "2010-12-31": "72.97%", "2010-09-30": "72.90%", "2010-06-30": "72.49%", "2010-03-31": "72.34%", "2009-12-31": "71.39%", "2009-09-30": "71.07%", "2009-06-30": "71.32%", "2009-03-31": "70.86%", "2008-12-31": "70.97%", "2008-09-30": "71.03%", "2008-06-30": "70.25%", "2008-03-31": "69.29%", "2007-12-31": "69.00%", "2007-09-30": "67.56%", "2007-06-30": "66.52%", "2007-03-31": "66.59%", "2006-12-31": "66.49%", "2006-09-30": "66.87%", "2006-06-30": "68.01%", "2006-03-31": "68.06%", "2005-12-31": "67.54%"}, "operating margin": {"2020-12-31": "24.09%", "2020-09-30": "23.96%", "2020-06-30": "25.88%", "2020-03-31": "30.53%", "2019-12-31": "30.70%", "2019-09-30": "30.81%", "2019-06-30": "31.08%", "2019-03-31": "30.49%", "2018-12-31": "32.19%", "2018-09-30": "33.50%", "2018-06-30": "33.67%", "2018-03-31": "34.68%", "2017-12-31": "33.86%", "2017-09-30": "33.37%", "2017-06-30": "33.95%", "2017-03-31": "34.49%", "2016-12-31": "35.06%", "2016-09-30": "35.28%", "2016-06-30": "33.97%", "2016-03-31": "32.23%", "2015-12-31": "31.03%", "2015-09-30": "29.40%", "2015-06-30": "28.55%", "2015-03-31": "28.10%", "2014-12-31": "25.56%", "2014-09-30": "27.01%", "2014-06-30": "28.41%", "2014-03-31": "31.10%", "2013-12-31": "37.66%", "2013-09-30": "38.82%", "2013-06-30": "39.75%", "2013-03-31": "40.74%", "2012-12-31": "40.25%", "2012-09-30": "40.11%", "2012-06-30": "40.33%", "2012-03-31": "39.68%", "2011-12-31": "39.53%", "2011-09-30": "39.33%", "2011-06-30": "38.91%", "2011-03-31": "38.99%", "2010-12-31": "39.35%", "2010-09-30": "39.35%", "2010-06-30": "39.20%", "2010-03-31": "38.81%", "2009-12-31": "35.93%", "2009-09-30": "34.65%", "2009-06-30": "34.13%", "2009-03-31": "33.26%", "2008-12-31": "35.54%", "2008-09-30": "36.18%", "2008-06-30": "35.86%", "2008-03-31": "35.16%", "2007-12-31": "34.33%", "2007-09-30": "32.06%", "2007-06-30": "30.24%", "2007-03-31": "29.27%", "2006-12-31": "28.95%", "2006-09-30": "29.22%", "2006-06-30": "30.98%", "2006-03-31": "31.18%", "2005-12-31": "30.26%"}, "ebitda margin": {"2020-09-30": "30.36%", "2020-06-30": "31.76%", "2020-03-31": "35.74%", "2019-12-31": "35.50%", "2019-09-30": "35.15%", "2019-06-30": "35.21%", "2019-03-31": "34.22%", "2018-12-31": "35.79%", "2018-09-30": "37.09%", "2018-06-30": "37.08%", "2018-03-31": "38.04%", "2017-12-31": "37.37%", "2017-09-30": "36.29%", "2017-06-30": "37.17%", "2017-03-31": "38.22%", "2016-12-31": "38.90%", "2016-09-30": "40.15%", "2016-06-30": "39.42%", "2016-03-31": "37.42%", "2015-12-31": "35.89%", "2015-09-30": "35.37%", "2015-06-30": "33.66%", "2015-03-31": "33.20%", "2014-12-31": "30.63%", "2014-09-30": "30.81%", "2014-06-30": "32.55%", "2014-03-31": "35.58%", "2013-12-31": "42.25%", "2013-09-30": "41.86%", "2013-06-30": "42.70%", "2013-03-31": "43.53%", "2012-12-31": "42.96%", "2012-09-30": "44.27%", "2012-06-30": "44.33%", "2012-03-31": "43.59%", "2011-12-31": "43.46%", "2011-09-30": "44.06%", "2011-06-30": "43.50%", "2011-03-31": "43.41%", "2010-12-31": "43.38%", "2010-09-30": "42.17%", "2010-06-30": "42.01%", "2010-03-31": "41.74%", "2009-12-31": "39.16%", "2009-09-30": "37.98%", "2009-06-30": "37.51%", "2009-03-31": "36.46%", "2008-12-31": "38.40%", "2008-09-30": "38.82%", "2008-06-30": "38.25%", "2008-03-31": "37.39%", "2007-12-31": "36.50%", "2007-09-30": "34.35%", "2007-06-30": "32.61%", "2007-03-31": "31.71%", "2006-12-31": "31.37%", "2006-09-30": "31.33%", "2006-06-30": "33.33%", "2006-03-31": "33.84%", "2005-12-31": "33.33%"}, "pre tax profit margin": {"2020-12-31": "27.69%", "2020-09-30": "27.90%", "2020-06-30": "28.59%", "2020-03-31": "33.25%", "2019-12-31": "33.56%", "2019-09-30": "33.66%", "2019-06-30": "33.80%", "2019-03-31": "32.98%", "2018-12-31": "34.36%", "2018-09-30": "35.35%", "2018-06-30": "35.23%", "2018-03-31": "36.04%", "2017-12-31": "35.17%", "2017-09-30": "34.73%", "2017-06-30": "35.40%", "2017-03-31": "35.92%", "2016-12-31": "36.42%", "2016-09-30": "36.46%", "2016-06-30": "34.91%", "2016-03-31": "33.05%", "2015-12-31": "31.82%", "2015-09-30": "29.92%", "2015-06-30": "28.99%", "2015-03-31": "28.38%", "2014-12-31": "25.80%", "2014-09-30": "27.58%", "2014-06-30": "29.09%", "2014-03-31": "31.95%", "2013-12-31": "38.50%", "2013-09-30": "39.56%", "2013-06-30": "40.52%", "2013-03-31": "41.53%", "2012-12-31": "41.03%", "2012-09-30": "40.88%", "2012-06-30": "40.99%", "2012-03-31": "40.38%", "2011-12-31": "40.39%", "2011-09-30": "40.24%", "2011-06-30": "40.08%", "2011-03-31": "40.22%", "2010-12-31": "40.48%", "2010-09-30": "40.68%", "2010-06-30": "40.53%", "2010-03-31": "40.32%", "2009-12-31": "37.74%", "2009-09-30": "36.63%", "2009-06-30": "36.31%", "2009-03-31": "35.66%", "2008-12-31": "38.29%", "2008-09-30": "39.54%", "2008-06-30": "40.50%", "2008-03-31": "40.21%", "2007-12-31": "39.50%", "2007-09-30": "37.21%", "2007-06-30": "34.13%", "2007-03-31": "33.17%", "2006-12-31": "32.44%", "2006-09-30": "31.93%", "2006-06-30": "33.33%", "2006-03-31": "33.08%", "2005-12-31": "32.02%"}, "net profit margin": {"2020-12-31": "24.34%", "2020-09-30": "24.47%", "2020-06-30": "26.09%", "2020-03-31": "30.12%", "2019-12-31": "30.81%", "2019-09-30": "30.96%", "2019-06-30": "29.97%", "2019-03-31": "29.81%", "2018-12-31": "30.31%", "2018-09-30": "22.52%", "2018-06-30": "23.43%", "2018-03-31": "23.53%", "2017-12-31": "21.38%", "2017-09-30": "30.24%", "2017-06-30": "28.50%", "2017-03-31": "28.04%", "2016-12-31": "27.26%", "2016-09-30": "27.50%", "2016-06-30": "26.78%", "2016-03-31": "25.65%", "2015-12-31": "24.70%", "2015-09-30": "23.61%", "2015-06-30": "22.13%", "2015-03-31": "21.46%", "2014-12-31": "19.65%", "2014-09-30": "20.83%", "2014-06-30": "22.95%", "2014-03-31": "24.82%", "2013-12-31": "29.62%", "2013-09-30": "29.59%", "2013-06-30": "30.21%", "2013-03-31": "30.59%", "2012-12-31": "30.15%", "2012-09-30": "30.62%", "2012-06-30": "28.95%", "2012-03-31": "28.63%", "2011-12-31": "28.10%", "2011-09-30": "28.12%", "2011-06-30": "27.73%", "2011-03-31": "27.24%", "2010-12-31": "27.03%", "2010-09-30": "25.17%", "2010-06-30": "24.71%", "2010-03-31": "24.31%", "2009-12-31": "22.15%", "2009-09-30": "21.44%", "2009-06-30": "21.70%", "2009-03-31": "21.49%", "2008-12-31": "23.43%", "2008-09-30": "24.40%", "2008-06-30": "24.70%", "2008-03-31": "24.63%", "2007-12-31": "24.17%", "2007-09-30": "22.90%", "2007-06-30": "20.73%", "2007-03-31": "20.00%", "2006-12-31": "19.30%", "2006-09-30": "29.52%", "2006-06-30": "34.34%", "2006-03-31": "38.02%", "2005-12-31": "41.67%"}, "pe ratio": {"current": "86.52", "2021-02-05": "131.65", "2020-12-31": "141.30", "2020-09-30": "80.81", "2020-06-30": "59.92", "2020-03-31": "42.65", "2019-12-31": "51.18", "2019-09-30": "49.04", "2019-06-30": "51.78", "2019-03-31": "59.37", "2018-12-31": "50.47", "2018-09-30": "85.80", "2018-06-30": "70.47", "2018-03-31": "62.90", "2017-12-31": "64.25", "2017-09-30": "45.04", "2017-06-30": "44.80", "2017-03-31": "38.67", "2016-12-31": "33.93", "2016-09-30": "39.07", "2016-06-30": "37.49", "2016-03-31": "36.45", "2015-12-31": "35.19", "2015-09-30": "31.74", "2015-06-30": "36.10", "2015-03-31": "39.99", "2014-12-31": "47.27", "2014-09-30": "40.05", "2014-06-30": "33.84", "2014-03-31": "32.93", "2013-12-31": "22.96", "2013-09-30": "22.53", "2013-06-30": "29.48", "2013-03-31": "28.86", "2012-12-31": "30.72", "2012-09-30": "32.06", "2012-06-30": "39.42", "2012-03-31": "41.01", "2011-12-31": "37.64", "2011-09-30": "31.48", "2011-06-30": "34.91", "2011-03-31": "33.55", "2010-12-31": "27.22", "2010-09-30": "33.78", "2010-06-30": "39.95", "2010-03-31": "47.49", "2009-12-31": "51.17", "2009-09-30": "49.95", "2009-06-30": "32.41", "2009-03-31": "20.25", "2008-12-31": "24.85", "2008-09-30": "47.44", "2008-06-30": "57.56", "2008-03-31": "77.41", "2007-12-31": "87.53", "2007-09-30": "74.91", "2007-06-30": "55.95", "2007-03-31": "57.07", "2006-12-31": "50.73"}, "price sales": {"2021-02-05": "21.05", "2020-12-31": "22.59", "2020-09-30": "19.75", "2020-06-30": "15.64", "2020-03-31": "12.85", "2019-12-31": "15.76", "2019-09-30": "15.16", "2019-06-30": "15.48", "2019-03-31": "17.64", "2018-12-31": "15.26", "2018-09-30": "18.97", "2018-06-30": "16.25", "2018-03-31": "14.56", "2017-12-31": "13.49", "2017-09-30": "13.50", "2017-06-30": "12.65", "2017-03-31": "10.76", "2016-12-31": "9.18", "2016-09-30": "10.72", "2016-06-30": "10.04", "2016-03-31": "9.35", "2015-12-31": "8.67", "2015-09-30": "7.51", "2015-06-30": "8.00", "2015-03-31": "8.61", "2014-12-31": "9.37", "2014-09-30": "8.43", "2014-06-30": "7.83", "2014-03-31": "8.24", "2013-12-31": "6.86", "2013-09-30": "6.66", "2013-06-30": "8.90", "2013-03-31": "8.82", "2012-12-31": "9.26", "2012-09-30": "9.81", "2012-06-30": "11.40", "2012-03-31": "11.74", "2011-12-31": "10.59", "2011-09-30": "8.88", "2011-06-30": "9.70", "2011-03-31": "9.14", "2010-12-31": "7.36", "2010-09-30": "8.45", "2010-06-30": "9.80", "2010-03-31": "11.48", "2009-12-31": "11.27", "2009-09-30": "10.71", "2009-06-30": "7.04", "2009-03-31": "4.34", "2008-12-31": "5.80", "2008-09-30": "11.51", "2008-06-30": "14.14", "2008-03-31": "18.86", "2007-12-31": "20.90", "2007-09-30": "16.97", "2007-06-30": "11.50", "2007-03-31": "11.34", "2006-12-31": "9.80"}, "price book": {"current": "9.18", "2021-02-05": "9.64", "2020-09-30": "8.98", "2020-06-30": "7.61", "2020-03-31": "6.77", "2019-12-31": "8.28", "2019-09-30": "8.03", "2019-06-30": "8.30", "2019-03-31": "9.35", "2018-12-31": "8.20", "2018-09-30": "10.42", "2018-06-30": "9.27", "2018-03-31": "8.49", "2017-12-31": "8.57", "2017-09-30": "7.87", "2017-06-30": "7.67", "2017-03-31": "6.83", "2016-12-31": "4.26", "2016-09-30": "5.06", "2016-06-30": "4.91", "2016-03-31": "4.82", "2015-12-31": "4.73", "2015-09-30": "4.16", "2015-06-30": "4.73", "2015-03-31": "5.18", "2014-12-31": "5.73", "2014-09-30": "5.44", "2014-06-30": "5.25", "2014-03-31": "4.60", "2013-12-31": "4.19", "2013-09-30": "4.39", "2013-06-30": "5.40", "2013-03-31": "5.23", "2012-12-31": "5.51", "2012-09-30": "5.99", "2012-06-30": "6.94", "2012-03-31": "7.35", "2011-12-31": "6.88", "2011-09-30": "6.00", "2011-06-30": "6.36", "2011-03-31": "5.87", "2010-12-31": "4.92", "2010-09-30": "5.55", "2010-06-30": "6.46", "2010-03-31": "7.71", "2009-12-31": "7.60", "2009-09-30": "7.20", "2009-06-30": "4.88", "2009-03-31": "3.07", "2008-12-31": "3.93", "2008-09-30": "7.96", "2008-06-30": "9.74", "2008-03-31": "12.79", "2007-12-31": "13.98", "2007-09-30": "10.98", "2007-06-30": "7.36", "2007-03-31": "7.08", "2006-12-31": "6.03", "2006-09-30": "7.17", "2006-06-30": "8.41", "2006-03-31": "9.20"}, "price fcf": {"2021-02-05": "", "2020-09-30": "$8.22", "2020-06-30": "$9.09", "2020-03-31": "$10.05", "2019-12-31": "$9.81", "2019-09-30": "$8.79", "2019-06-30": "$8.46", "2019-03-31": "$8.06", "2018-12-31": "$8.27", "2018-09-30": "$8.48", "2018-06-30": "$8.76", "2018-03-31": "$8.60", "2017-12-31": "$8.20", "2017-09-30": "$8.29", "2017-06-30": "$7.82", "2017-03-31": "$8.51", "2016-12-31": "$8.76", "2016-09-30": "$8.69", "2016-06-30": "$7.92", "2016-03-31": "$7.33", "2015-12-31": "$6.38", "2015-09-30": "$4.81", "2015-06-30": "$4.78", "2015-03-31": "$4.52", "2014-12-31": "$4.95", "2014-09-30": "$5.46", "2014-06-30": "$5.74", "2014-03-31": "$5.85", "2013-12-31": "$6.45", "2013-09-30": "$6.14", "2013-06-30": "$6.41", "2013-03-31": "$6.67", "2012-12-31": "$5.68", "2012-09-30": "$6.05", "2012-06-30": "$5.42", "2012-03-31": "$5.13", "2011-12-31": "$4.93", "2011-09-30": "$4.40", "2011-06-30": "$3.72", "2011-03-31": "$3.65", "2010-12-31": "$3.72", "2010-09-30": "$3.59", "2010-06-30": "$3.83", "2010-03-31": "$3.17", "2009-12-31": "$2.88", "2009-09-30": "$2.49", "2009-06-30": "$2.15", "2009-03-31": "$1.70", "2008-12-31": "$1.44", "2008-09-30": "$1.47", "2008-06-30": "$1.41", "2008-03-31": "$1.56", "2007-12-31": "$1.55", "2007-09-30": "$1.15", "2007-06-30": "$1.08", "2007-03-31": "$0.89", "2006-12-31": "$0.74"}, "net worth": {"value": "$89.61B"}, "current ratio": {"2020-12-31": "5.76", "2020-09-30": "7.04", "2020-06-30": "6.38", "2020-03-31": "4.96", "2019-12-31": "4.53", "2019-09-30": "4.64", "2019-06-30": "5.04", "2019-03-31": "5.44", "2018-12-31": "5.28", "2018-09-30": "6.05", "2018-06-30": "5.98", "2018-03-31": "5.82", "2017-12-31": "4.24", "2017-09-30": "4.76", "2017-06-30": "4.41", "2017-03-31": "3.88", "2016-12-31": "5.45", "2016-09-30": "5.51", "2016-06-30": "5.78", "2016-03-31": "5.31", "2015-12-31": "4.46", "2015-09-30": "5.01", "2015-06-30": "4.56", "2015-03-31": "4.29", "2014-12-31": "3.62", "2014-09-30": "3.31", "2014-06-30": "3.09", "2014-03-31": "4.52", "2013-12-31": "5.07", "2013-09-30": "4.72", "2013-06-30": "4.76", "2013-03-31": "5.02", "2012-12-31": "4.71", "2012-09-30": "4.53", "2012-06-30": "4.91", "2012-03-31": "4.58", "2011-12-31": "4.57", "2011-09-30": "4.62", "2011-06-30": "4.98", "2011-03-31": "5.88", "2010-12-31": "4.66", "2010-09-30": "4.87", "2010-06-30": "5.20", "2010-03-31": "5.87", "2009-12-31": "4.18", "2009-09-30": "4.21", "2009-06-30": "3.57", "2009-03-31": "3.46", "2008-12-31": "4.28", "2008-09-30": "4.44", "2008-06-30": "4.32", "2008-03-31": "4.88", "2007-12-31": "4.63", "2007-09-30": "5.20", "2007-06-30": "4.98", "2007-03-31": "5.29", "2006-12-31": "4.64", "2006-09-30": "4.63", "2006-06-30": "4.48", "2006-03-31": "4.86", "2005-12-31": "3.60", "2005-09-30": "5.43", "2005-06-30": "5.19", "2005-03-31": "5.04"}, "quick ratio": {"2020-12-31": "5.33", "2020-09-30": "6.30", "2020-06-30": "5.68", "2020-03-31": "4.30", "2019-12-31": "3.95", "2019-09-30": "4.02", "2019-06-30": "4.41", "2019-03-31": "4.81", "2018-12-31": "4.78", "2018-09-30": "5.52", "2018-06-30": "5.48", "2018-03-31": "5.33", "2017-12-31": "3.87", "2017-09-30": "4.39", "2017-06-30": "4.05", "2017-03-31": "3.50", "2016-12-31": "5.14", "2016-09-30": "5.17", "2016-06-30": "5.43", "2016-03-31": "4.95", "2015-12-31": "4.12", "2015-09-30": "4.61", "2015-06-30": "4.14", "2015-03-31": "3.85", "2014-12-31": "3.25", "2014-09-30": "2.90", "2014-06-30": "2.68", "2014-03-31": "4.12", "2013-12-31": "4.60", "2013-09-30": "4.18", "2013-06-30": "4.33", "2013-03-31": "4.66", "2012-12-31": "4.41", "2012-09-30": "4.19", "2012-06-30": "4.57", "2012-03-31": "4.20", "2011-12-31": "4.22", "2011-09-30": "4.24", "2011-06-30": "4.62", "2011-03-31": "5.51", "2010-12-31": "4.34", "2010-09-30": "4.55", "2010-06-30": "4.89", "2010-03-31": "5.47", "2009-12-31": "3.89", "2009-09-30": "3.90", "2009-06-30": "3.23", "2009-03-31": "3.07", "2008-12-31": "3.89", "2008-09-30": "4.08", "2008-06-30": "3.99", "2008-03-31": "4.55", "2007-12-31": "4.38", "2007-09-30": "4.94", "2007-06-30": "4.72", "2007-03-31": "4.95", "2006-12-31": "4.34", "2006-09-30": "4.31", "2006-06-30": "4.08", "2006-03-31": "4.49", "2005-12-31": "3.34", "2005-09-30": "5.16", "2005-06-30": "4.98", "2005-03-31": "4.84"}, "debt equity ratio": {"current": "0.00", "2020-12-31": "0.14", "2020-09-30": "0.14", "2020-06-30": "0.15", "2020-03-31": "0.16", "2019-12-31": "0.18", "2019-09-30": "0.17", "2019-06-30": "0.17", "2019-03-31": "0.17", "2018-12-31": "0.17", "2018-09-30": "0.16", "2018-06-30": "0.17", "2018-03-31": "0.17", "2017-12-31": "0.21", "2017-09-30": "0.14", "2017-06-30": "0.16", "2017-03-31": "0.17", "2016-12-31": "0.12", "2016-09-30": "0.11", "2016-06-30": "0.12", "2016-03-31": "0.12", "2015-12-31": "0.14", "2015-09-30": "0.14", "2015-06-30": "0.15", "2015-03-31": "0.15", "2014-12-31": "0.17", "2014-09-30": "0.18", "2014-06-30": "0.21", "2014-03-31": "0.15", "2013-12-31": "0.13", "2013-09-30": "0.13", "2013-06-30": "0.13", "2013-03-31": "0.12", "2012-12-31": "0.13", "2012-09-30": "0.13", "2012-06-30": "0.14", "2012-03-31": "0.14", "2011-12-31": "0.16", "2011-09-30": "0.16", "2011-06-30": "0.16", "2011-03-31": "0.15", "2010-12-31": "0.17", "2010-09-30": "0.17", "2010-06-30": "0.17", "2010-03-31": "0.14", "2009-12-31": "0.18", "2009-09-30": "0.18", "2009-06-30": "0.18", "2009-03-31": "0.18", "2008-12-31": "0.16", "2008-09-30": "0.15", "2008-06-30": "0.15", "2008-03-31": "0.14", "2007-12-31": "0.17", "2007-09-30": "0.14", "2007-06-30": "0.14", "2007-03-31": "0.13", "2006-12-31": "0.14", "2006-09-30": "0.13", "2006-06-30": "0.13", "2006-03-31": "0.12", "2005-12-31": "0.13", "2005-09-30": "0.12", "2005-06-30": "0.12", "2005-03-31": "0.12"}, "return on equity": {"2020-12-31": "11.68%", "2020-09-30": "12.09%", "2020-06-30": "13.63%", "2020-03-31": "17.41%", "2019-12-31": "18.17%", "2019-09-30": "18.27%", "2019-06-30": "17.75%", "2019-03-31": "17.74%", "2018-12-31": "18.54%", "2018-09-30": "14.33%", "2018-06-30": "15.34%", "2018-03-31": "15.74%", "2017-12-31": "14.59%", "2017-09-30": "18.75%", "2017-06-30": "16.44%", "2017-03-31": "15.18%", "2016-12-31": "13.89%", "2016-09-30": "14.59%", "2016-06-30": "14.77%", "2016-03-31": "14.80%", "2015-12-31": "14.90%", "2015-09-30": "14.69%", "2015-06-30": "14.54%", "2015-03-31": "14.67%", "2014-12-31": "12.95%", "2014-09-30": "13.41%", "2014-06-30": "14.23%", "2014-03-31": "14.88%", "2013-12-31": "18.83%", "2013-09-30": "18.97%", "2013-06-30": "19.66%", "2013-03-31": "20.31%", "2012-12-31": "20.24%", "2012-09-30": "21.01%", "2012-06-30": "20.57%", "2012-03-31": "20.88%", "2011-12-31": "20.72%", "2011-09-30": "20.79%", "2011-06-30": "20.04%", "2011-03-31": "19.56%", "2010-12-31": "19.74%", "2010-09-30": "18.73%", "2010-06-30": "19.15%", "2010-03-31": "19.44%", "2009-12-31": "17.35%", "2009-09-30": "16.15%", "2009-06-30": "16.26%", "2009-03-31": "16.00%", "2008-12-31": "18.20%", "2008-09-30": "19.67%", "2008-06-30": "19.87%", "2008-03-31": "19.63%", "2007-12-31": "19.06%", "2007-09-30": "17.49%", "2007-06-30": "15.43%", "2007-03-31": "14.39%", "2006-12-31": "13.68%", "2006-09-30": "20.01%", "2006-06-30": "22.72%", "2006-03-31": "24.38%", "2005-12-31": "25.30%"}, "return on assets": {"2020-12-31": "10.16%", "2020-09-30": "10.45%", "2020-06-30": "11.70%", "2020-03-31": "14.88%", "2019-12-31": "15.49%", "2019-09-30": "15.59%", "2019-06-30": "15.17%", "2019-03-31": "15.18%", "2018-12-31": "15.88%", "2018-09-30": "12.19%", "2018-06-30": "13.12%", "2018-03-31": "13.47%", "2017-12-31": "12.49%", "2017-09-30": "16.39%", "2017-06-30": "14.45%", "2017-03-31": "13.47%", "2016-12-31": "12.43%", "2016-09-30": "13.03%", "2016-06-30": "13.12%", "2016-03-31": "13.05%", "2015-12-31": "13.04%", "2015-09-30": "12.76%", "2015-06-30": "12.50%", "2015-03-31": "12.47%", "2014-12-31": "11.02%", "2014-09-30": "11.53%", "2014-06-30": "12.36%", "2014-03-31": "13.12%", "2013-12-31": "16.69%", "2013-09-30": "16.80%", "2013-06-30": "17.40%", "2013-03-31": "17.94%", "2012-12-31": "17.82%", "2012-09-30": "18.41%", "2012-06-30": "17.92%", "2012-03-31": "18.11%", "2011-12-31": "17.92%", "2011-09-30": "17.93%", "2011-06-30": "17.23%", "2011-03-31": "16.79%", "2010-12-31": "16.97%", "2010-09-30": "16.10%", "2010-06-30": "16.45%", "2010-03-31": "16.65%", "2009-12-31": "14.71%", "2009-09-30": "13.73%", "2009-06-30": "13.90%", "2009-03-31": "13.78%", "2008-12-31": "15.79%", "2008-09-30": "17.06%", "2008-06-30": "17.28%", "2008-03-31": "17.10%", "2007-12-31": "16.64%", "2007-09-30": "15.40%", "2007-06-30": "13.62%", "2007-03-31": "12.73%", "2006-12-31": "12.12%", "2006-09-30": "17.76%", "2006-06-30": "20.19%", "2006-03-31": "21.68%", "2005-12-31": "22.50%"}, "return on investments": {"2020-12-31": "inf%", "2020-09-30": "inf%", "2020-06-30": "inf%", "2020-03-31": "inf%", "2019-12-31": "inf%", "2019-09-30": "inf%", "2019-06-30": "inf%", "2019-03-31": "inf%", "2018-12-31": "inf%", "2018-09-30": "inf%", "2018-06-30": "inf%", "2018-03-31": "inf%", "2017-12-31": "inf%", "2017-09-30": "inf%", "2017-06-30": "inf%", "2017-03-31": "inf%", "2016-12-31": "inf%", "2016-09-30": "inf%", "2016-06-30": "inf%", "2016-03-31": "inf%", "2015-12-31": "inf%", "2015-09-30": "inf%", "2015-06-30": "inf%", "2015-03-31": "inf%", "2014-12-31": "inf%", "2014-09-30": "inf%", "2014-06-30": "inf%", "2014-03-31": "inf%", "2013-12-31": "inf%", "2013-09-30": "inf%", "2013-06-30": "inf%", "2013-03-31": "inf%", "2012-12-31": "inf%", "2012-09-30": "inf%", "2012-06-30": "inf%", "2012-03-31": "inf%", "2011-12-31": "inf%", "2011-09-30": "inf%", "2011-06-30": "inf%", "2011-03-31": "inf%", "2010-12-31": "inf%", "2010-09-30": "inf%", "2010-06-30": "inf%", "2010-03-31": "inf%", "2009-12-31": "inf%", "2009-09-30": "inf%", "2009-06-30": "inf%", "2009-03-31": "inf%", "2008-12-31": "inf%", "2008-09-30": "inf%", "2008-06-30": "inf%", "2008-03-31": "inf%", "2007-12-31": "inf%", "2007-09-30": "inf%", "2007-06-30": "inf%", "2007-03-31": "inf%", "2006-12-31": "inf%", "2006-09-30": "inf%", "2006-06-30": "inf%", "2006-03-31": "inf%", "2005-12-31": "inf%"}, "return on tangible equity": {"2020-09-30": "13.30%", "2020-06-30": "15.03%", "2020-03-31": "19.16%", "2019-12-31": "19.96%", "2019-09-30": "19.99%", "2019-06-30": "19.32%", "2019-03-31": "19.25%", "2018-12-31": "20.04%", "2018-09-30": "15.51%", "2018-06-30": "16.59%", "2018-03-31": "17.04%", "2017-12-31": "15.84%", "2017-09-30": "20.05%", "2017-06-30": "17.53%", "2017-03-31": "16.14%", "2016-12-31": "14.73%", "2016-09-30": "15.65%", "2016-06-30": "15.92%", "2016-03-31": "16.04%", "2015-12-31": "16.23%", "2015-09-30": "16.09%", "2015-06-30": "16.04%", "2015-03-31": "16.33%", "2014-12-31": "14.34%", "2014-09-30": "14.72%", "2014-06-30": "15.46%", "2014-03-31": "15.95%", "2013-12-31": "20.14%", "2013-09-30": "20.30%", "2013-06-30": "21.00%", "2013-03-31": "21.72%", "2012-12-31": "21.72%", "2012-09-30": "22.56%", "2012-06-30": "22.19%", "2012-03-31": "22.61%", "2011-12-31": "22.50%", "2011-09-30": "22.70%", "2011-06-30": "21.94%", "2011-03-31": "21.44%", "2010-12-31": "21.69%", "2010-09-30": "20.66%", "2010-06-30": "21.28%", "2010-03-31": "21.92%", "2009-12-31": "19.91%", "2009-09-30": "18.68%", "2009-06-30": "18.92%", "2009-03-31": "18.64%", "2008-12-31": "21.09%", "2008-09-30": "22.92%", "2008-06-30": "23.18%", "2008-03-31": "23.10%", "2007-12-31": "22.79%", "2007-09-30": "21.27%", "2007-06-30": "19.31%", "2007-03-31": "18.50%", "2006-12-31": "18.10%", "2006-09-30": "27.26%", "2006-06-30": "32.46%", "2006-03-31": "36.87%", "2005-12-31": "40.95%"}, "dividend yield history": {"last payout": "$0.00", "last yield": "0.00%"}}