{"ticker": "IVZ", "price": {"title": "Invesco Historical Annual Stock Price Data", "value": 21.96, "historical": {"2021": {"Average Stock Price": "20.2100", "Year Open": "16.9500", "Year High": "21.9600", "Year Low": "16.9500", "Year Close": "21.9600", "Annual % Change": "25.99%"}, "2020": {"Average Stock Price": "12.5301", "Year Open": "17.9900", "Year High": "18.8900", "Year Low": "6.7000", "Year Close": "17.4300", "Annual % Change": "-3.06%"}, "2019": {"Average Stock Price": "18.5320", "Year Open": "16.8400", "Year High": "21.9700", "Year Low": "15.2000", "Year Close": "17.9800", "Annual % Change": "7.41%"}, "2018": {"Average Stock Price": "27.0118", "Year Open": "36.3500", "Year High": "38.4000", "Year Low": "15.7100", "Year Close": "16.7400", "Annual % Change": "-54.19%"}, "2017": {"Average Stock Price": "33.5566", "Year Open": "30.9300", "Year High": "37.6700", "Year Low": "28.9200", "Year Close": "36.5400", "Annual % Change": "20.44%"}, "2016": {"Average Stock Price": "29.6723", "Year Open": "33.1900", "Year High": "33.1900", "Year Low": "23.1600", "Year Close": "30.3400", "Annual % Change": "-9.38%"}, "2015": {"Average Stock Price": "36.8180", "Year Open": "39.1400", "Year High": "41.8500", "Year Low": "30.3900", "Year Close": "33.4800", "Annual % Change": "-15.28%"}, "2014": {"Average Stock Price": "37.4290", "Year Open": "35.8700", "Year High": "41.2800", "Year Low": "31.7700", "Year Close": "39.5200", "Annual % Change": "8.57%"}, "2013": {"Average Stock Price": "31.4335", "Year Open": "26.9600", "Year High": "36.5500", "Year Low": "25.6400", "Year Close": "36.4000", "Annual % Change": "39.52%"}, "2012": {"Average Stock Price": "23.8427", "Year Open": "20.5600", "Year High": "26.8400", "Year Low": "20.3500", "Year Close": "26.0900", "Annual % Change": "29.87%"}, "2011": {"Average Stock Price": "21.9337", "Year Open": "24.4600", "Year High": "27.4200", "Year Low": "14.8500", "Year Close": "20.0900", "Annual % Change": "-16.50%"}, "2010": {"Average Stock Price": "20.7609", "Year Open": "23.3400", "Year High": "24.2400", "Year Low": "16.6300", "Year Close": "24.0600", "Annual % Change": "2.43%"}, "2009": {"Average Stock Price": "17.8481", "Year Open": "15.0000", "Year High": "23.9700", "Year Low": "9.5100", "Year Close": "23.4900", "Annual % Change": "62.67%"}, "2008": {"Average Stock Price": "22.2480", "Year Open": "30.4000", "Year High": "30.6600", "Year Low": "8.8400", "Year Close": "14.4400", "Annual % Change": "-53.98%"}, "2007": {"Average Stock Price": "25.4386", "Year Open": "23.4100", "Year High": "32.0000", "Year Low": "22.0900", "Year Close": "31.3800", "Annual % Change": "27.30%"}, "2006": {"Average Stock Price": "20.0994", "Year Open": "15.8700", "Year High": "24.6500", "Year Low": "15.8700", "Year Close": "24.6500", "Annual % Change": "60.17%"}, "2005": {"Average Stock Price": "13.1541", "Year Open": "12.4500", "Year High": "15.8700", "Year Low": "11.2100", "Year Close": "15.3900", "Annual % Change": "22.53%"}, "2004": {"Average Stock Price": "13.1243", "Year Open": "14.8000", "Year High": "17.2800", "Year Low": "9.8100", "Year Close": "12.5600", "Annual % Change": "-14.79%"}, "2003": {"Average Stock Price": "13.3398", "Year Open": "13.2700", "Year High": "18.0400", "Year Low": "7.9200", "Year Close": "14.7400", "Annual % Change": "16.98%"}, "2002": {"Average Stock Price": "18.4753", "Year Open": "29.3900", "Year High": "31.1000", "Year Low": "7.9800", "Year Close": "12.6000", "Annual % Change": "-56.58%"}, "2001": {"Average Stock Price": "32.6530", "Year Open": "40.7500", "Year High": "47.2500", "Year Low": "17.9000", "Year Close": "29.0200", "Annual % Change": "-33.29%"}, "2000": {"Average Stock Price": "32.7906", "Year Open": "22.3000", "Year High": "50.6000", "Year Low": "20.7520", "Year Close": "43.5000", "Annual % Change": "92.48%"}, "1999": {"Average Stock Price": "18.5781", "Year Open": "16.1000", "Year High": "23.1000", "Year Low": "14.4000", "Year Close": "22.6000", "Annual % Change": "46.75%"}, "1998": {"Average Stock Price": "18.0930", "Year Open": "17.2500", "Year High": "24.9000", "Year Low": "8.6240", "Year Close": "15.4000", "Annual % Change": "-10.72%"}, "1997": {"Average Stock Price": "12.0727", "Year Open": "8.8500", "Year High": "17.2500", "Year Low": "8.7260", "Year Close": "17.2500", "Annual % Change": "94.34%"}, "1996": {"Average Stock Price": "7.7384", "Year Open": "7.8240", "Year High": "9.1760", "Year Low": "6.6500", "Year Close": "8.8760", "Annual % Change": "14.53%"}}}, "market cap": {"value": "$10.09B"}, "income statement": {"Revenue": {"2020-12-31": "6145.60000", "2019-12-31": "6117.40000", "2018-12-31": "5314.10000", "2017-12-31": "5160.30000", "2016-12-31": "4734.40000", "2015-12-31": "5122.90000", "2014-12-31": "5147.10000", "2013-12-31": "4644.60000", "2012-12-31": "4050.40000", "2011-12-31": "3982.30000", "2010-12-31": "3487.70000", "2009-12-31": "2627.30000", "2008-12-31": "3307.60000", "2007-12-31": "3878.90000", "2006-12-31": "3246.70000", "2005-12-31": "2872.60000"}, "Cost Of Goods Sold": {"2020-12-31": "1947.60000", "2019-12-31": "1893.00000", "2018-12-31": "1608.20000", "2017-12-31": "1486.50000", "2016-12-31": "1407.20000", "2015-12-31": "1579.90000", "2014-12-31": "1630.70000", "2013-12-31": "1489.20000", "2012-12-31": "1308.20000", "2011-12-31": "1279.40000", "2010-12-31": "1053.80000", "2009-12-31": "737.00000", "2008-12-31": "875.50000", "2007-12-31": "1051.10000", "2006-12-31": "826.80000", "2005-12-31": "706.00000"}, "Gross Profit": {"2020-12-31": "4198.00000", "2019-12-31": "4224.40000", "2018-12-31": "3705.90000", "2017-12-31": "3673.80000", "2016-12-31": "3327.20000", "2015-12-31": "3543.00000", "2014-12-31": "3516.40000", "2013-12-31": "3155.40000", "2012-12-31": "2742.20000", "2011-12-31": "2702.90000", "2010-12-31": "2433.90000", "2009-12-31": "1890.30000", "2008-12-31": "2432.10000", "2007-12-31": "2827.80000", "2006-12-31": "2419.90000", "2005-12-31": "2166.60000"}, "Research And Development Expenses": {"2020-12-31": "", "2019-12-31": "", "2018-12-31": "", "2017-12-31": "", "2016-12-31": "", "2015-12-31": "", "2014-12-31": "", "2013-12-31": "", "2012-12-31": "", "2011-12-31": "", "2010-12-31": "", "2009-12-31": "", "2008-12-31": "", "2007-12-31": "", "2006-12-31": "", "2005-12-31": ""}, "SG&A Expenses": {"2020-12-31": "2884.30000", "2019-12-31": "2743.20000", "2018-12-31": "2364.10000", "2017-12-31": "2292.90000", "2016-12-31": "2105.80000", "2015-12-31": "2184.60000", "2014-12-31": "2239.50000", "2013-12-31": "2032.00000", "2012-12-31": "1891.40000", "2011-12-31": "1791.40000", "2010-12-31": "1694.00000", "2009-12-31": "1395.20000", "2008-12-31": "1684.30000", "2007-12-31": "1833.50000", "2006-12-31": "1647.60000", "2005-12-31": "1679.50000"}, "Other Operating Income Or Expenses": {"2020-12-31": "", "2019-12-31": "", "2018-12-31": "", "2017-12-31": "", "2016-12-31": "", "2015-12-31": "", "2014-12-31": "", "2013-12-31": "", "2012-12-31": "", "2011-12-31": "", "2010-12-31": "", "2009-12-31": "", "2008-12-31": "", "2007-12-31": "", "2006-12-31": "", "2005-12-31": ""}, "Operating Expenses": {"2020-12-31": "5225.20000", "2019-12-31": "5309.20000", "2018-12-31": "4109.20000", "2017-12-31": "3881.20000", "2016-12-31": "3582.00000", "2015-12-31": "3764.50000", "2014-12-31": "3870.20000", "2013-12-31": "3524.40000", "2012-12-31": "3207.80000", "2011-12-31": "3100.20000", "2010-12-31": "2897.80000", "2009-12-31": "2143.00000", "2008-12-31": "2559.80000", "2007-12-31": "2884.60000", "2006-12-31": "2487.50000", "2005-12-31": "2464.70000"}, "Operating Income": {"2020-12-31": "920.40040", "2019-12-31": "808.19970", "2018-12-31": "1204.90000", "2017-12-31": "1279.10000", "2016-12-31": "1152.40000", "2015-12-31": "1358.40000", "2014-12-31": "1276.90000", "2013-12-31": "1120.20000", "2012-12-31": "842.60010", "2011-12-31": "882.10010", "2010-12-31": "589.89970", "2009-12-31": "484.30000", "2008-12-31": "747.80000", "2007-12-31": "994.30000", "2006-12-31": "759.20000", "2005-12-31": "407.89990"}, "Total Non-Operating Income/Expense": {"2020-12-31": "148.70000", "2019-12-31": "164.70000", "2018-12-31": "-66.80000", "2017-12-31": "150.10000", "2016-12-31": "54.20000", "2015-12-31": "3.70000", "2014-12-31": "118.20000", "2013-12-31": "135.00000", "2012-12-31": "-12.00000", "2011-12-31": "10.00000", "2010-12-31": "243.90000", "2009-12-31": "-126.80000", "2008-12-31": "-90.80000", "2007-12-31": "249.50000", "2006-12-31": "275.10000", "2005-12-31": "74.50000"}, "Pre-Tax Income": {"2020-12-31": "1069.10000", "2019-12-31": "972.90000", "2018-12-31": "1138.10000", "2017-12-31": "1429.20000", "2016-12-31": "1206.60000", "2015-12-31": "1362.10000", "2014-12-31": "1395.10000", "2013-12-31": "1255.20000", "2012-12-31": "830.60000", "2011-12-31": "892.10000", "2010-12-31": "833.80000", "2009-12-31": "357.50000", "2008-12-31": "657.00000", "2007-12-31": "1243.80000", "2006-12-31": "1034.30000", "2005-12-31": "482.40000"}, "Income Taxes": {"2020-12-31": "261.60000", "2019-12-31": "235.10000", "2018-12-31": "255.00000", "2017-12-31": "268.20000", "2016-12-31": "338.30000", "2015-12-31": "398.00000", "2014-12-31": "390.60000", "2013-12-31": "336.90000", "2012-12-31": "261.40000", "2011-12-31": "280.00000", "2010-12-31": "197.00000", "2009-12-31": "148.20000", "2008-12-31": "236.00000", "2007-12-31": "357.30000", "2006-12-31": "254.60000", "2005-12-31": "151.10000"}, "Income After Taxes": {"2020-12-31": "807.50000", "2019-12-31": "737.80000", "2018-12-31": "883.10000", "2017-12-31": "1161.00000", "2016-12-31": "868.30000", "2015-12-31": "964.10000", "2014-12-31": "1004.50000", "2013-12-31": "918.29990", "2012-12-31": "569.20000", "2011-12-31": "612.10000", "2010-12-31": "636.80000", "2009-12-31": "209.30000", "2008-12-31": "421.00000", "2007-12-31": "886.50010", "2006-12-31": "779.70000", "2005-12-31": "331.30000"}, "Other Income": {"2020-12-31": "", "2019-12-31": "", "2018-12-31": "", "2017-12-31": "", "2016-12-31": "", "2015-12-31": "", "2014-12-31": "", "2013-12-31": "", "2012-12-31": "", "2011-12-31": "", "2010-12-31": "", "2009-12-31": "", "2008-12-31": "", "2007-12-31": "", "2006-12-31": "", "2005-12-31": ""}, "Income From Continuous Operations": {"2020-12-31": "807.50000", "2019-12-31": "737.80000", "2018-12-31": "883.10000", "2017-12-31": "1161.00000", "2016-12-31": "868.30000", "2015-12-31": "964.10000", "2014-12-31": "1004.50000", "2013-12-31": "918.30000", "2012-12-31": "569.20000", "2011-12-31": "612.10000", "2010-12-31": "636.80000", "2009-12-31": "209.30000", "2008-12-31": "421.00000", "2007-12-31": "886.50010", "2006-12-31": "482.70000", "2005-12-31": "219.80000"}, "Income From Discontinued Operations": {"2020-12-31": "", "2019-12-31": "", "2018-12-31": "", "2017-12-31": "", "2016-12-31": "", "2015-12-31": "", "2014-12-31": "-3.40000", "2013-12-31": "64.50000", "2012-12-31": "18.10000", "2011-12-31": "9.90000", "2010-12-31": "", "2009-12-31": "", "2008-12-31": "", "2007-12-31": "", "2006-12-31": "", "2005-12-31": ""}, "Net Income": {"2020-12-31": "524.80000", "2019-12-31": "564.70000", "2018-12-31": "882.80000", "2017-12-31": "1127.30000", "2016-12-31": "829.40000", "2015-12-31": "943.50000", "2014-12-31": "959.90000", "2013-12-31": "908.20000", "2012-12-31": "677.10000", "2011-12-31": "729.70000", "2010-12-31": "465.70000", "2009-12-31": "322.50000", "2008-12-31": "481.70000", "2007-12-31": "673.60000", "2006-12-31": "482.70000", "2005-12-31": "219.80000"}, "EBITDA": {"2020-12-31": "920.40040", "2019-12-31": "985.79970", "2018-12-31": "1347.00000", "2017-12-31": "1395.90000", "2016-12-31": "1253.60000", "2015-12-31": "1452.00000", "2014-12-31": "1366.30000", "2013-12-31": "1208.60000", "2012-12-31": "937.60010", "2011-12-31": "999.50010", "2010-12-31": "686.59970", "2009-12-31": "561.90000", "2008-12-31": "815.40000", "2007-12-31": "1078.40000", "2006-12-31": "826.70000", "2005-12-31": "502.39990"}, "EBIT": {"2020-12-31": "920.40040", "2019-12-31": "808.19970", "2018-12-31": "1204.90000", "2017-12-31": "1279.10000", "2016-12-31": "1152.40000", "2015-12-31": "1358.40000", "2014-12-31": "1276.90000", "2013-12-31": "1120.20000", "2012-12-31": "842.60010", "2011-12-31": "882.10010", "2010-12-31": "589.89970", "2009-12-31": "484.30000", "2008-12-31": "747.80000", "2007-12-31": "994.30000", "2006-12-31": "759.20000", "2005-12-31": "407.89990"}, "Basic Shares Outstanding": {"2020-12-31": "459.50000", "2019-12-31": "437.80000", "2018-12-31": "412.40000", "2017-12-31": "409.40000", "2016-12-31": "402.60000", "2015-12-31": "418.00000", "2014-12-31": "422.60000", "2013-12-31": "432.20000", "2012-12-31": "452.30000", "2011-12-31": "462.90000", "2010-12-31": "460.40000", "2009-12-31": "417.20000", "2008-12-31": "388.70000", "2007-12-31": "400.00000", "2006-12-31": "396.10000", "2005-12-31": "397.00000"}, "Shares Outstanding": {"2020-12-31": "462.50000", "2019-12-31": "440.50000", "2018-12-31": "412.50000", "2017-12-31": "409.90000", "2016-12-31": "402.90000", "2015-12-31": "418.40000", "2014-12-31": "423.20000", "2013-12-31": "433.20000", "2012-12-31": "453.80000", "2011-12-31": "464.70000", "2010-12-31": "463.20000", "2009-12-31": "423.60000", "2008-12-31": "399.10000", "2007-12-31": "411.90000", "2006-12-31": "406.10000", "2005-12-31": "402.50000"}, "Basic EPS": {"2020-12-31": "1.14000", "2019-12-31": "1.29000", "2018-12-31": "2.14000", "2017-12-31": "2.75000", "2016-12-31": "2.06000", "2015-12-31": "2.26000", "2014-12-31": "2.27000", "2013-12-31": "2.10000", "2012-12-31": "1.50000", "2011-12-31": "1.58000", "2010-12-31": "1.01000", "2009-12-31": "0.77000", "2008-12-31": "1.24000", "2007-12-31": "1.68000", "2006-12-31": "1.22000", "2005-12-31": "0.55000"}, "EPS - Earnings Per Share": {"2020-12-31": "1.13000", "2019-12-31": "1.28000", "2018-12-31": "2.14000", "2017-12-31": "2.75000", "2016-12-31": "2.06000", "2015-12-31": "2.26000", "2014-12-31": "2.27000", "2013-12-31": "2.10000", "2012-12-31": "1.49000", "2011-12-31": "1.57000", "2010-12-31": "1.01000", "2009-12-31": "0.76000", "2008-12-31": "1.21000", "2007-12-31": "1.64000", "2006-12-31": "1.19000", "2005-12-31": "0.54000"}}, "income statement, quarterly": {"Revenue": {"2020-12-31": "1630.10000", "2020-09-30": "1497.60000", "2020-06-30": "1419.00000", "2020-03-31": "1598.90000", "2019-12-31": "1742.80000", "2019-09-30": "1720.60000", "2019-06-30": "1439.40000", "2019-03-31": "1214.60000", "2018-12-31": "1255.90000", "2018-09-30": "1341.80000", "2018-06-30": "1360.60000", "2018-03-31": "1355.80000", "2017-12-31": "1375.60000", "2017-09-30": "1337.70000", "2017-06-30": "1254.40000", "2017-03-31": "1192.60000", "2016-12-31": "1194.70000", "2016-09-30": "1201.60000", "2016-06-30": "1189.40000", "2016-03-31": "1148.70000", "2015-12-31": "1239.70000", "2015-09-30": "1273.50000", "2015-06-30": "1318.10000", "2015-03-31": "1291.60000", "2014-12-31": "1276.70000", "2014-09-30": "1311.00000", "2014-06-30": "1289.90000", "2014-03-31": "1269.50000", "2013-12-31": "1225.10000", "2013-09-30": "1171.80000", "2013-06-30": "1135.50000", "2013-03-31": "1112.20000", "2012-12-31": "1021.00000", "2012-09-30": "1013.90000", "2012-06-30": "981.80000", "2012-03-31": "1033.70000", "2011-12-31": "887.20000", "2011-09-30": "997.80000", "2011-06-30": "1070.00000", "2011-03-31": "1027.30000", "2010-12-31": "1028.50000", "2010-09-30": "953.10000", "2010-06-30": "787.00000", "2010-03-31": "719.10000", "2009-12-31": "747.80000", "2009-09-30": "705.80000", "2009-06-30": "625.10000", "2009-03-31": "548.60000", "2008-12-31": "634.40010", "2008-09-30": "827.20000", "2008-06-30": "935.60000", "2008-03-31": "910.40000", "2007-12-31": "1023.10000", "2007-09-30": "976.60000", "2007-06-30": "979.00000", "2007-03-31": "900.20000", "2006-12-31": "655.30000", "2006-09-30": "791.30000", "2006-06-30": "588.05200", "2006-03-31": "584.11900", "2005-12-31": "551.44200", "2005-09-30": "540.55800", "2005-06-30": "537.27000", "2005-03-31": "542.97300"}, "Cost Of Goods Sold": {"2020-12-31": "507.70000", "2020-09-30": "480.80000", "2020-06-30": "444.00000", "2020-03-31": "515.10000", "2019-12-31": "528.10000", "2019-09-30": "545.10000", "2019-06-30": "451.80000", "2019-03-31": "368.00000", "2018-12-31": "372.19990", "2018-09-30": "408.00000", "2018-06-30": "408.90000", "2018-03-31": "419.10000", "2017-12-31": "390.90000", "2017-09-30": "380.40000", "2017-06-30": "365.90000", "2017-03-31": "349.30000", "2016-12-31": "349.49990", "2016-09-30": "362.10000", "2016-06-30": "348.40000", "2016-03-31": "347.20000", "2015-12-31": "375.20010", "2015-09-30": "392.30000", "2015-06-30": "413.30000", "2015-03-31": "399.10000", "2014-12-31": "394.50000", "2014-09-30": "420.20000", "2014-06-30": "410.60000", "2014-03-31": "405.40000", "2013-12-31": "396.19990", "2013-09-30": "380.90000", "2013-06-30": "366.00000", "2013-03-31": "346.10000", "2012-12-31": "349.29990", "2012-09-30": "326.20000", "2012-06-30": "315.60000", "2012-03-31": "317.10000", "2011-12-31": "298.70000", "2011-09-30": "314.40000", "2011-06-30": "341.80000", "2011-03-31": "324.50000", "2010-12-31": "328.20000", "2010-09-30": "291.70000", "2010-06-30": "238.30000", "2010-03-31": "195.60000", "2009-12-31": "239.00000", "2009-09-30": "183.50000", "2009-06-30": "166.30000", "2009-03-31": "148.20000", "2008-12-31": "162.60000", "2008-09-30": "220.90000", "2008-06-30": "244.90000", "2008-03-31": "247.10000", "2007-12-31": "284.90000", "2007-09-30": "270.80000", "2007-06-30": "263.00000", "2007-03-31": "232.40000", "2006-12-31": "223.50000", "2006-09-30": "204.20000", "2006-06-30": "200.23000", "2006-03-31": "198.87000", "2005-12-31": "705.98000", "2005-09-30": "", "2005-06-30": "", "2005-03-31": ""}, "Gross Profit": {"2020-12-31": "1122.40000", "2020-09-30": "1016.80000", "2020-06-30": "975.00000", "2020-03-31": "1083.80000", "2019-12-31": "1214.70000", "2019-09-30": "1175.50000", "2019-06-30": "987.60000", "2019-03-31": "846.60000", "2018-12-31": "883.70020", "2018-09-30": "933.80000", "2018-06-30": "951.70000", "2018-03-31": "936.70010", "2017-12-31": "984.69980", "2017-09-30": "957.29990", "2017-06-30": "888.50000", "2017-03-31": "843.30000", "2016-12-31": "845.20000", "2016-09-30": "839.50000", "2016-06-30": "841.00000", "2016-03-31": "801.49990", "2015-12-31": "864.49980", "2015-09-30": "881.20000", "2015-06-30": "904.80000", "2015-03-31": "892.50000", "2014-12-31": "882.20020", "2014-09-30": "890.80000", "2014-06-30": "879.30000", "2014-03-31": "864.10000", "2013-12-31": "828.90010", "2013-09-30": "790.90000", "2013-06-30": "769.50000", "2013-03-31": "766.10000", "2012-12-31": "671.70010", "2012-09-30": "687.70000", "2012-06-30": "666.20000", "2012-03-31": "716.60000", "2011-12-31": "588.49990", "2011-09-30": "683.40000", "2011-06-30": "728.20000", "2011-03-31": "702.80000", "2010-12-31": "700.30000", "2010-09-30": "661.40000", "2010-06-30": "548.70000", "2010-03-31": "523.50000", "2009-12-31": "508.80000", "2009-09-30": "522.30000", "2009-06-30": "458.80000", "2009-03-31": "400.40000", "2008-12-31": "471.80020", "2008-09-30": "606.30000", "2008-06-30": "690.70000", "2008-03-31": "663.30000", "2007-12-31": "738.19980", "2007-09-30": "705.80000", "2007-06-30": "716.00000", "2007-03-31": "667.80000", "2006-12-31": "431.80000", "2006-09-30": "587.10000", "2006-06-30": "387.82200", "2006-03-31": "385.24900", "2005-12-31": "-154.53800", "2005-09-30": "540.55800", "2005-06-30": "537.27000", "2005-03-31": "542.97300"}, "Research And Development Expenses": {"2020-12-31": "", "2020-09-30": "", "2020-06-30": "", "2020-03-31": "", "2019-12-31": "", "2019-09-30": "", "2019-06-30": "", "2019-03-31": "", "2018-12-31": "", "2018-09-30": "", "2018-06-30": "", "2018-03-31": "", "2017-12-31": "", "2017-09-30": "", "2017-06-30": "", "2017-03-31": "", "2016-12-31": "", "2016-09-30": "", "2016-06-30": "", "2016-03-31": "", "2015-12-31": "", "2015-09-30": "", "2015-06-30": "", "2015-03-31": "", "2014-12-31": "", "2014-09-30": "", "2014-06-30": "", "2014-03-31": "", "2013-12-31": "", "2013-09-30": "", "2013-06-30": "", "2013-03-31": "", "2012-12-31": "", "2012-09-30": "", "2012-06-30": "", "2012-03-31": "", "2011-12-31": "", "2011-09-30": "", "2011-06-30": "", "2011-03-31": "", "2010-12-31": "", "2010-09-30": "", "2010-06-30": "", "2010-03-31": "", "2009-12-31": "", "2009-09-30": "", "2009-06-30": "", "2009-03-31": "", "2008-12-31": "", "2008-09-30": "", "2008-06-30": "", "2008-03-31": "", "2007-12-31": "", "2007-09-30": "", "2007-06-30": "", "2007-03-31": "", "2006-12-31": "30.55000", "2006-09-30": "", "2006-06-30": "30.09000", "2006-03-31": "32.06000", "2005-12-31": "138.96000", "2005-09-30": "0.00000", "2005-06-30": "0.00000", "2005-03-31": "0.00000"}, "SG&A Expenses": {"2020-12-31": "729.49990", "2020-09-30": "677.30000", "2020-06-30": "786.20000", "2020-03-31": "691.30000", "2019-12-31": "763.60020", "2019-09-30": "714.90000", "2019-06-30": "664.40000", "2019-03-31": "600.30000", "2018-12-31": "591.50000", "2018-09-30": "578.60000", "2018-06-30": "596.90000", "2018-03-31": "597.10000", "2017-12-31": "540.30000", "2017-09-30": "597.00000", "2017-06-30": "570.20000", "2017-03-31": "585.40000", "2016-12-31": "506.00020", "2016-09-30": "533.20000", "2016-06-30": "539.50000", "2016-03-31": "527.10000", "2015-12-31": "560.90000", "2015-09-30": "528.50000", "2015-06-30": "540.80000", "2015-03-31": "554.40000", "2014-12-31": "534.00000", "2014-09-30": "561.20000", "2014-06-30": "524.50000", "2014-03-31": "619.80000", "2013-12-31": "535.60000", "2013-09-30": "504.90000", "2013-06-30": "493.80000", "2013-03-31": "497.70000", "2012-12-31": "466.99980", "2012-09-30": "473.80000", "2012-06-30": "465.30000", "2012-03-31": "485.30000", "2011-12-31": "387.40000", "2011-09-30": "450.90000", "2011-06-30": "483.90000", "2011-03-31": "469.20000", "2010-12-31": "474.90010", "2010-09-30": "451.70000", "2010-06-30": "398.00000", "2010-03-31": "369.40000", "2009-12-31": "338.50000", "2009-09-30": "369.70000", "2009-06-30": "348.40000", "2009-03-31": "338.60000", "2008-12-31": "387.30000", "2008-09-30": "411.10000", "2008-06-30": "450.70000", "2008-03-31": "435.20000", "2007-12-31": "494.49990", "2007-09-30": "449.30000", "2007-06-30": "454.00000", "2007-03-31": "435.70000", "2006-12-31": "374.54000", "2006-09-30": "430.30000", "2006-06-30": "366.25000", "2006-03-31": "365.41000", "2005-12-31": "661.99000", "2005-09-30": "238.69000", "2005-06-30": "223.18000", "2005-03-31": "410.16000"}, "Other Operating Income Or Expenses": {"2020-12-31": "", "2020-09-30": "", "2020-06-30": "", "2020-03-31": "", "2019-12-31": "", "2019-09-30": "", "2019-06-30": "", "2019-03-31": "", "2018-12-31": "", "2018-09-30": "", "2018-06-30": "", "2018-03-31": "", "2017-12-31": "", "2017-09-30": "", "2017-06-30": "", "2017-03-31": "", "2016-12-31": "", "2016-09-30": "", "2016-06-30": "", "2016-03-31": "", "2015-12-31": "", "2015-09-30": "", "2015-06-30": "", "2015-03-31": "", "2014-12-31": "", "2014-09-30": "", "2014-06-30": "", "2014-03-31": "", "2013-12-31": "", "2013-09-30": "", "2013-06-30": "", "2013-03-31": "", "2012-12-31": "", "2012-09-30": "", "2012-06-30": "", "2012-03-31": "", "2011-12-31": "", "2011-09-30": "", "2011-06-30": "", "2011-03-31": "", "2010-12-31": "", "2010-09-30": "", "2010-06-30": "", "2010-03-31": "", "2009-12-31": "", "2009-09-30": "", "2009-06-30": "", "2009-03-31": "", "2008-12-31": "", "2008-09-30": "", "2008-06-30": "", "2008-03-31": "", "2007-12-31": "", "2007-09-30": "", "2007-06-30": "", "2007-03-31": "", "2006-12-31": "", "2006-09-30": "", "2006-06-30": "", "2006-03-31": "", "2005-12-31": "", "2005-09-30": "", "2005-06-30": "", "2005-03-31": ""}, "Operating Expenses": {"2020-12-31": "1412.30000", "2020-09-30": "1229.10000", "2020-06-30": "1301.90000", "2020-03-31": "1281.90000", "2019-12-31": "1428.20000", "2019-09-30": "1445.50000", "2019-06-30": "1421.10000", "2019-03-31": "1014.40000", "2018-12-31": "1025.50000", "2018-09-30": "1019.70000", "2018-06-30": "1029.30000", "2018-03-31": "1034.70000", "2017-12-31": "1033.00000", "2017-09-30": "977.40000", "2017-06-30": "936.10000", "2017-03-31": "934.70000", "2016-12-31": "924.49990", "2016-09-30": "895.30000", "2016-06-30": "887.90000", "2016-03-31": "874.30000", "2015-12-31": "936.10000", "2015-09-30": "920.80000", "2015-06-30": "954.10000", "2015-03-31": "953.50000", "2014-12-31": "928.49980", "2014-09-30": "981.40000", "2014-06-30": "935.10000", "2014-03-31": "1025.20000", "2013-12-31": "931.79990", "2013-09-30": "885.80000", "2013-06-30": "861.60000", "2013-03-31": "845.20010", "2012-12-31": "818.89980", "2012-09-30": "803.00000", "2012-06-30": "782.00000", "2012-03-31": "803.90000", "2011-12-31": "691.59990", "2011-09-30": "770.00010", "2011-06-30": "836.99990", "2011-03-31": "801.60000", "2010-12-31": "829.80020", "2010-09-30": "770.20000", "2010-06-30": "715.60000", "2010-03-31": "582.20000", "2009-12-31": "587.30000", "2009-09-30": "554.20000", "2009-06-30": "514.70000", "2009-03-31": "486.80000", "2008-12-31": "549.90010", "2008-09-30": "632.00000", "2008-06-30": "695.60000", "2008-03-31": "682.30000", "2007-12-31": "779.40000", "2007-09-30": "720.10000", "2007-06-30": "717.00000", "2007-03-31": "668.10000", "2006-12-31": "628.59000", "2006-09-30": "634.50000", "2006-06-30": "596.57000", "2006-03-31": "596.34000", "2005-12-31": "1506.93000", "2005-09-30": "238.69000", "2005-06-30": "223.18000", "2005-03-31": "410.16000"}, "Operating Income": {"2020-12-31": "217.80000", "2020-09-30": "268.50000", "2020-06-30": "117.10010", "2020-03-31": "317.00000", "2019-12-31": "314.59970", "2019-09-30": "275.10000", "2019-06-30": "18.30010", "2019-03-31": "200.20000", "2018-12-31": "230.39990", "2018-09-30": "322.10010", "2018-06-30": "331.29990", "2018-03-31": "321.10010", "2017-12-31": "342.59990", "2017-09-30": "360.29990", "2017-06-30": "318.30000", "2017-03-31": "257.90000", "2016-12-31": "270.20000", "2016-09-30": "306.30000", "2016-06-30": "301.50000", "2016-03-31": "274.40000", "2015-12-31": "303.59990", "2015-09-30": "352.70000", "2015-06-30": "364.00000", "2015-03-31": "338.10000", "2014-12-31": "348.20040", "2014-09-30": "329.60000", "2014-06-30": "354.80000", "2014-03-31": "244.30000", "2013-12-31": "293.30020", "2013-09-30": "286.00010", "2013-06-30": "273.90000", "2013-03-31": "266.99990", "2012-12-31": "202.10020", "2012-09-30": "210.90000", "2012-06-30": "199.80000", "2012-03-31": "229.79990", "2011-12-31": "195.60000", "2011-09-30": "227.79990", "2011-06-30": "233.00010", "2011-03-31": "225.70000", "2010-12-31": "198.69990", "2010-09-30": "182.90000", "2010-06-30": "71.40000", "2010-03-31": "136.90000", "2009-12-31": "160.50000", "2009-09-30": "151.60000", "2009-06-30": "110.40000", "2009-03-31": "61.80000", "2008-12-31": "84.50010", "2008-09-30": "195.20000", "2008-06-30": "240.00000", "2008-03-31": "228.10000", "2007-12-31": "243.69980", "2007-09-30": "256.50000", "2007-06-30": "262.00000", "2007-03-31": "232.10000", "2006-12-31": "26.71000", "2006-09-30": "156.80000", "2006-06-30": "-8.51800", "2006-03-31": "-12.22100", "2005-12-31": "-955.48790", "2005-09-30": "301.86800", "2005-06-30": "314.09000", "2005-03-31": "132.81300"}, "Total Non-Operating Income/Expense": {"2020-12-31": "181.90000", "2020-09-30": "118.10000", "2020-06-30": "-11.70000", "2020-03-31": "-139.60000", "2019-12-31": "8.40000", "2019-09-30": "41.50000", "2019-06-30": "58.20000", "2019-03-31": "56.60000", "2018-12-31": "-82.40000", "2018-09-30": "20.20000", "2018-06-30": "-17.10000", "2018-03-31": "12.50000", "2017-12-31": "56.80000", "2017-09-30": "37.40000", "2017-06-30": "23.90000", "2017-03-31": "32.00000", "2016-12-31": "40.80000", "2016-09-30": "39.40000", "2016-06-30": "18.70000", "2016-03-31": "-44.70000", "2015-12-31": "-21.90000", "2015-09-30": "-11.00000", "2015-06-30": "-10.60000", "2015-03-31": "47.20000", "2014-12-31": "-21.60000", "2014-09-30": "17.50000", "2014-06-30": "68.80000", "2014-03-31": "53.50000", "2013-12-31": "45.30000", "2013-09-30": "57.00000", "2013-06-30": "17.90000", "2013-03-31": "14.80000", "2012-12-31": "-32.70000", "2012-09-30": "15.10000", "2012-06-30": "87.00000", "2012-03-31": "-81.40000", "2011-12-31": "174.30000", "2011-09-30": "-85.30000", "2011-06-30": "-28.20000", "2011-03-31": "-50.80000", "2010-12-31": "13.70010", "2010-09-30": "-101.00000", "2010-06-30": "203.50000", "2010-03-31": "127.70000", "2009-12-31": "21.90000", "2009-09-30": "-3.20000", "2009-06-30": "-46.20000", "2009-03-31": "-99.30000", "2008-12-31": "-78.00000", "2008-09-30": "-9.90000", "2008-06-30": "40.00000", "2008-03-31": "-42.90000", "2007-12-31": "77.20000", "2007-09-30": "67.60000", "2007-06-30": "69.70000", "2007-03-31": "35.00000", "2006-12-31": "-2.05000", "2006-09-30": "-6.30000", "2006-06-30": "-7.51000", "2006-03-31": "-14.94000", "2005-12-31": "-113.28000", "2005-09-30": "3.61000", "2005-06-30": "-12.07000", "2005-03-31": "-18.42000"}, "Pre-Tax Income": {"2020-12-31": "399.70000", "2020-09-30": "386.60000", "2020-06-30": "105.40000", "2020-03-31": "177.40000", "2019-12-31": "323.00010", "2019-09-30": "316.60000", "2019-06-30": "76.50000", "2019-03-31": "256.80000", "2018-12-31": "148.00000", "2018-09-30": "342.30000", "2018-06-30": "314.20000", "2018-03-31": "333.60000", "2017-12-31": "399.40000", "2017-09-30": "397.70000", "2017-06-30": "342.20000", "2017-03-31": "289.90000", "2016-12-31": "310.99990", "2016-09-30": "345.70000", "2016-06-30": "320.20000", "2016-03-31": "229.70000", "2015-12-31": "281.70000", "2015-09-30": "341.70000", "2015-06-30": "353.40000", "2015-03-31": "385.30000", "2014-12-31": "326.60000", "2014-09-30": "347.10000", "2014-06-30": "423.60000", "2014-03-31": "297.80000", "2013-12-31": "338.60000", "2013-09-30": "343.00000", "2013-06-30": "291.80000", "2013-03-31": "281.80000", "2012-12-31": "169.40000", "2012-09-30": "226.00000", "2012-06-30": "286.80000", "2012-03-31": "148.40000", "2011-12-31": "369.90000", "2011-09-30": "142.50000", "2011-06-30": "204.80000", "2011-03-31": "174.90000", "2010-12-31": "212.40000", "2010-09-30": "81.90000", "2010-06-30": "274.90000", "2010-03-31": "264.60000", "2009-12-31": "182.40000", "2009-09-30": "148.40000", "2009-06-30": "64.20000", "2009-03-31": "-37.50000", "2008-12-31": "6.50000", "2008-09-30": "185.30000", "2008-06-30": "280.00000", "2008-03-31": "185.20000", "2007-12-31": "320.90010", "2007-09-30": "324.10000", "2007-06-30": "331.70000", "2007-03-31": "267.10000", "2006-12-31": "248.23000", "2006-09-30": "150.50000", "2006-06-30": "184.18000", "2006-03-31": "171.69000", "2005-12-31": "120.67000", "2005-09-30": "67.57000", "2005-06-30": "60.25000", "2005-03-31": "111.58000"}, "Income Taxes": {"2020-12-31": "68.90000", "2020-09-30": "91.90000", "2020-06-30": "43.40000", "2020-03-31": "57.40000", "2019-12-31": "80.40000", "2019-09-30": "74.00000", "2019-06-30": "14.50000", "2019-03-31": "66.20000", "2018-12-31": "53.20000", "2018-09-30": "61.10000", "2018-06-30": "72.30000", "2018-03-31": "68.40000", "2017-12-31": "-23.20000", "2017-09-30": "123.10000", "2017-06-30": "92.60000", "2017-03-31": "75.70000", "2016-12-31": "92.90000", "2016-09-30": "89.80000", "2016-06-30": "83.70000", "2016-03-31": "71.90000", "2015-12-31": "86.90000", "2015-09-30": "100.40000", "2015-06-30": "109.40000", "2015-03-31": "101.30000", "2014-12-31": "99.70000", "2014-09-30": "94.90000", "2014-06-30": "107.00000", "2014-03-31": "89.00000", "2013-12-31": "74.20000", "2013-09-30": "92.90000", "2013-06-30": "83.50000", "2013-03-31": "86.30000", "2012-12-31": "54.30000", "2012-09-30": "72.30000", "2012-06-30": "61.20000", "2012-03-31": "73.60000", "2011-12-31": "69.90000", "2011-09-30": "59.10000", "2011-06-30": "75.40000", "2011-03-31": "75.60000", "2010-12-31": "55.70000", "2010-09-30": "54.50000", "2010-06-30": "36.70000", "2010-03-31": "50.10000", "2009-12-31": "48.20000", "2009-09-30": "43.70000", "2009-06-30": "36.00000", "2009-03-31": "20.30000", "2008-12-31": "35.80000", "2008-09-30": "49.20000", "2008-06-30": "77.20000", "2008-03-31": "73.80000", "2007-12-31": "91.30000", "2007-09-30": "92.70000", "2007-06-30": "91.40000", "2007-03-31": "81.90000", "2006-12-31": "85.32000", "2006-09-30": "48.30000", "2006-06-30": "66.75000", "2006-03-31": "63.43000", "2005-12-31": "60.45000", "2005-09-30": "24.84000", "2005-06-30": "21.53000", "2005-03-31": "39.87000"}, "Income After Taxes": {"2020-12-31": "330.80000", "2020-09-30": "294.70000", "2020-06-30": "62.00000", "2020-03-31": "120.00000", "2019-12-31": "242.60010", "2019-09-30": "242.60000", "2019-06-30": "62.00000", "2019-03-31": "190.60000", "2018-12-31": "94.80000", "2018-09-30": "281.20000", "2018-06-30": "241.90000", "2018-03-31": "265.20000", "2017-12-31": "422.60000", "2017-09-30": "274.60000", "2017-06-30": "249.60000", "2017-03-31": "214.20000", "2016-12-31": "218.10000", "2016-09-30": "255.90000", "2016-06-30": "236.50000", "2016-03-31": "157.80000", "2015-12-31": "194.79990", "2015-09-30": "241.30000", "2015-06-30": "244.00000", "2015-03-31": "284.00000", "2014-12-31": "226.90000", "2014-09-30": "252.20000", "2014-06-30": "316.60000", "2014-03-31": "208.80000", "2013-12-31": "264.40000", "2013-09-30": "250.10000", "2013-06-30": "208.30000", "2013-03-31": "195.50000", "2012-12-31": "115.10000", "2012-09-30": "153.70000", "2012-06-30": "225.60000", "2012-03-31": "74.80000", "2011-12-31": "300.00000", "2011-09-30": "83.40000", "2011-06-30": "129.40000", "2011-03-31": "99.30000", "2010-12-31": "156.70000", "2010-09-30": "27.40000", "2010-06-30": "238.20000", "2010-03-31": "214.50000", "2009-12-31": "134.20000", "2009-09-30": "104.70000", "2009-06-30": "28.20000", "2009-03-31": "-57.80000", "2008-12-31": "-29.30000", "2008-09-30": "136.10000", "2008-06-30": "202.80000", "2008-03-31": "111.40000", "2007-12-31": "229.60010", "2007-09-30": "231.40000", "2007-06-30": "240.30000", "2007-03-31": "185.20000", "2006-12-31": "162.91000", "2006-09-30": "102.20000", "2006-06-30": "117.43000", "2006-03-31": "108.26000", "2005-12-31": "60.22000", "2005-09-30": "42.73000", "2005-06-30": "38.72000", "2005-03-31": "71.71000"}, "Other Income": {"2020-12-31": "", "2020-09-30": "", "2020-06-30": "", "2020-03-31": "", "2019-12-31": "", "2019-09-30": "", "2019-06-30": "", "2019-03-31": "", "2018-12-31": "", "2018-09-30": "", "2018-06-30": "", "2018-03-31": "", "2017-12-31": "", "2017-09-30": "", "2017-06-30": "", "2017-03-31": "", "2016-12-31": "", "2016-09-30": "", "2016-06-30": "", "2016-03-31": "", "2015-12-31": "", "2015-09-30": "", "2015-06-30": "", "2015-03-31": "", "2014-12-31": "", "2014-09-30": "", "2014-06-30": "", "2014-03-31": "", "2013-12-31": "", "2013-09-30": "", "2013-06-30": "", "2013-03-31": "", "2012-12-31": "", "2012-09-30": "", "2012-06-30": "", "2012-03-31": "", "2011-12-31": "", "2011-09-30": "", "2011-06-30": "", "2011-03-31": "", "2010-12-31": "", "2010-09-30": "", "2010-06-30": "", "2010-03-31": "", "2009-12-31": "", "2009-09-30": "", "2009-06-30": "", "2009-03-31": "", "2008-12-31": "", "2008-09-30": "", "2008-06-30": "", "2008-03-31": "", "2007-12-31": "", "2007-09-30": "", "2007-06-30": "", "2007-03-31": "", "2006-12-31": "0.00000", "2006-09-30": "", "2006-06-30": "0.00000", "2006-03-31": "0.00000", "2005-12-31": "0.00000", "2005-09-30": "0.00000", "2005-06-30": "0.00000", "2005-03-31": "0.00000"}, "Income From Continuous Operations": {"2020-12-31": "330.80000", "2020-09-30": "294.70000", "2020-06-30": "62.00000", "2020-03-31": "120.00000", "2019-12-31": "242.60010", "2019-09-30": "242.60000", "2019-06-30": "62.00000", "2019-03-31": "190.60000", "2018-12-31": "94.80000", "2018-09-30": "281.20000", "2018-06-30": "241.90000", "2018-03-31": "265.20000", "2017-12-31": "422.60000", "2017-09-30": "274.60000", "2017-06-30": "249.60000", "2017-03-31": "214.20000", "2016-12-31": "218.10000", "2016-09-30": "255.90000", "2016-06-30": "236.50000", "2016-03-31": "157.80000", "2015-12-31": "194.79990", "2015-09-30": "241.30000", "2015-06-30": "244.00000", "2015-03-31": "284.00000", "2014-12-31": "226.90000", "2014-09-30": "252.20000", "2014-06-30": "316.60000", "2014-03-31": "208.80000", "2013-12-31": "264.40000", "2013-09-30": "250.10000", "2013-06-30": "208.30000", "2013-03-31": "195.50000", "2012-12-31": "115.10000", "2012-09-30": "153.70000", "2012-06-30": "225.60000", "2012-03-31": "74.80000", "2011-12-31": "300.00000", "2011-09-30": "83.40000", "2011-06-30": "129.40000", "2011-03-31": "99.30000", "2010-12-31": "156.70000", "2010-09-30": "27.40000", "2010-06-30": "238.20000", "2010-03-31": "214.50000", "2009-12-31": "134.20000", "2009-09-30": "104.70000", "2009-06-30": "28.20000", "2009-03-31": "-57.80000", "2008-12-31": "-29.30000", "2008-09-30": "136.10000", "2008-06-30": "202.80000", "2008-03-31": "111.40000", "2007-12-31": "388.80000", "2007-09-30": "167.00000", "2007-06-30": "175.50000", "2007-03-31": "155.20000", "2006-12-31": "163.50000", "2006-09-30": "102.00000", "2006-06-30": "117.06100", "2006-03-31": "107.57100", "2005-12-31": "-5.02800", "2005-09-30": "75.93200", "2005-06-30": "70.03900", "2005-03-31": "72.08000"}, "Income From Discontinued Operations": {"2020-12-31": "", "2020-09-30": "", "2020-06-30": "", "2020-03-31": "", "2019-12-31": "", "2019-09-30": "", "2019-06-30": "", "2019-03-31": "", "2018-12-31": "", "2018-09-30": "", "2018-06-30": "", "2018-03-31": "", "2017-12-31": "", "2017-09-30": "", "2017-06-30": "", "2017-03-31": "", "2016-12-31": "", "2016-09-30": "", "2016-06-30": "", "2016-03-31": "", "2015-12-31": "", "2015-09-30": "", "2015-06-30": "", "2015-03-31": "", "2014-12-31": "-1.00000", "2014-09-30": "-0.60000", "2014-06-30": "0.20000", "2014-03-31": "-2.00000", "2013-12-31": "66.40000", "2013-09-30": "-1.40000", "2013-06-30": "-4.60000", "2013-03-31": "4.10000", "2012-12-31": "12.90000", "2012-09-30": "3.20000", "2012-06-30": "2.00000", "2012-03-31": "", "2011-12-31": "", "2011-09-30": "", "2011-06-30": "", "2011-03-31": "", "2010-12-31": "", "2010-09-30": "", "2010-06-30": "", "2010-03-31": "", "2009-12-31": "", "2009-09-30": "", "2009-06-30": "", "2009-03-31": "", "2008-12-31": "", "2008-09-30": "", "2008-06-30": "", "2008-03-31": "", "2007-12-31": "", "2007-09-30": "", "2007-06-30": "", "2007-03-31": "", "2006-12-31": "0.00000", "2006-09-30": "", "2006-06-30": "0.00000", "2006-03-31": "0.00000", "2005-12-31": "0.00000", "2005-09-30": "0.00000", "2005-06-30": "0.00000", "2005-03-31": "0.00000"}, "Net Income": {"2020-12-31": "211.10000", "2020-09-30": "191.70000", "2020-06-30": "40.50000", "2020-03-31": "81.50000", "2019-12-31": "179.80000", "2019-09-30": "167.10000", "2019-06-30": "40.10000", "2019-03-31": "177.70000", "2018-12-31": "114.20000", "2018-09-30": "269.60000", "2018-06-30": "245.10000", "2018-03-31": "253.90000", "2017-12-31": "421.80000", "2017-09-30": "267.50000", "2017-06-30": "232.40000", "2017-03-31": "205.60000", "2016-12-31": "219.90000", "2016-09-30": "233.90000", "2016-06-30": "218.80000", "2016-03-31": "156.80000", "2015-12-31": "196.90000", "2015-09-30": "243.00000", "2015-06-30": "250.70000", "2015-03-31": "252.90000", "2014-12-31": "256.10000", "2014-09-30": "249.10000", "2014-06-30": "266.90000", "2014-03-31": "187.80000", "2013-12-31": "255.30000", "2013-09-30": "228.10000", "2013-06-30": "202.60000", "2013-03-31": "222.20000", "2012-12-31": "158.70000", "2012-09-30": "170.60000", "2012-06-30": "153.90000", "2012-03-31": "193.90000", "2011-12-31": "202.30000", "2011-09-30": "166.90000", "2011-06-30": "183.00000", "2011-03-31": "177.50000", "2010-12-31": "175.20000", "2010-09-30": "154.70000", "2010-06-30": "40.80000", "2010-03-31": "95.00000", "2009-12-31": "110.90000", "2009-09-30": "105.20000", "2009-06-30": "75.70000", "2009-03-31": "30.70000", "2008-12-31": "31.90000", "2008-09-30": "131.80000", "2008-06-30": "162.80000", "2008-03-31": "155.20000", "2007-12-31": "175.90000", "2007-09-30": "167.00000", "2007-06-30": "175.50000", "2007-03-31": "155.20000", "2006-12-31": "163.50000", "2006-09-30": "102.00000", "2006-06-30": "117.06100", "2006-03-31": "107.57100", "2005-12-31": "-5.02800", "2005-09-30": "75.93200", "2005-06-30": "70.03900", "2005-03-31": "72.08000"}, "EBITDA": {"2020-12-31": "", "2020-09-30": "320.10000", "2020-06-30": "167.40010", "2020-03-31": "365.40000", "2019-12-31": "367.09970", "2019-09-30": "323.60000", "2019-06-30": "58.60010", "2019-03-31": "236.50000", "2018-12-31": "266.89990", "2018-09-30": "361.70010", "2018-06-30": "363.69990", "2018-03-31": "354.70010", "2017-12-31": "377.19990", "2017-09-30": "389.99990", "2017-06-30": "344.50010", "2017-03-31": "284.20000", "2016-12-31": "295.90000", "2016-09-30": "331.90000", "2016-06-30": "326.70000", "2016-03-31": "299.10000", "2015-12-31": "328.59990", "2015-09-30": "375.30000", "2015-06-30": "387.30000", "2015-03-31": "360.80000", "2014-12-31": "370.20040", "2014-09-30": "351.20000", "2014-06-30": "377.20000", "2014-03-31": "267.70000", "2013-12-31": "315.70020", "2013-09-30": "307.80000", "2013-06-30": "295.80000", "2013-03-31": "289.29990", "2012-12-31": "224.60020", "2012-09-30": "232.50000", "2012-06-30": "226.40000", "2012-03-31": "254.09990", "2011-12-31": "217.70000", "2011-09-30": "263.09990", "2011-06-30": "265.10010", "2011-03-31": "253.60000", "2010-12-31": "229.99990", "2010-09-30": "209.20000", "2010-06-30": "92.20000", "2010-03-31": "155.20000", "2009-12-31": "185.40000", "2009-09-30": "171.60000", "2009-06-30": "127.10000", "2009-03-31": "77.80000", "2008-12-31": "101.70010", "2008-09-30": "211.90000", "2008-06-30": "257.10000", "2008-03-31": "244.70000", "2007-12-31": "279.49980", "2007-09-30": "272.60000", "2007-06-30": "277.90000", "2007-03-31": "248.40000", "2006-12-31": "85.21000", "2006-09-30": "281.22000", "2006-06-30": "7.98200", "2006-03-31": "4.45910", "2005-12-31": "-893.78790", "2005-09-30": "312.06800", "2005-06-30": "336.65000", "2005-03-31": "132.81300"}, "EBIT": {"2020-12-31": "217.80000", "2020-09-30": "268.50000", "2020-06-30": "117.10010", "2020-03-31": "317.00000", "2019-12-31": "314.59970", "2019-09-30": "275.10000", "2019-06-30": "18.30010", "2019-03-31": "200.20000", "2018-12-31": "230.39980", "2018-09-30": "322.10010", "2018-06-30": "331.29990", "2018-03-31": "321.10010", "2017-12-31": "342.59990", "2017-09-30": "360.29990", "2017-06-30": "318.30000", "2017-03-31": "257.90000", "2016-12-31": "270.20000", "2016-09-30": "306.30000", "2016-06-30": "301.50000", "2016-03-31": "274.40000", "2015-12-31": "303.59990", "2015-09-30": "352.70000", "2015-06-30": "364.00000", "2015-03-31": "338.10000", "2014-12-31": "348.20010", "2014-09-30": "329.60000", "2014-06-30": "354.80000", "2014-03-31": "244.30000", "2013-12-31": "293.30000", "2013-09-30": "286.00010", "2013-06-30": "273.90000", "2013-03-31": "266.99990", "2012-12-31": "202.10020", "2012-09-30": "210.90000", "2012-06-30": "199.80000", "2012-03-31": "229.79990", "2011-12-31": "195.60010", "2011-09-30": "227.79990", "2011-06-30": "233.00010", "2011-03-31": "225.70000", "2010-12-31": "198.69980", "2010-09-30": "182.90000", "2010-06-30": "71.40000", "2010-03-31": "136.90000", "2009-12-31": "160.50010", "2009-09-30": "151.60000", "2009-06-30": "110.40000", "2009-03-31": "61.80000", "2008-12-31": "84.50000", "2008-09-30": "195.20000", "2008-06-30": "240.00000", "2008-03-31": "228.10000", "2007-12-31": "243.70000", "2007-09-30": "256.50000", "2007-06-30": "262.00000", "2007-03-31": "232.10000", "2006-12-31": "26.71000", "2006-09-30": "156.80000", "2006-06-30": "-8.51800", "2006-03-31": "-12.22100", "2005-12-31": "-955.48790", "2005-09-30": "301.86800", "2005-06-30": "314.09000", "2005-03-31": "132.81300"}, "Basic Shares Outstanding": {"2020-12-31": "461.00000", "2020-09-30": "461.10000", "2020-06-30": "460.10000", "2020-03-31": "455.70000", "2019-12-31": "437.80000", "2019-09-30": "462.80000", "2019-06-30": "431.60000", "2019-03-31": "401.60000", "2018-12-31": "412.40000", "2018-09-30": "414.30000", "2018-06-30": "413.90000", "2018-03-31": "411.30000", "2017-12-31": "409.40000", "2017-09-30": "410.00000", "2017-06-30": "397.50000", "2017-03-31": "395.50000", "2016-12-31": "402.60000", "2016-09-30": "400.20000", "2016-06-30": "406.40000", "2016-03-31": "407.70000", "2015-12-31": "418.00000", "2015-09-30": "418.00000", "2015-06-30": "420.90000", "2015-03-31": "420.90000", "2014-12-31": "422.60000", "2014-09-30": "422.60000", "2014-06-30": "423.70000", "2014-03-31": "436.80000", "2013-12-31": "432.20000", "2013-09-30": "447.90000", "2013-06-30": "449.10000", "2013-03-31": "447.80000", "2012-12-31": "452.30000", "2012-09-30": "451.30000", "2012-06-30": "453.80000", "2012-03-31": "454.30000", "2011-12-31": "462.90000", "2011-09-30": "459.50000", "2011-06-30": "465.50000", "2011-03-31": "469.90000", "2010-12-31": "460.40000", "2010-09-30": "476.60000", "2010-06-30": "455.00000", "2010-03-31": "439.00000", "2009-12-31": "417.20000", "2009-09-30": "431.60000", "2009-06-30": "410.60000", "2009-03-31": "394.10000", "2008-12-31": "388.70000", "2008-09-30": "388.40000", "2008-06-30": "390.10000", "2008-03-31": "399.90000", "2007-12-31": "400.00000", "2007-09-30": "400.00000", "2007-06-30": "399.90000", "2007-03-31": "398.90000", "2006-12-31": "397.90000", "2006-09-30": "790.30000", "2006-06-30": "391.61600", "2006-03-31": "395.40000", "2005-12-31": "397.25000", "2005-09-30": "397.00000", "2005-06-30": "396.91100", "2005-03-31": "396.71700"}, "Shares Outstanding": {"2020-12-31": "463.50000", "2020-09-30": "463.50000", "2020-06-30": "463.10000", "2020-03-31": "458.90000", "2019-12-31": "440.50000", "2019-09-30": "466.90000", "2019-06-30": "433.80000", "2019-03-31": "401.90000", "2018-12-31": "412.50000", "2018-09-30": "414.40000", "2018-06-30": "414.10000", "2018-03-31": "411.80000", "2017-12-31": "409.90000", "2017-09-30": "410.50000", "2017-06-30": "397.90000", "2017-03-31": "395.80000", "2016-12-31": "402.90000", "2016-09-30": "400.50000", "2016-06-30": "406.60000", "2016-03-31": "407.90000", "2015-12-31": "418.40000", "2015-09-30": "418.30000", "2015-06-30": "421.20000", "2015-03-31": "421.20000", "2014-12-31": "423.20000", "2014-09-30": "423.10000", "2014-06-30": "424.40000", "2014-03-31": "437.40000", "2013-12-31": "433.20000", "2013-09-30": "448.80000", "2013-06-30": "450.10000", "2013-03-31": "449.00000", "2012-12-31": "453.80000", "2012-09-30": "452.80000", "2012-06-30": "455.30000", "2012-03-31": "455.90000", "2011-12-31": "464.70000", "2011-09-30": "461.00000", "2011-06-30": "467.40000", "2011-03-31": "472.10000", "2010-12-31": "463.20000", "2010-09-30": "479.10000", "2010-06-30": "457.80000", "2010-03-31": "442.40000", "2009-12-31": "423.60000", "2009-09-30": "437.70000", "2009-06-30": "416.80000", "2009-03-31": "399.90000", "2008-12-31": "399.10000", "2008-09-30": "399.30000", "2008-06-30": "400.70000", "2008-03-31": "400.80000", "2007-12-31": "411.90000", "2007-09-30": "410.50000", "2007-06-30": "410.60000", "2007-03-31": "410.10000", "2006-12-31": "408.15000", "2006-09-30": "809.60000", "2006-06-30": "401.98000", "2006-03-31": "405.15000", "2005-12-31": "405.00000", "2005-09-30": "403.75800", "2005-06-30": "400.58200", "2005-03-31": "400.33400"}, "Basic EPS": {"2020-12-31": "0.46000", "2020-09-30": "0.42000", "2020-06-30": "0.09000", "2020-03-31": "0.18000", "2019-12-31": "0.40000", "2019-09-30": "0.36000", "2019-06-30": "0.09000", "2019-03-31": "0.44000", "2018-12-31": "0.28000", "2018-09-30": "0.65000", "2018-06-30": "0.59000", "2018-03-31": "0.62000", "2017-12-31": "1.00000", "2017-09-30": "0.65000", "2017-06-30": "0.58000", "2017-03-31": "0.52000", "2016-12-31": "0.56000", "2016-09-30": "0.58000", "2016-06-30": "0.54000", "2016-03-31": "0.38000", "2015-12-31": "0.48000", "2015-09-30": "0.58000", "2015-06-30": "0.60000", "2015-03-31": "0.60000", "2014-12-31": "0.62000", "2014-09-30": "0.59000", "2014-06-30": "0.63000", "2014-03-31": "0.43000", "2013-12-31": "0.64000", "2013-09-30": "0.51000", "2013-06-30": "0.45000", "2013-03-31": "0.50000", "2012-12-31": "0.35000", "2012-09-30": "0.38000", "2012-06-30": "0.34000", "2012-03-31": "0.43000", "2011-12-31": "0.45000", "2011-09-30": "0.36000", "2011-06-30": "0.39000", "2011-03-31": "0.38000", "2010-12-31": "0.38000", "2010-09-30": "0.32000", "2010-06-30": "0.09000", "2010-03-31": "0.22000", "2009-12-31": "0.27000", "2009-09-30": "0.24000", "2009-06-30": "0.18000", "2009-03-31": "0.08000", "2008-12-31": "0.08000", "2008-09-30": "0.34000", "2008-06-30": "0.42000", "2008-03-31": "0.40000", "2007-12-31": "0.43000", "2007-09-30": "0.42000", "2007-06-30": "0.44000", "2007-03-31": "0.39000", "2006-12-31": "0.41000", "2006-09-30": "0.13000", "2006-06-30": "0.30000", "2006-03-31": "0.27000", "2005-12-31": "-0.01000", "2005-09-30": "0.19000", "2005-06-30": "0.18000", "2005-03-31": "0.18000"}, "EPS - Earnings Per Share": {"2020-12-31": "0.46000", "2020-09-30": "0.41000", "2020-06-30": "0.09000", "2020-03-31": "0.18000", "2019-12-31": "0.39000", "2019-09-30": "0.36000", "2019-06-30": "0.09000", "2019-03-31": "0.44000", "2018-12-31": "0.28000", "2018-09-30": "0.65000", "2018-06-30": "0.59000", "2018-03-31": "0.62000", "2017-12-31": "1.00000", "2017-09-30": "0.65000", "2017-06-30": "0.58000", "2017-03-31": "0.52000", "2016-12-31": "0.56000", "2016-09-30": "0.58000", "2016-06-30": "0.54000", "2016-03-31": "0.38000", "2015-12-31": "0.48000", "2015-09-30": "0.58000", "2015-06-30": "0.60000", "2015-03-31": "0.60000", "2014-12-31": "0.62000", "2014-09-30": "0.59000", "2014-06-30": "0.63000", "2014-03-31": "0.43000", "2013-12-31": "0.65000", "2013-09-30": "0.51000", "2013-06-30": "0.45000", "2013-03-31": "0.49000", "2012-12-31": "0.34000", "2012-09-30": "0.38000", "2012-06-30": "0.34000", "2012-03-31": "0.43000", "2011-12-31": "0.44000", "2011-09-30": "0.36000", "2011-06-30": "0.39000", "2011-03-31": "0.38000", "2010-12-31": "0.39000", "2010-09-30": "0.32000", "2010-06-30": "0.09000", "2010-03-31": "0.21000", "2009-12-31": "0.26000", "2009-09-30": "0.24000", "2009-06-30": "0.18000", "2009-03-31": "0.08000", "2008-12-31": "0.08000", "2008-09-30": "0.33000", "2008-06-30": "0.41000", "2008-03-31": "0.39000", "2007-12-31": "0.42000", "2007-09-30": "0.41000", "2007-06-30": "0.43000", "2007-03-31": "0.38000", "2006-12-31": "0.40000", "2006-09-30": "0.13000", "2006-06-30": "0.29000", "2006-03-31": "0.27000", "2005-12-31": "-0.01000", "2005-09-30": "0.19000", "2005-06-30": "0.17000", "2005-03-31": "0.18000"}}, "balance sheet": {"Cash On Hand": {"2020-12-31": "", "2019-12-31": "1701.20000", "2018-12-31": "1805.40000", "2017-12-31": "2517.70000", "2016-12-31": "2070.20000", "2015-12-31": "2214.70000", "2014-12-31": "1918.20000", "2013-12-31": "1914.80000", "2012-12-31": "1123.30000", "2011-12-31": "1109.70000", "2010-12-31": "1377.20000", "2009-12-31": "790.00000", "2008-12-31": "658.20000", "2007-12-31": "952.40000", "2006-12-31": "834.30000", "2005-12-31": "4360.96000"}, "Receivables": {"2020-12-31": "", "2019-12-31": "1191.20000", "2018-12-31": "906.10000", "2017-12-31": "1547.80000", "2016-12-31": "1323.30000", "2015-12-31": "1267.90000", "2014-12-31": "1439.60000", "2013-12-31": "1491.50000", "2012-12-31": "1083.60000", "2011-12-31": "967.30000", "2010-12-31": "1096.90000", "2009-12-31": "672.40000", "2008-12-31": "543.00000", "2007-12-31": "978.50000", "2006-12-31": "804.90000", "2005-12-31": "749.18000"}, "Inventory": {"2020-12-31": "", "2019-12-31": "", "2018-12-31": "", "2017-12-31": "", "2016-12-31": "", "2015-12-31": "", "2014-12-31": "", "2013-12-31": "", "2012-12-31": "", "2011-12-31": "", "2010-12-31": "", "2009-12-31": "", "2008-12-31": "", "2007-12-31": "", "2006-12-31": "", "2005-12-31": ""}, "Pre-Paid Expenses": {"2020-12-31": "", "2019-12-31": "144.00000", "2018-12-31": "127.10000", "2017-12-31": "124.40000", "2016-12-31": "116.90000", "2015-12-31": "121.20000", "2014-12-31": "132.10000", "2013-12-31": "101.40000", "2012-12-31": "99.90000", "2011-12-31": "51.20000", "2010-12-31": "64.00000", "2009-12-31": "57.60000", "2008-12-31": "55.60000", "2007-12-31": "65.90000", "2006-12-31": "68.50000", "2005-12-31": ""}, "Other Current Assets": {"2020-12-31": "", "2019-12-31": "10835.60000", "2018-12-31": "11384.80000", "2017-12-31": "", "2016-12-31": "8224.20000", "2015-12-31": "6370.60000", "2014-12-31": "2003.70000", "2013-12-31": "1524.50000", "2012-12-31": "1153.60000", "2011-12-31": "1393.50000", "2010-12-31": "1397.20000", "2009-12-31": "1360.90000", "2008-12-31": "907.50000", "2007-12-31": "1987.90000", "2006-12-31": "1813.50000", "2005-12-31": ""}, "Total Current Assets": {"2020-12-31": "", "2019-12-31": "22509.50000", "2018-12-31": "21050.40000", "2017-12-31": "22292.40000", "2016-12-31": "17646.00000", "2015-12-31": "17009.60000", "2014-12-31": "12141.80000", "2013-12-31": "10606.60000", "2012-12-31": "8660.10000", "2011-12-31": "3834.10000", "2010-12-31": "4274.50000", "2009-12-31": "3121.00000", "2008-12-31": "2374.00000", "2007-12-31": "4168.60000", "2006-12-31": "3709.00000", "2005-12-31": "2706.01000"}, "Property, Plant, And Equipment": {"2020-12-31": "", "2019-12-31": "583.50000", "2018-12-31": "468.70000", "2017-12-31": "490.70000", "2016-12-31": "464.70000", "2015-12-31": "426.90000", "2014-12-31": "402.60000", "2013-12-31": "350.80000", "2012-12-31": "349.60000", "2011-12-31": "312.80000", "2010-12-31": "272.40000", "2009-12-31": "220.70000", "2008-12-31": "205.30000", "2007-12-31": "180.00000", "2006-12-31": "198.70000", "2005-12-31": "180.04000"}, "Long-Term Investments": {"2020-12-31": "", "2019-12-31": "", "2018-12-31": "", "2017-12-31": "674.60000", "2016-12-31": "", "2015-12-31": "", "2014-12-31": "", "2013-12-31": "", "2012-12-31": "", "2011-12-31": "6829.80000", "2010-12-31": "7370.40000", "2009-12-31": "842.40000", "2008-12-31": "965.10000", "2007-12-31": "1353.70000", "2006-12-31": "1561.90000", "2005-12-31": "149.41000"}, "Goodwill And Intangible Assets": {"2020-12-31": "", "2019-12-31": "15867.70000", "2018-12-31": "9333.20000", "2017-12-31": "8149.40000", "2016-12-31": "7528.60000", "2015-12-31": "7529.70000", "2014-12-31": "7826.10000", "2013-12-31": "8131.00000", "2012-12-31": "8335.90000", "2011-12-31": "8230.70000", "2010-12-31": "8317.40000", "2009-12-31": "6606.70000", "2008-12-31": "6109.60000", "2007-12-31": "7002.20000", "2006-12-31": "6526.60000", "2005-12-31": "4312.61000"}, "Other Long-Term Assets": {"2020-12-31": "", "2019-12-31": "459.60000", "2018-12-31": "126.10000", "2017-12-31": "61.70000", "2016-12-31": "95.00000", "2015-12-31": "107.00000", "2014-12-31": "79.50000", "2013-12-31": "182.10000", "2012-12-31": "146.80000", "2011-12-31": "17.90000", "2010-12-31": "20.90000", "2009-12-31": "29.20000", "2008-12-31": "41.20000", "2007-12-31": "55.60000", "2006-12-31": "82.20000", "2005-12-31": ""}, "Total Long-Term Assets": {"2020-12-31": "", "2019-12-31": "16910.80000", "2018-12-31": "9928.00000", "2017-12-31": "9376.40000", "2016-12-31": "8088.30000", "2015-12-31": "8063.60000", "2014-12-31": "8308.19900", "2013-12-31": "8663.89900", "2012-12-31": "8832.30000", "2011-12-31": "15512.90000", "2010-12-31": "16169.60000", "2009-12-31": "7788.60000", "2008-12-31": "7382.90000", "2007-12-31": "8756.60000", "2006-12-31": "8519.50000", "2005-12-31": "4871.60000"}, "Total Assets": {"2020-12-31": "0.00000", "2019-12-31": "39420.30000", "2018-12-31": "30978.40000", "2017-12-31": "31668.80000", "2016-12-31": "25734.30000", "2015-12-31": "25073.20000", "2014-12-31": "20450.00000", "2013-12-31": "19270.50000", "2012-12-31": "17492.40000", "2011-12-31": "19347.00000", "2010-12-31": "20444.10000", "2009-12-31": "10909.60000", "2008-12-31": "9756.90000", "2007-12-31": "12925.20000", "2006-12-31": "12228.50000", "2005-12-31": "7577.62000"}, "Total Current Liabilities": {"2020-12-31": "", "2019-12-31": "13924.50000", "2018-12-31": "13297.20000", "2017-12-31": "14820.10000", "2016-12-31": "10350.20000", "2015-12-31": "8137.80000", "2014-12-31": "3852.60000", "2013-12-31": "3737.50000", "2012-12-31": "3046.60000", "2011-12-31": "2974.40000", "2010-12-31": "3264.50000", "2009-12-31": "2298.40000", "2008-12-31": "2103.40000", "2007-12-31": "3640.90000", "2006-12-31": "3365.40000", "2005-12-31": "2523.15000"}, "Long Term Debt": {"2020-12-31": "", "2019-12-31": "8314.90000", "2018-12-31": "7634.80000", "2017-12-31": "6875.60000", "2016-12-31": "6505.50000", "2015-12-31": "7509.80000", "2014-12-31": "6726.40000", "2013-12-31": "5770.30000", "2012-12-31": "5085.40000", "2011-12-31": "6582.50000", "2010-12-31": "7181.10000", "2009-12-31": "745.70000", "2008-12-31": "862.00000", "2007-12-31": "1393.00000", "2006-12-31": "1016.00000", "2005-12-31": "1212.19000"}, "Other Non-Current Liabilities": {"2020-12-31": "", "2019-12-31": "949.60000", "2018-12-31": "387.60000", "2017-12-31": "498.80000", "2016-12-31": "673.40000", "2015-12-31": "273.70000", "2014-12-31": "280.90000", "2013-12-31": "461.80000", "2012-12-31": "", "2011-12-31": "378.50000", "2010-12-31": "408.60000", "2009-12-31": "244.70000", "2008-12-31": "195.30000", "2007-12-31": "179.50000", "2006-12-31": "178.50000", "2005-12-31": "182.47000"}, "Total Long Term Liabilities": {"2020-12-31": "", "2019-12-31": "11177.50000", "2018-12-31": "8744.99900", "2017-12-31": "7893.10000", "2016-12-31": "7772.30000", "2015-12-31": "8239.69900", "2014-12-31": "7477.60000", "2013-12-31": "6555.70000", "2012-12-31": "5396.80000", "2011-12-31": "7235.00000", "2010-12-31": "7818.70000", "2009-12-31": "990.40000", "2008-12-31": "1057.30000", "2007-12-31": "2693.70000", "2006-12-31": "2699.10000", "2005-12-31": "1438.15000"}, "Total Liabilities": {"2020-12-31": "", "2019-12-31": "25102.00000", "2018-12-31": "22042.20000", "2017-12-31": "22713.20000", "2016-12-31": "18122.50000", "2015-12-31": "16377.50000", "2014-12-31": "11330.20000", "2013-12-31": "10293.20000", "2012-12-31": "8443.40000", "2011-12-31": "10209.40000", "2010-12-31": "11083.20000", "2009-12-31": "3288.80000", "2008-12-31": "3160.70000", "2007-12-31": "6334.60000", "2006-12-31": "6064.50000", "2005-12-31": "3961.32000"}, "Common Stock Net": {"2020-12-31": "", "2019-12-31": "113.20000", "2018-12-31": "98.10000", "2017-12-31": "98.10000", "2016-12-31": "98.10000", "2015-12-31": "98.10000", "2014-12-31": "98.10000", "2013-12-31": "98.10000", "2012-12-31": "98.10000", "2011-12-31": "98.10000", "2010-12-31": "98.10000", "2009-12-31": "91.90000", "2008-12-31": "85.30000", "2007-12-31": "84.90000", "2006-12-31": "460.60000", "2005-12-31": "0.00000"}, "Retained Earnings (Accumulated Deficit)": {"2020-12-31": "", "2019-12-31": "5917.80000", "2018-12-31": "5884.50000", "2017-12-31": "5489.10000", "2016-12-31": "4833.40000", "2015-12-31": "4439.60000", "2014-12-31": "3943.60000", "2013-12-31": "3466.20000", "2012-12-31": "2930.10000", "2011-12-31": "2747.50000", "2010-12-31": "2399.90000", "2009-12-31": "1631.40000", "2008-12-31": "1476.30000", "2007-12-31": "1201.70000", "2006-12-31": "700.70000", "2005-12-31": "3427.92000"}, "Comprehensive Income": {"2020-12-31": "", "2019-12-31": "-587.30000", "2018-12-31": "-735.00000", "2017-12-31": "-391.20000", "2016-12-31": "-809.30000", "2015-12-31": "-446.00000", "2014-12-31": "48.80000", "2013-12-31": "427.90000", "2012-12-31": "530.50000", "2011-12-31": "373.30000", "2010-12-31": "495.50000", "2009-12-31": "393.60000", "2008-12-31": "-95.80000", "2007-12-31": "952.10000", "2006-12-31": "614.50000", "2005-12-31": ""}, "Other Share Holders Equity": {"2020-12-31": "", "2019-12-31": "", "2018-12-31": "", "2017-12-31": "", "2016-12-31": "", "2015-12-31": "", "2014-12-31": "", "2013-12-31": "", "2012-12-31": "", "2011-12-31": "", "2010-12-31": "", "2009-12-31": "", "2008-12-31": "", "2007-12-31": "", "2006-12-31": "", "2005-12-31": "21.59000"}, "Share Holder Equity": {"2020-12-31": "", "2019-12-31": "14318.30000", "2018-12-31": "8936.20000", "2017-12-31": "8955.60000", "2016-12-31": "7611.80000", "2015-12-31": "8695.70000", "2014-12-31": "9119.80000", "2013-12-31": "8977.30000", "2012-12-31": "9049.00000", "2011-12-31": "9137.60000", "2010-12-31": "9360.90000", "2009-12-31": "7620.80000", "2008-12-31": "6596.20000", "2007-12-31": "6590.60000", "2006-12-31": "6164.00000", "2005-12-31": "3616.30000"}, "Total Liabilities And Share Holders Equity": {"2020-12-31": "", "2019-12-31": "39420.30000", "2018-12-31": "30978.40000", "2017-12-31": "31668.80000", "2016-12-31": "25734.30000", "2015-12-31": "25073.20000", "2014-12-31": "20450.00000", "2013-12-31": "19270.50000", "2012-12-31": "17492.40000", "2011-12-31": "19347.00000", "2010-12-31": "20444.10000", "2009-12-31": "10909.60000", "2008-12-31": "9756.90000", "2007-12-31": "12925.20000", "2006-12-31": "12228.50000", "2005-12-31": "7577.62000"}}, "balance sheet, quarterly": {"Cash On Hand": {"2020-12-31": "", "2020-09-30": "1320.60000", "2020-06-30": "1271.20000", "2020-03-31": "1229.50000", "2019-12-31": "1701.20000", "2019-09-30": "1534.30000", "2019-06-30": "1435.30000", "2019-03-31": "1268.30000", "2018-12-31": "1805.40000", "2018-09-30": "1914.30000", "2018-06-30": "1833.90000", "2018-03-31": "2122.30000", "2017-12-31": "2517.70000", "2017-09-30": "2202.20000", "2017-06-30": "1974.20000", "2017-03-31": "1932.70000", "2016-12-31": "2070.20000", "2016-09-30": "1896.30000", "2016-06-30": "1704.10000", "2016-03-31": "1622.30000", "2015-12-31": "2214.70000", "2015-09-30": "2178.20000", "2015-06-30": "1780.50000", "2015-03-31": "1613.60000", "2014-12-31": "1918.20000", "2014-09-30": "1591.20000", "2014-06-30": "1488.40000", "2014-03-31": "1758.70000", "2013-12-31": "1914.80000", "2013-09-30": "1619.50000", "2013-06-30": "1276.80000", "2013-03-31": "1649.00000", "2012-12-31": "1123.30000", "2012-09-30": "1432.80000", "2012-06-30": "1098.90000", "2012-03-31": "1069.00000", "2011-12-31": "1109.70000", "2011-09-30": "1113.70000", "2011-06-30": "1243.70000", "2011-03-31": "1128.70000", "2010-12-31": "1377.20000", "2010-09-30": "981.60000", "2010-06-30": "857.30000", "2010-03-31": "928.80000", "2009-12-31": "790.00000", "2009-09-30": "962.10000", "2009-06-30": "865.10000", "2009-03-31": "392.10000", "2008-12-31": "658.20000", "2008-09-30": "831.60000", "2008-06-30": "693.90000", "2008-03-31": "851.40000", "2007-12-31": "952.40000", "2007-09-30": "1102.40000", "2007-06-30": "938.80000", "2007-03-31": "910.60000", "2006-12-31": "834.30000", "2006-09-30": "781.20000", "2006-06-30": "572.45000", "2006-03-31": "1853.93000", "2005-12-31": "1956.82000", "2005-09-30": "1076.13000", "2005-06-30": "829.50000", "2005-03-31": "602.97000"}, "Receivables": {"2020-12-31": "", "2020-09-30": "1181.50000", "2020-06-30": "1073.90000", "2020-03-31": "1274.00000", "2019-12-31": "1191.20000", "2019-09-30": "1191.30000", "2019-06-30": "1160.50000", "2019-03-31": "1215.10000", "2018-12-31": "906.10000", "2018-09-30": "1465.80000", "2018-06-30": "1683.70000", "2018-03-31": "1590.10000", "2017-12-31": "1547.80000", "2017-09-30": "1448.00000", "2017-06-30": "1655.30000", "2017-03-31": "1613.30000", "2016-12-31": "1323.30000", "2016-09-30": "1263.30000", "2016-06-30": "1901.30000", "2016-03-31": "1610.80000", "2015-12-31": "1267.90000", "2015-09-30": "1644.60000", "2015-06-30": "1756.30000", "2015-03-31": "2004.70000", "2014-12-31": "1439.60000", "2014-09-30": "1649.80000", "2014-06-30": "1868.30000", "2014-03-31": "2225.00000", "2013-12-31": "1491.50000", "2013-09-30": "1540.90000", "2013-06-30": "1656.70000", "2013-03-31": "1520.40000", "2012-12-31": "1083.60000", "2012-09-30": "1060.40000", "2012-06-30": "1000.20000", "2012-03-31": "1277.90000", "2011-12-31": "967.30000", "2011-09-30": "1126.30000", "2011-06-30": "1269.40000", "2011-03-31": "1512.70000", "2010-12-31": "1096.90000", "2010-09-30": "1601.20000", "2010-06-30": "1111.70000", "2010-03-31": "1128.10000", "2009-12-31": "672.40000", "2009-09-30": "805.70000", "2009-06-30": "800.90000", "2009-03-31": "669.10000", "2008-12-31": "543.00000", "2008-09-30": "783.30000", "2008-06-30": "960.70000", "2008-03-31": "1146.30000", "2007-12-31": "978.50000", "2007-09-30": "1479.60000", "2007-06-30": "1328.30000", "2007-03-31": "1538.00000", "2006-12-31": "804.90000", "2006-09-30": "1160.60000", "2006-06-30": "993.94000", "2006-03-31": "1266.12000", "2005-12-31": "749.18000", "2005-09-30": "588.51000", "2005-06-30": "575.83000", "2005-03-31": "2028.51000"}, "Inventory": {"2020-12-31": "", "2020-09-30": "", "2020-06-30": "", "2020-03-31": "", "2019-12-31": "", "2019-09-30": "", "2019-06-30": "", "2019-03-31": "", "2018-12-31": "", "2018-09-30": "", "2018-06-30": "", "2018-03-31": "", "2017-12-31": "", "2017-09-30": "", "2017-06-30": "", "2017-03-31": "", "2016-12-31": "", "2016-09-30": "", "2016-06-30": "", "2016-03-31": "", "2015-12-31": "", "2015-09-30": "", "2015-06-30": "", "2015-03-31": "", "2014-12-31": "", "2014-09-30": "", "2014-06-30": "", "2014-03-31": "", "2013-12-31": "", "2013-09-30": "", "2013-06-30": "", "2013-03-31": "", "2012-12-31": "", "2012-09-30": "", "2012-06-30": "", "2012-03-31": "", "2011-12-31": "", "2011-09-30": "", "2011-06-30": "", "2011-03-31": "", "2010-12-31": "", "2010-09-30": "", "2010-06-30": "", "2010-03-31": "", "2009-12-31": "", "2009-09-30": "", "2009-06-30": "", "2009-03-31": "", "2008-12-31": "", "2008-09-30": "", "2008-06-30": "", "2008-03-31": "", "2007-12-31": "", "2007-09-30": "", "2007-06-30": "", "2007-03-31": "", "2006-12-31": "", "2006-09-30": "", "2006-06-30": "", "2006-03-31": "", "2005-12-31": "", "2005-09-30": "", "2005-06-30": "", "2005-03-31": ""}, "Pre-Paid Expenses": {"2020-12-31": "", "2020-09-30": "", "2020-06-30": "128.60000", "2020-03-31": "124.50000", "2019-12-31": "", "2019-09-30": "137.20000", "2019-06-30": "139.20000", "2019-03-31": "116.80000", "2018-12-31": "127.10000", "2018-09-30": "130.90000", "2018-06-30": "122.20000", "2018-03-31": "124.90000", "2017-12-31": "124.40000", "2017-09-30": "122.80000", "2017-06-30": "118.30000", "2017-03-31": "118.00000", "2016-12-31": "116.90000", "2016-09-30": "130.80000", "2016-06-30": "127.80000", "2016-03-31": "127.30000", "2015-12-31": "121.20000", "2015-09-30": "126.20000", "2015-06-30": "133.70000", "2015-03-31": "126.50000", "2014-12-31": "132.10000", "2014-09-30": "103.60000", "2014-06-30": "108.20000", "2014-03-31": "101.50000", "2013-12-31": "101.40000", "2013-09-30": "111.40000", "2013-06-30": "49.60000", "2013-03-31": "55.60000", "2012-12-31": "99.90000", "2012-09-30": "55.80000", "2012-06-30": "51.40000", "2012-03-31": "56.80000", "2011-12-31": "51.20000", "2011-09-30": "56.70000", "2011-06-30": "62.70000", "2011-03-31": "64.00000", "2010-12-31": "64.00000", "2010-09-30": "70.20000", "2010-06-30": "67.70000", "2010-03-31": "68.50000", "2009-12-31": "57.60000", "2009-09-30": "59.60000", "2009-06-30": "62.50000", "2009-03-31": "72.60000", "2008-12-31": "55.60000", "2008-09-30": "62.60000", "2008-06-30": "69.10000", "2008-03-31": "67.10000", "2007-12-31": "65.90000", "2007-09-30": "", "2007-06-30": "", "2007-03-31": "", "2006-12-31": "68.50000", "2006-09-30": "", "2006-06-30": "", "2006-03-31": "", "2005-12-31": "", "2005-09-30": "", "2005-06-30": "", "2005-03-31": ""}, "Other Current Assets": {"2020-12-31": "", "2020-09-30": "7882.50000", "2020-06-30": "8020.90000", "2020-03-31": "9137.30000", "2019-12-31": "10835.60000", "2019-09-30": "10442.40000", "2019-06-30": "11472.60000", "2019-03-31": "12102.70000", "2018-12-31": "11384.80000", "2018-09-30": "12268.20000", "2018-06-30": "12199.60000", "2018-03-31": "12902.20000", "2017-12-31": "", "2017-09-30": "12102.60000", "2017-06-30": "10716.70000", "2017-03-31": "9230.50000", "2016-12-31": "8224.20000", "2016-09-30": "7387.50000", "2016-06-30": "6620.40000", "2016-03-31": "6578.30000", "2015-12-31": "6370.60000", "2015-09-30": "5826.00000", "2015-06-30": "3780.10000", "2015-03-31": "2886.90000", "2014-12-31": "2003.70000", "2014-09-30": "1843.70000", "2014-06-30": "1866.70000", "2014-03-31": "1617.80000", "2013-12-31": "1524.50000", "2013-09-30": "1650.00000", "2013-06-30": "1431.10000", "2013-03-31": "1284.00000", "2012-12-31": "1153.60000", "2012-09-30": "1221.00000", "2012-06-30": "1153.80000", "2012-03-31": "1245.10000", "2011-12-31": "1393.50000", "2011-09-30": "1360.80000", "2011-06-30": "1497.80000", "2011-03-31": "1450.20000", "2010-12-31": "1397.20000", "2010-09-30": "1354.80000", "2010-06-30": "1242.50000", "2010-03-31": "1300.20000", "2009-12-31": "1360.90000", "2009-09-30": "1259.10000", "2009-06-30": "1130.20000", "2009-03-31": "861.80000", "2008-12-31": "907.50000", "2008-09-30": "1575.20000", "2008-06-30": "1877.60000", "2008-03-31": "1921.50000", "2007-12-31": "1987.90000", "2007-09-30": "1892.60000", "2007-06-30": "1848.50000", "2007-03-31": "1707.90000", "2006-12-31": "1813.50000", "2006-09-30": "1509.70000", "2006-06-30": "1328.86000", "2006-03-31": "", "2005-12-31": "", "2005-09-30": "", "2005-06-30": "", "2005-03-31": ""}, "Total Current Assets": {"2020-12-31": "", "2020-09-30": "18872.80000", "2020-06-30": "18602.20000", "2020-03-31": "20073.70000", "2019-12-31": "22365.50000", "2019-09-30": "21193.90000", "2019-06-30": "20867.50000", "2019-03-31": "21431.00000", "2018-12-31": "21050.40000", "2018-09-30": "22497.60000", "2018-06-30": "21731.80000", "2018-03-31": "22906.60000", "2017-12-31": "22292.40000", "2017-09-30": "21690.80000", "2017-06-30": "20024.10000", "2017-03-31": "18474.30000", "2016-12-31": "17646.00000", "2016-09-30": "15959.10000", "2016-06-30": "15282.50000", "2016-03-31": "14497.70000", "2015-12-31": "17009.60000", "2015-09-30": "16833.80000", "2015-06-30": "14595.20000", "2015-03-31": "13781.30000", "2014-12-31": "12141.80000", "2014-09-30": "11630.70000", "2014-06-30": "11222.10000", "2014-03-31": "11745.40000", "2013-12-31": "10606.60000", "2013-09-30": "10152.30000", "2013-06-30": "5018.70000", "2013-03-31": "4903.50000", "2012-12-31": "8660.10000", "2012-09-30": "4160.70000", "2012-06-30": "3673.00000", "2012-03-31": "4014.40000", "2011-12-31": "3834.10000", "2011-09-30": "3982.40000", "2011-06-30": "4458.70000", "2011-03-31": "4528.80000", "2010-12-31": "4274.50000", "2010-09-30": "4461.20000", "2010-06-30": "3658.00000", "2010-03-31": "3645.30000", "2009-12-31": "3121.00000", "2009-09-30": "3311.80000", "2009-06-30": "3056.00000", "2009-03-31": "2150.50000", "2008-12-31": "2374.00000", "2008-09-30": "3411.50000", "2008-06-30": "3784.90000", "2008-03-31": "4136.10000", "2007-12-31": "4168.60000", "2007-09-30": "4601.10000", "2007-06-30": "4115.60000", "2007-03-31": "4156.50000", "2006-12-31": "3709.00000", "2006-09-30": "3451.50000", "2006-06-30": "2895.27000", "2006-03-31": "3120.05000", "2005-12-31": "2706.01000", "2005-09-30": "1664.65000", "2005-06-30": "1405.34000", "2005-03-31": "2631.50000"}, "Property, Plant, And Equipment": {"2020-12-31": "", "2020-09-30": "551.10000", "2020-06-30": "555.10000", "2020-03-31": "562.80000", "2019-12-31": "583.50000", "2019-09-30": "552.30000", "2019-06-30": "567.80000", "2019-03-31": "462.80000", "2018-12-31": "468.70000", "2018-09-30": "469.20000", "2018-06-30": "475.70000", "2018-03-31": "484.40000", "2017-12-31": "490.70000", "2017-09-30": "483.00000", "2017-06-30": "482.20000", "2017-03-31": "467.90000", "2016-12-31": "464.70000", "2016-09-30": "444.60000", "2016-06-30": "432.10000", "2016-03-31": "428.90000", "2015-12-31": "426.90000", "2015-09-30": "415.90000", "2015-06-30": "410.30000", "2015-03-31": "393.10000", "2014-12-31": "402.60000", "2014-09-30": "367.30000", "2014-06-30": "354.80000", "2014-03-31": "342.40000", "2013-12-31": "350.80000", "2013-09-30": "336.40000", "2013-06-30": "328.80000", "2013-03-31": "337.20000", "2012-12-31": "349.60000", "2012-09-30": "329.90000", "2012-06-30": "314.60000", "2012-03-31": "312.10000", "2011-12-31": "312.80000", "2011-09-30": "275.80000", "2011-06-30": "281.80000", "2011-03-31": "276.10000", "2010-12-31": "272.40000", "2010-09-30": "244.90000", "2010-06-30": "232.10000", "2010-03-31": "221.10000", "2009-12-31": "220.70000", "2009-09-30": "209.20000", "2009-06-30": "219.10000", "2009-03-31": "201.20000", "2008-12-31": "205.30000", "2008-09-30": "211.70000", "2008-06-30": "207.60000", "2008-03-31": "186.70000", "2007-12-31": "180.00000", "2007-09-30": "149.60000", "2007-06-30": "", "2007-03-31": "", "2006-12-31": "198.70000", "2006-09-30": "", "2006-06-30": "", "2006-03-31": "", "2005-12-31": "", "2005-09-30": "", "2005-06-30": "", "2005-03-31": ""}, "Long-Term Investments": {"2020-12-31": "", "2020-09-30": "", "2020-06-30": "", "2020-03-31": "", "2019-12-31": "", "2019-09-30": "", "2019-06-30": "839.90000", "2019-03-31": "640.90000", "2018-12-31": "", "2018-09-30": "", "2018-06-30": "732.80000", "2018-03-31": "", "2017-12-31": "674.60000", "2017-09-30": "", "2017-06-30": "", "2017-03-31": "", "2016-12-31": "", "2016-09-30": "", "2016-06-30": "", "2016-03-31": "", "2015-12-31": "", "2015-09-30": "", "2015-06-30": "", "2015-03-31": "", "2014-12-31": "", "2014-09-30": "", "2014-06-30": "", "2014-03-31": "", "2013-12-31": "", "2013-09-30": "", "2013-06-30": "4687.50000", "2013-03-31": "5022.90000", "2012-12-31": "", "2012-09-30": "4941.40000", "2012-06-30": "6269.70000", "2012-03-31": "6559.20000", "2011-12-31": "6829.80000", "2011-09-30": "7157.80000", "2011-06-30": "7543.80000", "2011-03-31": "7719.70000", "2010-12-31": "7370.40000", "2010-09-30": "6955.20000", "2010-06-30": "6936.20000", "2010-03-31": "6247.50000", "2009-12-31": "842.40000", "2009-09-30": "799.10000", "2009-06-30": "792.50000", "2009-03-31": "827.20000", "2008-12-31": "965.10000", "2008-09-30": "981.70000", "2008-06-30": "1051.60000", "2008-03-31": "1333.80000", "2007-12-31": "1353.70000", "2007-09-30": "158.70000", "2007-06-30": "154.20000", "2007-03-31": "166.70000", "2006-12-31": "1561.90000", "2006-09-30": "148.90000", "2006-06-30": "188.54000", "2006-03-31": "162.36000", "2005-12-31": "149.41000", "2005-09-30": "98.36000", "2005-06-30": "90.96000", "2005-03-31": "171.57000"}, "Goodwill And Intangible Assets": {"2020-12-31": "", "2020-09-30": "16044.70000", "2020-06-30": "15931.40000", "2020-03-31": "15869.20000", "2019-12-31": "15867.70000", "2019-09-30": "15670.00000", "2019-06-30": "15766.60000", "2019-03-31": "9379.10000", "2018-12-31": "9333.20000", "2018-09-30": "9468.00000", "2018-06-30": "9466.00000", "2018-03-31": "8163.60000", "2017-12-31": "8149.40000", "2017-09-30": "8134.60000", "2017-06-30": "7666.50000", "2017-03-31": "7568.70000", "2016-12-31": "7528.60000", "2016-09-30": "7650.50000", "2016-06-30": "7719.40000", "2016-03-31": "7653.60000", "2015-12-31": "7529.70000", "2015-09-30": "7626.90000", "2015-06-30": "7809.60000", "2015-03-31": "7696.10000", "2014-12-31": "7826.10000", "2014-09-30": "7972.30000", "2014-06-30": "8178.40000", "2014-03-31": "8071.10000", "2013-12-31": "8131.00000", "2013-09-30": "8167.20000", "2013-06-30": "8010.20000", "2013-03-31": "8170.20000", "2012-12-31": "8335.90000", "2012-09-30": "8335.70000", "2012-06-30": "8218.40000", "2012-03-31": "8310.10000", "2011-12-31": "8230.70000", "2011-09-30": "8160.90000", "2011-06-30": "8409.20000", "2011-03-31": "8402.60000", "2010-12-31": "8317.40000", "2010-09-30": "8220.30000", "2010-06-30": "8011.70000", "2010-03-31": "6561.70000", "2009-12-31": "6606.70000", "2009-09-30": "6521.00000", "2009-06-30": "6417.40000", "2009-03-31": "6043.60000", "2008-12-31": "6109.60000", "2008-09-30": "6701.00000", "2008-06-30": "7012.00000", "2008-03-31": "6995.60000", "2007-12-31": "7002.20000", "2007-09-30": "5457.20000", "2007-06-30": "5330.50000", "2007-03-31": "5206.60000", "2006-12-31": "6526.60000", "2006-09-30": "4911.20000", "2006-06-30": "4437.16000", "2006-03-31": "4312.65000", "2005-12-31": "4312.61000", "2005-09-30": "2454.14000", "2005-06-30": "2385.65000", "2005-03-31": "4466.50000"}, "Other Long-Term Assets": {"2020-12-31": "", "2020-09-30": "568.90000", "2020-06-30": "490.40000", "2020-03-31": "505.00000", "2019-12-31": "603.60000", "2019-09-30": "475.20000", "2019-06-30": "459.60000", "2019-03-31": "292.80000", "2018-12-31": "126.10000", "2018-09-30": "69.00000", "2018-06-30": "52.80000", "2018-03-31": "64.50000", "2017-12-31": "61.70000", "2017-09-30": "64.10000", "2017-06-30": "75.70000", "2017-03-31": "88.00000", "2016-12-31": "95.00000", "2016-09-30": "83.50000", "2016-06-30": "68.80000", "2016-03-31": "78.00000", "2015-12-31": "107.00000", "2015-09-30": "85.60000", "2015-06-30": "83.20000", "2015-03-31": "90.70000", "2014-12-31": "79.50000", "2014-09-30": "110.70000", "2014-06-30": "144.20000", "2014-03-31": "187.40000", "2013-12-31": "182.10000", "2013-09-30": "107.60000", "2013-06-30": "28.90000", "2013-03-31": "27.80000", "2012-12-31": "146.80000", "2012-09-30": "17.20000", "2012-06-30": "18.40000", "2012-03-31": "17.80000", "2011-12-31": "17.90000", "2011-09-30": "27.80000", "2011-06-30": "26.90000", "2011-03-31": "27.20000", "2010-12-31": "20.90000", "2010-09-30": "18.50000", "2010-06-30": "25.60000", "2010-03-31": "29.60000", "2009-12-31": "29.20000", "2009-09-30": "21.30000", "2009-06-30": "26.20000", "2009-03-31": "31.50000", "2008-12-31": "41.20000", "2008-09-30": "41.00000", "2008-06-30": "45.80000", "2008-03-31": "50.70000", "2007-12-31": "55.60000", "2007-09-30": "", "2007-06-30": "", "2007-03-31": "", "2006-12-31": "82.20000", "2006-09-30": "", "2006-06-30": "", "2006-03-31": "", "2005-12-31": "", "2005-09-30": "", "2005-06-30": "", "2005-03-31": ""}, "Total Long-Term Assets": {"2020-12-31": "", "2020-09-30": "17164.70000", "2020-06-30": "16976.90000", "2020-03-31": "16937.00000", "2019-12-31": "17054.80000", "2019-09-30": "16697.50000", "2019-06-30": "17633.90000", "2019-03-31": "10775.60000", "2018-12-31": "9928.00000", "2018-09-30": "10006.20000", "2018-06-30": "10727.30000", "2018-03-31": "8712.50000", "2017-12-31": "9376.40000", "2017-09-30": "8681.69900", "2017-06-30": "8224.40000", "2017-03-31": "8124.60000", "2016-12-31": "8088.30000", "2016-09-30": "8178.60000", "2016-06-30": "8220.30100", "2016-03-31": "8160.50000", "2015-12-31": "8063.60000", "2015-09-30": "8128.40000", "2015-06-30": "8303.10100", "2015-03-31": "8179.90000", "2014-12-31": "8308.19900", "2014-09-30": "8450.30000", "2014-06-30": "8677.40000", "2014-03-31": "8600.90000", "2013-12-31": "8663.89900", "2013-09-30": "8611.20000", "2013-06-30": "13119.90000", "2013-03-31": "13631.00000", "2012-12-31": "8832.30000", "2012-09-30": "13700.30000", "2012-06-30": "14939.90000", "2012-03-31": "15315.00000", "2011-12-31": "15512.90000", "2011-09-30": "15755.40000", "2011-06-30": "16456.90000", "2011-03-31": "16609.80000", "2010-12-31": "16169.60000", "2010-09-30": "15480.50000", "2010-06-30": "15245.90000", "2010-03-31": "13146.20000", "2009-12-31": "7788.60000", "2009-09-30": "7637.80000", "2009-06-30": "7521.60000", "2009-03-31": "7155.20000", "2008-12-31": "7382.90000", "2008-09-30": "8088.00000", "2008-06-30": "8464.80000", "2008-03-31": "8745.19900", "2007-12-31": "8756.60000", "2007-09-30": "6066.20000", "2007-06-30": "5775.40000", "2007-03-31": "5632.30000", "2006-12-31": "8519.50000", "2006-09-30": "5318.20000", "2006-06-30": "4845.44000", "2006-03-31": "4702.73000", "2005-12-31": "4691.56000", "2005-09-30": "2623.49000", "2005-06-30": "2476.61000", "2005-03-31": "4638.07000"}, "Total Assets": {"2020-12-31": "0.00000", "2020-09-30": "36037.50000", "2020-06-30": "35579.10000", "2020-03-31": "37010.70000", "2019-12-31": "39420.30000", "2019-09-30": "37891.40000", "2019-06-30": "38501.40000", "2019-03-31": "32206.60000", "2018-12-31": "30978.40000", "2018-09-30": "32503.80000", "2018-06-30": "32459.10000", "2018-03-31": "31619.10000", "2017-12-31": "31668.80000", "2017-09-30": "30372.50000", "2017-06-30": "28248.50000", "2017-03-31": "26598.90000", "2016-12-31": "25734.30000", "2016-09-30": "24137.70000", "2016-06-30": "23502.80000", "2016-03-31": "22658.20000", "2015-12-31": "25073.20000", "2015-09-30": "24962.20000", "2015-06-30": "22898.30000", "2015-03-31": "21961.20000", "2014-12-31": "20450.00000", "2014-09-30": "20081.00000", "2014-06-30": "19899.50000", "2014-03-31": "20346.30000", "2013-12-31": "19270.50000", "2013-09-30": "18763.50000", "2013-06-30": "18138.60000", "2013-03-31": "18534.50000", "2012-12-31": "17492.40000", "2012-09-30": "17861.00000", "2012-06-30": "18612.90000", "2012-03-31": "19329.40000", "2011-12-31": "19347.00000", "2011-09-30": "19737.80000", "2011-06-30": "20915.60000", "2011-03-31": "21138.60000", "2010-12-31": "20444.10000", "2010-09-30": "19941.70000", "2010-06-30": "18903.90000", "2010-03-31": "16791.50000", "2009-12-31": "10909.60000", "2009-09-30": "10949.60000", "2009-06-30": "10577.60000", "2009-03-31": "9305.70000", "2008-12-31": "9756.90000", "2008-09-30": "11499.50000", "2008-06-30": "12249.70000", "2008-03-31": "12881.30000", "2007-12-31": "12925.20000", "2007-09-30": "10667.30000", "2007-06-30": "10048.70000", "2007-03-31": "9948.80000", "2006-12-31": "12228.50000", "2006-09-30": "8932.90000", "2006-06-30": "7916.78000", "2006-03-31": "8000.67000", "2005-12-31": "7577.62000", "2005-09-30": "4395.72000", "2005-06-30": "3994.56000", "2005-03-31": "7487.38000"}, "Total Current Liabilities": {"2020-12-31": "", "2020-09-30": "10712.50000", "2020-06-30": "10593.40000", "2020-03-31": "11747.90000", "2019-12-31": "13924.50000", "2019-09-30": "13470.00000", "2019-06-30": "14430.70000", "2019-03-31": "14139.50000", "2018-12-31": "13297.20000", "2018-09-30": "14506.60000", "2018-06-30": "14399.70000", "2018-03-31": "14906.10000", "2017-12-31": "14820.10000", "2017-09-30": "14423.80000", "2017-06-30": "12982.20000", "2017-03-31": "11310.30000", "2016-12-31": "10350.20000", "2016-09-30": "9424.10000", "2016-06-30": "9153.70000", "2016-03-31": "8598.10100", "2015-12-31": "8137.80000", "2015-09-30": "7916.60000", "2015-06-30": "5920.70000", "2015-03-31": "5132.10000", "2014-12-31": "3852.60000", "2014-09-30": "3810.50000", "2014-06-30": "3978.30000", "2014-03-31": "4597.50000", "2013-12-31": "3737.50000", "2013-09-30": "3919.60000", "2013-06-30": "3429.70000", "2013-03-31": "3287.60000", "2012-12-31": "3046.60000", "2012-09-30": "3184.30000", "2012-06-30": "2724.70000", "2012-03-31": "3374.50000", "2011-12-31": "2974.40000", "2011-09-30": "3113.20000", "2011-06-30": "3364.60000", "2011-03-31": "3423.10000", "2010-12-31": "3264.50000", "2010-09-30": "3551.20000", "2010-06-30": "2775.00000", "2010-03-31": "2701.10000", "2009-12-31": "2298.40000", "2009-09-30": "2552.70000", "2009-06-30": "2408.20000", "2009-03-31": "1900.40000", "2008-12-31": "2103.40000", "2008-09-30": "2670.20000", "2008-06-30": "3082.30000", "2008-03-31": "3368.10000", "2007-12-31": "3640.90000", "2007-09-30": "4046.50000", "2007-06-30": "3757.90000", "2007-03-31": "3814.30000", "2006-12-31": "3365.40000", "2006-09-30": "3524.20000", "2006-06-30": "2950.91000", "2006-03-31": "3299.82000", "2005-12-31": "2523.15000", "2005-09-30": "1514.84000", "2005-06-30": "1264.41000", "2005-03-31": "2356.05000"}, "Long Term Debt": {"2020-12-31": "", "2020-09-30": "8698.70000", "2020-06-30": "8654.60000", "2020-03-31": "8761.50000", "2019-12-31": "8314.90000", "2019-09-30": "7780.90000", "2019-06-30": "7270.10000", "2019-03-31": "7727.40000", "2018-12-31": "7634.80000", "2018-09-30": "7635.10000", "2018-06-30": "7970.40000", "2018-03-31": "6579.10000", "2017-12-31": "6875.60000", "2017-09-30": "6398.90000", "2017-06-30": "6004.30000", "2017-03-31": "6366.50000", "2016-12-31": "6505.50000", "2016-09-30": "5933.20000", "2016-06-30": "5602.30000", "2016-03-31": "5134.40000", "2015-12-31": "7509.80000", "2015-09-30": "7359.00000", "2015-06-30": "7029.60000", "2015-03-31": "7080.30000", "2014-12-31": "6726.40000", "2014-09-30": "6299.40000", "2014-06-30": "5890.40000", "2014-03-31": "6351.40000", "2013-12-31": "5770.30000", "2013-09-30": "5390.70000", "2013-06-30": "5283.90000", "2013-03-31": "5735.90000", "2012-12-31": "5085.40000", "2012-09-30": "4806.60000", "2012-06-30": "6077.80000", "2012-03-31": "6122.10000", "2011-12-31": "6582.50000", "2011-09-30": "7040.90000", "2011-06-30": "7661.30000", "2011-03-31": "7623.70000", "2010-12-31": "7181.10000", "2010-09-30": "7038.00000", "2010-06-30": "6800.10000", "2010-03-31": "5864.80000", "2009-12-31": "745.70000", "2009-09-30": "745.70000", "2009-06-30": "745.70000", "2009-03-31": "850.00000", "2008-12-31": "862.00000", "2008-09-30": "1322.00000", "2008-06-30": "1337.00000", "2008-03-31": "1673.20000", "2007-12-31": "1393.00000", "2007-09-30": "1143.20000", "2007-06-30": "1142.80000", "2007-03-31": "1294.10000", "2006-12-31": "1016.00000", "2006-09-30": "957.50000", "2006-06-30": "977.29000", "2006-03-31": "873.04000", "2005-12-31": "1212.19000", "2005-09-30": "653.94000", "2005-06-30": "650.69000", "2005-03-31": "1216.46000"}, "Other Non-Current Liabilities": {"2020-12-31": "", "2020-09-30": "520.40000", "2020-06-30": "653.20000", "2020-03-31": "881.60000", "2019-12-31": "949.60000", "2019-09-30": "757.80000", "2019-06-30": "565.70000", "2019-03-31": "511.60000", "2018-12-31": "387.60000", "2018-09-30": "315.80000", "2018-06-30": "352.30000", "2018-03-31": "349.50000", "2017-12-31": "498.80000", "2017-09-30": "339.90000", "2017-06-30": "393.20000", "2017-03-31": "490.90000", "2016-12-31": "673.40000", "2016-09-30": "268.10000", "2016-06-30": "314.00000", "2016-03-31": "181.50000", "2015-12-31": "273.70000", "2015-09-30": "338.10000", "2015-06-30": "326.80000", "2015-03-31": "320.70000", "2014-12-31": "280.90000", "2014-09-30": "349.20000", "2014-06-30": "201.00000", "2014-03-31": "", "2013-12-31": "461.80000", "2013-09-30": "", "2013-06-30": "310.70000", "2013-03-31": "325.00000", "2012-12-31": "", "2012-09-30": "359.20000", "2012-06-30": "383.80000", "2012-03-31": "387.00000", "2011-12-31": "378.50000", "2011-09-30": "341.50000", "2011-06-30": "422.30000", "2011-03-31": "410.70000", "2010-12-31": "408.60000", "2010-09-30": "230.40000", "2010-06-30": "250.70000", "2010-03-31": "224.70000", "2009-12-31": "244.70000", "2009-09-30": "227.00000", "2009-06-30": "220.90000", "2009-03-31": "192.30000", "2008-12-31": "195.30000", "2008-09-30": "191.00000", "2008-06-30": "177.30000", "2008-03-31": "189.00000", "2007-12-31": "179.50000", "2007-09-30": "472.60000", "2007-06-30": "465.30000", "2007-03-31": "463.50000", "2006-12-31": "178.50000", "2006-09-30": "318.10000", "2006-06-30": "157.14000", "2006-03-31": "166.22000", "2005-12-31": "182.47000", "2005-09-30": "130.28000", "2005-06-30": "122.26000", "2005-03-31": "229.87000"}, "Total Long Term Liabilities": {"2020-12-31": "", "2020-09-30": "10974.40000", "2020-06-30": "11018.00000", "2020-03-31": "11320.40000", "2019-12-31": "11177.50000", "2019-09-30": "10459.80000", "2019-06-30": "9771.00100", "2019-03-31": "9057.69900", "2018-12-31": "8744.99900", "2018-09-30": "8678.39900", "2018-06-30": "8923.20000", "2018-03-31": "7523.00000", "2017-12-31": "7893.10000", "2017-09-30": "7399.90000", "2017-06-30": "7092.30000", "2017-03-31": "7455.40000", "2016-12-31": "7772.30000", "2016-09-30": "6889.30000", "2016-06-30": "6619.00000", "2016-03-31": "6097.60000", "2015-12-31": "8239.69900", "2015-09-30": "8189.80000", "2015-06-30": "7892.50000", "2015-03-31": "7956.30000", "2014-12-31": "7477.60000", "2014-09-30": "7131.40000", "2014-06-30": "6598.30000", "2014-03-31": "6843.30000", "2013-12-31": "6555.70000", "2013-09-30": "5724.50000", "2013-06-30": "5954.90000", "2013-03-31": "6407.70000", "2012-12-31": "5396.80000", "2012-09-30": "5479.30000", "2012-06-30": "6769.40000", "2012-03-31": "6820.90000", "2011-12-31": "7235.00000", "2011-09-30": "7657.10000", "2011-06-30": "8353.20000", "2011-03-31": "8302.30000", "2010-12-31": "7818.70000", "2010-09-30": "7544.30000", "2010-06-30": "7308.80000", "2010-03-31": "6089.50000", "2009-12-31": "990.40000", "2009-09-30": "972.70000", "2009-06-30": "966.60000", "2009-03-31": "1042.30000", "2008-12-31": "1057.30000", "2008-09-30": "2463.30000", "2008-06-30": "2484.40000", "2008-03-31": "2944.40000", "2007-12-31": "2693.70000", "2007-09-30": "1615.80000", "2007-06-30": "1614.10000", "2007-03-31": "1763.30000", "2006-12-31": "2699.10000", "2006-09-30": "1324.60000", "2006-06-30": "1162.44000", "2006-03-31": "1079.51000", "2005-12-31": "1438.15000", "2005-09-30": "804.93990", "2005-06-30": "774.52000", "2005-03-31": "1448.95000"}, "Total Liabilities": {"2020-12-31": "", "2020-09-30": "21686.90000", "2020-06-30": "21611.40000", "2020-03-31": "23068.30000", "2019-12-31": "25102.00000", "2019-09-30": "23929.80000", "2019-06-30": "24201.70000", "2019-03-31": "23197.20000", "2018-12-31": "22042.20000", "2018-09-30": "23185.00000", "2018-06-30": "23322.90000", "2018-03-31": "22429.10000", "2017-12-31": "22713.20000", "2017-09-30": "21823.70000", "2017-06-30": "20074.50000", "2017-03-31": "18765.70000", "2016-12-31": "18122.50000", "2016-09-30": "16313.40000", "2016-06-30": "15772.70000", "2016-03-31": "14695.70000", "2015-12-31": "16377.50000", "2015-09-30": "16106.40000", "2015-06-30": "13813.20000", "2015-03-31": "13088.40000", "2014-12-31": "11330.20000", "2014-09-30": "10941.90000", "2014-06-30": "10576.60000", "2014-03-31": "11440.80000", "2013-12-31": "10293.20000", "2013-09-30": "9644.10000", "2013-06-30": "9384.60000", "2013-03-31": "9695.30000", "2012-12-31": "8443.40000", "2012-09-30": "8663.60000", "2012-06-30": "9494.10000", "2012-03-31": "10195.40000", "2011-12-31": "10209.40000", "2011-09-30": "10770.30000", "2011-06-30": "11717.80000", "2011-03-31": "11725.40000", "2010-12-31": "11083.20000", "2010-09-30": "11095.50000", "2010-06-30": "10083.80000", "2010-03-31": "8790.60000", "2009-12-31": "3288.80000", "2009-09-30": "3525.40000", "2009-06-30": "3374.80000", "2009-03-31": "2942.70000", "2008-12-31": "3160.70000", "2008-09-30": "5133.50000", "2008-06-30": "5566.70000", "2008-03-31": "6312.50000", "2007-12-31": "6334.60000", "2007-09-30": "5662.30000", "2007-06-30": "5372.00000", "2007-03-31": "5577.60000", "2006-12-31": "6064.50000", "2006-09-30": "4848.80000", "2006-06-30": "4113.36000", "2006-03-31": "4379.35000", "2005-12-31": "3961.32000", "2005-09-30": "2319.80000", "2005-06-30": "2038.95000", "2005-03-31": "3805.01000"}, "Common Stock Net": {"2020-12-31": "", "2020-09-30": "113.20000", "2020-06-30": "113.20000", "2020-03-31": "113.20000", "2019-12-31": "113.20000", "2019-09-30": "113.20000", "2019-06-30": "113.20000", "2019-03-31": "98.10000", "2018-12-31": "98.10000", "2018-09-30": "98.10000", "2018-06-30": "98.10000", "2018-03-31": "98.10000", "2017-12-31": "98.10000", "2017-09-30": "98.10000", "2017-06-30": "98.10000", "2017-03-31": "98.10000", "2016-12-31": "98.10000", "2016-09-30": "98.10000", "2016-06-30": "98.10000", "2016-03-31": "98.10000", "2015-12-31": "98.10000", "2015-09-30": "98.10000", "2015-06-30": "98.10000", "2015-03-31": "98.10000", "2014-12-31": "98.10000", "2014-09-30": "98.10000", "2014-06-30": "98.10000", "2014-03-31": "98.10000", "2013-12-31": "98.10000", "2013-09-30": "98.10000", "2013-06-30": "98.10000", "2013-03-31": "98.10000", "2012-12-31": "98.10000", "2012-09-30": "98.10000", "2012-06-30": "98.10000", "2012-03-31": "98.10000", "2011-12-31": "98.10000", "2011-09-30": "98.10000", "2011-06-30": "98.10000", "2011-03-31": "98.10000", "2010-12-31": "98.10000", "2010-09-30": "94.20000", "2010-06-30": "94.20000", "2010-03-31": "91.90000", "2009-12-31": "91.90000", "2009-09-30": "91.90000", "2009-06-30": "91.90000", "2009-03-31": "85.30000", "2008-12-31": "85.30000", "2008-09-30": "85.30000", "2008-06-30": "85.30000", "2008-03-31": "85.30000", "2007-12-31": "84.90000", "2007-09-30": "437.10000", "2007-06-30": "84.30000", "2007-03-31": "83.80000", "2006-12-31": "460.60000", "2006-09-30": "82.80000", "2006-06-30": "82.42000", "2006-03-31": "82.16000", "2005-12-31": "0.00000", "2005-09-30": "203.01000", "2005-06-30": "202.91000", "2005-03-31": "383.03000"}, "Retained Earnings (Accumulated Deficit)": {"2020-12-31": "", "2020-09-30": "5944.50000", "2020-06-30": "5825.00000", "2020-03-31": "5856.60000", "2019-12-31": "5917.80000", "2019-09-30": "5880.00000", "2019-06-30": "5856.80000", "2019-03-31": "5942.10000", "2018-12-31": "5884.50000", "2018-09-30": "5892.60000", "2018-06-30": "5747.30000", "2018-03-31": "5626.60000", "2017-12-31": "5489.10000", "2017-09-30": "5199.80000", "2017-06-30": "5051.30000", "2017-03-31": "4930.60000", "2016-12-31": "4833.40000", "2016-09-30": "4721.00000", "2016-06-30": "4595.50000", "2016-03-31": "4487.60000", "2015-12-31": "4439.60000", "2015-09-30": "4351.40000", "2015-06-30": "4218.30000", "2015-03-31": "4077.50000", "2014-12-31": "3943.60000", "2014-09-30": "3820.90000", "2014-06-30": "3680.40000", "2014-03-31": "3525.70000", "2013-12-31": "3466.20000", "2013-09-30": "3281.30000", "2013-06-30": "3145.70000", "2013-03-31": "3054.00000", "2012-12-31": "2930.10000", "2012-09-30": "2879.20000", "2012-06-30": "2879.10000", "2012-03-31": "2777.70000", "2011-12-31": "2747.50000", "2011-09-30": "2499.60000", "2011-06-30": "2496.60000", "2011-03-31": "2419.40000", "2010-12-31": "2399.90000", "2010-09-30": "2327.70000", "2010-06-30": "2398.20000", "2010-03-31": "2070.60000", "2009-12-31": "1631.40000", "2009-09-30": "1565.20000", "2009-06-30": "1504.00000", "2009-03-31": "1468.10000", "2008-12-31": "1476.30000", "2008-09-30": "1482.90000", "2008-06-30": "1389.90000", "2008-03-31": "1267.40000", "2007-12-31": "1201.70000", "2007-09-30": "1541.90000", "2007-06-30": "4656.30000", "2007-03-31": "4378.10000", "2006-12-31": "700.70000", "2006-09-30": "4005.40000", "2006-06-30": "3742.09000", "2006-03-31": "3571.87000", "2005-12-31": "3427.92000", "2005-09-30": "1098.59000", "2005-06-30": "979.37000", "2005-03-31": "583.62000"}, "Comprehensive Income": {"2020-12-31": "", "2020-09-30": "-647.90000", "2020-06-30": "-816.00000", "2020-03-31": "-905.50000", "2019-12-31": "-587.30000", "2019-09-30": "-804.30000", "2019-06-30": "-671.40000", "2019-03-31": "-673.60000", "2018-12-31": "-735.00000", "2018-09-30": "-585.80000", "2018-06-30": "-563.70000", "2018-03-31": "-331.40000", "2017-12-31": "-391.20000", "2017-09-30": "-448.50000", "2017-06-30": "-594.20000", "2017-03-31": "-743.70000", "2016-12-31": "-809.30000", "2016-09-30": "-573.70000", "2016-06-30": "-513.90000", "2016-03-31": "-348.70000", "2015-12-31": "-446.00000", "2015-09-30": "-328.30000", "2015-06-30": "-94.80000", "2015-03-31": "-253.60000", "2014-12-31": "48.80000", "2014-09-30": "252.90000", "2014-06-30": "509.90000", "2014-03-31": "379.90000", "2013-12-31": "427.90000", "2013-09-30": "434.80000", "2013-06-30": "243.90000", "2013-03-31": "334.50000", "2012-12-31": "530.50000", "2012-09-30": "538.20000", "2012-06-30": "389.90000", "2012-03-31": "481.10000", "2011-12-31": "373.30000", "2011-09-30": "372.40000", "2011-06-30": "644.50000", "2011-03-31": "615.70000", "2010-12-31": "495.50000", "2010-09-30": "417.20000", "2010-06-30": "213.60000", "2010-03-31": "340.50000", "2009-12-31": "393.60000", "2009-09-30": "336.40000", "2009-06-30": "223.80000", "2009-03-31": "-172.40000", "2008-12-31": "-95.80000", "2008-09-30": "582.10000", "2008-06-30": "940.10000", "2008-03-31": "969.70000", "2007-12-31": "952.10000", "2007-09-30": "", "2007-06-30": "", "2007-03-31": "", "2006-12-31": "614.50000", "2006-09-30": "", "2006-06-30": "", "2006-03-31": "", "2005-12-31": "", "2005-09-30": "", "2005-06-30": "", "2005-03-31": ""}, "Other Share Holders Equity": {"2020-12-31": "", "2020-09-30": "", "2020-06-30": "", "2020-03-31": "", "2019-12-31": "", "2019-09-30": "", "2019-06-30": "", "2019-03-31": "", "2018-12-31": "", "2018-09-30": "", "2018-06-30": "", "2018-03-31": "", "2017-12-31": "", "2017-09-30": "", "2017-06-30": "", "2017-03-31": "", "2016-12-31": "", "2016-09-30": "", "2016-06-30": "", "2016-03-31": "", "2015-12-31": "", "2015-09-30": "", "2015-06-30": "", "2015-03-31": "", "2014-12-31": "", "2014-09-30": "", "2014-06-30": "", "2014-03-31": "", "2013-12-31": "", "2013-09-30": "", "2013-06-30": "", "2013-03-31": "", "2012-12-31": "", "2012-09-30": "", "2012-06-30": "", "2012-03-31": "", "2011-12-31": "", "2011-09-30": "", "2011-06-30": "", "2011-03-31": "", "2010-12-31": "", "2010-09-30": "", "2010-06-30": "", "2010-03-31": "", "2009-12-31": "", "2009-09-30": "", "2009-06-30": "", "2009-03-31": "", "2008-12-31": "", "2008-09-30": "", "2008-06-30": "", "2008-03-31": "", "2007-12-31": "", "2007-09-30": "3473.40000", "2007-06-30": "-329.80000", "2007-03-31": "-353.80000", "2006-12-31": "", "2006-09-30": "-165.40000", "2006-06-30": "-156.82000", "2006-03-31": "-139.56000", "2005-12-31": "21.59000", "2005-09-30": "65.53000", "2005-06-30": "65.53000", "2005-03-31": "1388.98000"}, "Share Holder Equity": {"2020-12-31": "", "2020-09-30": "14350.60000", "2020-06-30": "13967.70000", "2020-03-31": "13942.40000", "2019-12-31": "14318.30000", "2019-09-30": "13961.60000", "2019-06-30": "14299.70000", "2019-03-31": "9009.40000", "2018-12-31": "8936.20000", "2018-09-30": "9318.80000", "2018-06-30": "9136.20000", "2018-03-31": "9190.00000", "2017-12-31": "8955.60000", "2017-09-30": "8548.80000", "2017-06-30": "8174.00000", "2017-03-31": "7833.20000", "2016-12-31": "7611.80000", "2016-09-30": "7824.30000", "2016-06-30": "7730.10000", "2016-03-31": "7962.50000", "2015-12-31": "8695.70000", "2015-09-30": "8855.80000", "2015-06-30": "9085.10000", "2015-03-31": "8872.80000", "2014-12-31": "9119.80000", "2014-09-30": "9139.10000", "2014-06-30": "9322.90000", "2014-03-31": "8905.50000", "2013-12-31": "8977.30000", "2013-09-30": "9119.40000", "2013-06-30": "8754.00000", "2013-03-31": "8839.20000", "2012-12-31": "9049.00000", "2012-09-30": "9197.40000", "2012-06-30": "9118.80000", "2012-03-31": "9134.00000", "2011-12-31": "9137.60000", "2011-09-30": "8967.50000", "2011-06-30": "9197.80000", "2011-03-31": "9413.20000", "2010-12-31": "9360.90000", "2010-09-30": "8846.20000", "2010-06-30": "8820.10000", "2010-03-31": "8000.90000", "2009-12-31": "7620.80000", "2009-09-30": "7424.20000", "2009-06-30": "7202.80000", "2009-03-31": "6363.00000", "2008-12-31": "6596.20000", "2008-09-30": "6366.00000", "2008-06-30": "6683.00000", "2008-03-31": "6568.80000", "2007-12-31": "6590.60000", "2007-09-30": "5005.00000", "2007-06-30": "4676.70000", "2007-03-31": "4371.20000", "2006-12-31": "6164.00000", "2006-09-30": "4084.10000", "2006-06-30": "3803.41000", "2006-03-31": "3621.32000", "2005-12-31": "3616.30000", "2005-09-30": "2075.91000", "2005-06-30": "1955.61000", "2005-03-31": "3682.37000"}, "Total Liabilities And Share Holders Equity": {"2020-12-31": "", "2020-09-30": "36037.50000", "2020-06-30": "35579.10000", "2020-03-31": "37010.70000", "2019-12-31": "39420.30000", "2019-09-30": "37891.40000", "2019-06-30": "38501.40000", "2019-03-31": "32206.60000", "2018-12-31": "30978.40000", "2018-09-30": "32503.80000", "2018-06-30": "32459.10000", "2018-03-31": "31619.10000", "2017-12-31": "31668.80000", "2017-09-30": "30372.50000", "2017-06-30": "28248.50000", "2017-03-31": "26598.90000", "2016-12-31": "25734.30000", "2016-09-30": "24137.70000", "2016-06-30": "23502.80000", "2016-03-31": "22658.20000", "2015-12-31": "25073.20000", "2015-09-30": "24962.20000", "2015-06-30": "22898.30000", "2015-03-31": "21961.20000", "2014-12-31": "20450.00000", "2014-09-30": "20081.00000", "2014-06-30": "19899.50000", "2014-03-31": "20346.30000", "2013-12-31": "19270.50000", "2013-09-30": "18763.50000", "2013-06-30": "18138.60000", "2013-03-31": "18534.50000", "2012-12-31": "17492.40000", "2012-09-30": "17861.00000", "2012-06-30": "18612.90000", "2012-03-31": "19329.40000", "2011-12-31": "19347.00000", "2011-09-30": "19737.80000", "2011-06-30": "20915.60000", "2011-03-31": "21138.60000", "2010-12-31": "20444.10000", "2010-09-30": "19941.70000", "2010-06-30": "18903.90000", "2010-03-31": "16791.50000", "2009-12-31": "10909.60000", "2009-09-30": "10949.60000", "2009-06-30": "10577.60000", "2009-03-31": "9305.70000", "2008-12-31": "9756.90000", "2008-09-30": "11499.50000", "2008-06-30": "12249.70000", "2008-03-31": "12881.30000", "2007-12-31": "12925.20000", "2007-09-30": "10667.30000", "2007-06-30": "10048.70000", "2007-03-31": "9948.80000", "2006-12-31": "12228.50000", "2006-09-30": "8932.90000", "2006-06-30": "7916.78000", "2006-03-31": "8000.67000", "2005-12-31": "7577.62000", "2005-09-30": "4395.72000", "2005-06-30": "3994.56000", "2005-03-31": "7487.38000"}}, "cash flow statement": {"Net Income/Loss": {"2020-12-31": "0.00000", "2019-12-31": "737.80000", "2018-12-31": "883.10000", "2017-12-31": "1161.00000", "2016-12-31": "868.30000", "2015-12-31": "964.10000", "2014-12-31": "1001.10000", "2013-12-31": "982.80000", "2012-12-31": "587.30000", "2011-12-31": "622.00000", "2010-12-31": "636.80000", "2009-12-31": "209.30000", "2008-12-31": "421.00000", "2007-12-31": "886.50000", "2006-12-31": "482.70000", "2005-12-31": "219.80000"}, "Total Depreciation And Amortization - Cash Flow": {"2020-12-31": "", "2019-12-31": "177.60000", "2018-12-31": "142.10000", "2017-12-31": "116.80000", "2016-12-31": "101.20000", "2015-12-31": "93.60000", "2014-12-31": "89.40000", "2013-12-31": "88.40000", "2012-12-31": "95.00000", "2011-12-31": "117.40000", "2010-12-31": "96.70000", "2009-12-31": "77.60000", "2008-12-31": "67.60000", "2007-12-31": "84.10000", "2006-12-31": "67.50000", "2005-12-31": "94.50000"}, "Other Non-Cash Items": {"2020-12-31": "", "2019-12-31": "294.90000", "2018-12-31": "157.40000", "2017-12-31": "240.60000", "2016-12-31": "182.90000", "2015-12-31": "12.70000", "2014-12-31": "88.10000", "2013-12-31": "-9.20000", "2012-12-31": "188.90000", "2011-12-31": "228.00000", "2010-12-31": "-22.20010", "2009-12-31": "201.90000", "2008-12-31": "175.10000", "2007-12-31": "-141.00000", "2006-12-31": "98.20000", "2005-12-31": "18.10000"}, "Total Non-Cash Items": {"2020-12-31": "", "2019-12-31": "472.50000", "2018-12-31": "299.50000", "2017-12-31": "357.40000", "2016-12-31": "284.10000", "2015-12-31": "106.30000", "2014-12-31": "177.50000", "2013-12-31": "79.20000", "2012-12-31": "283.90000", "2011-12-31": "345.40000", "2010-12-31": "74.49990", "2009-12-31": "279.50000", "2008-12-31": "242.70000", "2007-12-31": "-56.90000", "2006-12-31": "165.70000", "2005-12-31": "112.60000"}, "Change In Accounts Receivable": {"2020-12-31": "", "2019-12-31": "934.30000", "2018-12-31": "944.40000", "2017-12-31": "-3419.40000", "2016-12-31": "-3392.20000", "2015-12-31": "-4489.90000", "2014-12-31": "-265.80000", "2013-12-31": "-593.10000", "2012-12-31": "113.80000", "2011-12-31": "213.40000", "2010-12-31": "-223.30000", "2009-12-31": "-468.40000", "2008-12-31": "1118.80000", "2007-12-31": "-79.60000", "2006-12-31": "-160.70000", "2005-12-31": "53.40000"}, "Change In Inventories": {"2020-12-31": "", "2019-12-31": "-213.40000", "2018-12-31": "-340.70000", "2017-12-31": "-342.50000", "2016-12-31": "-487.20000", "2015-12-31": "", "2014-12-31": "", "2013-12-31": "", "2012-12-31": "", "2011-12-31": "264.20000", "2010-12-31": "-336.20000", "2009-12-31": "45.00000", "2008-12-31": "-37.10000", "2007-12-31": "-4.80000", "2006-12-31": "1.30000", "2005-12-31": "-43.20000"}, "Change In Accounts Payable": {"2020-12-31": "", "2019-12-31": "-748.90000", "2018-12-31": "-997.50000", "2017-12-31": "3440.70000", "2016-12-31": "3403.90000", "2015-12-31": "4517.00000", "2014-12-31": "165.90000", "2013-12-31": "654.70000", "2012-12-31": "-121.20000", "2011-12-31": "-431.20000", "2010-12-31": "243.00000", "2009-12-31": "305.10000", "2008-12-31": "-1259.80000", "2007-12-31": "180.20000", "2006-12-31": "-6.30000", "2005-12-31": "-35.70000"}, "Change In Assets/Liabilities": {"2020-12-31": "", "2019-12-31": "", "2018-12-31": "", "2017-12-31": "", "2016-12-31": "", "2015-12-31": "29.40000", "2014-12-31": "149.80000", "2013-12-31": "-309.00000", "2012-12-31": "-36.20000", "2011-12-31": "", "2010-12-31": "", "2009-12-31": "", "2008-12-31": "", "2007-12-31": "", "2006-12-31": "", "2005-12-31": ""}, "Total Change In Assets/Liabilities": {"2020-12-31": "", "2019-12-31": "-28.00000", "2018-12-31": "-393.80000", "2017-12-31": "-321.20000", "2016-12-31": "-475.50000", "2015-12-31": "56.50010", "2014-12-31": "49.90000", "2013-12-31": "-247.40000", "2012-12-31": "-43.60000", "2011-12-31": "46.40000", "2010-12-31": "-316.50000", "2009-12-31": "-118.30000", "2008-12-31": "-178.10000", "2007-12-31": "95.80000", "2006-12-31": "-165.70000", "2005-12-31": "-25.50000"}, "Cash Flow From Operating Activities": {"2020-12-31": "", "2019-12-31": "1116.60000", "2018-12-31": "828.80000", "2017-12-31": "1157.80000", "2016-12-31": "654.00000", "2015-12-31": "1128.40000", "2014-12-31": "1200.40000", "2013-12-31": "780.20000", "2012-12-31": "819.30000", "2011-12-31": "964.80000", "2010-12-31": "379.20000", "2009-12-31": "362.70000", "2008-12-31": "525.50000", "2007-12-31": "915.50000", "2006-12-31": "455.90000", "2005-12-31": "306.90000"}, "Net Change In Property, Plant, And Equipment": {"2020-12-31": "", "2019-12-31": "-124.30000", "2018-12-31": "-102.50000", "2017-12-31": "-111.70000", "2016-12-31": "-147.70000", "2015-12-31": "-124.50000", "2014-12-31": "-133.20000", "2013-12-31": "-88.20000", "2012-12-31": "-98.70000", "2011-12-31": "-94.40000", "2010-12-31": "-89.60000", "2009-12-31": "-32.70000", "2008-12-31": "-83.90000", "2007-12-31": "-24.60000", "2006-12-31": "-35.40000", "2005-12-31": "-36.60000"}, "Net Change In Intangible Assets": {"2020-12-31": "", "2019-12-31": "", "2018-12-31": "", "2017-12-31": "", "2016-12-31": "", "2015-12-31": "", "2014-12-31": "", "2013-12-31": "", "2012-12-31": "", "2011-12-31": "", "2010-12-31": "", "2009-12-31": "", "2008-12-31": "", "2007-12-31": "", "2006-12-31": "", "2005-12-31": ""}, "Net Acquisitions/Divestitures": {"2020-12-31": "", "2019-12-31": "290.50000", "2018-12-31": "-1469.30000", "2017-12-31": "-299.20000", "2016-12-31": "-121.90000", "2015-12-31": "", "2014-12-31": "60.80000", "2013-12-31": "135.10000", "2012-12-31": "-37.20000", "2011-12-31": "-31.70000", "2010-12-31": "-775.90000", "2009-12-31": "-34.20000", "2008-12-31": "-174.30000", "2007-12-31": "-54.40000", "2006-12-31": "-198.00000", "2005-12-31": "53.60000"}, "Net Change In Short-term Investments": {"2020-12-31": "", "2019-12-31": "", "2018-12-31": "", "2017-12-31": "", "2016-12-31": "", "2015-12-31": "6.20000", "2014-12-31": "-11.00000", "2013-12-31": "-105.40000", "2012-12-31": "-35.30000", "2011-12-31": "28.80000", "2010-12-31": "30.80000", "2009-12-31": "3.20000", "2008-12-31": "-30.10000", "2007-12-31": "31.50000", "2006-12-31": "-35.10000", "2005-12-31": "110.50000"}, "Net Change In Long-Term Investments": {"2020-12-31": "", "2019-12-31": "-1617.60000", "2018-12-31": "-1263.10000", "2017-12-31": "-563.50000", "2016-12-31": "-736.29980", "2015-12-31": "-546.50000", "2014-12-31": "-1743.80000", "2013-12-31": "-181.39990", "2012-12-31": "72.39990", "2011-12-31": "445.40010", "2010-12-31": "496.89990", "2009-12-31": "-38.70000", "2008-12-31": "189.90000", "2007-12-31": "-0.70000", "2006-12-31": "8.90000", "2005-12-31": "-15.50000"}, "Net Change In Investments - Total": {"2020-12-31": "", "2019-12-31": "-1617.60000", "2018-12-31": "-1263.10000", "2017-12-31": "-563.50000", "2016-12-31": "-736.29980", "2015-12-31": "-540.30000", "2014-12-31": "-1754.80000", "2013-12-31": "-286.79990", "2012-12-31": "37.09990", "2011-12-31": "474.20010", "2010-12-31": "527.69990", "2009-12-31": "-35.50000", "2008-12-31": "159.80000", "2007-12-31": "30.80000", "2006-12-31": "-26.20000", "2005-12-31": "95.00000"}, "Investing Activities - Other": {"2020-12-31": "", "2019-12-31": "26.00000", "2018-12-31": "-63.80000", "2017-12-31": "", "2016-12-31": "", "2015-12-31": "", "2014-12-31": "", "2013-12-31": "", "2012-12-31": "16.40000", "2011-12-31": "", "2010-12-31": "", "2009-12-31": "", "2008-12-31": "", "2007-12-31": "", "2006-12-31": "0.90000", "2005-12-31": ""}, "Cash Flow From Investing Activities": {"2020-12-31": "", "2019-12-31": "-1425.40000", "2018-12-31": "-2898.70000", "2017-12-31": "-974.40000", "2016-12-31": "-1005.90000", "2015-12-31": "-664.80000", "2014-12-31": "-1827.20000", "2013-12-31": "-239.90000", "2012-12-31": "-82.40000", "2011-12-31": "348.10000", "2010-12-31": "-337.80000", "2009-12-31": "-102.40000", "2008-12-31": "-98.40000", "2007-12-31": "-48.20000", "2006-12-31": "-258.70000", "2005-12-31": "112.00000"}, "Net Long-Term Debt": {"2020-12-31": "", "2019-12-31": "1529.20000", "2018-12-31": "1418.40000", "2017-12-31": "402.29980", "2016-12-31": "1156.40000", "2015-12-31": "1014.20000", "2014-12-31": "1274.50000", "2013-12-31": "1472.10000", "2012-12-31": "81.89990", "2011-12-31": "-648.50000", "2010-12-31": "-280.20000", "2009-12-31": "-442.10000", "2008-12-31": "-128.10000", "2007-12-31": "-27.70000", "2006-12-31": "-1.70000", "2005-12-31": "-43.60000"}, "Net Current Debt": {"2020-12-31": "", "2019-12-31": "-330.80000", "2018-12-31": "330.80000", "2017-12-31": "-28.70000", "2016-12-31": "28.70000", "2015-12-31": "", "2014-12-31": "", "2013-12-31": "-586.50000", "2012-12-31": "47.50000", "2011-12-31": "-31.00000", "2010-12-31": "570.00000", "2009-12-31": "-12.00000", "2008-12-31": "-114.40000", "2007-12-31": "-2.60000", "2006-12-31": "59.00000", "2005-12-31": "-81.00000"}, "Debt Issuance/Retirement Net - Total": {"2020-12-31": "", "2019-12-31": "1198.40000", "2018-12-31": "1749.20000", "2017-12-31": "373.59980", "2016-12-31": "1185.10000", "2015-12-31": "1014.20000", "2014-12-31": "1274.50000", "2013-12-31": "885.59990", "2012-12-31": "129.39990", "2011-12-31": "-679.50000", "2010-12-31": "289.80000", "2009-12-31": "-454.10000", "2008-12-31": "-242.50000", "2007-12-31": "-30.30000", "2006-12-31": "57.30000", "2005-12-31": "-124.60000"}, "Net Common Equity Issued/Repurchased": {"2020-12-31": "", "2019-12-31": "-469.80000", "2018-12-31": "-51.80000", "2017-12-31": "-63.80000", "2016-12-31": "-535.00000", "2015-12-31": "-620.00000", "2014-12-31": "-258.60000", "2013-12-31": "-452.60000", "2012-12-31": "-242.00000", "2011-12-31": "-424.10000", "2010-12-31": "-172.60000", "2009-12-31": "521.80000", "2008-12-31": "-233.60000", "2007-12-31": "-578.60000", "2006-12-31": "-89.10000", "2005-12-31": "7.70000"}, "Net Total Equity Issued/Repurchased": {"2020-12-31": "", "2019-12-31": "-469.80000", "2018-12-31": "-51.80000", "2017-12-31": "-63.80000", "2016-12-31": "-535.00000", "2015-12-31": "-620.00000", "2014-12-31": "-258.60000", "2013-12-31": "-452.60000", "2012-12-31": "-242.00000", "2011-12-31": "-424.10000", "2010-12-31": "-172.60000", "2009-12-31": "521.80000", "2008-12-31": "-233.60000", "2007-12-31": "-578.60000", "2006-12-31": "-89.10000", "2005-12-31": "7.70000"}, "Total Common And Preferred Stock Dividends Paid": {"2020-12-31": "", "2019-12-31": "-652.70000", "2018-12-31": "-490.60000", "2017-12-31": "-471.60000", "2016-12-31": "-460.40000", "2015-12-31": "-454.50000", "2014-12-31": "-424.00000", "2013-12-31": "-379.70000", "2012-12-31": "-289.00000", "2011-12-31": "-220.90000", "2010-12-31": "-197.90000", "2009-12-31": "-168.90000", "2008-12-31": "-207.10000", "2007-12-31": "-155.00000", "2006-12-31": "-143.60000", "2005-12-31": "-134.10000"}, "Financial Activities - Other": {"2020-12-31": "", "2019-12-31": "125.40000", "2018-12-31": "333.20000", "2017-12-31": "330.80000", "2016-12-31": "280.40000", "2015-12-31": "8.70000", "2014-12-31": "270.60000", "2013-12-31": "-112.60000", "2012-12-31": "-244.30000", "2011-12-31": "2.40000", "2010-12-31": "14.80000", "2009-12-31": "0.50000", "2008-12-31": "16.80000", "2007-12-31": "23.10000", "2006-12-31": "12.30000", "2005-12-31": ""}, "Cash Flow From Financial Activities": {"2020-12-31": "", "2019-12-31": "201.30000", "2018-12-31": "1540.00000", "2017-12-31": "169.00000", "2016-12-31": "470.10000", "2015-12-31": "-51.60000", "2014-12-31": "862.50000", "2013-12-31": "-59.30000", "2012-12-31": "-645.90000", "2011-12-31": "-1322.10000", "2010-12-31": "-65.90000", "2009-12-31": "-100.70000", "2008-12-31": "-666.40000", "2007-12-31": "-740.80000", "2006-12-31": "-163.10000", "2005-12-31": "-251.00000"}, "Net Cash Flow": {"2020-12-31": "", "2019-12-31": "-104.20000", "2018-12-31": "-712.30000", "2017-12-31": "447.50000", "2016-12-31": "-144.50000", "2015-12-31": "337.20000", "2014-12-31": "183.00000", "2013-12-31": "495.70000", "2012-12-31": "108.10000", "2011-12-31": "-13.10000", "2010-12-31": "-21.50000", "2009-12-31": "176.80000", "2008-12-31": "-330.60000", "2007-12-31": "136.90000", "2006-12-31": "69.40000", "2005-12-31": "162.60000"}, "Stock-Based Compensation": {"2020-12-31": "", "2019-12-31": "207.50000", "2018-12-31": "172.40000", "2017-12-31": "175.30000", "2016-12-31": "159.70000", "2015-12-31": "150.30000", "2014-12-31": "138.00000", "2013-12-31": "133.10000", "2012-12-31": "136.40000", "2011-12-31": "115.10000", "2010-12-31": "117.80000", "2009-12-31": "90.80000", "2008-12-31": "97.70000", "2007-12-31": "105.20000", "2006-12-31": "140.60000", "2005-12-31": "40.60000"}, "Common Stock Dividends Paid": {"2020-12-31": "", "2019-12-31": "-529.10000", "2018-12-31": "-490.60000", "2017-12-31": "-471.60000", "2016-12-31": "-460.40000", "2015-12-31": "-454.50000", "2014-12-31": "-424.00000", "2013-12-31": "-379.70000", "2012-12-31": "-289.00000", "2011-12-31": "-220.90000", "2010-12-31": "-197.90000", "2009-12-31": "-168.90000", "2008-12-31": "-207.10000", "2007-12-31": "-155.00000", "2006-12-31": "-143.60000", "2005-12-31": "-134.10000"}}, "cash flow statement, quarterly": {"Net Income/Loss": {"2020-12-31": -476.7, "2020-09-30": 294.7, "2020-06-30": 62, "2020-03-31": "120.00000", "2019-12-31": 242.6, "2019-09-30": 242.6, "2019-06-30": 62, "2019-03-31": "190.60000", "2018-12-31": 94.8, "2018-09-30": 281.2, "2018-06-30": 241.9, "2018-03-31": "265.20000", "2017-12-31": 422.6, "2017-09-30": 274.6, "2017-06-30": 249.6, "2017-03-31": "214.20000", "2016-12-31": 218.1, "2016-09-30": 255.9, "2016-06-30": 236.5, "2016-03-31": "157.80000", "2015-12-31": 194.8, "2015-09-30": 241.3, "2015-06-30": 244, "2015-03-31": "284.00000", "2014-12-31": 225.9, "2014-09-30": 251.6, "2014-06-30": 316.8, "2014-03-31": "206.80000", "2013-12-31": 330.8, "2013-09-30": 248.7, "2013-06-30": 203.7, "2013-03-31": "199.60000", "2012-12-31": 128, "2012-09-30": 156.9, "2012-06-30": 227.6, "2012-03-31": "74.80000", "2011-12-31": 309.9, "2011-09-30": 83.4, "2011-06-30": 129.4, "2011-03-31": "99.30000", "2010-12-31": 156.7, "2010-09-30": 27.4, "2010-06-30": 238.2, "2010-03-31": "214.50000", "2009-12-31": 134.2, "2009-09-30": 104.7, "2009-06-30": 28.2, "2009-03-31": "-57.80000", "2008-12-31": -29.3, "2008-09-30": 136.1, "2008-06-30": 202.8, "2008-03-31": "111.40000", "2007-12-31": 388.8, "2007-09-30": 167, "2007-06-30": 175.5, "2007-03-31": "155.20000", "2006-12-31": 163.5, "2006-09-30": -51.73, "2006-06-30": 191.7, "2006-03-31": "186.63000", "2005-12-31": 219.43, "2005-09-30": 63.97, "2005-06-30": 141.15, "2005-03-31": "0.00000"}, "Total Depreciation And Amortization - Cash Flow": {"2020-12-31": -150.3, "2020-09-30": 51.6, "2020-06-30": 50.3, "2020-03-31": "48.40000", "2019-12-31": 52.5, "2019-09-30": 48.5, "2019-06-30": 40.3, "2019-03-31": "36.30000", "2018-12-31": 36.5, "2018-09-30": 39.6, "2018-06-30": 32.4, "2018-03-31": "33.60000", "2017-12-31": 34.6, "2017-09-30": 29.7, "2017-06-30": 26.2, "2017-03-31": "26.30000", "2016-12-31": 25.7, "2016-09-30": 25.6, "2016-06-30": 25.2, "2016-03-31": "24.70000", "2015-12-31": 25, "2015-09-30": 22.6, "2015-06-30": 23.3, "2015-03-31": "22.70000", "2014-12-31": 22, "2014-09-30": 21.6, "2014-06-30": 22.4, "2014-03-31": "23.40000", "2013-12-31": 22.4, "2013-09-30": 21.8, "2013-06-30": 21.9, "2013-03-31": "22.30000", "2012-12-31": 22.5, "2012-09-30": 21.6, "2012-06-30": 26.6, "2012-03-31": "24.30000", "2011-12-31": 22.1, "2011-09-30": 35.3, "2011-06-30": 32.1, "2011-03-31": "27.90000", "2010-12-31": 31.3, "2010-09-30": 26.3, "2010-06-30": 20.8, "2010-03-31": "18.30000", "2009-12-31": 24.9, "2009-09-30": 20, "2009-06-30": 16.7, "2009-03-31": "16.00000", "2008-12-31": 17.2, "2008-09-30": 16.7, "2008-06-30": 17.1, "2008-03-31": "16.60000", "2007-12-31": 35.8, "2007-09-30": 16.1, "2007-06-30": 15.9, "2007-03-31": "16.30000", "2006-12-31": 58.5, "2006-09-30": 124.42, "2006-06-30": 16.5, "2006-03-31": "16.68000", "2005-12-31": 61.7, "2005-09-30": 10.2, "2005-06-30": 22.56, "2005-03-31": "0.00000"}, "Other Non-Cash Items": {"2020-12-31": -348.1, "2020-09-30": -48.9, "2020-06-30": 217.5, "2020-03-31": "179.50000", "2019-12-31": 115.2, "2019-09-30": 52.7, "2019-06-30": 72.8, "2019-03-31": "54.20000", "2018-12-31": 85.9, "2018-09-30": 29.6, "2018-06-30": 45, "2018-03-31": "-3.10000", "2017-12-31": 38.5, "2017-09-30": -8.4, "2017-06-30": 28.2, "2017-03-31": "182.30000", "2016-12-31": 77.6, "2016-09-30": 32.8, "2016-06-30": -18.8, "2016-03-31": "91.30000", "2015-12-31": 9.6, "2015-09-30": 16.8, "2015-06-30": 27, "2015-03-31": "-40.70000", "2014-12-31": 86.5, "2014-09-30": 16.9, "2014-06-30": -10.8, "2014-03-31": "-4.50000", "2013-12-31": -89.8, "2013-09-30": 0.5, "2013-06-30": 45.9, "2013-03-31": "34.20000", "2012-12-31": -1.7, "2012-09-30": 61.7998, "2012-06-30": -9.6998, "2012-03-31": "138.50000", "2011-12-31": -137.1001, "2011-09-30": 155.8002, "2011-06-30": 98.4, "2011-03-31": "110.89990", "2010-12-31": 95.5999, "2010-09-30": 160.9, "2010-06-30": -243.4, "2010-03-31": "-35.30000", "2009-12-31": -17.4, "2009-09-30": 22.2, "2009-06-30": 58.7, "2009-03-31": "138.40000", "2008-12-31": 91.8, "2008-09-30": 29.3, "2008-06-30": -17.1, "2008-03-31": "71.10000", "2007-12-31": -207.4, "2007-09-30": 26.9, "2007-06-30": 21.2, "2007-03-31": "18.30000", "2006-12-31": 98.3, "2006-09-30": -0.1, "2006-06-30": 0, "2006-03-31": "", "2005-12-31": 18.1, "2005-09-30": 0, "2005-06-30": 0, "2005-03-31": ""}, "Total Non-Cash Items": {"2020-12-31": -498.4, "2020-09-30": 2.7, "2020-06-30": 267.8, "2020-03-31": "227.90000", "2019-12-31": 167.7, "2019-09-30": 101.2, "2019-06-30": 113.1, "2019-03-31": "90.50000", "2018-12-31": 122.4, "2018-09-30": 69.2, "2018-06-30": 77.4, "2018-03-31": "30.50000", "2017-12-31": 73.1, "2017-09-30": 21.3, "2017-06-30": 54.4, "2017-03-31": "208.60000", "2016-12-31": 103.3, "2016-09-30": 58.4, "2016-06-30": 6.4, "2016-03-31": "116.00000", "2015-12-31": 34.6, "2015-09-30": 39.4, "2015-06-30": 50.3, "2015-03-31": "-18.00000", "2014-12-31": 108.5, "2014-09-30": 38.5, "2014-06-30": 11.6, "2014-03-31": "18.90000", "2013-12-31": -67.4, "2013-09-30": 22.3, "2013-06-30": 67.8, "2013-03-31": "56.50000", "2012-12-31": 20.8, "2012-09-30": 83.3998, "2012-06-30": 16.9002, "2012-03-31": "162.80000", "2011-12-31": -115.0001, "2011-09-30": 191.1002, "2011-06-30": 130.5, "2011-03-31": "138.79990", "2010-12-31": 126.8999, "2010-09-30": 187.2, "2010-06-30": -222.6, "2010-03-31": "-17.00000", "2009-12-31": 7.5, "2009-09-30": 42.2, "2009-06-30": 75.4, "2009-03-31": "154.40000", "2008-12-31": 109, "2008-09-30": 46, "2008-06-30": 0, "2008-03-31": "87.70000", "2007-12-31": -171.6, "2007-09-30": 43, "2007-06-30": 37.1, "2007-03-31": "34.60000", "2006-12-31": 58.6, "2006-09-30": 124.32, "2006-06-30": 16.5, "2006-03-31": "16.68000", "2005-12-31": 61.7, "2005-09-30": 10.2, "2005-06-30": 22.56, "2005-03-31": ""}, "Change In Accounts Receivable": {"2020-12-31": -2800.7, "2020-09-30": 409.2, "2020-06-30": 1168.2, "2020-03-31": "1223.30000", "2019-12-31": 413.7, "2019-09-30": 663.7, "2019-06-30": 577.2, "2019-03-31": "-720.30000", "2018-12-31": 1225.1, "2018-09-30": -135.8, "2018-06-30": -171.3, "2018-03-31": "26.40000", "2017-12-31": -285.1, "2017-09-30": -809.8, "2017-06-30": -1166.8, "2017-03-31": "-1157.70000", "2016-12-31": -1134.7, "2016-09-30": -433.6, "2016-06-30": -830.4, "2016-03-31": "-993.50000", "2015-12-31": -321.5, "2015-09-30": -2118.5, "2015-06-30": -417, "2015-03-31": "-1632.90000", "2014-12-31": -32, "2014-09-30": 168.9, "2014-06-30": 118.2, "2014-03-31": "-520.90000", "2013-12-31": 117.3, "2013-09-30": 1.5, "2013-06-30": -105.3, "2013-03-31": "-606.60000", "2012-12-31": -38.1, "2012-09-30": -111.2, "2012-06-30": 356.1, "2012-03-31": "-93.00000", "2011-12-31": 172.1, "2011-09-30": 301.7, "2011-06-30": 118.3, "2011-03-31": "-378.70000", "2010-12-31": 572.7, "2010-09-30": -507.7, "2010-06-30": 160.8, "2010-03-31": "-449.10000", "2009-12-31": 13.4, "2009-09-30": -119.3, "2009-06-30": -300.8, "2009-03-31": "-61.70000", "2008-12-31": 628.8, "2008-09-30": 287, "2008-06-30": 222.2, "2008-03-31": "-19.20000", "2007-12-31": 635.5, "2007-09-30": -152, "2007-06-30": 74.4, "2007-03-31": "-637.50000", "2006-12-31": 163.9, "2006-09-30": -324.6, "2006-06-30": 0, "2006-03-31": "", "2005-12-31": 53.4, "2005-09-30": 0, "2005-06-30": 0, "2005-03-31": ""}, "Change In Inventories": {"2020-12-31": 36.3, "2020-09-30": -11.9, "2020-06-30": -11.8, "2020-03-31": "-12.60000", "2019-12-31": -35.4, "2019-09-30": -93.5, "2019-06-30": -28.1, "2019-03-31": "-56.40000", "2018-12-31": -112.4, "2018-09-30": -237.8, "2018-06-30": 6.3, "2018-03-31": "3.20000", "2017-12-31": -64.8, "2017-09-30": -31.9, "2017-06-30": -157.3, "2017-03-31": "-88.50000", "2016-12-31": -355.3, "2016-09-30": -13.4, "2016-06-30": -35.2, "2016-03-31": "-83.30000", "2015-12-31": 0, "2015-09-30": 0, "2015-06-30": 0, "2015-03-31": "", "2014-12-31": 0, "2014-09-30": 0, "2014-06-30": 0, "2014-03-31": "", "2013-12-31": 0, "2013-09-30": 0, "2013-06-30": 470.2, "2013-03-31": "-470.20000", "2012-12-31": 296, "2012-09-30": -250.1, "2012-06-30": 84, "2012-03-31": "-129.90000", "2011-12-31": -32.1, "2011-09-30": 264.8, "2011-06-30": 44.9, "2011-03-31": "-13.40000", "2010-12-31": -241, "2010-09-30": -2.7, "2010-06-30": 23.6, "2010-03-31": "-116.10000", "2009-12-31": 10.3, "2009-09-30": 9.1, "2009-06-30": 11.6, "2009-03-31": "14.00000", "2008-12-31": 18, "2008-09-30": -41.8, "2008-06-30": -0.8, "2008-03-31": "-12.50000", "2007-12-31": 9.2, "2007-09-30": 1, "2007-06-30": 8.6, "2007-03-31": "-23.60000", "2006-12-31": 1.3, "2006-09-30": 0, "2006-06-30": 0, "2006-03-31": "", "2005-12-31": -43.2, "2005-09-30": 0, "2005-06-30": 0, "2005-03-31": ""}, "Change In Accounts Payable": {"2020-12-31": 3091.8, "2020-09-30": -261.4, "2020-06-30": -1088.3, "2020-03-31": "-1742.10000", "2019-12-31": -344.6, "2019-09-30": -578.3, "2019-06-30": -232.3, "2019-03-31": "406.30000", "2018-12-31": -1205.1, "2018-09-30": 294.4, "2018-06-30": 290.7, "2018-03-31": "-377.50000", "2017-12-31": 250.8, "2017-09-30": 954.5, "2017-06-30": 1279.3, "2017-03-31": "956.10000", "2016-12-31": 1190.2, "2016-09-30": 574.4, "2016-06-30": 959.5, "2016-03-31": "679.80000", "2015-12-31": 451.8, "2015-09-30": 2206.6, "2015-06-30": 545.9, "2015-03-31": "1312.70000", "2014-12-31": 45.8, "2014-09-30": -42.5, "2014-06-30": -109.5, "2014-03-31": "272.10000", "2013-12-31": -32.9, "2013-09-30": 153.6, "2013-06-30": 180.2, "2013-03-31": "353.80000", "2012-12-31": 110.1, "2012-09-30": 209.9, "2012-06-30": -286.8, "2012-03-31": "-154.40000", "2011-12-31": 42.7, "2011-09-30": -364.7, "2011-06-30": -166, "2011-03-31": "56.80000", "2010-12-31": -599.2, "2010-09-30": 749.3, "2010-06-30": -95.7, "2010-03-31": "188.60000", "2009-12-31": 35.9, "2009-09-30": 129.5, "2009-06-30": 372.8, "2009-03-31": "-233.10000", "2008-12-31": -560.9, "2008-09-30": -167.9, "2008-06-30": -222.7, "2008-03-31": "-308.30000", "2007-12-31": -558.9, "2007-09-30": 275.6, "2007-06-30": -18.5, "2007-03-31": "482.00000", "2006-12-31": -123.3, "2006-09-30": 117, "2006-06-30": 0, "2006-03-31": "", "2005-12-31": -35.7, "2005-09-30": 0, "2005-06-30": 0, "2005-03-31": ""}, "Change In Assets/Liabilities": {"2020-12-31": 0, "2020-09-30": 0, "2020-06-30": 0, "2020-03-31": "", "2019-12-31": 0, "2019-09-30": 0, "2019-06-30": 0, "2019-03-31": "", "2018-12-31": 0, "2018-09-30": 0, "2018-06-30": 0, "2018-03-31": "", "2017-12-31": 0, "2017-09-30": 0, "2017-06-30": 0, "2017-03-31": "", "2016-12-31": 66.2, "2016-09-30": -57.3, "2016-06-30": -95.2, "2016-03-31": "86.30000", "2015-12-31": 216.8, "2015-09-30": -270.8, "2015-06-30": 82.8, "2015-03-31": "0.60000", "2014-12-31": -158.6, "2014-09-30": 49.3, "2014-06-30": 455.2, "2014-03-31": "-196.10000", "2013-12-31": -143.9, "2013-09-30": -89.1, "2013-06-30": -76, "2013-03-31": "", "2012-12-31": -36.2, "2012-09-30": 0, "2012-06-30": 0, "2012-03-31": "", "2011-12-31": 0, "2011-09-30": 0, "2011-06-30": 0, "2011-03-31": "", "2010-12-31": 0, "2010-09-30": 0, "2010-06-30": 0, "2010-03-31": "", "2009-12-31": 0, "2009-09-30": 0, "2009-06-30": 0, "2009-03-31": "", "2008-12-31": 0, "2008-09-30": 0, "2008-06-30": 0, "2008-03-31": "", "2007-12-31": 0, "2007-09-30": 0, "2007-06-30": 0, "2007-03-31": "", "2006-12-31": 44.9, "2006-09-30": -44.9, "2006-06-30": 0, "2006-03-31": "", "2005-12-31": 0, "2005-09-30": 0, "2005-06-30": 0, "2005-03-31": ""}, "Total Change In Assets/Liabilities": {"2020-12-31": 327.4001, "2020-09-30": 135.8997, "2020-06-30": 68.1001, "2020-03-31": "-531.39990", "2019-12-31": 33.7, "2019-09-30": -8.1, "2019-06-30": 316.8, "2019-03-31": "-370.40000", "2018-12-31": -92.4, "2018-09-30": -79.2, "2018-06-30": 125.7, "2018-03-31": "-347.90000", "2017-12-31": -99.0999, "2017-09-30": 112.8, "2017-06-30": -44.8001, "2017-03-31": "-290.10000", "2016-12-31": -233.6001, "2016-09-30": 70.1001, "2016-06-30": -1.2999, "2016-03-31": "-310.70010", "2015-12-31": 347.1, "2015-09-30": -182.7, "2015-06-30": 211.7002, "2015-03-31": "-319.60010", "2014-12-31": -144.8, "2014-09-30": 175.7, "2014-06-30": 463.9, "2014-03-31": "-444.90000", "2013-12-31": -59.4999, "2013-09-30": 65.9999, "2013-06-30": 469.1001, "2013-03-31": "-723.00010", "2012-12-31": 331.8, "2012-09-30": -151.4, "2012-06-30": 153.3, "2012-03-31": "-377.30000", "2011-12-31": 182.7, "2011-09-30": 201.8, "2011-06-30": -2.8, "2011-03-31": "-335.30000", "2010-12-31": -267.5, "2010-09-30": 238.9, "2010-06-30": 88.7, "2010-03-31": "-376.60000", "2009-12-31": 59.6, "2009-09-30": 19.3, "2009-06-30": 83.6, "2009-03-31": "-280.80000", "2008-12-31": 85.9, "2008-09-30": 77.3, "2008-06-30": -1.3, "2008-03-31": "-340.00000", "2007-12-31": 85.8, "2007-09-30": 124.6, "2007-06-30": 64.5, "2007-03-31": "-179.10000", "2006-12-31": 57.4, "2006-09-30": 73.31, "2006-06-30": -118.74, "2006-03-31": "-207.07000", "2005-12-31": 52.04, "2005-09-30": 107.31, "2005-06-30": -7.52, "2005-03-31": "0.00000"}, "Cash Flow From Operating Activities": {"2020-12-31": -662.7, "2020-09-30": 401.8, "2020-06-30": 337.9, "2020-03-31": "-77.00000", "2019-12-31": 447.3, "2019-09-30": 321.9, "2019-06-30": 467.8, "2019-03-31": "-120.40000", "2018-12-31": 166.7, "2018-09-30": 265.3, "2018-06-30": 449, "2018-03-31": "-52.20000", "2017-12-31": 384.8, "2017-09-30": 389.8, "2017-06-30": 256.7, "2017-03-31": "126.50000", "2016-12-31": 72.2, "2016-09-30": 368.2, "2016-06-30": 245.8, "2016-03-31": "-32.20000", "2015-12-31": 572.8, "2015-09-30": 97.1, "2015-06-30": 514.8, "2015-03-31": "-56.30000", "2014-12-31": 183, "2014-09-30": 467.1, "2014-06-30": 769.5, "2014-03-31": "-219.20000", "2013-12-31": 190.3, "2013-09-30": 334.3, "2013-06-30": 740.2, "2013-03-31": "-484.60000", "2012-12-31": 501.6, "2012-09-30": 70.5, "2012-06-30": 405.5, "2012-03-31": "-158.30000", "2011-12-31": 322.8, "2011-09-30": 496, "2011-06-30": 251.1, "2011-03-31": "-105.10000", "2010-12-31": 3.7, "2010-09-30": 438.9, "2010-06-30": 113.6, "2010-03-31": "-177.00000", "2009-12-31": 201.3, "2009-09-30": 164.2, "2009-06-30": 177.2, "2009-03-31": "-180.00000", "2008-12-31": 187.5, "2008-09-30": 269.8, "2008-06-30": 202.6, "2008-03-31": "-134.40000", "2007-12-31": 296.7, "2007-09-30": 338.3, "2007-06-30": 277.3, "2007-03-31": "3.20000", "2006-12-31": 275.1, "2006-09-30": 298.49, "2006-06-30": 4.16, "2006-03-31": "-71.05000", "2005-12-31": 212.83, "2005-09-30": 147.71, "2005-06-30": 84.13, "2005-03-31": "24.43000"}, "Net Change In Property, Plant, And Equipment": {"2020-12-31": 73.6, "2020-09-30": -26.4, "2020-06-30": -28, "2020-03-31": "-19.20000", "2019-12-31": -48.7, "2019-09-30": -26.6, "2019-06-30": -27.9, "2019-03-31": "-21.10000", "2018-12-31": -34.2, "2018-09-30": -22.1, "2018-06-30": -25.6, "2018-03-31": "-20.60000", "2017-12-31": -29, "2017-09-30": -22.8, "2017-06-30": -32.8, "2017-03-31": "-27.10000", "2016-12-31": -46.4, "2016-09-30": -36, "2016-06-30": -39.3, "2016-03-31": "-26.00000", "2015-12-31": -36.4, "2015-09-30": -37.7, "2015-06-30": -27.4, "2015-03-31": "-23.00000", "2014-12-31": -46.5, "2014-09-30": -36.9, "2014-06-30": -28.4, "2014-03-31": "-21.40000", "2013-12-31": -21.2, "2013-09-30": -26.7, "2013-06-30": -22.2, "2013-03-31": "-18.10000", "2012-12-31": -30.9, "2012-09-30": -31.2, "2012-06-30": -18.8, "2012-03-31": "-17.80000", "2011-12-31": -46.4, "2011-09-30": -7.3, "2011-06-30": -19.9, "2011-03-31": "-20.80000", "2010-12-31": -32.2, "2010-09-30": -21.7, "2010-06-30": -20.2, "2010-03-31": "-15.50000", "2009-12-31": -15.8, "2009-09-30": -0.1, "2009-06-30": -11.8, "2009-03-31": "-5.00000", "2008-12-31": -14.5, "2008-09-30": -21.2, "2008-06-30": -34, "2008-03-31": "-14.20000", "2007-12-31": -11.6, "2007-09-30": -8.6, "2007-06-30": 3.8, "2007-03-31": "-8.20000", "2006-12-31": -10.2, "2006-09-30": -6.46, "2006-06-30": -9.89, "2006-03-31": "-8.65000", "2005-12-31": -18.15, "2005-09-30": -5.71, "2005-06-30": -3.94, "2005-03-31": "-8.19000"}, "Net Change In Intangible Assets": {"2020-12-31": 0, "2020-09-30": 0, "2020-06-30": 0, "2020-03-31": "", "2019-12-31": 0, "2019-09-30": 0, "2019-06-30": 0, "2019-03-31": "", "2018-12-31": 0, "2018-09-30": 0, "2018-06-30": 0, "2018-03-31": "", "2017-12-31": 0, "2017-09-30": 0, "2017-06-30": 0, "2017-03-31": "", "2016-12-31": 0, "2016-09-30": 0, "2016-06-30": 0, "2016-03-31": "", "2015-12-31": 0, "2015-09-30": 0, "2015-06-30": 0, "2015-03-31": "", "2014-12-31": 0, "2014-09-30": 0, "2014-06-30": 0, "2014-03-31": "", "2013-12-31": 0, "2013-09-30": 0, "2013-06-30": 0, "2013-03-31": "", "2012-12-31": 0, "2012-09-30": 0, "2012-06-30": 0, "2012-03-31": "", "2011-12-31": 0, "2011-09-30": 0, "2011-06-30": 0, "2011-03-31": "", "2010-12-31": 0, "2010-09-30": 0, "2010-06-30": 0, "2010-03-31": "", "2009-12-31": 0, "2009-09-30": 0, "2009-06-30": 0, "2009-03-31": "", "2008-12-31": 0, "2008-09-30": 0, "2008-06-30": 0, "2008-03-31": "", "2007-12-31": 0, "2007-09-30": 0, "2007-06-30": 0, "2007-03-31": "", "2006-12-31": 0, "2006-09-30": 0, "2006-06-30": 0, "2006-03-31": "", "2005-12-31": 0, "2005-09-30": 0, "2005-06-30": 0, "2005-03-31": ""}, "Net Acquisitions/Divestitures": {"2020-12-31": 0, "2020-09-30": 0, "2020-06-30": 0, "2020-03-31": "", "2019-12-31": -38.2, "2019-09-30": -11.2, "2019-06-30": 339.9, "2019-03-31": "", "2018-12-31": 0, "2018-09-30": 0, "2018-06-30": -1469.3, "2018-03-31": "", "2017-12-31": 0, "2017-09-30": -299.2, "2017-06-30": 0, "2017-03-31": "", "2016-12-31": 0, "2016-09-30": 0, "2016-06-30": -88.7, "2016-03-31": "-33.20000", "2015-12-31": 0, "2015-09-30": 0, "2015-06-30": 0, "2015-03-31": "", "2014-12-31": 0, "2014-09-30": 0, "2014-06-30": 60.8, "2014-03-31": "", "2013-12-31": 136.3, "2013-09-30": 0, "2013-06-30": -1.2, "2013-03-31": "", "2012-12-31": -31.6, "2012-09-30": 0, "2012-06-30": -0.5, "2012-03-31": "-5.10000", "2011-12-31": -11.4, "2011-09-30": 0, "2011-06-30": -0.3, "2011-03-31": "-20.00000", "2010-12-31": -50.8, "2010-09-30": -12.9, "2010-06-30": -712.2, "2010-03-31": "", "2009-12-31": -34.2, "2009-09-30": 0, "2009-06-30": 0, "2009-03-31": "", "2008-12-31": -43.4, "2008-09-30": 0, "2008-06-30": -1.3, "2008-03-31": "-129.60000", "2007-12-31": -43.6, "2007-09-30": -4.3, "2007-06-30": -6.5, "2007-03-31": "", "2006-12-31": -97.6, "2006-09-30": -99.12, "2006-06-30": -1.38, "2006-03-31": "0.00000", "2005-12-31": 22.77, "2005-09-30": 32.13, "2005-06-30": -1.26, "2005-03-31": "0.00000"}, "Net Change In Short-term Investments": {"2020-12-31": 0, "2020-09-30": 0, "2020-06-30": 8.3, "2020-03-31": "-8.30000", "2019-12-31": 0, "2019-09-30": 0, "2019-06-30": 45, "2019-03-31": "-45.00000", "2018-12-31": 13.7, "2018-09-30": -13.7, "2018-06-30": -0.2, "2018-03-31": "0.20000", "2017-12-31": 0, "2017-09-30": 0, "2017-06-30": 0, "2017-03-31": "", "2016-12-31": -34.1, "2016-09-30": 32.5, "2016-06-30": -1.5, "2016-03-31": "3.10000", "2015-12-31": -0.8, "2015-09-30": 24.6, "2015-06-30": 6.9, "2015-03-31": "-24.50000", "2014-12-31": 0.2, "2014-09-30": 26.2, "2014-06-30": -45.9, "2014-03-31": "8.50000", "2013-12-31": -98.7, "2013-09-30": -4.5, "2013-06-30": -25.1, "2013-03-31": "22.90000", "2012-12-31": 5.7, "2012-09-30": 2.7, "2012-06-30": -42.6, "2012-03-31": "-1.10000", "2011-12-31": 9.7, "2011-09-30": 10.5, "2011-06-30": 1.6, "2011-03-31": "7.00000", "2010-12-31": 29.1, "2010-09-30": 10.9, "2010-06-30": -6.4, "2010-03-31": "-2.80000", "2009-12-31": -1.8, "2009-09-30": -8.1, "2009-06-30": 6.5, "2009-03-31": "6.60000", "2008-12-31": 5.6, "2008-09-30": 2, "2008-06-30": -33, "2008-03-31": "-4.70000", "2007-12-31": 16.1, "2007-09-30": -4.4, "2007-06-30": 6, "2007-03-31": "13.80000", "2006-12-31": -35.1, "2006-09-30": 0, "2006-06-30": 0, "2006-03-31": "", "2005-12-31": 110.5, "2005-09-30": 0, "2005-06-30": 0, "2005-03-31": ""}, "Net Change In Long-Term Investments": {"2020-12-31": 753.5, "2020-09-30": -86.3999, "2020-06-30": -292.7001, "2020-03-31": "-374.40000", "2019-12-31": -595.2, "2019-09-30": -142.0001, "2019-06-30": -570.6999, "2019-03-31": "-309.70000", "2018-12-31": -131.5, "2018-09-30": -829.6, "2018-06-30": -24.6, "2018-03-31": "-277.40000", "2017-12-31": -442.6997, "2017-09-30": -240.4002, "2017-06-30": 136.2999, "2017-03-31": "-16.70000", "2016-12-31": -173.5997, "2016-09-30": -265.5001, "2016-06-30": -246.2, "2016-03-31": "-51.00000", "2015-12-31": -138.0999, "2015-09-30": -78.6002, "2015-06-30": -10.7999, "2015-03-31": "-319.00000", "2014-12-31": -331.3, "2014-09-30": -469.1001, "2014-06-30": -411.7999, "2014-03-31": "-531.60000", "2013-12-31": -237.3999, "2013-09-30": 90.7, "2013-06-30": -176.3001, "2013-03-31": "141.60010", "2012-12-31": -61.0999, "2012-09-30": 234.4999, "2012-06-30": 39.6999, "2012-03-31": "-140.70000", "2011-12-31": 42.4001, "2011-09-30": 120.7002, "2011-06-30": 215.0997, "2011-03-31": "67.20010", "2010-12-31": 360.5, "2010-09-30": -61.6001, "2010-06-30": 45.6, "2010-03-31": "152.40000", "2009-12-31": -10.8, "2009-09-30": -29.5, "2009-06-30": 5.8, "2009-03-31": "-4.20000", "2008-12-31": 32.5, "2008-09-30": 67.2, "2008-06-30": 77.3, "2008-03-31": "12.90000", "2007-12-31": -61.2, "2007-09-30": -3.2, "2007-06-30": -40.3, "2007-03-31": "104.00000", "2006-12-31": 45.4, "2006-09-30": -36.5, "2006-06-30": 0, "2006-03-31": "", "2005-12-31": -15.5, "2005-09-30": 0, "2005-06-30": 0, "2005-03-31": ""}, "Net Change In Investments - Total": {"2020-12-31": 753.5, "2020-09-30": -86.3999, "2020-06-30": -284.4001, "2020-03-31": "-382.70000", "2019-12-31": -595.2, "2019-09-30": -142.0001, "2019-06-30": -525.6999, "2019-03-31": "-354.70000", "2018-12-31": -117.8, "2018-09-30": -843.3, "2018-06-30": -24.8, "2018-03-31": "-277.20000", "2017-12-31": -442.6997, "2017-09-30": -240.4002, "2017-06-30": 136.2999, "2017-03-31": "-16.70000", "2016-12-31": -207.6997, "2016-09-30": -233.0002, "2016-06-30": -247.6999, "2016-03-31": "-47.90000", "2015-12-31": -138.8999, "2015-09-30": -54.0002, "2015-06-30": -3.8999, "2015-03-31": "-343.50000", "2014-12-31": -331.1, "2014-09-30": -442.9001, "2014-06-30": -457.6999, "2014-03-31": "-523.10000", "2013-12-31": -336.0999, "2013-09-30": 86.2, "2013-06-30": -201.4001, "2013-03-31": "164.50010", "2012-12-31": -55.3999, "2012-09-30": 237.1999, "2012-06-30": -2.9001, "2012-03-31": "-141.80000", "2011-12-31": 52.1001, "2011-09-30": 131.2002, "2011-06-30": 216.6997, "2011-03-31": "74.20010", "2010-12-31": 389.6, "2010-09-30": -50.7001, "2010-06-30": 39.2, "2010-03-31": "149.60000", "2009-12-31": -12.6, "2009-09-30": -37.6, "2009-06-30": 12.3, "2009-03-31": "2.40000", "2008-12-31": 38.1, "2008-09-30": 69.2, "2008-06-30": 44.3, "2008-03-31": "8.20000", "2007-12-31": -45.1, "2007-09-30": -7.6, "2007-06-30": -34.3, "2007-03-31": "117.80000", "2006-12-31": -14.5, "2006-09-30": 13.94, "2006-06-30": -38.59, "2006-03-31": "-11.85000", "2005-12-31": 13.25, "2005-09-30": 0, "2005-06-30": 4.55, "2005-03-31": "-4.55000"}, "Investing Activities - Other": {"2020-12-31": 1.9, "2020-09-30": 26.8, "2020-06-30": 21.4, "2020-03-31": "-50.10000", "2019-12-31": 26, "2019-09-30": -55.2, "2019-06-30": 12.8, "2019-03-31": "42.40000", "2018-12-31": -63.8, "2018-09-30": 0, "2018-06-30": 0, "2018-03-31": "", "2017-12-31": 0, "2017-09-30": 0, "2017-06-30": 0, "2017-03-31": "", "2016-12-31": 0, "2016-09-30": 0, "2016-06-30": 0, "2016-03-31": "", "2015-12-31": 0, "2015-09-30": 0, "2015-06-30": 0, "2015-03-31": "", "2014-12-31": 0, "2014-09-30": 0, "2014-06-30": 0, "2014-03-31": "", "2013-12-31": 0, "2013-09-30": 0, "2013-06-30": 0, "2013-03-31": "", "2012-12-31": 0, "2012-09-30": 16.4, "2012-06-30": 0, "2012-03-31": "", "2011-12-31": 0, "2011-09-30": 0, "2011-06-30": 0, "2011-03-31": "", "2010-12-31": 0, "2010-09-30": 0, "2010-06-30": 0, "2010-03-31": "", "2009-12-31": 0, "2009-09-30": 0, "2009-06-30": 0, "2009-03-31": "", "2008-12-31": -28.1, "2008-09-30": 0, "2008-06-30": 28.1, "2008-03-31": "", "2007-12-31": -1.8, "2007-09-30": 1.8, "2007-06-30": 0, "2007-03-31": "", "2006-12-31": 0, "2006-09-30": 0, "2006-06-30": 0, "2006-03-31": "", "2005-12-31": 0, "2005-09-30": 0, "2005-06-30": 0, "2005-03-31": ""}, "Cash Flow From Investing Activities": {"2020-12-31": 829, "2020-09-30": -86, "2020-06-30": -291, "2020-03-31": "-452.00000", "2019-12-31": -656.1, "2019-09-30": -235, "2019-06-30": -200.9, "2019-03-31": "-333.40000", "2018-12-31": -215.8, "2018-09-30": -865.4, "2018-06-30": -1519.7, "2018-03-31": "-297.80000", "2017-12-31": -471.7, "2017-09-30": -562.4, "2017-06-30": 103.5, "2017-03-31": "-43.80000", "2016-12-31": -254.1, "2016-09-30": -269, "2016-06-30": -375.7, "2016-03-31": "-107.10000", "2015-12-31": -175.3, "2015-09-30": -91.7, "2015-06-30": -31.3, "2015-03-31": "-366.50000", "2014-12-31": -377.6, "2014-09-30": -479.8, "2014-06-30": -425.3, "2014-03-31": "-544.50000", "2013-12-31": -221, "2013-09-30": 59.5, "2013-06-30": -224.8, "2013-03-31": "146.40000", "2012-12-31": -117.9, "2012-09-30": 222.4, "2012-06-30": -22.2, "2012-03-31": "-164.70000", "2011-12-31": -5.7, "2011-09-30": 123.9, "2011-06-30": 196.5, "2011-03-31": "33.40000", "2010-12-31": 306.6, "2010-09-30": -85.3, "2010-06-30": -693.2, "2010-03-31": "134.10000", "2009-12-31": -62.6, "2009-09-30": -37.7, "2009-06-30": 0.5, "2009-03-31": "-2.60000", "2008-12-31": -47.9, "2008-09-30": 48, "2008-06-30": 37.1, "2008-03-31": "-135.60000", "2007-12-31": -102.1, "2007-09-30": -18.7, "2007-06-30": -37, "2007-03-31": "109.60000", "2006-12-31": -122.3, "2006-09-30": -91.63, "2006-06-30": -49.87, "2006-03-31": "-20.50000", "2005-12-31": 17.87, "2005-09-30": 26.42, "2005-06-30": -0.66, "2005-03-31": "-12.74000"}, "Net Long-Term Debt": {"2020-12-31": -445.4, "2020-09-30": 56.4, "2020-06-30": 313.5, "2020-03-31": "75.50000", "2019-12-31": 729.5, "2019-09-30": 361.2, "2019-06-30": 476.2, "2019-03-31": "-37.70000", "2018-12-31": 473.8, "2018-09-30": 850.3, "2018-06-30": 43.2, "2018-03-31": "51.10000", "2017-12-31": 477.2998, "2017-09-30": 422.7999, "2017-06-30": -321.0999, "2017-03-31": "-176.70000", "2016-12-31": 526.5, "2016-09-30": 318.5, "2016-06-30": 358.2, "2016-03-31": "-46.80000", "2015-12-31": 379.9, "2015-09-30": 338.5, "2015-06-30": -63.1, "2015-03-31": "358.90000", "2014-12-31": 440.2, "2014-09-30": 414.8, "2014-06-30": -134.4, "2014-03-31": "553.90000", "2013-12-31": 1408.6, "2013-09-30": 18.8, "2013-06-30": -150.9, "2013-03-31": "195.60000", "2012-12-31": 144.1999, "2012-09-30": 23.2, "2012-06-30": -333.4, "2012-03-31": "247.90000", "2011-12-31": -82.7, "2011-09-30": -217.1, "2011-06-30": -205.9, "2011-03-31": "-142.80000", "2010-12-31": -50.2, "2010-09-30": -89.5, "2010-06-30": -65.5, "2010-03-31": "-75.00000", "2009-12-31": -309.6, "2009-09-30": -449.6, "2009-06-30": 326.7, "2009-03-31": "-9.60000", "2008-12-31": -40.4, "2008-09-30": -47.2, "2008-06-30": -48.7, "2008-03-31": "8.20000", "2007-12-31": -267.9, "2007-09-30": 293.8, "2007-06-30": 341.6, "2007-03-31": "-395.20000", "2006-12-31": -1.7, "2006-09-30": 0, "2006-06-30": 0, "2006-03-31": "", "2005-12-31": -43.6, "2005-09-30": 0, "2005-06-30": 0, "2005-03-31": ""}, "Net Current Debt": {"2020-12-31": -90, "2020-09-30": -235.6, "2020-06-30": -182.4, "2020-03-31": "508.00000", "2019-12-31": -216.9, "2019-09-30": 175.5, "2019-06-30": -395.7, "2019-03-31": "106.30000", "2018-12-31": -406.4, "2018-09-30": -141.7, "2018-06-30": 878.9, "2018-03-31": "", "2017-12-31": 0, "2017-09-30": 0, "2017-06-30": -19.4, "2017-03-31": "-9.30000", "2016-12-31": 28.7, "2016-09-30": 0, "2016-06-30": 0, "2016-03-31": "", "2015-12-31": -99.5, "2015-09-30": 91.6, "2015-06-30": -3.3, "2015-03-31": "11.20000", "2014-12-31": 0, "2014-09-30": 0, "2014-06-30": 0, "2014-03-31": "", "2013-12-31": -788, "2013-09-30": -58, "2013-06-30": -69, "2013-03-31": "328.50000", "2012-12-31": -168, "2012-09-30": -56.5, "2012-06-30": 231, "2012-03-31": "41.00000", "2011-12-31": -105, "2011-09-30": -194, "2011-06-30": 251, "2011-03-31": "17.00000", "2010-12-31": -78.5, "2010-09-30": -1.5, "2010-06-30": 650, "2010-03-31": "", "2009-12-31": 0, "2009-09-30": 0, "2009-06-30": -7.5, "2009-03-31": "-4.50000", "2008-12-31": -160, "2008-09-30": -15, "2008-06-30": -200, "2008-03-31": "260.60000", "2007-12-31": 126.4, "2007-09-30": 0, "2007-06-30": -450.1, "2007-03-31": "321.10000", "2006-12-31": 15, "2006-09-30": 44, "2006-06-30": 0, "2006-03-31": "0.00000", "2005-12-31": -81, "2005-09-30": 0, "2005-06-30": 0, "2005-03-31": "0.00000"}, "Debt Issuance/Retirement Net - Total": {"2020-12-31": -535.4, "2020-09-30": -179.2, "2020-06-30": 131.1, "2020-03-31": "583.50000", "2019-12-31": 512.6001, "2019-09-30": 536.6999, "2019-06-30": 80.5, "2019-03-31": "68.60000", "2018-12-31": 67.4, "2018-09-30": 708.6, "2018-06-30": 922.1, "2018-03-31": "51.10000", "2017-12-31": 477.2998, "2017-09-30": 422.7999, "2017-06-30": -340.4999, "2017-03-31": "-186.00000", "2016-12-31": 555.2, "2016-09-30": 318.5, "2016-06-30": 358.2, "2016-03-31": "-46.80000", "2015-12-31": 280.4, "2015-09-30": 430.1, "2015-06-30": -66.4, "2015-03-31": "370.10000", "2014-12-31": 440.2, "2014-09-30": 414.8, "2014-06-30": -134.4, "2014-03-31": "553.90000", "2013-12-31": 620.5999, "2013-09-30": -39.2, "2013-06-30": -219.9, "2013-03-31": "524.10000", "2012-12-31": -23.8001, "2012-09-30": -33.3, "2012-06-30": -102.4, "2012-03-31": "288.90000", "2011-12-31": -187.7, "2011-09-30": -411.1, "2011-06-30": 45.1, "2011-03-31": "-125.80000", "2010-12-31": -128.7, "2010-09-30": -91, "2010-06-30": 584.5, "2010-03-31": "-75.00000", "2009-12-31": -309.6, "2009-09-30": -449.6, "2009-06-30": 319.2, "2009-03-31": "-14.10000", "2008-12-31": -200.4, "2008-09-30": -62.2, "2008-06-30": -248.7, "2008-03-31": "268.80000", "2007-12-31": -141.5, "2007-09-30": 293.8, "2007-06-30": -108.5, "2007-03-31": "-74.10000", "2006-12-31": -54, "2006-09-30": -20, "2006-06-30": 104, "2006-03-31": "-40.00000", "2005-12-31": 47.42, "2005-09-30": -14.33, "2005-06-30": -112.56, "2005-03-31": "0.00000"}, "Net Common Equity Issued/Repurchased": {"2020-12-31": 40.7, "2020-09-30": -5.8, "2020-06-30": -3.4, "2020-03-31": "-31.50000", "2019-12-31": -14.4, "2019-09-30": -311.6, "2019-06-30": -65.2, "2019-03-31": "-78.60000", "2018-12-31": -2.1, "2018-09-30": -2.8, "2018-06-30": -7.6, "2018-03-31": "-39.30000", "2017-12-31": -5.2, "2017-09-30": -1.3, "2017-06-30": -4.8, "2017-03-31": "-52.50000", "2016-12-31": -110.3, "2016-09-30": -180.7, "2016-06-30": -82.4, "2016-03-31": "-161.60000", "2015-12-31": -288.1, "2015-09-30": -175, "2015-06-30": -81, "2015-03-31": "-75.90000", "2014-12-31": -47.6, "2014-09-30": -46.6, "2014-06-30": -46.3, "2014-03-31": "-118.10000", "2013-12-31": -345.1, "2013-09-30": 2.2, "2013-06-30": -69.9, "2013-03-31": "-39.80000", "2012-12-31": -69.2, "2012-09-30": -34.9, "2012-06-30": -73.1, "2012-03-31": "-64.80000", "2011-12-31": -102.1, "2011-09-30": 1.1, "2011-06-30": -278.7, "2011-03-31": "-44.40000", "2010-12-31": -55.7, "2010-09-30": -123.1, "2010-06-30": 2.5, "2010-03-31": "3.70000", "2009-12-31": 39.5, "2009-09-30": 472.7, "2009-06-30": 7.9, "2009-03-31": "1.70000", "2008-12-31": 11.2, "2008-09-30": -83.9, "2008-06-30": -19.3, "2008-03-31": "-141.60000", "2007-12-31": -140.7, "2007-09-30": -355.4, "2007-06-30": -18.8, "2007-03-31": "-63.70000", "2006-12-31": 18.4, "2006-09-30": -107.5, "2006-06-30": 0, "2006-03-31": "", "2005-12-31": 7.7, "2005-09-30": 0, "2005-06-30": 0, "2005-03-31": ""}, "Net Total Equity Issued/Repurchased": {"2020-12-31": 40.7, "2020-09-30": -5.8, "2020-06-30": -3.4, "2020-03-31": "-31.50000", "2019-12-31": -14.4, "2019-09-30": -311.6, "2019-06-30": -65.2, "2019-03-31": "-78.60000", "2018-12-31": -2.1, "2018-09-30": -2.8, "2018-06-30": -7.6, "2018-03-31": "-39.30000", "2017-12-31": -5.2, "2017-09-30": -1.3, "2017-06-30": -4.8, "2017-03-31": "-52.50000", "2016-12-31": -110.3, "2016-09-30": -180.7, "2016-06-30": -82.4, "2016-03-31": "-161.60000", "2015-12-31": -288.1, "2015-09-30": -175, "2015-06-30": -81, "2015-03-31": "-75.90000", "2014-12-31": -47.6, "2014-09-30": -46.6, "2014-06-30": -46.3, "2014-03-31": "-118.10000", "2013-12-31": -345.1, "2013-09-30": 2.2, "2013-06-30": -69.9, "2013-03-31": "-39.80000", "2012-12-31": -69.2, "2012-09-30": -34.9, "2012-06-30": -73.1, "2012-03-31": "-64.80000", "2011-12-31": -102.1, "2011-09-30": 1.1, "2011-06-30": -278.7, "2011-03-31": "-44.40000", "2010-12-31": -55.7, "2010-09-30": -123.1, "2010-06-30": 2.5, "2010-03-31": "3.70000", "2009-12-31": 39.5, "2009-09-30": 472.7, "2009-06-30": 7.9, "2009-03-31": "1.70000", "2008-12-31": 11.2, "2008-09-30": -83.9, "2008-06-30": -19.3, "2008-03-31": "-141.60000", "2007-12-31": -140.7, "2007-09-30": -355.4, "2007-06-30": -18.8, "2007-03-31": "-63.70000", "2006-12-31": 18.2, "2006-09-30": 16.71, "2006-06-30": 8.51, "2006-03-31": "-132.72000", "2005-12-31": 7.72, "2005-09-30": 0, "2005-06-30": 0, "2005-03-31": "0.00000"}, "Total Common And Preferred Stock Dividends Paid": {"2020-12-31": 463.5, "2020-09-30": -130.6, "2020-06-30": -132.8, "2020-03-31": "-200.10000", "2019-12-31": -200, "2019-09-30": -207.2, "2019-06-30": -125.4, "2019-03-31": "-120.10000", "2018-12-31": -122.3, "2018-09-30": -124.3, "2018-06-30": -124.4, "2018-03-31": "-119.60000", "2017-12-31": -118.9, "2017-09-30": -119, "2017-06-30": -118.9, "2017-03-31": "-114.80000", "2016-12-31": -114.1, "2016-09-30": -115.7, "2016-06-30": -117.6, "2016-03-31": "-113.00000", "2015-12-31": -113.7, "2015-09-30": -116.2, "2015-06-30": -116.5, "2015-03-31": "-108.10000", "2014-12-31": -108.3, "2014-09-30": -108.6, "2014-06-30": -109.1, "2014-03-31": "-98.00000", "2013-12-31": -100.5, "2013-09-30": -100.8, "2013-06-30": -101.2, "2013-03-31": "-77.20000", "2012-12-31": -77.5, "2012-09-30": -77.8, "2012-06-30": -78, "2012-03-31": "-55.70000", "2011-12-31": -55.9, "2011-09-30": -56.5, "2011-06-30": -56.9, "2011-03-31": "-51.60000", "2010-12-31": -51.6, "2010-09-30": -52.6, "2010-06-30": -48.9, "2010-03-31": "-44.80000", "2009-12-31": -44.7, "2009-09-30": -44, "2009-06-30": -41.3, "2009-03-31": "-38.90000", "2008-12-31": -38.7, "2008-09-30": -38.8, "2008-06-30": -129.6, "2008-03-31": "", "2007-12-31": -68.6, "2007-09-30": 0, "2007-06-30": -86.4, "2007-03-31": "", "2006-12-31": -63.3, "2006-09-30": 0, "2006-06-30": -80.3, "2006-03-31": "0.00000", "2005-12-31": -93.11, "2005-09-30": 0, "2005-06-30": -41, "2005-03-31": "0.00000"}, "Financial Activities - Other": {"2020-12-31": 261.5, "2020-09-30": 14, "2020-06-30": -19.9, "2020-03-31": "-255.60000", "2019-12-31": 43.3, "2019-09-30": 17.9, "2019-06-30": 21.1, "2019-03-31": "43.10000", "2018-12-31": 12.9, "2018-09-30": 207.7, "2018-06-30": 49.4, "2018-03-31": "63.20000", "2017-12-31": 36.6, "2017-09-30": 64.6, "2017-06-30": 100, "2017-03-31": "129.60000", "2016-12-31": 162.5, "2016-09-30": 30.9, "2016-06-30": 15.1, "2016-03-31": "71.90000", "2015-12-31": 16.4, "2015-09-30": 18.5, "2015-06-30": -19, "2015-03-31": "-7.20000", "2014-12-31": 102.1, "2014-09-30": -52.3, "2014-06-30": 150.3, "2014-03-31": "70.50000", "2013-12-31": 1.2, "2013-09-30": -36.9, "2013-06-30": -88.6, "2013-03-31": "11.70000", "2012-12-31": -258, "2012-09-30": 1.7, "2012-06-30": 1.4, "2012-03-31": "10.60000", "2011-12-31": -1.1, "2011-09-30": 0.7, "2011-06-30": -10.2, "2011-03-31": "13.00000", "2010-12-31": 0.6, "2010-09-30": 1.9, "2010-06-30": 5.5, "2010-03-31": "6.80000", "2009-12-31": 10.7, "2009-09-30": 0.1, "2009-06-30": 0, "2009-03-31": "-10.30000", "2008-12-31": -2.1, "2008-09-30": -0.1, "2008-06-30": 9.2, "2008-03-31": "9.80000", "2007-12-31": 9.8, "2007-09-30": 10, "2007-06-30": -5.3, "2007-03-31": "8.60000", "2006-12-31": 0, "2006-09-30": 0, "2006-06-30": 0, "2006-03-31": "", "2005-12-31": -1.44, "2005-09-30": 1.04, "2005-06-30": 0.4, "2005-03-31": ""}, "Cash Flow From Financial Activities": {"2020-12-31": 230.3, "2020-09-30": -301.6, "2020-06-30": -25, "2020-03-31": "96.30000", "2019-12-31": 341.5, "2019-09-30": 35.8, "2019-06-30": -89, "2019-03-31": "-87.00000", "2018-12-31": -44.1, "2018-09-30": 789.2, "2018-06-30": 839.5, "2018-03-31": "-44.60000", "2017-12-31": 389.8, "2017-09-30": 367.1, "2017-06-30": -364.2, "2017-03-31": "-223.70000", "2016-12-31": 493.3, "2016-09-30": 53, "2016-06-30": 173.3, "2016-03-31": "-249.50000", "2015-12-31": -105, "2015-09-30": 157.4, "2015-06-30": -282.9, "2015-03-31": "178.90000", "2014-12-31": 386.4, "2014-09-30": 207.3, "2014-06-30": -139.5, "2014-03-31": "408.30000", "2013-12-31": 176.2, "2013-09-30": -174.7, "2013-06-30": -479.6, "2013-03-31": "418.80000", "2012-12-31": -428.5, "2012-09-30": -144.3, "2012-06-30": -252.1, "2012-03-31": "179.00000", "2011-12-31": -346.8, "2011-09-30": -465.8, "2011-06-30": -300.7, "2011-03-31": "-208.80000", "2010-12-31": -235.4, "2010-09-30": -264.8, "2010-06-30": 543.6, "2010-03-31": "-109.30000", "2009-12-31": -304.1, "2009-09-30": -20.8, "2009-06-30": 285.8, "2009-03-31": "-61.60000", "2008-12-31": -230, "2008-09-30": -185, "2008-06-30": -388.4, "2008-03-31": "137.00000", "2007-12-31": -341, "2007-09-30": -51.6, "2007-06-30": -219, "2007-03-31": "-129.20000", "2006-12-31": -40.1, "2006-09-30": -3.28, "2006-06-30": 32.2, "2006-03-31": "-172.72000", "2005-12-31": -120.42, "2005-09-30": -13.29, "2005-06-30": -46.49, "2005-03-31": "-106.67000"}, "Net Cash Flow": {"2020-12-31": 380.6, "2020-09-30": 49.4, "2020-06-30": 41.7, "2020-03-31": "-471.70000", "2019-12-31": 166.9, "2019-09-30": 99, "2019-06-30": 167, "2019-03-31": "-537.10000", "2018-12-31": -108.9, "2018-09-30": 80.4, "2018-06-30": -288.4, "2018-03-31": "-395.40000", "2017-12-31": 315.5, "2017-09-30": 228, "2017-06-30": 41.5, "2017-03-31": "-137.50000", "2016-12-31": 125.6, "2016-09-30": 135.1, "2016-06-30": -8.3, "2016-03-31": "-396.90000", "2015-12-31": 260.7, "2015-09-30": 125, "2015-06-30": 246, "2015-03-31": "-294.50000", "2014-12-31": 161.6, "2014-09-30": 156.6, "2014-06-30": 217.3, "2014-03-31": "-352.50000", "2013-12-31": 156.7, "2013-09-30": 258.3, "2013-06-30": 31.5, "2013-03-31": "49.20000", "2012-12-31": -44.6, "2012-09-30": 161.7, "2012-06-30": 126.1, "2012-03-31": "-135.10000", "2011-12-31": -29.6, "2011-09-30": 135.5, "2011-06-30": 149.6, "2011-03-31": "-268.60000", "2010-12-31": 76.4, "2010-09-30": 108.5, "2010-06-30": -41.4, "2010-03-31": "-165.00000", "2009-12-31": -161.8, "2009-09-30": 106.1, "2009-06-30": 484.6, "2009-03-31": "-252.10000", "2008-12-31": -155.4, "2008-09-30": 95.8, "2008-06-30": -157.5, "2008-03-31": "-113.50000", "2007-12-31": -156, "2007-09-30": 280, "2007-06-30": 27.3, "2007-03-31": "-14.40000", "2006-12-31": 125.4, "2006-09-30": 216.11, "2006-06-30": -6.39, "2006-03-31": "-261.22000", "2005-12-31": 85.69, "2005-09-30": 167.45, "2005-06-30": 34.73, "2005-03-31": "-80.05000"}, "Stock-Based Compensation": {"2020-12-31": -138.2, "2020-09-30": 43, "2020-06-30": 47.8, "2020-03-31": "47.40000", "2019-12-31": 48.7, "2019-09-30": 49.4, "2019-06-30": 59.6, "2019-03-31": "49.80000", "2018-12-31": 47.9, "2018-09-30": 42.7, "2018-06-30": 40.9, "2018-03-31": "40.90000", "2017-12-31": 40.4, "2017-09-30": 42.4, "2017-06-30": 43.3, "2017-03-31": "49.20000", "2016-12-31": 41.3, "2016-09-30": 39.3, "2016-06-30": 40.4, "2016-03-31": "38.70000", "2015-12-31": 37.4, "2015-09-30": 36.2, "2015-06-30": 36, "2015-03-31": "40.70000", "2014-12-31": 33.7, "2014-09-30": 34.3, "2014-06-30": 33.5, "2014-03-31": "36.50000", "2013-12-31": 30.1, "2013-09-30": 33.6, "2013-06-30": 35.9, "2013-03-31": "33.50000", "2012-12-31": 33.5, "2012-09-30": 35.9, "2012-06-30": 37, "2012-03-31": "30.00000", "2011-12-31": 29.1, "2011-09-30": 29.2, "2011-06-30": 30.5, "2011-03-31": "26.30000", "2010-12-31": 30.8, "2010-09-30": 31.5, "2010-06-30": 31.3, "2010-03-31": "24.20000", "2009-12-31": 22.7, "2009-09-30": 24.2, "2009-06-30": 20.2, "2009-03-31": "23.70000", "2008-12-31": 8, "2008-09-30": 31.7, "2008-06-30": 31.3, "2008-03-31": "26.70000", "2007-12-31": 31.8, "2007-09-30": 23.5, "2007-06-30": 25.1, "2007-03-31": "24.80000", "2006-12-31": 140.6, "2006-09-30": 0, "2006-06-30": 0, "2006-03-31": "", "2005-12-31": 40.6, "2005-09-30": 0, "2005-06-30": 0, "2005-03-31": ""}, "Common Stock Dividends Paid": {"2020-12-31": 285.9, "2020-09-30": -71.4, "2020-06-30": -73.6, "2020-03-31": "-140.90000", "2019-12-31": -140.8, "2019-09-30": -142.8, "2019-06-30": -125.4, "2019-03-31": "-120.10000", "2018-12-31": -122.3, "2018-09-30": -124.3, "2018-06-30": -124.4, "2018-03-31": "-119.60000", "2017-12-31": -118.9, "2017-09-30": -119, "2017-06-30": -118.9, "2017-03-31": "-114.80000", "2016-12-31": -114.1, "2016-09-30": -115.7, "2016-06-30": -117.6, "2016-03-31": "-113.00000", "2015-12-31": -113.7, "2015-09-30": -116.2, "2015-06-30": -116.5, "2015-03-31": "-108.10000", "2014-12-31": -108.3, "2014-09-30": -108.6, "2014-06-30": -109.1, "2014-03-31": "-98.00000", "2013-12-31": -100.5, "2013-09-30": -100.8, "2013-06-30": -101.2, "2013-03-31": "-77.20000", "2012-12-31": -77.5, "2012-09-30": -77.8, "2012-06-30": -78, "2012-03-31": "-55.70000", "2011-12-31": -55.9, "2011-09-30": -56.5, "2011-06-30": -56.9, "2011-03-31": "-51.60000", "2010-12-31": -51.6, "2010-09-30": -52.6, "2010-06-30": -48.9, "2010-03-31": "-44.80000", "2009-12-31": -44.7, "2009-09-30": -44, "2009-06-30": -41.3, "2009-03-31": "-38.90000", "2008-12-31": -38.7, "2008-09-30": -38.8, "2008-06-30": -129.6, "2008-03-31": "", "2007-12-31": -68.6, "2007-09-30": 0, "2007-06-30": -86.4, "2007-03-31": "", "2006-12-31": -63.3, "2006-09-30": -80.3, "2006-06-30": 0, "2006-03-31": "", "2005-12-31": -134.1, "2005-09-30": 0, "2005-06-30": 0, "2005-03-31": ""}}, "financial ratios": {"Current Ratio": {"2019-12-31": "1.61650", "2018-12-31": "1.58310", "2017-12-31": "1.50420", "2016-12-31": "1.70490", "2015-12-31": "2.09020", "2014-12-31": "3.15160", "2013-12-31": "2.83790", "2012-12-31": "2.84250", "2011-12-31": "1.28900", "2010-12-31": "1.30940", "2009-12-31": "1.35790", "2008-12-31": "1.12860", "2007-12-31": "1.14490", "2006-12-31": "1.10210", "2005-12-31": "1.07250"}, "Long-term Debt / Capital": {"2019-12-31": "0.36740", "2018-12-31": "0.46070", "2017-12-31": "0.43430", "2016-12-31": "0.46080", "2015-12-31": "0.46340", "2014-12-31": "0.42450", "2013-12-31": "0.39130", "2012-12-31": "0.35980", "2011-12-31": "0.41870", "2010-12-31": "0.43410", "2009-12-31": "0.08910", "2008-12-31": "0.11560", "2007-12-31": "0.17450", "2006-12-31": "0.14150", "2005-12-31": "0.25100"}, "Debt/Equity Ratio": {"2019-12-31": "0.58070", "2018-12-31": "0.85440", "2017-12-31": "0.76770", "2016-12-31": "0.85470", "2015-12-31": "0.86360", "2014-12-31": "0.73760", "2013-12-31": "0.64280", "2012-12-31": "0.56200", "2011-12-31": "0.74390", "2010-12-31": "0.76710", "2009-12-31": "0.09790", "2008-12-31": "0.17570", "2007-12-31": "0.21140", "2006-12-31": "0.21350", "2005-12-31": "0.33800"}, "Gross Margin": {"2019-12-31": "69.05550", "2018-12-31": "69.73710", "2017-12-31": "71.19350", "2016-12-31": "70.27710", "2015-12-31": "69.16010", "2014-12-31": "68.31810", "2013-12-31": "67.93700", "2012-12-31": "67.70200", "2011-12-31": "67.87280", "2010-12-31": "69.78520", "2009-12-31": "71.94840", "2008-12-31": "73.53070", "2007-12-31": "72.90210", "2006-12-31": "74.53410", "2005-12-31": "75.42300"}, "Operating Margin": {"2019-12-31": "13.21150", "2018-12-31": "22.67360", "2017-12-31": "24.78730", "2016-12-31": "24.34100", "2015-12-31": "26.51620", "2014-12-31": "24.80820", "2013-12-31": "24.11830", "2012-12-31": "20.80290", "2011-12-31": "22.15050", "2010-12-31": "16.91370", "2009-12-31": "18.43340", "2008-12-31": "22.60850", "2007-12-31": "25.63360", "2006-12-31": "23.38370", "2005-12-31": "14.19970"}, "EBIT Margin": {"2019-12-31": "13.21150", "2018-12-31": "22.67360", "2017-12-31": "24.78730", "2016-12-31": "24.34100", "2015-12-31": "26.51620", "2014-12-31": "24.80820", "2013-12-31": "24.11830", "2012-12-31": "20.80290", "2011-12-31": "22.15050", "2010-12-31": "16.91370", "2009-12-31": "18.43340", "2008-12-31": "22.60850", "2007-12-31": "25.63360", "2006-12-31": "23.38370", "2005-12-31": "14.19970"}, "EBITDA Margin": {"2019-12-31": "16.11470", "2018-12-31": "25.34770", "2017-12-31": "27.05080", "2016-12-31": "26.47850", "2015-12-31": "28.34330", "2014-12-31": "26.54510", "2013-12-31": "26.02160", "2012-12-31": "23.14830", "2011-12-31": "25.09860", "2010-12-31": "19.68630", "2009-12-31": "21.38700", "2008-12-31": "24.65230", "2007-12-31": "27.80170", "2006-12-31": "25.46280", "2005-12-31": "17.48940"}, "Pre-Tax Profit Margin": {"2019-12-31": "15.90380", "2018-12-31": "21.41660", "2017-12-31": "27.69610", "2016-12-31": "25.48580", "2015-12-31": "26.58850", "2014-12-31": "27.10460", "2013-12-31": "27.02490", "2012-12-31": "20.50660", "2011-12-31": "22.40160", "2010-12-31": "23.90690", "2009-12-31": "13.60710", "2008-12-31": "19.86330", "2007-12-31": "32.06580", "2006-12-31": "31.85700", "2005-12-31": "16.79320"}, "Net Profit Margin": {"2019-12-31": "9.23100", "2018-12-31": "16.61240", "2017-12-31": "21.84560", "2016-12-31": "17.51860", "2015-12-31": "18.41730", "2014-12-31": "18.64930", "2013-12-31": "19.55390", "2012-12-31": "16.71690", "2011-12-31": "18.32360", "2010-12-31": "13.35260", "2009-12-31": "12.27500", "2008-12-31": "14.56340", "2007-12-31": "17.36580", "2006-12-31": "14.86740", "2005-12-31": "7.65160"}, "Asset Turnover": {"2019-12-31": "0.15520", "2018-12-31": "0.17150", "2017-12-31": "0.16290", "2016-12-31": "0.18400", "2015-12-31": "0.20430", "2014-12-31": "0.25170", "2013-12-31": "0.24100", "2012-12-31": "0.23160", "2011-12-31": "0.20580", "2010-12-31": "0.17060", "2009-12-31": "0.24080", "2008-12-31": "0.33900", "2007-12-31": "0.30010", "2006-12-31": "0.26550", "2005-12-31": "0.37910"}, "Inventory Turnover Ratio": {"2019-12-31": "", "2018-12-31": "", "2017-12-31": "", "2016-12-31": "", "2015-12-31": "", "2014-12-31": "", "2013-12-31": "", "2012-12-31": "", "2011-12-31": "", "2010-12-31": "", "2009-12-31": "", "2008-12-31": "", "2007-12-31": "", "2006-12-31": "", "2005-12-31": ""}, "Receiveable Turnover": {"2019-12-31": "5.13550", "2018-12-31": "5.86480", "2017-12-31": "3.33400", "2016-12-31": "3.57770", "2015-12-31": "4.04050", "2014-12-31": "3.57540", "2013-12-31": "3.11400", "2012-12-31": "3.73790", "2011-12-31": "4.11690", "2010-12-31": "3.17960", "2009-12-31": "3.90730", "2008-12-31": "6.09130", "2007-12-31": "3.96410", "2006-12-31": "4.03370", "2005-12-31": "3.83430"}, "Days Sales In Receivables": {"2019-12-31": "71.07400", "2018-12-31": "62.23570", "2017-12-31": "109.47950", "2016-12-31": "102.02020", "2015-12-31": "90.33620", "2014-12-31": "102.08740", "2013-12-31": "117.21080", "2012-12-31": "97.64810", "2011-12-31": "88.65840", "2010-12-31": "114.79440", "2009-12-31": "93.41380", "2008-12-31": "59.92110", "2007-12-31": "92.07570", "2006-12-31": "90.48830", "2005-12-31": "95.19280"}, "ROE - Return On Equity": {"2019-12-31": "7.15770", "2018-12-31": "9.88230", "2017-12-31": "12.96400", "2016-12-31": "11.40730", "2015-12-31": "11.08710", "2014-12-31": "11.01450", "2013-12-31": "10.22910", "2012-12-31": "6.29020", "2011-12-31": "6.69870", "2010-12-31": "6.80280", "2009-12-31": "2.74640", "2008-12-31": "6.38250", "2007-12-31": "13.45100", "2006-12-31": "7.83100", "2005-12-31": "6.07810"}, "Return On Tangible Equity": {"2019-12-31": "-47.61850", "2018-12-31": "-222.44390", "2017-12-31": "144.00870", "2016-12-31": "1043.62100", "2015-12-31": "82.68450", "2014-12-31": "77.64550", "2013-12-31": "108.50760", "2012-12-31": "79.82060", "2011-12-31": "67.49370", "2010-12-31": "61.02550", "2009-12-31": "20.63900", "2008-12-31": "86.51860", "2007-12-31": "-215.37900", "2006-12-31": "-133.12190", "2005-12-31": "-31.56640"}, "ROA - Return On Assets": {"2019-12-31": "1.87160", "2018-12-31": "2.85070", "2017-12-31": "3.66610", "2016-12-31": "3.37410", "2015-12-31": "3.84510", "2014-12-31": "4.91200", "2013-12-31": "4.76530", "2012-12-31": "3.25400", "2011-12-31": "3.16380", "2010-12-31": "3.11480", "2009-12-31": "1.91850", "2008-12-31": "4.31490", "2007-12-31": "6.85870", "2006-12-31": "3.94730", "2005-12-31": "2.90060"}, "ROI - Return On Investment": {"2019-12-31": "3.25980", "2018-12-31": "5.32920", "2017-12-31": "7.33360", "2016-12-31": "6.15060", "2015-12-31": "5.94920", "2014-12-31": "6.33910", "2013-12-31": "6.22680", "2012-12-31": "4.02710", "2011-12-31": "3.89370", "2010-12-31": "3.84960", "2009-12-31": "2.50160", "2008-12-31": "5.64480", "2007-12-31": "11.10400", "2006-12-31": "6.72280", "2005-12-31": "4.55210"}, "Book Value Per Share": {"2019-12-31": "31.58680", "2018-12-31": "22.50370", "2017-12-31": "21.99850", "2016-12-31": "18.85040", "2015-12-31": "20.82800", "2014-12-31": "21.21380", "2013-12-31": "20.72800", "2012-12-31": "20.50070", "2011-12-31": "20.48790", "2010-12-31": "20.34540", "2009-12-31": "17.66530", "2008-12-31": "15.46230", "2007-12-31": "15.51830", "2006-12-31": "7.23730", "2005-12-31": ""}, "Operating Cash Flow Per Share": {"2019-12-31": 0.5256, "2018-12-31": -0.8154, "2017-12-31": 1.2014, "2016-12-31": -1.0737, "2015-12-31": -0.1396, "2014-12-31": 1.0355, "2013-12-31": -0.0044, "2012-12-31": -0.2708, "2011-12-31": 1.2575, "2010-12-31": -0.0375, "2009-12-31": -0.4605, "2008-12-31": -0.9059, "2007-12-31": 1.1, "2006-12-31": 0.3601, "2005-12-31": 0.7625}, "Free Cash Flow Per Share": {"2019-12-31": 0.492, "2018-12-31": -0.7914, "2017-12-31": 1.2955, "2016-12-31": -1.1428, "2015-12-31": -0.1223, "2014-12-31": 0.9243, "2013-12-31": 0.0095, "2012-12-31": -0.2851, "2011-12-31": 1.2478, "2010-12-31": -0.1538, "2009-12-31": -0.3275, "2008-12-31": -1.0564, "2007-12-31": 1.1274, "2006-12-31": 0.3639, "2005-12-31": 0.6716}}, "financial ratios, quarterly": {"Current Ratio": {"2020-09-30": "1.76180", "2020-06-30": "1.75600", "2020-03-31": "1.70870", "2019-12-31": "1.60620", "2019-09-30": "1.57340", "2019-06-30": "1.44600", "2019-03-31": "1.51570", "2018-12-31": "1.58310", "2018-09-30": "1.55090", "2018-06-30": "1.50920", "2018-03-31": "1.53670", "2017-12-31": "1.50420", "2017-09-30": "1.50380", "2017-06-30": "1.54240", "2017-03-31": "1.63340", "2016-12-31": "1.70490", "2016-09-30": "1.69340", "2016-06-30": "1.66950", "2016-03-31": "1.68620", "2015-12-31": "2.09020", "2015-09-30": "2.12640", "2015-06-30": "2.46510", "2015-03-31": "2.68530", "2014-12-31": "3.15160", "2014-09-30": "3.05230", "2014-06-30": "2.82080", "2014-03-31": "2.55470", "2013-12-31": "2.83790", "2013-09-30": "2.59010", "2013-06-30": "1.46330", "2013-03-31": "1.49150", "2012-12-31": "2.84250", "2012-09-30": "1.30660", "2012-06-30": "1.34800", "2012-03-31": "1.18960", "2011-12-31": "1.28900", "2011-09-30": "1.27920", "2011-06-30": "1.32520", "2011-03-31": "1.32300", "2010-12-31": "1.30940", "2010-09-30": "1.25630", "2010-06-30": "1.31820", "2010-03-31": "1.34960", "2009-12-31": "1.35790", "2009-09-30": "1.29740", "2009-06-30": "1.26900", "2009-03-31": "1.13160", "2008-12-31": "1.12860", "2008-09-30": "1.27760", "2008-06-30": "1.22790", "2008-03-31": "1.22800", "2007-12-31": "1.14490", "2007-09-30": "1.13710", "2007-06-30": "1.09520", "2007-03-31": "1.08970", "2006-12-31": "1.10210", "2006-09-30": "0.97940", "2006-06-30": "0.98110", "2006-03-31": "0.94550", "2005-12-31": "1.07250", "2005-09-30": "1.09890", "2005-06-30": "1.11150", "2005-03-31": "1.11690"}, "Long-term Debt / Capital": {"2020-09-30": "0.37740", "2020-06-30": "0.38260", "2020-03-31": "0.38590", "2019-12-31": "0.36740", "2019-09-30": "0.35790", "2019-06-30": "0.33700", "2019-03-31": "0.46170", "2018-12-31": "0.46070", "2018-09-30": "0.45030", "2018-06-30": "0.46590", "2018-03-31": "0.41720", "2017-12-31": "0.43430", "2017-09-30": "0.42810", "2017-06-30": "0.42350", "2017-03-31": "0.44840", "2016-12-31": "0.46080", "2016-09-30": "0.43130", "2016-06-30": "0.42020", "2016-03-31": "0.39200", "2015-12-31": "0.46340", "2015-09-30": "0.45380", "2015-06-30": "0.43620", "2015-03-31": "0.44380", "2014-12-31": "0.42450", "2014-09-30": "0.40800", "2014-06-30": "0.38720", "2014-03-31": "0.41630", "2013-12-31": "0.39130", "2013-09-30": "0.37150", "2013-06-30": "0.37640", "2013-03-31": "0.39350", "2012-12-31": "0.35980", "2012-09-30": "0.34320", "2012-06-30": "0.39990", "2012-03-31": "0.40130", "2011-12-31": "0.41870", "2011-09-30": "0.43980", "2011-06-30": "0.45440", "2011-03-31": "0.44750", "2010-12-31": "0.43410", "2010-09-30": "0.44310", "2010-06-30": "0.43530", "2010-03-31": "0.42300", "2009-12-31": "0.08910", "2009-09-30": "0.09130", "2009-06-30": "0.09380", "2009-03-31": "0.11780", "2008-12-31": "0.11560", "2008-09-30": "0.17200", "2008-06-30": "0.16670", "2008-03-31": "0.20300", "2007-12-31": "0.17450", "2007-09-30": "0.18590", "2007-06-30": "0.19640", "2007-03-31": "0.22840", "2006-12-31": "0.14150", "2006-09-30": "0.18990", "2006-06-30": "0.20440", "2006-03-31": "0.19430", "2005-12-31": "0.25100", "2005-09-30": "0.23960", "2005-06-30": "0.24970", "2005-03-31": "0.24830"}, "Debt/Equity Ratio": {"2020-09-30": "0.60620", "2020-06-30": "0.61960", "2020-03-31": "0.62840", "2019-12-31": "0.58070", "2019-09-30": "0.55730", "2019-06-30": "0.50840", "2019-03-31": "0.85770", "2018-12-31": "0.85440", "2018-09-30": "0.81930", "2018-06-30": "0.87240", "2018-03-31": "0.71590", "2017-12-31": "0.76770", "2017-09-30": "0.74850", "2017-06-30": "0.73460", "2017-03-31": "0.81280", "2016-12-31": "0.85470", "2016-09-30": "0.75830", "2016-06-30": "0.72470", "2016-03-31": "0.64480", "2015-12-31": "0.86360", "2015-09-30": "0.83100", "2015-06-30": "0.77380", "2015-03-31": "0.79800", "2014-12-31": "0.73760", "2014-09-30": "0.68930", "2014-06-30": "0.63180", "2014-03-31": "0.71320", "2013-12-31": "0.64280", "2013-09-30": "0.59110", "2013-06-30": "0.62710", "2013-03-31": "0.64890", "2012-12-31": "0.56200", "2012-09-30": "0.55890", "2012-06-30": "0.70310", "2012-03-31": "0.73030", "2011-12-31": "0.74390", "2011-09-30": "0.80910", "2011-06-30": "0.85630", "2011-03-31": "0.80990", "2010-12-31": "0.76710", "2010-09-30": "0.79560", "2010-06-30": "0.77100", "2010-03-31": "0.73300", "2009-12-31": "0.09790", "2009-09-30": "0.14010", "2009-06-30": "0.14440", "2009-03-31": "0.18100", "2008-12-31": "0.17570", "2008-09-30": "0.20770", "2008-06-30": "0.20010", "2008-03-31": "0.25470", "2007-12-31": "0.21140", "2007-09-30": "0.22840", "2007-06-30": "0.24440", "2007-03-31": "0.29610", "2006-12-31": "0.21350", "2006-09-30": "0.31090", "2006-06-30": "0.33840", "2006-03-31": "0.32660", "2005-12-31": "0.33800", "2005-09-30": "0.31500", "2005-06-30": "0.33270", "2005-03-31": "0.35210"}, "Gross Margin": {"2020-09-30": "67.89530", "2020-06-30": "68.71040", "2020-03-31": "67.78410", "2019-12-31": "69.69820", "2019-09-30": "68.31920", "2019-06-30": "68.61190", "2019-03-31": "69.70200", "2018-12-31": "70.36390", "2018-09-30": "69.59310", "2018-06-30": "69.94710", "2018-03-31": "69.08840", "2017-12-31": "71.58330", "2017-09-30": "71.56310", "2017-06-30": "70.83070", "2017-03-31": "70.71110", "2016-12-31": "70.74580", "2016-09-30": "69.86520", "2016-06-30": "70.70790", "2016-03-31": "69.77450", "2015-12-31": "69.73460", "2015-09-30": "69.19510", "2015-06-30": "68.64430", "2015-03-31": "69.10030", "2014-12-31": "69.10000", "2014-09-30": "67.94810", "2014-06-30": "68.16810", "2014-03-31": "68.06620", "2013-12-31": "67.65980", "2013-09-30": "67.49450", "2013-06-30": "67.76750", "2013-03-31": "68.88150", "2012-12-31": "65.78840", "2012-09-30": "67.82720", "2012-06-30": "67.85500", "2012-03-31": "69.32380", "2011-12-31": "66.33230", "2011-09-30": "68.49070", "2011-06-30": "68.05610", "2011-03-31": "68.41240", "2010-12-31": "68.08950", "2010-09-30": "69.39460", "2010-06-30": "69.72050", "2010-03-31": "72.79930", "2009-12-31": "68.03960", "2009-09-30": "74.00110", "2009-06-30": "73.39630", "2009-03-31": "72.98580", "2008-12-31": "74.36950", "2008-09-30": "73.29550", "2008-06-30": "73.82430", "2008-03-31": "72.85810", "2007-12-31": "72.15320", "2007-09-30": "72.27110", "2007-06-30": "73.13590", "2007-03-31": "74.18350", "2006-12-31": "100.00610", "2006-09-30": "74.19440", "2006-06-30": "99.99970", "2006-03-31": "99.99850", "2005-12-31": "187.67160", "2005-09-30": "55.99030", "2005-06-30": "55.00210", "2005-03-31": "99.48190"}, "Operating Margin": {"2020-09-30": "17.92870", "2020-06-30": "8.25230", "2020-03-31": "19.82610", "2019-12-31": "18.05140", "2019-09-30": "15.98860", "2019-06-30": "1.27140", "2019-03-31": "16.48280", "2018-12-31": "18.34540", "2018-09-30": "24.00510", "2018-06-30": "24.34960", "2018-03-31": "23.68340", "2017-12-31": "24.90550", "2017-09-30": "26.93430", "2017-06-30": "25.37470", "2017-03-31": "21.62500", "2016-12-31": "22.61660", "2016-09-30": "25.49100", "2016-06-30": "25.34890", "2016-03-31": "23.88790", "2015-12-31": "24.48980", "2015-09-30": "27.69530", "2015-06-30": "27.61550", "2015-03-31": "26.17680", "2014-12-31": "27.27350", "2014-09-30": "25.14110", "2014-06-30": "27.50600", "2014-03-31": "19.24380", "2013-12-31": "23.94090", "2013-09-30": "24.40690", "2013-06-30": "24.12150", "2013-03-31": "24.00650", "2012-12-31": "19.79430", "2012-09-30": "20.80090", "2012-06-30": "20.35040", "2012-03-31": "22.23080", "2011-12-31": "22.04690", "2011-09-30": "22.83020", "2011-06-30": "21.77570", "2011-03-31": "21.97020", "2010-12-31": "19.31940", "2010-09-30": "19.19000", "2010-06-30": "9.07240", "2010-03-31": "19.03770", "2009-12-31": "21.46300", "2009-09-30": "21.47920", "2009-06-30": "17.66120", "2009-03-31": "11.26500", "2008-12-31": "13.31970", "2008-09-30": "23.59770", "2008-06-30": "25.65200", "2008-03-31": "25.05490", "2007-12-31": "23.81980", "2007-09-30": "26.26460", "2007-06-30": "26.76200", "2007-03-31": "25.78320", "2006-12-31": "4.07600", "2006-09-30": "19.81550", "2006-06-30": "-1.44850", "2006-03-31": "-2.09220", "2005-12-31": "-173.27080", "2005-09-30": "55.84380", "2005-06-30": "58.46040", "2005-03-31": "24.46030"}, "EBIT Margin": {"2020-09-30": "17.92870", "2020-06-30": "8.25230", "2020-03-31": "19.82610", "2019-12-31": "18.05140", "2019-09-30": "15.98860", "2019-06-30": "1.27140", "2019-03-31": "16.48280", "2018-12-31": "18.34540", "2018-09-30": "24.00510", "2018-06-30": "24.34960", "2018-03-31": "23.68340", "2017-12-31": "24.90550", "2017-09-30": "26.93430", "2017-06-30": "25.37470", "2017-03-31": "21.62500", "2016-12-31": "22.61660", "2016-09-30": "25.49100", "2016-06-30": "25.34890", "2016-03-31": "23.88790", "2015-12-31": "24.48980", "2015-09-30": "27.69530", "2015-06-30": "27.61550", "2015-03-31": "26.17680", "2014-12-31": "27.27350", "2014-09-30": "25.14110", "2014-06-30": "27.50600", "2014-03-31": "19.24380", "2013-12-31": "23.94090", "2013-09-30": "24.40690", "2013-06-30": "24.12150", "2013-03-31": "24.00650", "2012-12-31": "19.79430", "2012-09-30": "20.80090", "2012-06-30": "20.35040", "2012-03-31": "22.23080", "2011-12-31": "22.04690", "2011-09-30": "22.83020", "2011-06-30": "21.77570", "2011-03-31": "21.97020", "2010-12-31": "19.31940", "2010-09-30": "19.19000", "2010-06-30": "9.07240", "2010-03-31": "19.03770", "2009-12-31": "21.46300", "2009-09-30": "21.47920", "2009-06-30": "17.66120", "2009-03-31": "11.26500", "2008-12-31": "13.31970", "2008-09-30": "23.59770", "2008-06-30": "25.65200", "2008-03-31": "25.05490", "2007-12-31": "23.81980", "2007-09-30": "26.26460", "2007-06-30": "26.76200", "2007-03-31": "25.78320", "2006-12-31": "4.07600", "2006-09-30": "19.81550", "2006-06-30": "-1.44850", "2006-03-31": "-2.09220", "2005-12-31": "-173.27080", "2005-09-30": "55.84380", "2005-06-30": "58.46040", "2005-03-31": "24.46030"}, "EBITDA Margin": {"2020-09-30": "", "2020-06-30": "", "2020-03-31": "", "2019-12-31": "", "2019-09-30": "", "2019-06-30": "", "2019-03-31": "", "2018-12-31": "", "2018-09-30": "", "2018-06-30": "", "2018-03-31": "", "2017-12-31": "", "2017-09-30": "", "2017-06-30": "", "2017-03-31": "", "2016-12-31": "", "2016-09-30": "", "2016-06-30": "", "2016-03-31": "", "2015-12-31": "", "2015-09-30": "", "2015-06-30": "", "2015-03-31": "", "2014-12-31": "", "2014-09-30": "", "2014-06-30": "", "2014-03-31": "", "2013-12-31": "", "2013-09-30": "", "2013-06-30": "", "2013-03-31": "", "2012-12-31": "", "2012-09-30": "", "2012-06-30": "", "2012-03-31": "", "2011-12-31": "", "2011-09-30": "", "2011-06-30": "", "2011-03-31": "", "2010-12-31": "", "2010-09-30": "", "2010-06-30": "", "2010-03-31": "", "2009-12-31": "", "2009-09-30": "", "2009-06-30": "", "2009-03-31": "", "2008-12-31": "", "2008-09-30": "", "2008-06-30": "", "2008-03-31": "", "2007-12-31": "", "2007-09-30": "", "2007-06-30": "", "2007-03-31": "", "2006-12-31": "", "2006-09-30": "", "2006-06-30": "", "2006-03-31": "", "2005-12-31": "", "2005-09-30": "", "2005-06-30": "", "2005-03-31": ""}, "Pre-Tax Profit Margin": {"2020-09-30": "25.81460", "2020-06-30": "7.42780", "2020-03-31": "11.09510", "2019-12-31": "18.53340", "2019-09-30": "18.40060", "2019-06-30": "5.31470", "2019-03-31": "21.14280", "2018-12-31": "11.78440", "2018-09-30": "25.51050", "2018-06-30": "23.09280", "2018-03-31": "24.60540", "2017-12-31": "29.03460", "2017-09-30": "29.73010", "2017-06-30": "27.28000", "2017-03-31": "24.30820", "2016-12-31": "26.03160", "2016-09-30": "28.77000", "2016-06-30": "26.92110", "2016-03-31": "19.99650", "2015-12-31": "22.72320", "2015-09-30": "26.83160", "2015-06-30": "26.81130", "2015-03-31": "29.83120", "2014-12-31": "25.58160", "2014-09-30": "26.47600", "2014-06-30": "32.83980", "2014-03-31": "23.45810", "2013-12-31": "27.63860", "2013-09-30": "29.27120", "2013-06-30": "25.69790", "2013-03-31": "25.33720", "2012-12-31": "16.59160", "2012-09-30": "22.29020", "2012-06-30": "29.21170", "2012-03-31": "14.35620", "2011-12-31": "41.69300", "2011-09-30": "14.28140", "2011-06-30": "19.14020", "2011-03-31": "17.02520", "2010-12-31": "20.65140", "2010-09-30": "8.59300", "2010-06-30": "34.93010", "2010-03-31": "36.79600", "2009-12-31": "24.39160", "2009-09-30": "21.02580", "2009-06-30": "10.27040", "2009-03-31": "-6.83560", "2008-12-31": "1.02460", "2008-09-30": "22.40090", "2008-06-30": "29.92730", "2008-03-31": "20.34270", "2007-12-31": "31.36550", "2007-09-30": "33.18660", "2007-06-30": "33.88150", "2007-03-31": "29.67120", "2006-12-31": "37.88040", "2006-09-30": "19.01930", "2006-06-30": "31.32040", "2006-03-31": "29.39300", "2005-12-31": "21.88260", "2005-09-30": "12.50010", "2005-06-30": "11.21410", "2005-03-31": "20.54980"}, "Net Profit Margin": {"2020-09-30": "12.80050", "2020-06-30": "2.85410", "2020-03-31": "5.09730", "2019-12-31": "10.31670", "2019-09-30": "9.71170", "2019-06-30": "2.78590", "2019-03-31": "14.63030", "2018-12-31": "9.09310", "2018-09-30": "20.09240", "2018-06-30": "18.01410", "2018-03-31": "18.72700", "2017-12-31": "30.66300", "2017-09-30": "19.99700", "2017-06-30": "18.52680", "2017-03-31": "17.23970", "2016-12-31": "18.40630", "2016-09-30": "19.46570", "2016-06-30": "18.39580", "2016-03-31": "13.65020", "2015-12-31": "15.88290", "2015-09-30": "19.08130", "2015-06-30": "19.01980", "2015-03-31": "19.58040", "2014-12-31": "20.05950", "2014-09-30": "19.00080", "2014-06-30": "20.69150", "2014-03-31": "14.79320", "2013-12-31": "20.83910", "2013-09-30": "19.46580", "2013-06-30": "17.84240", "2013-03-31": "19.97840", "2012-12-31": "15.54360", "2012-09-30": "16.82610", "2012-06-30": "15.67530", "2012-03-31": "18.75790", "2011-12-31": "22.80210", "2011-09-30": "16.72680", "2011-06-30": "17.10280", "2011-03-31": "17.27830", "2010-12-31": "17.03450", "2010-09-30": "16.23130", "2010-06-30": "5.18420", "2010-03-31": "13.21100", "2009-12-31": "14.83020", "2009-09-30": "14.90510", "2009-06-30": "12.11010", "2009-03-31": "5.59610", "2008-12-31": "5.02840", "2008-09-30": "15.93330", "2008-06-30": "17.40060", "2008-03-31": "17.04750", "2007-12-31": "17.19290", "2007-09-30": "17.10010", "2007-06-30": "17.92650", "2007-03-31": "17.24060", "2006-12-31": "24.95040", "2006-09-30": "12.89020", "2006-06-30": "19.90660", "2006-03-31": "18.41590", "2005-12-31": "-0.91180", "2005-09-30": "14.04700", "2005-06-30": "13.03610", "2005-03-31": "13.27510"}, "Asset Turnover": {"2020-09-30": "0.04160", "2020-06-30": "0.03990", "2020-03-31": "0.04320", "2019-12-31": "0.04420", "2019-09-30": "0.04540", "2019-06-30": "0.03740", "2019-03-31": "0.03770", "2018-12-31": "0.04050", "2018-09-30": "0.04130", "2018-06-30": "0.04190", "2018-03-31": "0.04290", "2017-12-31": "0.04340", "2017-09-30": "0.04400", "2017-06-30": "0.04440", "2017-03-31": "0.04480", "2016-12-31": "0.04640", "2016-09-30": "0.04980", "2016-06-30": "0.05060", "2016-03-31": "0.05070", "2015-12-31": "0.04940", "2015-09-30": "0.05100", "2015-06-30": "0.05760", "2015-03-31": "0.05880", "2014-12-31": "0.06240", "2014-09-30": "0.06530", "2014-06-30": "0.06480", "2014-03-31": "0.06240", "2013-12-31": "0.06360", "2013-09-30": "0.06250", "2013-06-30": "0.06260", "2013-03-31": "0.06000", "2012-12-31": "0.05840", "2012-09-30": "0.05680", "2012-06-30": "0.05270", "2012-03-31": "0.05350", "2011-12-31": "0.04590", "2011-09-30": "0.05060", "2011-06-30": "0.05120", "2011-03-31": "0.04860", "2010-12-31": "0.05030", "2010-09-30": "0.04780", "2010-06-30": "0.04160", "2010-03-31": "0.04280", "2009-12-31": "0.06850", "2009-09-30": "0.06450", "2009-06-30": "0.05910", "2009-03-31": "0.05900", "2008-12-31": "0.06500", "2008-09-30": "0.07190", "2008-06-30": "0.07640", "2008-03-31": "0.07070", "2007-12-31": "0.07920", "2007-09-30": "0.09160", "2007-06-30": "0.09740", "2007-03-31": "0.09050", "2006-12-31": "0.05360", "2006-09-30": "0.08860", "2006-06-30": "0.07430", "2006-03-31": "0.07300", "2005-12-31": "0.07280", "2005-09-30": "0.12300", "2005-06-30": "0.13450", "2005-03-31": "0.07250"}, "Inventory Turnover Ratio": {"2020-09-30": "", "2020-06-30": "", "2020-03-31": "", "2019-12-31": "", "2019-09-30": "", "2019-06-30": "", "2019-03-31": "", "2018-12-31": "", "2018-09-30": "", "2018-06-30": "", "2018-03-31": "", "2017-12-31": "", "2017-09-30": "", "2017-06-30": "", "2017-03-31": "", "2016-12-31": "", "2016-09-30": "", "2016-06-30": "", "2016-03-31": "", "2015-12-31": "", "2015-09-30": "", "2015-06-30": "", "2015-03-31": "", "2014-12-31": "", "2014-09-30": "", "2014-06-30": "", "2014-03-31": "", "2013-12-31": "", "2013-09-30": "", "2013-06-30": "", "2013-03-31": "", "2012-12-31": "", "2012-09-30": "", "2012-06-30": "", "2012-03-31": "", "2011-12-31": "", "2011-09-30": "", "2011-06-30": "", "2011-03-31": "", "2010-12-31": "", "2010-09-30": "", "2010-06-30": "", "2010-03-31": "", "2009-12-31": "", "2009-09-30": "", "2009-06-30": "", "2009-03-31": "", "2008-12-31": "", "2008-09-30": "", "2008-06-30": "", "2008-03-31": "", "2007-12-31": "", "2007-09-30": "", "2007-06-30": "", "2007-03-31": "", "2006-12-31": "", "2006-09-30": "", "2006-06-30": "", "2006-03-31": "", "2005-12-31": "", "2005-09-30": "", "2005-06-30": "", "2005-03-31": ""}, "Receiveable Turnover": {"2020-09-30": "1.26750", "2020-06-30": "1.32140", "2020-03-31": "1.25500", "2019-12-31": "1.46310", "2019-09-30": "1.44430", "2019-06-30": "1.24030", "2019-03-31": "0.99960", "2018-12-31": "1.38610", "2018-09-30": "0.91540", "2018-06-30": "0.80810", "2018-03-31": "0.85270", "2017-12-31": "0.88870", "2017-09-30": "0.92380", "2017-06-30": "0.75780", "2017-03-31": "0.73920", "2016-12-31": "0.90280", "2016-09-30": "0.95120", "2016-06-30": "0.62560", "2016-03-31": "0.71310", "2015-12-31": "0.97780", "2015-09-30": "0.77440", "2015-06-30": "0.75050", "2015-03-31": "0.64430", "2014-12-31": "0.88680", "2014-09-30": "0.79460", "2014-06-30": "0.69040", "2014-03-31": "0.57060", "2013-12-31": "0.82140", "2013-09-30": "0.76050", "2013-06-30": "0.68540", "2013-03-31": "0.73150", "2012-12-31": "0.94220", "2012-09-30": "0.95610", "2012-06-30": "0.98160", "2012-03-31": "0.80890", "2011-12-31": "0.91720", "2011-09-30": "0.88590", "2011-06-30": "0.84290", "2011-03-31": "0.67910", "2010-12-31": "0.93760", "2010-09-30": "0.59520", "2010-06-30": "0.70790", "2010-03-31": "0.63740", "2009-12-31": "1.11210", "2009-09-30": "0.87600", "2009-06-30": "0.78050", "2009-03-31": "0.81990", "2008-12-31": "1.16830", "2008-09-30": "1.05600", "2008-06-30": "0.97390", "2008-03-31": "0.79420", "2007-12-31": "1.04560", "2007-09-30": "0.66000", "2007-06-30": "0.73700", "2007-03-31": "0.58530", "2006-12-31": "0.81410", "2006-09-30": "0.68180", "2006-06-30": "0.59160", "2006-03-31": "0.46130", "2005-12-31": "0.73610", "2005-09-30": "0.91850", "2005-06-30": "0.93300", "2005-03-31": "0.26770"}, "Days Sales In Receivables": {"2020-09-30": "71.00360", "2020-06-30": "68.11210", "2020-03-31": "71.71180", "2019-12-31": "61.51480", "2019-09-30": "62.31370", "2019-06-30": "72.56150", "2019-03-31": "90.03710", "2018-12-31": "64.93270", "2018-09-30": "98.31720", "2018-06-30": "111.37220", "2018-03-31": "105.55320", "2017-12-31": "101.26640", "2017-09-30": "97.42100", "2017-06-30": "118.76350", "2017-03-31": "121.74830", "2016-12-31": "99.68780", "2016-09-30": "94.62140", "2016-06-30": "143.86830", "2016-03-31": "126.20530", "2015-12-31": "92.04730", "2015-09-30": "116.22620", "2015-06-30": "119.92030", "2015-03-31": "139.68950", "2014-12-31": "101.48350", "2014-09-30": "113.25860", "2014-06-30": "130.35660", "2014-03-31": "157.73930", "2013-12-31": "109.57060", "2013-09-30": "118.34870", "2013-06-30": "131.31040", "2013-03-31": "123.03180", "2012-12-31": "95.51810", "2012-09-30": "94.12760", "2012-06-30": "91.68670", "2012-03-31": "111.26150", "2011-12-31": "98.12560", "2011-09-30": "101.59050", "2011-06-30": "106.77200", "2011-03-31": "132.52510", "2010-12-31": "95.98540", "2010-09-30": "151.19920", "2010-06-30": "127.13210", "2010-03-31": "141.18900", "2009-12-31": "80.92540", "2009-09-30": "102.73870", "2009-06-30": "115.31120", "2009-03-31": "109.76850", "2008-12-31": "77.03340", "2008-09-30": "85.22370", "2008-06-30": "92.41450", "2008-03-31": "113.32050", "2007-12-31": "86.07660", "2007-09-30": "136.35470", "2007-06-30": "122.11130", "2007-03-31": "153.76580", "2006-12-31": "110.54630", "2006-09-30": "132.00300", "2006-06-30": "152.12020", "2006-03-31": "195.08150", "2005-12-31": "122.27250", "2005-09-30": "97.98380", "2005-06-30": "96.45930", "2005-03-31": "336.23380"}, "ROE - Return On Equity": {"2020-09-30": "2.85010", "2020-06-30": "0.62270", "2020-03-31": "1.20820", "2019-12-31": "2.35360", "2019-09-30": "2.43790", "2019-06-30": "0.60260", "2019-03-31": "2.11560", "2018-12-31": "1.06090", "2018-09-30": "3.01760", "2018-06-30": "2.64770", "2018-03-31": "2.88570", "2017-12-31": "4.71880", "2017-09-30": "3.21210", "2017-06-30": "3.05360", "2017-03-31": "2.73450", "2016-12-31": "2.86530", "2016-09-30": "3.27060", "2016-06-30": "3.05950", "2016-03-31": "1.98180", "2015-12-31": "2.24020", "2015-09-30": "2.72480", "2015-06-30": "2.68570", "2015-03-31": "3.20080", "2014-12-31": "2.48800", "2014-09-30": "2.75960", "2014-06-30": "3.39590", "2014-03-31": "2.34460", "2013-12-31": "2.94520", "2013-09-30": "2.74250", "2013-06-30": "2.37950", "2013-03-31": "2.21170", "2012-12-31": "1.27200", "2012-09-30": "1.67110", "2012-06-30": "2.47400", "2012-03-31": "0.81890", "2011-12-31": "3.28310", "2011-09-30": "0.93000", "2011-06-30": "1.40690", "2011-03-31": "1.05490", "2010-12-31": "1.67400", "2010-09-30": "0.30970", "2010-06-30": "2.70060", "2010-03-31": "2.68090", "2009-12-31": "1.76100", "2009-09-30": "1.41030", "2009-06-30": "0.39150", "2009-03-31": "-0.90840", "2008-12-31": "-0.44420", "2008-09-30": "2.13790", "2008-06-30": "3.03460", "2008-03-31": "1.69590", "2007-12-31": "5.89930", "2007-09-30": "3.33670", "2007-06-30": "3.75260", "2007-03-31": "3.55050", "2006-12-31": "2.65250", "2006-09-30": "2.49750", "2006-06-30": "3.07780", "2006-03-31": "2.97050", "2005-12-31": "-0.13900", "2005-09-30": "3.65780", "2005-06-30": "3.58150", "2005-03-31": "1.95740"}, "Return On Tangible Equity": {"2020-09-30": "-17.39570", "2020-06-30": "-3.15730", "2020-03-31": "-6.22790", "2019-12-31": "-15.65770", "2019-09-30": "-14.20040", "2019-06-30": "-4.22660", "2019-03-31": "-51.55540", "2018-12-31": "-23.87920", "2018-09-30": "-188.47280", "2018-06-30": "-73.34730", "2018-03-31": "25.83790", "2017-12-31": "52.41870", "2017-09-30": "66.29630", "2017-06-30": "49.18230", "2017-03-31": "80.98270", "2016-12-31": "262.13720", "2016-09-30": "147.23920", "2016-06-30": "2210.24000", "2016-03-31": "51.08460", "2015-12-31": "16.70670", "2015-09-30": "19.63550", "2015-06-30": "19.12980", "2015-03-31": "24.13530", "2014-12-31": "17.53880", "2014-09-30": "21.61470", "2014-06-30": "27.66270", "2014-03-31": "25.02390", "2013-12-31": "31.24190", "2013-09-30": "26.26550", "2013-06-30": "28.00480", "2013-03-31": "29.22270", "2012-12-31": "16.14080", "2012-09-30": "17.83680", "2012-06-30": "25.05550", "2012-03-31": "9.07880", "2011-12-31": "33.07970", "2011-09-30": "10.33970", "2011-06-30": "16.40880", "2011-03-31": "9.82590", "2010-12-31": "15.01680", "2010-09-30": "4.37770", "2010-06-30": "29.46560", "2010-03-31": "14.90410", "2009-12-31": "13.23340", "2009-09-30": "11.59210", "2009-06-30": "3.59050", "2009-03-31": "-18.09640", "2008-12-31": "-6.02140", "2008-09-30": "-40.62690", "2008-06-30": "-61.64130", "2008-03-31": "-26.10120", "2007-12-31": "-94.46060", "2007-09-30": "-36.93060", "2007-06-30": "-26.84310", "2007-03-31": "-18.57790", "2006-12-31": "-45.09100", "2006-09-30": "-12.33230", "2006-06-30": "-18.47150", "2006-03-31": "-15.56000", "2005-12-31": "0.72210", "2005-09-30": "-20.07620", "2005-06-30": "-16.28660", "2005-03-31": "-9.19240"}, "ROA - Return On Assets": {"2020-09-30": "0.81780", "2020-06-30": "0.17430", "2020-03-31": "0.32420", "2019-12-31": "0.61540", "2019-09-30": "0.64030", "2019-06-30": "0.16100", "2019-03-31": "0.59180", "2018-12-31": "0.30600", "2018-09-30": "0.86510", "2018-06-30": "0.74520", "2018-03-31": "0.83870", "2017-12-31": "1.33440", "2017-09-30": "0.90410", "2017-06-30": "0.88360", "2017-03-31": "0.80530", "2016-12-31": "0.84750", "2016-09-30": "1.06020", "2016-06-30": "1.00630", "2016-03-31": "0.69640", "2015-12-31": "0.77690", "2015-09-30": "0.96670", "2015-06-30": "1.06560", "2015-03-31": "1.29320", "2014-12-31": "1.10950", "2014-09-30": "1.25590", "2014-06-30": "1.59100", "2014-03-31": "1.02620", "2013-12-31": "1.37200", "2013-09-30": "1.33290", "2013-06-30": "1.14840", "2013-03-31": "1.05480", "2012-12-31": "0.65800", "2012-09-30": "0.86050", "2012-06-30": "1.21210", "2012-03-31": "0.38700", "2011-12-31": "1.55060", "2011-09-30": "0.42250", "2011-06-30": "0.61870", "2011-03-31": "0.46980", "2010-12-31": "0.76650", "2010-09-30": "0.13740", "2010-06-30": "1.26010", "2010-03-31": "1.27740", "2009-12-31": "1.23010", "2009-09-30": "0.95620", "2009-06-30": "0.26660", "2009-03-31": "-0.62110", "2008-12-31": "-0.30030", "2008-09-30": "1.18350", "2008-06-30": "1.65560", "2008-03-31": "0.86480", "2007-12-31": "3.00810", "2007-09-30": "1.56550", "2007-06-30": "1.74650", "2007-03-31": "1.56000", "2006-12-31": "1.33700", "2006-09-30": "1.14180", "2006-06-30": "1.47860", "2006-03-31": "1.34450", "2005-12-31": "-0.06640", "2005-09-30": "1.72740", "2005-06-30": "1.75340", "2005-03-31": "0.96270"}, "ROI - Return On Investment": {"2020-09-30": "1.27860", "2020-06-30": "0.27410", "2020-03-31": "0.52850", "2019-12-31": "1.07190", "2019-09-30": "1.11580", "2019-06-30": "0.28740", "2019-03-31": "1.13880", "2018-12-31": "0.57210", "2018-09-30": "1.65860", "2018-06-30": "1.41410", "2018-03-31": "1.68180", "2017-12-31": "2.66940", "2017-09-30": "1.83710", "2017-06-30": "1.76040", "2017-03-31": "1.50850", "2016-12-31": "1.54490", "2016-09-30": "1.86010", "2016-06-30": "1.77390", "2016-03-31": "1.20490", "2015-12-31": "1.20210", "2015-09-30": "1.48810", "2015-06-30": "1.51410", "2015-03-31": "1.78020", "2014-12-31": "1.43190", "2014-09-30": "1.63360", "2014-06-30": "2.08110", "2014-03-31": "1.36860", "2013-12-31": "1.79280", "2013-09-30": "1.72360", "2013-06-30": "1.48380", "2013-03-31": "1.34130", "2012-12-31": "0.81430", "2012-09-30": "1.09750", "2012-06-30": "1.48450", "2012-03-31": "0.49030", "2011-12-31": "1.90840", "2011-09-30": "0.52100", "2011-06-30": "0.76750", "2011-03-31": "0.58290", "2010-12-31": "0.94730", "2010-09-30": "0.17250", "2010-06-30": "1.52490", "2010-03-31": "1.54700", "2009-12-31": "1.60400", "2009-09-30": "1.28150", "2009-06-30": "0.35480", "2009-03-31": "-0.80130", "2008-12-31": "-0.39290", "2008-09-30": "1.77030", "2008-06-30": "2.52870", "2008-03-31": "1.35160", "2007-12-31": "4.87000", "2007-09-30": "2.71620", "2007-06-30": "3.01570", "2007-03-31": "2.73950", "2006-12-31": "2.27720", "2006-09-30": "2.02320", "2006-06-30": "2.44860", "2006-03-31": "2.39350", "2005-12-31": "-0.10410", "2005-09-30": "2.78150", "2005-06-30": "2.68730", "2005-03-31": "1.47140"}, "Book Value Per Share": {"2020-09-30": "31.24450", "2020-06-30": "30.41750", "2020-03-31": "30.38220", "2019-12-31": "31.58680", "2019-09-30": "30.75920", "2019-06-30": "30.43790", "2019-03-31": "22.47850", "2018-12-31": "22.50370", "2018-09-30": "22.65690", "2018-06-30": "22.24000", "2018-03-31": "22.37100", "2017-12-31": "21.99850", "2017-09-30": "20.99930", "2017-06-30": "20.08850", "2017-03-31": "19.25570", "2016-12-31": "18.85040", "2016-09-30": "19.15370", "2016-06-30": "18.85850", "2016-03-31": "19.08100", "2015-12-31": "20.82800", "2015-09-30": "20.89130", "2015-06-30": "21.19220", "2015-03-31": "20.60090", "2014-12-31": "21.21380", "2014-09-30": "21.21430", "2014-06-30": "21.59580", "2014-03-31": "20.58120", "2013-12-31": "20.72800", "2013-09-30": "20.57630", "2013-06-30": "19.76970", "2013-03-31": "19.88120", "2012-12-31": "20.50070", "2012-09-30": "20.71490", "2012-06-30": "20.48250", "2012-03-31": "20.37930", "2011-12-31": "20.48790", "2011-09-30": "19.88360", "2011-06-30": "20.39880", "2011-03-31": "20.37050", "2010-12-31": "20.34540", "2010-09-30": "19.14760", "2010-06-30": "18.84230", "2010-03-31": "18.33810", "2009-12-31": "17.66530", "2009-09-30": "17.31390", "2009-06-30": "15.67530", "2009-03-31": "14.91560", "2008-12-31": "15.46230", "2008-09-30": "14.92260", "2008-06-30": "15.66570", "2008-03-31": "15.39800", "2007-12-31": "15.51830", "2007-09-30": "5.98200", "2007-06-30": "", "2007-03-31": "", "2006-12-31": "7.23730", "2006-09-30": "", "2006-06-30": "", "2006-03-31": "", "2005-12-31": "", "2005-09-30": "", "2005-06-30": "", "2005-03-31": ""}, "Operating Cash Flow Per Share": {"2020-09-30": 0.8664, "2020-06-30": 0.7312, "2020-03-31": "-0.16780", "2019-12-31": 1.1013, "2019-09-30": 0.6327, "2019-06-30": 1.1004, "2019-03-31": "-0.29960", "2018-12-31": 0.4115, "2018-09-30": 0.6395, "2018-06-30": 1.085, "2018-03-31": "-0.12680", "2017-12-31": 0.9415, "2017-09-30": 0.92, "2017-06-30": 0.6435, "2017-03-31": "0.31960", "2016-12-31": 0.1705, "2016-09-30": 0.9274, "2016-06-30": 0.6042, "2016-03-31": "-0.07890", "2015-12-31": 1.3687, "2015-09-30": 0.2396, "2015-06-30": 1.2223, "2015-03-31": "-0.13370", "2014-12-31": 0.4319, "2014-09-30": 1.1079, "2014-06-30": 1.7978, "2014-03-31": "-0.50110", "2013-12-31": 0.4866, "2013-09-30": 0.7465, "2013-06-30": 1.6472, "2013-03-31": "-1.07930", "2012-12-31": 1.1038, "2012-09-30": 0.1587, "2012-06-30": 0.8901, "2012-03-31": "-0.34720", "2011-12-31": 0.6836, "2011-09-30": 1.0802, "2011-06-30": 0.535, "2011-03-31": "-0.22260", "2010-12-31": 0.0349, "2010-09-30": 0.9223, "2010-06-30": 0.2616, "2010-03-31": "-0.40010", "2009-12-31": 0.4875, "2009-09-30": 0.3754, "2009-06-30": 0.4434, "2009-03-31": "-0.45010", "2008-12-31": 0.4702, "2008-09-30": 0.6763, "2008-06-30": 0.5055, "2008-03-31": "-0.33530", "2007-12-31": 0.7152, "2007-09-30": 0.8243, "2007-06-30": 0.6753, "2007-03-31": "0.00780", "2006-12-31": 0.9554, "2006-09-30": 0.4525, "2006-06-30": 0.009, "2006-03-31": "-0.17540", "2005-12-31": 0.5236, "2005-09-30": 0.3637, "2005-06-30": 0.21, "2005-03-31": "0.06100"}, "Free Cash Flow Per Share": {"2020-09-30": 0.8095, "2020-06-30": 0.6711, "2020-03-31": "-0.20960", "2019-12-31": 0.9811, "2019-09-30": 0.5837, "2019-06-30": 1.04, "2019-03-31": "-0.35210", "2018-12-31": 0.3278, "2018-09-30": 0.5862, "2018-06-30": 1.0235, "2018-03-31": "-0.17680", "2017-12-31": 0.8705, "2017-09-30": 0.8691, "2017-06-30": 0.5614, "2017-03-31": "0.25110", "2016-12-31": 0.0568, "2016-09-30": 0.8351, "2016-06-30": 0.5074, "2016-03-31": "-0.14270", "2015-12-31": 1.2818, "2015-09-30": 0.1487, "2015-06-30": 1.1572, "2015-03-31": "-0.18830", "2014-12-31": 0.322, "2014-09-30": 1.0204, "2014-06-30": 1.7294, "2014-03-31": "-0.55010", "2013-12-31": 0.4323, "2013-09-30": 0.6868, "2013-06-30": 1.5979, "2013-03-31": "-1.11960", "2012-12-31": 1.036, "2012-09-30": 0.0893, "2012-06-30": 0.8489, "2012-03-31": "-0.38630", "2011-12-31": 0.5845, "2011-09-30": 1.0632, "2011-06-30": 0.492, "2011-03-31": "-0.26670", "2010-12-31": -0.0388, "2010-09-30": 0.8805, "2010-06-30": 0.2186, "2010-03-31": "-0.43510", "2009-12-31": 0.4489, "2009-09-30": 0.3771, "2009-06-30": 0.4156, "2009-03-31": "-0.46260", "2008-12-31": 0.4338, "2008-09-30": 0.6228, "2008-06-30": 0.4207, "2008-03-31": "-0.37080", "2007-12-31": 0.6871, "2007-09-30": 0.8034, "2007-06-30": 0.6846, "2007-03-31": "-0.01220", "2006-12-31": 0.9, "2006-09-30": 0.4677, "2006-06-30": -0.0158, "2006-03-31": "-0.19670", "2005-12-31": 0.4789, "2005-09-30": 0.3498, "2005-06-30": 0.2001, "2005-03-31": "0.04060"}}, "revenue": {"Invesco Annual Revenue (Millions of US $)": {"2020": "$6,146", "2019": "$6,117", "2018": "$5,314", "2017": "$5,160", "2016": "$4,734", "2015": "$5,123", "2014": "$5,147", "2013": "$4,645", "2012": "$4,050", "2011": "$3,982", "2010": "$3,488", "2009": "$2,627", "2008": "$3,308", "2007": "$3,879", "2006": "$3,247", "2005": "$2,873"}, "Invesco Quarterly Revenue (Millions of US $)": {"2020-12-31": "$1,630", "2020-09-30": "$1,498", "2020-06-30": "$1,419", "2020-03-31": "$1,599", "2019-12-31": "$1,743", "2019-09-30": "$1,721", "2019-06-30": "$1,439", "2019-03-31": "$1,215", "2018-12-31": "$1,256", "2018-09-30": "$1,342", "2018-06-30": "$1,361", "2018-03-31": "$1,356", "2017-12-31": "$1,376", "2017-09-30": "$1,338", "2017-06-30": "$1,254", "2017-03-31": "$1,193", "2016-12-31": "$1,195", "2016-09-30": "$1,202", "2016-06-30": "$1,189", "2016-03-31": "$1,149", "2015-12-31": "$1,240", "2015-09-30": "$1,274", "2015-06-30": "$1,318", "2015-03-31": "$1,292", "2014-12-31": "$1,277", "2014-09-30": "$1,311", "2014-06-30": "$1,290", "2014-03-31": "$1,270", "2013-12-31": "$1,225", "2013-09-30": "$1,172", "2013-06-30": "$1,136", "2013-03-31": "$1,112", "2012-12-31": "$1,021", "2012-09-30": "$1,014", "2012-06-30": "$982", "2012-03-31": "$1,034", "2011-12-31": "$887", "2011-09-30": "$998", "2011-06-30": "$1,070", "2011-03-31": "$1,027", "2010-12-31": "$1,029", "2010-09-30": "$953", "2010-06-30": "$787", "2010-03-31": "$719", "2009-12-31": "$748", "2009-09-30": "$706", "2009-06-30": "$625", "2009-03-31": "$549", "2008-12-31": "$634", "2008-09-30": "$827", "2008-06-30": "$936", "2008-03-31": "$910", "2007-12-31": "$1,023", "2007-09-30": "$977", "2007-06-30": "$979", "2007-03-31": "$900", "2006-12-31": "$655", "2006-09-30": "$791", "2006-06-30": "$588", "2006-03-31": "$584", "2005-12-31": "$551", "2005-09-30": "$541", "2005-06-30": "$537", "2005-03-31": "$543"}}, "gross-profit": {"Invesco Annual Gross Profit (Millions of US $)": {"2020": "$4,198", "2019": "$4,224", "2018": "$3,706", "2017": "$3,674", "2016": "$3,327", "2015": "$3,543", "2014": "$3,516", "2013": "$3,155", "2012": "$2,742", "2011": "$2,703", "2010": "$2,434", "2009": "$1,890", "2008": "$2,432", "2007": "$2,828", "2006": "$2,420", "2005": "$2,167"}, "Invesco Quarterly Gross Profit (Millions of US $)": {"2020-12-31": "$1,122", "2020-09-30": "$1,017", "2020-06-30": "$975", "2020-03-31": "$1,084", "2019-12-31": "$1,215", "2019-09-30": "$1,176", "2019-06-30": "$988", "2019-03-31": "$847", "2018-12-31": "$884", "2018-09-30": "$934", "2018-06-30": "$952", "2018-03-31": "$937", "2017-12-31": "$985", "2017-09-30": "$957", "2017-06-30": "$889", "2017-03-31": "$843", "2016-12-31": "$845", "2016-09-30": "$840", "2016-06-30": "$841", "2016-03-31": "$802", "2015-12-31": "$865", "2015-09-30": "$881", "2015-06-30": "$905", "2015-03-31": "$893", "2014-12-31": "$882", "2014-09-30": "$891", "2014-06-30": "$879", "2014-03-31": "$864", "2013-12-31": "$829", "2013-09-30": "$791", "2013-06-30": "$770", "2013-03-31": "$766", "2012-12-31": "$672", "2012-09-30": "$688", "2012-06-30": "$666", "2012-03-31": "$717", "2011-12-31": "$589", "2011-09-30": "$683", "2011-06-30": "$728", "2011-03-31": "$703", "2010-12-31": "$700", "2010-09-30": "$661", "2010-06-30": "$549", "2010-03-31": "$524", "2009-12-31": "$509", "2009-09-30": "$522", "2009-06-30": "$459", "2009-03-31": "$400", "2008-12-31": "$472", "2008-09-30": "$606", "2008-06-30": "$691", "2008-03-31": "$663", "2007-12-31": "$738", "2007-09-30": "$706", "2007-06-30": "$716", "2007-03-31": "$668", "2006-12-31": "$432", "2006-09-30": "$587", "2006-06-30": "$388", "2006-03-31": "$385", "2005-12-31": "$-155", "2005-09-30": "$541", "2005-06-30": "$537", "2005-03-31": "$543"}}, "operating-income": {"Invesco Annual Operating Income (Millions of US $)": {"2020": "$920", "2019": "$808", "2018": "$1,205", "2017": "$1,279", "2016": "$1,152", "2015": "$1,358", "2014": "$1,277", "2013": "$1,120", "2012": "$843", "2011": "$882", "2010": "$590", "2009": "$484", "2008": "$748", "2007": "$994", "2006": "$759", "2005": "$408"}, "Invesco Quarterly Operating Income (Millions of US $)": {"2020-12-31": "$218", "2020-09-30": "$269", "2020-06-30": "$117", "2020-03-31": "$317", "2019-12-31": "$315", "2019-09-30": "$275", "2019-06-30": "$18", "2019-03-31": "$200", "2018-12-31": "$230", "2018-09-30": "$322", "2018-06-30": "$331", "2018-03-31": "$321", "2017-12-31": "$343", "2017-09-30": "$360", "2017-06-30": "$318", "2017-03-31": "$258", "2016-12-31": "$270", "2016-09-30": "$306", "2016-06-30": "$302", "2016-03-31": "$274", "2015-12-31": "$304", "2015-09-30": "$353", "2015-06-30": "$364", "2015-03-31": "$338", "2014-12-31": "$348", "2014-09-30": "$330", "2014-06-30": "$355", "2014-03-31": "$244", "2013-12-31": "$293", "2013-09-30": "$286", "2013-06-30": "$274", "2013-03-31": "$267", "2012-12-31": "$202", "2012-09-30": "$211", "2012-06-30": "$200", "2012-03-31": "$230", "2011-12-31": "$196", "2011-09-30": "$228", "2011-06-30": "$233", "2011-03-31": "$226", "2010-12-31": "$199", "2010-09-30": "$183", "2010-06-30": "$71", "2010-03-31": "$137", "2009-12-31": "$161", "2009-09-30": "$152", "2009-06-30": "$110", "2009-03-31": "$62", "2008-12-31": "$85", "2008-09-30": "$195", "2008-06-30": "$240", "2008-03-31": "$228", "2007-12-31": "$244", "2007-09-30": "$257", "2007-06-30": "$262", "2007-03-31": "$232", "2006-12-31": "$27", "2006-09-30": "$157", "2006-06-30": "$-9", "2006-03-31": "$-12", "2005-12-31": "$-955", "2005-09-30": "$302", "2005-06-30": "$314", "2005-03-31": "$133"}}, "ebitda": {"Invesco Annual EBITDA (Millions of US $)": {"2019": "$986", "2018": "$1,347", "2017": "$1,396", "2016": "$1,254", "2015": "$1,452", "2014": "$1,366", "2013": "$1,209", "2012": "$938", "2011": "$1,000", "2010": "$687", "2009": "$562", "2008": "$815", "2007": "$1,078", "2006": "$827", "2005": "$502"}, "Invesco Quarterly EBITDA (Millions of US $)": {"2020-09-30": "$320", "2020-06-30": "$167", "2020-03-31": "$365", "2019-12-31": "$367", "2019-09-30": "$324", "2019-06-30": "$59", "2019-03-31": "$237", "2018-12-31": "$267", "2018-09-30": "$362", "2018-06-30": "$364", "2018-03-31": "$355", "2017-12-31": "$377", "2017-09-30": "$390", "2017-06-30": "$345", "2017-03-31": "$284", "2016-12-31": "$296", "2016-09-30": "$332", "2016-06-30": "$327", "2016-03-31": "$299", "2015-12-31": "$329", "2015-09-30": "$375", "2015-06-30": "$387", "2015-03-31": "$361", "2014-12-31": "$370", "2014-09-30": "$351", "2014-06-30": "$377", "2014-03-31": "$268", "2013-12-31": "$316", "2013-09-30": "$308", "2013-06-30": "$296", "2013-03-31": "$289", "2012-12-31": "$225", "2012-09-30": "$233", "2012-06-30": "$226", "2012-03-31": "$254", "2011-12-31": "$218", "2011-09-30": "$263", "2011-06-30": "$265", "2011-03-31": "$254", "2010-12-31": "$230", "2010-09-30": "$209", "2010-06-30": "$92", "2010-03-31": "$155", "2009-12-31": "$185", "2009-09-30": "$172", "2009-06-30": "$127", "2009-03-31": "$78", "2008-12-31": "$102", "2008-09-30": "$212", "2008-06-30": "$257", "2008-03-31": "$245", "2007-12-31": "$280", "2007-09-30": "$273", "2007-06-30": "$278", "2007-03-31": "$248", "2006-12-31": "$85", "2006-09-30": "$281", "2006-06-30": "$8", "2006-03-31": "$4", "2005-12-31": "$-894", "2005-09-30": "$312", "2005-06-30": "$337", "2005-03-31": "$133"}}, "net-income": {"Invesco Annual Net Income (Millions of US $)": {"2020": "$525", "2019": "$565", "2018": "$883", "2017": "$1,127", "2016": "$829", "2015": "$944", "2014": "$960", "2013": "$908", "2012": "$677", "2011": "$730", "2010": "$466", "2009": "$323", "2008": "$482", "2007": "$674", "2006": "$483", "2005": "$220"}, "Invesco Quarterly Net Income (Millions of US $)": {"2020-12-31": "$211", "2020-09-30": "$192", "2020-06-30": "$41", "2020-03-31": "$82", "2019-12-31": "$180", "2019-09-30": "$167", "2019-06-30": "$40", "2019-03-31": "$178", "2018-12-31": "$114", "2018-09-30": "$270", "2018-06-30": "$245", "2018-03-31": "$254", "2017-12-31": "$422", "2017-09-30": "$268", "2017-06-30": "$232", "2017-03-31": "$206", "2016-12-31": "$220", "2016-09-30": "$234", "2016-06-30": "$219", "2016-03-31": "$157", "2015-12-31": "$197", "2015-09-30": "$243", "2015-06-30": "$251", "2015-03-31": "$253", "2014-12-31": "$256", "2014-09-30": "$249", "2014-06-30": "$267", "2014-03-31": "$188", "2013-12-31": "$255", "2013-09-30": "$228", "2013-06-30": "$203", "2013-03-31": "$222", "2012-12-31": "$159", "2012-09-30": "$171", "2012-06-30": "$154", "2012-03-31": "$194", "2011-12-31": "$202", "2011-09-30": "$167", "2011-06-30": "$183", "2011-03-31": "$178", "2010-12-31": "$175", "2010-09-30": "$155", "2010-06-30": "$41", "2010-03-31": "$95", "2009-12-31": "$111", "2009-09-30": "$105", "2009-06-30": "$76", "2009-03-31": "$31", "2008-12-31": "$32", "2008-09-30": "$132", "2008-06-30": "$163", "2008-03-31": "$155", "2007-12-31": "$176", "2007-09-30": "$167", "2007-06-30": "$176", "2007-03-31": "$155", "2006-12-31": "$164", "2006-09-30": "$102", "2006-06-30": "$117", "2006-03-31": "$108", "2005-12-31": "$-5", "2005-09-30": "$76", "2005-06-30": "$70", "2005-03-31": "$72"}}, "eps-earnings-per-share-diluted": {"Invesco Annual EPS": {"2020": "$1.13", "2019": "$1.28", "2018": "$2.14", "2017": "$2.75", "2016": "$2.06", "2015": "$2.26", "2014": "$2.27", "2013": "$2.10", "2012": "$1.49", "2011": "$1.57", "2010": "$1.01", "2009": "$0.76", "2008": "$1.21", "2007": "$1.64", "2006": "$1.19", "2005": "$0.54"}, "Invesco Quarterly EPS": {"2020-12-31": "$0.46", "2020-09-30": "$0.41", "2020-06-30": "$0.09", "2020-03-31": "$0.18", "2019-12-31": "$0.39", "2019-09-30": "$0.36", "2019-06-30": "$0.09", "2019-03-31": "$0.44", "2018-12-31": "$0.28", "2018-09-30": "$0.65", "2018-06-30": "$0.59", "2018-03-31": "$0.62", "2017-12-31": "$1.00", "2017-09-30": "$0.65", "2017-06-30": "$0.58", "2017-03-31": "$0.52", "2016-12-31": "$0.56", "2016-09-30": "$0.58", "2016-06-30": "$0.54", "2016-03-31": "$0.38", "2015-12-31": "$0.48", "2015-09-30": "$0.58", "2015-06-30": "$0.60", "2015-03-31": "$0.60", "2014-12-31": "$0.62", "2014-09-30": "$0.59", "2014-06-30": "$0.63", "2014-03-31": "$0.43", "2013-12-31": "$0.65", "2013-09-30": "$0.51", "2013-06-30": "$0.45", "2013-03-31": "$0.49", "2012-12-31": "$0.34", "2012-09-30": "$0.38", "2012-06-30": "$0.34", "2012-03-31": "$0.43", "2011-12-31": "$0.44", "2011-09-30": "$0.36", "2011-06-30": "$0.39", "2011-03-31": "$0.38", "2010-12-31": "$0.39", "2010-09-30": "$0.32", "2010-06-30": "$0.09", "2010-03-31": "$0.21", "2009-12-31": "$0.26", "2009-09-30": "$0.24", "2009-06-30": "$0.18", "2009-03-31": "$0.08", "2008-12-31": "$0.08", "2008-09-30": "$0.33", "2008-06-30": "$0.41", "2008-03-31": "$0.39", "2007-12-31": "$0.42", "2007-09-30": "$0.41", "2007-06-30": "$0.43", "2007-03-31": "$0.38", "2006-12-31": "$0.40", "2006-09-30": "$0.13", "2006-06-30": "$0.29", "2006-03-31": "$0.27", "2005-12-31": "$-0.01", "2005-09-30": "$0.19", "2005-06-30": "$0.17", "2005-03-31": "$0.18"}}, "shares-outstanding": {"Invesco Annual Shares Outstanding (Millions of Shares)": {"2020": "463", "2019": "441", "2018": "413", "2017": "410", "2016": "403", "2015": "418", "2014": "423", "2013": "433", "2012": "454", "2011": "465", "2010": "463", "2009": "424", "2008": "399", "2007": "412", "2006": "406", "2005": "403"}, "Invesco Quarterly Shares Outstanding (Millions of Shares)": {"2020-12-31": "464", "2020-09-30": "464", "2020-06-30": "463", "2020-03-31": "459", "2019-12-31": "441", "2019-09-30": "467", "2019-06-30": "434", "2019-03-31": "402", "2018-12-31": "413", "2018-09-30": "414", "2018-06-30": "414", "2018-03-31": "412", "2017-12-31": "410", "2017-09-30": "411", "2017-06-30": "398", "2017-03-31": "396", "2016-12-31": "403", "2016-09-30": "401", "2016-06-30": "407", "2016-03-31": "408", "2015-12-31": "418", "2015-09-30": "418", "2015-06-30": "421", "2015-03-31": "421", "2014-12-31": "423", "2014-09-30": "423", "2014-06-30": "424", "2014-03-31": "437", "2013-12-31": "433", "2013-09-30": "449", "2013-06-30": "450", "2013-03-31": "449", "2012-12-31": "454", "2012-09-30": "453", "2012-06-30": "455", "2012-03-31": "456", "2011-12-31": "465", "2011-09-30": "461", "2011-06-30": "467", "2011-03-31": "472", "2010-12-31": "463", "2010-09-30": "479", "2010-06-30": "458", "2010-03-31": "442", "2009-12-31": "424", "2009-09-30": "438", "2009-06-30": "417", "2009-03-31": "400", "2008-12-31": "399", "2008-09-30": "399", "2008-06-30": "401", "2008-03-31": "401", "2007-12-31": "412", "2007-09-30": "411", "2007-06-30": "411", "2007-03-31": "410", "2006-12-31": "408", "2006-09-30": "810", "2006-06-30": "402", "2006-03-31": "405", "2005-12-31": "405", "2005-09-30": "404", "2005-06-30": "401", "2005-03-31": "400"}}, "total-assets": {"Invesco Annual Total Assets (Millions of US $)": {"2019": "$39,420", "2018": "$30,978", "2017": "$31,669", "2016": "$25,734", "2015": "$25,073", "2014": "$20,450", "2013": "$19,271", "2012": "$17,492", "2011": "$19,347", "2010": "$20,444", "2009": "$10,910", "2008": "$9,757", "2007": "$12,925", "2006": "$12,229", "2005": "$7,578"}, "Invesco Quarterly Total Assets (Millions of US $)": {"2020-09-30": "$36,038", "2020-06-30": "$35,579", "2020-03-31": "$37,011", "2019-12-31": "$39,420", "2019-09-30": "$37,891", "2019-06-30": "$38,501", "2019-03-31": "$32,207", "2018-12-31": "$30,978", "2018-09-30": "$32,504", "2018-06-30": "$32,459", "2018-03-31": "$31,619", "2017-12-31": "$31,669", "2017-09-30": "$30,373", "2017-06-30": "$28,249", "2017-03-31": "$26,599", "2016-12-31": "$25,734", "2016-09-30": "$24,138", "2016-06-30": "$23,503", "2016-03-31": "$22,658", "2015-12-31": "$25,073", "2015-09-30": "$24,962", "2015-06-30": "$22,898", "2015-03-31": "$21,961", "2014-12-31": "$20,450", "2014-09-30": "$20,081", "2014-06-30": "$19,900", "2014-03-31": "$20,346", "2013-12-31": "$19,271", "2013-09-30": "$18,764", "2013-06-30": "$18,139", "2013-03-31": "$18,535", "2012-12-31": "$17,492", "2012-09-30": "$17,861", "2012-06-30": "$18,613", "2012-03-31": "$19,329", "2011-12-31": "$19,347", "2011-09-30": "$19,738", "2011-06-30": "$20,916", "2011-03-31": "$21,139", "2010-12-31": "$20,444", "2010-09-30": "$19,942", "2010-06-30": "$18,904", "2010-03-31": "$16,792", "2009-12-31": "$10,910", "2009-09-30": "$10,950", "2009-06-30": "$10,578", "2009-03-31": "$9,306", "2008-12-31": "$9,757", "2008-09-30": "$11,500", "2008-06-30": "$12,250", "2008-03-31": "$12,881", "2007-12-31": "$12,925", "2007-09-30": "$10,667", "2007-06-30": "$10,049", "2007-03-31": "$9,949", "2006-12-31": "$12,229", "2006-09-30": "$8,933", "2006-06-30": "$7,917", "2006-03-31": "$8,001", "2005-12-31": "$7,578", "2005-09-30": "$4,396", "2005-06-30": "$3,995", "2005-03-31": "$7,487"}}, "cash-on-hand": {"Invesco Annual Cash on Hand (Millions of US $)": {"2019": "$1,701", "2018": "$1,805", "2017": "$2,518", "2016": "$2,070", "2015": "$2,215", "2014": "$1,918", "2013": "$1,915", "2012": "$1,123", "2011": "$1,110", "2010": "$1,377", "2009": "$790", "2008": "$658", "2007": "$952", "2006": "$834", "2005": "$4,361"}, "Invesco Quarterly Cash on Hand (Millions of US $)": {"2020-09-30": "$1,321", "2020-06-30": "$1,271", "2020-03-31": "$1,230", "2019-12-31": "$1,701", "2019-09-30": "$1,534", "2019-06-30": "$1,435", "2019-03-31": "$1,268", "2018-12-31": "$1,805", "2018-09-30": "$1,914", "2018-06-30": "$1,834", "2018-03-31": "$2,122", "2017-12-31": "$2,518", "2017-09-30": "$2,202", "2017-06-30": "$1,974", "2017-03-31": "$1,933", "2016-12-31": "$2,070", "2016-09-30": "$1,896", "2016-06-30": "$1,704", "2016-03-31": "$1,622", "2015-12-31": "$2,215", "2015-09-30": "$2,178", "2015-06-30": "$1,781", "2015-03-31": "$1,614", "2014-12-31": "$1,918", "2014-09-30": "$1,591", "2014-06-30": "$1,488", "2014-03-31": "$1,759", "2013-12-31": "$1,915", "2013-09-30": "$1,620", "2013-06-30": "$1,277", "2013-03-31": "$1,649", "2012-12-31": "$1,123", "2012-09-30": "$1,433", "2012-06-30": "$1,099", "2012-03-31": "$1,069", "2011-12-31": "$1,110", "2011-09-30": "$1,114", "2011-06-30": "$1,244", "2011-03-31": "$1,129", "2010-12-31": "$1,377", "2010-09-30": "$982", "2010-06-30": "$857", "2010-03-31": "$929", "2009-12-31": "$790", "2009-09-30": "$962", "2009-06-30": "$865", "2009-03-31": "$392", "2008-12-31": "$658", "2008-09-30": "$832", "2008-06-30": "$694", "2008-03-31": "$851", "2007-12-31": "$952", "2007-09-30": "$1,102", "2007-06-30": "$939", "2007-03-31": "$911", "2006-12-31": "$834", "2006-09-30": "$781", "2006-06-30": "$572", "2006-03-31": "$1,854", "2005-12-31": "$1,957", "2005-09-30": "$1,076", "2005-06-30": "$830", "2005-03-31": "$603"}}, "long-term-debt": {"Invesco Annual Long Term Debt (Millions of US $)": {"2019": "$8,315", "2018": "$7,635", "2017": "$6,876", "2016": "$6,506", "2015": "$7,510", "2014": "$6,726", "2013": "$5,770", "2012": "$5,085", "2011": "$6,583", "2010": "$7,181", "2009": "$746", "2008": "$862", "2007": "$1,393", "2006": "$1,016", "2005": "$1,212"}, "Invesco Quarterly Long Term Debt (Millions of US $)": {"2020-09-30": "$8,699", "2020-06-30": "$8,655", "2020-03-31": "$8,762", "2019-12-31": "$8,315", "2019-09-30": "$7,781", "2019-06-30": "$7,270", "2019-03-31": "$7,727", "2018-12-31": "$7,635", "2018-09-30": "$7,635", "2018-06-30": "$7,970", "2018-03-31": "$6,579", "2017-12-31": "$6,876", "2017-09-30": "$6,399", "2017-06-30": "$6,004", "2017-03-31": "$6,367", "2016-12-31": "$6,506", "2016-09-30": "$5,933", "2016-06-30": "$5,602", "2016-03-31": "$5,134", "2015-12-31": "$7,510", "2015-09-30": "$7,359", "2015-06-30": "$7,030", "2015-03-31": "$7,080", "2014-12-31": "$6,726", "2014-09-30": "$6,299", "2014-06-30": "$5,890", "2014-03-31": "$6,351", "2013-12-31": "$5,770", "2013-09-30": "$5,391", "2013-06-30": "$5,284", "2013-03-31": "$5,736", "2012-12-31": "$5,085", "2012-09-30": "$4,807", "2012-06-30": "$6,078", "2012-03-31": "$6,122", "2011-12-31": "$6,583", "2011-09-30": "$7,041", "2011-06-30": "$7,661", "2011-03-31": "$7,624", "2010-12-31": "$7,181", "2010-09-30": "$7,038", "2010-06-30": "$6,800", "2010-03-31": "$5,865", "2009-12-31": "$746", "2009-09-30": "$746", "2009-06-30": "$746", "2009-03-31": "$850", "2008-12-31": "$862", "2008-09-30": "$1,322", "2008-06-30": "$1,337", "2008-03-31": "$1,673", "2007-12-31": "$1,393", "2007-09-30": "$1,143", "2007-06-30": "$1,143", "2007-03-31": "$1,294", "2006-12-31": "$1,016", "2006-09-30": "$958", "2006-06-30": "$977", "2006-03-31": "$873", "2005-12-31": "$1,212", "2005-09-30": "$654", "2005-06-30": "$651", "2005-03-31": "$1,216"}}, "total-liabilities": {"Invesco Annual Total Liabilities (Millions of US $)": {"2019": "$25,102", "2018": "$22,042", "2017": "$22,713", "2016": "$18,123", "2015": "$16,378", "2014": "$11,330", "2013": "$10,293", "2012": "$8,443", "2011": "$10,209", "2010": "$11,083", "2009": "$3,289", "2008": "$3,161", "2007": "$6,335", "2006": "$6,065", "2005": "$3,961"}, "Invesco Quarterly Total Liabilities (Millions of US $)": {"2020-09-30": "$21,687", "2020-06-30": "$21,611", "2020-03-31": "$23,068", "2019-12-31": "$25,102", "2019-09-30": "$23,930", "2019-06-30": "$24,202", "2019-03-31": "$23,197", "2018-12-31": "$22,042", "2018-09-30": "$23,185", "2018-06-30": "$23,323", "2018-03-31": "$22,429", "2017-12-31": "$22,713", "2017-09-30": "$21,824", "2017-06-30": "$20,075", "2017-03-31": "$18,766", "2016-12-31": "$18,123", "2016-09-30": "$16,313", "2016-06-30": "$15,773", "2016-03-31": "$14,696", "2015-12-31": "$16,378", "2015-09-30": "$16,106", "2015-06-30": "$13,813", "2015-03-31": "$13,088", "2014-12-31": "$11,330", "2014-09-30": "$10,942", "2014-06-30": "$10,577", "2014-03-31": "$11,441", "2013-12-31": "$10,293", "2013-09-30": "$9,644", "2013-06-30": "$9,385", "2013-03-31": "$9,695", "2012-12-31": "$8,443", "2012-09-30": "$8,664", "2012-06-30": "$9,494", "2012-03-31": "$10,195", "2011-12-31": "$10,209", "2011-09-30": "$10,770", "2011-06-30": "$11,718", "2011-03-31": "$11,725", "2010-12-31": "$11,083", "2010-09-30": "$11,096", "2010-06-30": "$10,084", "2010-03-31": "$8,791", "2009-12-31": "$3,289", "2009-09-30": "$3,525", "2009-06-30": "$3,375", "2009-03-31": "$2,943", "2008-12-31": "$3,161", "2008-09-30": "$5,134", "2008-06-30": "$5,567", "2008-03-31": "$6,313", "2007-12-31": "$6,335", "2007-09-30": "$5,662", "2007-06-30": "$5,372", "2007-03-31": "$5,578", "2006-12-31": "$6,065", "2006-09-30": "$4,849", "2006-06-30": "$4,113", "2006-03-31": "$4,379", "2005-12-31": "$3,961", "2005-09-30": "$2,320", "2005-06-30": "$2,039", "2005-03-31": "$3,805"}}, "total-share-holder-equity": {"Invesco Annual Share Holder Equity (Millions of US $)": {"2019": "$14,318", "2018": "$8,936", "2017": "$8,956", "2016": "$7,612", "2015": "$8,696", "2014": "$9,120", "2013": "$8,977", "2012": "$9,049", "2011": "$9,138", "2010": "$9,361", "2009": "$7,621", "2008": "$6,596", "2007": "$6,591", "2006": "$6,164", "2005": "$3,616"}, "Invesco Quarterly Share Holder Equity (Millions of US $)": {"2020-09-30": "$14,351", "2020-06-30": "$13,968", "2020-03-31": "$13,942", "2019-12-31": "$14,318", "2019-09-30": "$13,962", "2019-06-30": "$14,300", "2019-03-31": "$9,009", "2018-12-31": "$8,936", "2018-09-30": "$9,319", "2018-06-30": "$9,136", "2018-03-31": "$9,190", "2017-12-31": "$8,956", "2017-09-30": "$8,549", "2017-06-30": "$8,174", "2017-03-31": "$7,833", "2016-12-31": "$7,612", "2016-09-30": "$7,824", "2016-06-30": "$7,730", "2016-03-31": "$7,963", "2015-12-31": "$8,696", "2015-09-30": "$8,856", "2015-06-30": "$9,085", "2015-03-31": "$8,873", "2014-12-31": "$9,120", "2014-09-30": "$9,139", "2014-06-30": "$9,323", "2014-03-31": "$8,906", "2013-12-31": "$8,977", "2013-09-30": "$9,119", "2013-06-30": "$8,754", "2013-03-31": "$8,839", "2012-12-31": "$9,049", "2012-09-30": "$9,197", "2012-06-30": "$9,119", "2012-03-31": "$9,134", "2011-12-31": "$9,138", "2011-09-30": "$8,968", "2011-06-30": "$9,198", "2011-03-31": "$9,413", "2010-12-31": "$9,361", "2010-09-30": "$8,846", "2010-06-30": "$8,820", "2010-03-31": "$8,001", "2009-12-31": "$7,621", "2009-09-30": "$7,424", "2009-06-30": "$7,203", "2009-03-31": "$6,363", "2008-12-31": "$6,596", "2008-09-30": "$6,366", "2008-06-30": "$6,683", "2008-03-31": "$6,569", "2007-12-31": "$6,591", "2007-09-30": "$5,005", "2007-06-30": "$4,677", "2007-03-31": "$4,371", "2006-12-31": "$6,164", "2006-09-30": "$4,084", "2006-06-30": "$3,803", "2006-03-31": "$3,621", "2005-12-31": "$3,616", "2005-09-30": "$2,076", "2005-06-30": "$1,956", "2005-03-31": "$3,682"}}, "profit-margins": {"current": "10.47%"}, "gross margin": {"2020-12-31": "68.30%", "2020-09-30": "68.56%", "2020-06-30": "68.65%", "2020-03-31": "68.64%", "2019-12-31": "69.07%", "2019-09-30": "69.17%", "2019-06-30": "69.55%", "2019-03-31": "69.91%", "2018-12-31": "69.75%", "2018-09-30": "70.06%", "2018-06-30": "70.54%", "2018-03-31": "70.77%", "2017-12-31": "71.19%", "2017-09-30": "70.96%", "2017-06-30": "70.54%", "2017-03-31": "70.50%", "2016-12-31": "70.26%", "2016-09-30": "70.00%", "2016-06-30": "69.81%", "2016-03-31": "69.28%", "2015-12-31": "69.15%", "2015-09-30": "69.00%", "2015-06-30": "68.70%", "2015-03-31": "68.57%", "2014-12-31": "68.30%", "2014-09-30": "67.96%", "2014-06-30": "67.84%", "2014-03-31": "67.75%", "2013-12-31": "67.94%", "2013-09-30": "67.53%", "2013-06-30": "67.62%", "2013-03-31": "67.62%", "2012-12-31": "67.71%", "2012-09-30": "67.88%", "2012-06-30": "68.03%", "2012-03-31": "68.09%", "2011-12-31": "67.86%", "2011-09-30": "68.23%", "2011-06-30": "68.45%", "2011-03-31": "68.84%", "2010-12-31": "69.78%", "2010-09-30": "69.94%", "2010-06-30": "71.08%", "2010-03-31": "71.98%", "2009-12-31": "71.92%", "2009-09-30": "73.71%", "2009-06-30": "73.51%", "2009-03-31": "73.63%", "2008-12-31": "73.54%", "2008-09-30": "73.00%", "2008-06-30": "72.75%", "2008-03-31": "72.59%", "2007-12-31": "72.91%", "2007-09-30": "71.83%", "2007-06-30": "72.27%", "2007-03-31": "70.72%", "2006-12-31": "68.45%", "2006-09-30": "47.93%", "2006-06-30": "51.19%", "2006-03-31": "59.11%", "2005-12-31": "67.50%"}, "operating margin": {"2020-12-31": "14.99%", "2020-09-30": "16.26%", "2020-06-30": "15.80%", "2020-03-31": "14.23%", "2019-12-31": "13.21%", "2019-09-30": "12.84%", "2019-06-30": "14.66%", "2019-03-31": "20.93%", "2018-12-31": "22.65%", "2018-09-30": "24.23%", "2018-06-30": "24.95%", "2018-03-31": "25.21%", "2017-12-31": "24.78%", "2017-09-30": "24.22%", "2017-06-30": "23.78%", "2017-03-31": "23.77%", "2016-12-31": "24.33%", "2016-09-30": "24.81%", "2016-06-30": "25.41%", "2016-03-31": "26.00%", "2015-12-31": "26.52%", "2015-09-30": "27.18%", "2015-06-30": "26.55%", "2015-03-31": "26.52%", "2014-12-31": "24.81%", "2014-09-30": "23.98%", "2014-06-30": "23.76%", "2014-03-31": "22.84%", "2013-12-31": "24.11%", "2013-09-30": "23.17%", "2013-06-30": "22.27%", "2013-03-31": "21.31%", "2012-12-31": "20.81%", "2012-09-30": "21.37%", "2012-06-30": "21.89%", "2012-03-31": "22.24%", "2011-12-31": "22.17%", "2011-09-30": "21.48%", "2011-06-30": "20.62%", "2011-03-31": "17.89%", "2010-12-31": "16.92%", "2010-09-30": "17.21%", "2010-06-30": "17.60%", "2010-03-31": "20.01%", "2009-12-31": "18.46%", "2009-09-30": "16.27%", "2009-06-30": "17.15%", "2009-03-31": "19.76%", "2008-12-31": "22.62%", "2008-09-30": "24.54%", "2008-06-30": "25.20%", "2008-03-31": "25.48%", "2007-12-31": "25.65%", "2007-09-30": "22.16%", "2007-06-30": "20.39%", "2007-03-31": "13.87%", "2006-12-31": "6.23%", "2006-09-30": "-32.58%", "2006-06-30": "-29.77%", "2006-03-31": "-15.86%", "2005-12-31": "-9.48%"}, "ebitda margin": {"2020-09-30": "19.48%", "2020-06-30": "18.87%", "2020-03-31": "17.15%", "2019-12-31": "16.13%", "2019-09-30": "15.75%", "2019-06-30": "17.61%", "2019-03-31": "23.77%", "2018-12-31": "25.36%", "2018-09-30": "26.83%", "2018-06-30": "27.36%", "2018-03-31": "27.55%", "2017-12-31": "27.05%", "2017-09-30": "26.41%", "2017-06-30": "25.95%", "2017-03-31": "25.93%", "2016-12-31": "26.48%", "2016-09-30": "26.92%", "2016-06-30": "27.41%", "2016-03-31": "27.91%", "2015-12-31": "28.34%", "2015-09-30": "28.93%", "2015-06-30": "28.26%", "2015-03-31": "28.22%", "2014-12-31": "26.53%", "2014-09-30": "25.75%", "2014-06-30": "25.60%", "2014-03-31": "24.73%", "2013-12-31": "26.03%", "2013-09-30": "25.17%", "2013-06-30": "24.35%", "2013-03-31": "23.57%", "2012-12-31": "23.15%", "2012-09-30": "23.77%", "2012-06-30": "24.63%", "2012-03-31": "25.07%", "2011-12-31": "25.11%", "2011-09-30": "24.54%", "2011-06-30": "23.49%", "2011-03-31": "20.68%", "2010-12-31": "19.67%", "2010-09-30": "19.99%", "2010-06-30": "20.41%", "2010-03-31": "22.84%", "2009-12-31": "21.39%", "2009-09-30": "19.05%", "2009-06-30": "19.70%", "2009-03-31": "22.03%", "2008-12-31": "24.67%", "2008-09-30": "26.87%", "2008-06-30": "27.41%", "2008-03-31": "27.64%", "2007-12-31": "27.79%", "2007-09-30": "25.18%", "2007-06-30": "26.83%", "2007-03-31": "21.20%", "2006-12-31": "14.44%", "2006-09-30": "-23.91%", "2006-06-30": "-25.18%", "2006-03-31": "-10.89%", "2005-12-31": "-5.16%"}, "pre tax profit margin": {"2020-12-31": "17.39%", "2020-09-30": "15.85%", "2020-06-30": "14.22%", "2020-03-31": "13.75%", "2019-12-31": "15.92%", "2019-09-30": "14.19%", "2019-06-30": "15.69%", "2019-03-31": "20.51%", "2018-12-31": "21.41%", "2018-09-30": "25.56%", "2018-06-30": "26.61%", "2018-03-31": "27.67%", "2017-12-31": "27.69%", "2017-09-30": "26.93%", "2017-06-30": "26.61%", "2017-03-31": "26.51%", "2016-12-31": "25.49%", "2016-09-30": "24.64%", "2016-06-30": "24.20%", "2016-03-31": "24.23%", "2015-12-31": "26.58%", "2015-09-30": "27.26%", "2015-06-30": "27.16%", "2015-03-31": "28.68%", "2014-12-31": "27.12%", "2014-09-30": "27.63%", "2014-06-30": "28.32%", "2014-03-31": "26.48%", "2013-12-31": "27.04%", "2013-09-30": "24.45%", "2013-06-30": "22.62%", "2013-03-31": "23.35%", "2012-12-31": "20.49%", "2012-09-30": "26.32%", "2012-06-30": "24.30%", "2012-03-31": "21.71%", "2011-12-31": "22.43%", "2011-09-30": "17.82%", "2011-06-30": "16.52%", "2011-03-31": "19.60%", "2010-12-31": "23.91%", "2010-09-30": "25.07%", "2010-06-30": "29.39%", "2010-03-31": "23.55%", "2009-12-31": "13.55%", "2009-09-30": "7.20%", "2009-06-30": "8.27%", "2009-03-31": "14.73%", "2008-12-31": "19.87%", "2008-09-30": "26.27%", "2008-06-30": "28.86%", "2008-03-31": "29.88%", "2007-12-31": "32.07%", "2007-09-30": "33.35%", "2007-06-30": "30.02%", "2007-03-31": "28.97%", "2006-12-31": "28.84%", "2006-09-30": "24.98%", "2006-06-30": "24.07%", "2006-03-31": "19.02%", "2005-12-31": "16.62%"}, "net profit margin": {"2020-12-31": "8.56%", "2020-09-30": "7.91%", "2020-06-30": "7.25%", "2020-03-31": "7.21%", "2019-12-31": "9.24%", "2019-09-30": "8.86%", "2019-06-30": "11.46%", "2019-03-31": "15.60%", "2018-12-31": "16.61%", "2018-09-30": "21.91%", "2018-06-30": "21.89%", "2018-03-31": "22.09%", "2017-12-31": "21.86%", "2017-09-30": "18.59%", "2017-06-30": "18.41%", "2017-03-31": "18.39%", "2016-12-31": "17.53%", "2016-09-30": "16.88%", "2016-06-30": "16.82%", "2016-03-31": "17.02%", "2015-12-31": "18.42%", "2015-09-30": "19.43%", "2015-06-30": "19.41%", "2015-03-31": "19.83%", "2014-12-31": "18.65%", "2014-09-30": "18.82%", "2014-06-30": "18.92%", "2014-03-31": "18.20%", "2013-12-31": "19.55%", "2013-09-30": "18.28%", "2013-06-30": "17.63%", "2013-03-31": "17.10%", "2012-12-31": "16.74%", "2012-09-30": "18.41%", "2012-06-30": "18.38%", "2012-03-31": "18.70%", "2011-12-31": "18.33%", "2011-09-30": "17.05%", "2011-06-30": "16.94%", "2011-03-31": "14.46%", "2010-12-31": "13.36%", "2010-09-30": "12.54%", "2010-06-30": "11.89%", "2010-03-31": "13.83%", "2009-12-31": "12.29%", "2009-09-30": "9.71%", "2009-06-30": "10.28%", "2009-03-31": "12.15%", "2008-12-31": "14.58%", "2008-09-30": "16.94%", "2008-06-30": "17.19%", "2008-03-31": "17.33%", "2007-12-31": "17.38%", "2007-09-30": "18.86%", "2007-06-30": "17.95%", "2007-03-31": "18.34%", "2006-12-31": "18.75%", "2006-09-30": "12.81%", "2006-06-30": "13.07%", "2006-03-31": "11.25%", "2005-12-31": "9.81%"}, "pe ratio": {"current": "11.32", "2021-02-05": "32.29", "2020-12-31": "25.63", "2020-09-30": "10.55", "2020-06-30": "10.29", "2020-03-31": "8.52", "2019-12-31": "13.22", "2019-09-30": "13.39", "2019-06-30": "12.96", "2019-03-31": "8.98", "2018-12-31": "7.02", "2018-09-30": "7.10", "2018-06-30": "8.14", "2018-03-31": "9.74", "2017-12-31": "11.42", "2017-09-30": "12.94", "2017-06-30": "13.29", "2017-03-31": "11.67", "2016-12-31": "12.25", "2016-09-30": "12.95", "2016-06-30": "10.48", "2016-03-31": "12.14", "2015-12-31": "11.80", "2015-09-30": "10.28", "2015-06-30": "12.20", "2015-03-31": "12.67", "2014-12-31": "13.48", "2014-09-30": "13.26", "2014-06-30": "13.06", "2014-03-31": "13.84", "2013-12-31": "13.13", "2013-09-30": "13.28", "2013-06-30": "14.16", "2013-03-31": "13.72", "2012-12-31": "12.77", "2012-09-30": "11.46", "2012-06-30": "10.42", "2012-03-31": "11.82", "2011-12-31": "9.14", "2011-09-30": "7.34", "2011-06-30": "11.30", "2011-03-31": "15.46", "2010-12-31": "16.98", "2010-09-30": "16.96", "2010-06-30": "14.72", "2010-03-31": "17.10", "2009-12-31": "21.40", "2009-09-30": "26.70", "2009-06-30": "18.00", "2009-03-31": "10.35", "2008-12-31": "7.95", "2008-09-30": "8.88", "2008-06-30": "10.96", "2008-03-31": "11.01", "2007-12-31": "14.25", "2007-09-30": "12.66", "2007-06-30": "12.63", "2007-03-31": "11.88", "2006-12-31": "14.46"}, "price sales": {"2021-02-05": "1.65", "2020-12-31": "1.31", "2020-09-30": "0.82", "2020-06-30": "0.74", "2020-03-31": "0.60", "2019-12-31": "1.21", "2019-09-30": "1.20", "2019-06-30": "1.50", "2019-03-31": "1.40", "2018-12-31": "1.17", "2018-09-30": "1.54", "2018-06-30": "1.76", "2018-03-31": "2.12", "2017-12-31": "2.45", "2017-09-30": "2.40", "2017-06-30": "2.44", "2017-03-31": "2.15", "2016-12-31": "2.14", "2016-09-30": "2.19", "2016-06-30": "1.77", "2016-03-31": "2.07", "2015-12-31": "2.19", "2015-09-30": "2.01", "2015-06-30": "2.39", "2015-03-31": "2.53", "2014-12-31": "2.54", "2014-09-30": "2.56", "2014-06-30": "2.54", "2014-03-31": "2.59", "2013-12-31": "2.63", "2013-09-30": "2.42", "2013-06-30": "2.49", "2013-03-31": "2.35", "2012-12-31": "2.15", "2012-09-30": "2.13", "2012-06-30": "1.92", "2012-03-31": "2.22", "2011-12-31": "1.68", "2011-09-30": "1.24", "2011-06-30": "1.90", "2011-03-31": "2.21", "2010-12-31": "2.22", "2010-09-30": "2.08", "2010-06-30": "1.73", "2010-03-31": "2.31", "2009-12-31": "2.57", "2009-09-30": "2.55", "2009-06-30": "1.85", "2009-03-31": "1.26", "2008-12-31": "1.16", "2008-09-30": "1.51", "2008-06-30": "1.67", "2008-03-31": "1.68", "2007-12-31": "2.16", "2007-09-30": "2.07", "2007-06-30": "2.33", "2007-03-31": "2.26", "2006-12-31": "2.87"}, "price book": {"current": "0.98", "2021-02-05": "0.70", "2020-09-30": "0.36", "2020-06-30": "0.35", "2020-03-31": "0.29", "2019-12-31": "0.54", "2019-09-30": "0.51", "2019-06-30": "0.62", "2019-03-31": "0.78", "2018-12-31": "0.67", "2018-09-30": "0.89", "2018-06-30": "1.04", "2018-03-31": "1.24", "2017-12-31": "1.42", "2017-09-30": "1.42", "2017-06-30": "1.48", "2017-03-31": "1.33", "2016-12-31": "1.33", "2016-09-30": "1.34", "2016-06-30": "1.10", "2016-03-31": "1.30", "2015-12-31": "1.28", "2015-09-30": "1.18", "2015-06-30": "1.39", "2015-03-31": "1.50", "2014-12-31": "1.44", "2014-09-30": "1.43", "2014-06-30": "1.34", "2014-03-31": "1.36", "2013-12-31": "1.32", "2013-09-30": "1.16", "2013-06-30": "1.20", "2013-03-31": "1.08", "2012-12-31": "0.93", "2012-09-30": "0.88", "2012-06-30": "0.80", "2012-03-31": "0.94", "2011-12-31": "0.70", "2011-09-30": "0.55", "2011-06-30": "0.81", "2011-03-31": "0.88", "2010-12-31": "0.83", "2010-09-30": "0.77", "2010-06-30": "0.62", "2010-03-31": "0.82", "2009-12-31": "0.91", "2009-09-30": "0.89", "2009-06-30": "0.77", "2009-03-31": "0.62", "2008-12-31": "0.62", "2008-09-30": "0.93", "2008-06-30": "1.01", "2008-03-31": "1.04", "2007-12-31": "1.31", "2007-09-30": "2.96", "2007-06-30": "0.00", "2007-03-31": "0.00", "2006-12-31": "2.18", "2006-09-30": "0.00", "2006-06-30": "0.00", "2006-03-31": "0.00"}, "price fcf": {"2021-02-05": "", "2020-09-30": "$2.25", "2020-06-30": "$2.03", "2020-03-31": "$2.40", "2019-12-31": "$2.25", "2019-09-30": "$1.60", "2019-06-30": "$1.60", "2019-03-31": "$1.59", "2018-12-31": "$1.76", "2018-09-30": "$2.30", "2018-06-30": "$2.59", "2018-03-31": "$2.12", "2017-12-31": "$2.55", "2017-09-30": "$1.74", "2017-06-30": "$1.70", "2017-03-31": "$1.65", "2016-12-31": "$1.26", "2016-09-30": "$2.48", "2016-06-30": "$1.80", "2016-03-31": "$2.45", "2015-12-31": "$2.40", "2015-09-30": "$1.44", "2015-06-30": "$2.31", "2015-03-31": "$2.88", "2014-12-31": "$2.52", "2014-09-30": "$2.63", "2014-06-30": "$2.30", "2014-03-31": "$2.17", "2013-12-31": "$1.60", "2013-09-30": "$2.20", "2013-06-30": "$1.60", "2013-03-31": "$0.85", "2012-12-31": "$1.59", "2012-09-30": "$1.14", "2012-06-30": "$2.11", "2012-03-31": "$1.75", "2011-12-31": "$1.87", "2011-09-30": "$1.25", "2011-06-30": "$1.07", "2011-03-31": "$0.79", "2010-12-31": "$0.63", "2010-09-30": "$1.11", "2010-06-30": "$0.61", "2010-03-31": "$0.81", "2009-12-31": "$0.78", "2009-09-30": "$0.76", "2009-06-30": "$1.01", "2009-03-31": "$1.01", "2008-12-31": "$1.11", "2008-09-30": "$1.36", "2008-06-30": "$1.54", "2008-03-31": "$1.80", "2007-12-31": "$2.16", "2007-09-30": "$2.38", "2007-06-30": "$2.04", "2007-03-31": "$1.34", "2006-12-31": "$1.16"}, "net worth": {"value": "$10.09B"}, "current ratio": {"2020-12-31": "0.00", "2020-09-30": "1.76", "2020-06-30": "1.76", "2020-03-31": "1.71", "2019-12-31": "1.61", "2019-09-30": "1.57", "2019-06-30": "1.45", "2019-03-31": "1.52", "2018-12-31": "1.58", "2018-09-30": "1.55", "2018-06-30": "1.51", "2018-03-31": "1.54", "2017-12-31": "1.50", "2017-09-30": "1.50", "2017-06-30": "1.54", "2017-03-31": "1.63", "2016-12-31": "1.71", "2016-09-30": "1.69", "2016-06-30": "1.67", "2016-03-31": "1.69", "2015-12-31": "2.09", "2015-09-30": "2.13", "2015-06-30": "2.47", "2015-03-31": "2.69", "2014-12-31": "3.15", "2014-09-30": "3.05", "2014-06-30": "2.82", "2014-03-31": "2.56", "2013-12-31": "2.84", "2013-09-30": "2.59", "2013-06-30": "1.46", "2013-03-31": "1.49", "2012-12-31": "2.84", "2012-09-30": "1.31", "2012-06-30": "1.35", "2012-03-31": "1.19", "2011-12-31": "1.29", "2011-09-30": "1.28", "2011-06-30": "1.33", "2011-03-31": "1.32", "2010-12-31": "1.31", "2010-09-30": "1.26", "2010-06-30": "1.32", "2010-03-31": "1.35", "2009-12-31": "1.36", "2009-09-30": "1.30", "2009-06-30": "1.27", "2009-03-31": "1.13", "2008-12-31": "1.13", "2008-09-30": "1.28", "2008-06-30": "1.23", "2008-03-31": "1.23", "2007-12-31": "1.15", "2007-09-30": "1.14", "2007-06-30": "1.10", "2007-03-31": "1.09", "2006-12-31": "1.10", "2006-09-30": "0.98", "2006-06-30": "0.98", "2006-03-31": "0.95", "2005-12-31": "1.07", "2005-09-30": "1.10", "2005-06-30": "1.11", "2005-03-31": "1.12"}, "quick ratio": {"2020-12-31": "0.00", "2020-09-30": "0.00", "2020-06-30": "0.00", "2020-03-31": "0.00", "2019-12-31": "0.00", "2019-09-30": "0.00", "2019-06-30": "0.00", "2019-03-31": "0.00", "2018-12-31": "0.00", "2018-09-30": "0.00", "2018-06-30": "0.00", "2018-03-31": "0.00", "2017-12-31": "0.00", "2017-09-30": "0.00", "2017-06-30": "0.00", "2017-03-31": "0.00", "2016-12-31": "0.00", "2016-09-30": "0.00", "2016-06-30": "0.00", "2016-03-31": "0.00", "2015-12-31": "0.00", "2015-09-30": "0.00", "2015-06-30": "0.00", "2015-03-31": "0.00", "2014-12-31": "0.00", "2014-09-30": "0.00", "2014-06-30": "0.00", "2014-03-31": "0.00", "2013-12-31": "0.00", "2013-09-30": "0.00", "2013-06-30": "0.00", "2013-03-31": "0.00", "2012-12-31": "0.00", "2012-09-30": "0.00", "2012-06-30": "0.00", "2012-03-31": "0.00", "2011-12-31": "0.00", "2011-09-30": "0.00", "2011-06-30": "0.00", "2011-03-31": "0.00", "2010-12-31": "0.00", "2010-09-30": "0.00", "2010-06-30": "0.00", "2010-03-31": "0.00", "2009-12-31": "0.00", "2009-09-30": "0.00", "2009-06-30": "0.00", "2009-03-31": "0.00", "2008-12-31": "0.00", "2008-09-30": "0.00", "2008-06-30": "0.00", "2008-03-31": "0.00", "2007-12-31": "0.00", "2007-09-30": "0.00", "2007-06-30": "0.00", "2007-03-31": "0.00", "2006-12-31": "0.00", "2006-09-30": "0.00", "2006-06-30": "0.00", "2006-03-31": "0.00", "2005-12-31": "0.00", "2005-09-30": "0.00", "2005-06-30": "0.00", "2005-03-31": "0.00"}, "debt equity ratio": {"current": "0.84", "2020-12-31": "0.00", "2020-09-30": "1.51", "2020-06-30": "1.55", "2020-03-31": "1.66", "2019-12-31": "1.75", "2019-09-30": "1.71", "2019-06-30": "1.69", "2019-03-31": "2.58", "2018-12-31": "2.47", "2018-09-30": "2.49", "2018-06-30": "2.55", "2018-03-31": "2.44", "2017-12-31": "2.54", "2017-09-30": "2.55", "2017-06-30": "2.46", "2017-03-31": "2.40", "2016-12-31": "2.38", "2016-09-30": "2.09", "2016-06-30": "2.04", "2016-03-31": "1.85", "2015-12-31": "1.88", "2015-09-30": "1.82", "2015-06-30": "1.52", "2015-03-31": "1.48", "2014-12-31": "1.24", "2014-09-30": "1.20", "2014-06-30": "1.13", "2014-03-31": "1.29", "2013-12-31": "1.15", "2013-09-30": "1.06", "2013-06-30": "1.07", "2013-03-31": "1.10", "2012-12-31": "0.93", "2012-09-30": "0.94", "2012-06-30": "1.04", "2012-03-31": "1.12", "2011-12-31": "1.12", "2011-09-30": "1.20", "2011-06-30": "1.27", "2011-03-31": "1.25", "2010-12-31": "1.18", "2010-09-30": "1.25", "2010-06-30": "1.14", "2010-03-31": "1.10", "2009-12-31": "0.43", "2009-09-30": "0.48", "2009-06-30": "0.47", "2009-03-31": "0.46", "2008-12-31": "0.48", "2008-09-30": "0.81", "2008-06-30": "0.83", "2008-03-31": "0.96", "2007-12-31": "0.96", "2007-09-30": "1.13", "2007-06-30": "1.15", "2007-03-31": "1.28", "2006-12-31": "0.98", "2006-09-30": "1.19", "2006-06-30": "1.08", "2006-03-31": "1.21", "2005-12-31": "1.10", "2005-09-30": "1.12", "2005-06-30": "1.04", "2005-03-31": "1.03"}, "return on equity": {"2020-12-31": "4.98%", "2020-09-30": "3.50%", "2020-06-30": "3.35%", "2020-03-31": "3.32%", "2019-12-31": "4.38%", "2019-09-30": "4.32%", "2019-06-30": "5.79%", "2019-03-31": "8.87%", "2018-12-31": "9.66%", "2018-09-30": "13.02%", "2018-06-30": "13.27%", "2018-03-31": "13.49%", "2017-12-31": "13.46%", "2017-09-30": "11.51%", "2017-06-30": "11.35%", "2017-03-31": "11.34%", "2016-12-31": "10.67%", "2016-09-30": "10.02%", "2016-06-30": "9.82%", "2016-03-31": "9.80%", "2015-12-31": "10.63%", "2015-09-30": "11.16%", "2015-06-30": "11.14%", "2015-03-31": "11.25%", "2014-12-31": "10.52%", "2014-09-30": "10.55%", "2014-06-30": "10.33%", "2014-03-31": "9.78%", "2013-12-31": "10.18%", "2013-09-30": "9.08%", "2013-06-30": "8.43%", "2013-03-31": "7.80%", "2012-12-31": "7.43%", "2012-09-30": "7.88%", "2012-06-30": "7.89%", "2012-03-31": "8.19%", "2011-12-31": "7.95%", "2011-09-30": "7.61%", "2011-06-30": "7.51%", "2011-03-31": "6.03%", "2010-12-31": "5.32%", "2010-09-30": "4.83%", "2010-06-30": "4.42%", "2010-03-31": "5.12%", "2009-12-31": "4.52%", "2009-09-30": "3.54%", "2009-06-30": "4.09%", "2009-03-31": "5.51%", "2008-12-31": "7.35%", "2008-09-30": "9.55%", "2008-06-30": "10.64%", "2008-03-31": "11.80%", "2007-12-31": "13.06%", "2007-09-30": "13.10%", "2007-06-30": "12.38%", "2007-03-31": "11.68%", "2006-12-31": "11.11%", "2006-09-30": "8.52%", "2006-06-30": "9.03%", "2006-03-31": "8.84%", "2005-12-31": "7.52%"}, "return on assets": {"2020-12-31": "1.94%", "2020-09-30": "1.34%", "2020-06-30": "1.25%", "2020-03-31": "1.23%", "2019-12-31": "1.53%", "2019-09-30": "1.43%", "2019-06-30": "1.79%", "2019-03-31": "2.52%", "2018-12-31": "2.77%", "2018-09-30": "3.71%", "2018-06-30": "3.77%", "2018-03-31": "3.86%", "2017-12-31": "3.86%", "2017-09-30": "3.34%", "2017-06-30": "3.41%", "2017-03-31": "3.52%", "2016-12-31": "3.46%", "2016-09-30": "3.38%", "2016-06-30": "3.39%", "2016-03-31": "3.55%", "2015-12-31": "3.98%", "2015-09-30": "4.44%", "2015-06-30": "4.73%", "2015-03-31": "4.98%", "2014-12-31": "4.75%", "2014-09-30": "4.82%", "2014-06-30": "4.79%", "2014-03-31": "4.57%", "2013-12-31": "4.86%", "2013-09-30": "4.45%", "2013-06-30": "4.19%", "2013-03-31": "3.90%", "2012-12-31": "3.70%", "2012-09-30": "3.84%", "2012-06-30": "3.72%", "2012-03-31": "3.76%", "2011-12-31": "3.60%", "2011-09-30": "3.42%", "2011-06-30": "3.35%", "2011-03-31": "2.73%", "2010-12-31": "2.45%", "2010-09-30": "2.42%", "2010-06-30": "2.45%", "2010-03-31": "3.14%", "2009-12-31": "3.10%", "2009-09-30": "2.40%", "2009-06-30": "2.63%", "2009-03-31": "3.34%", "2008-12-31": "4.16%", "2008-09-30": "5.05%", "2008-06-30": "5.43%", "2008-03-31": "5.80%", "2007-12-31": "6.18%", "2007-09-30": "6.17%", "2007-06-30": "5.80%", "2007-03-31": "5.51%", "2006-12-31": "5.30%", "2006-09-30": "3.97%", "2006-06-30": "4.24%", "2006-03-31": "4.16%", "2005-12-31": "3.63%"}, "return on investments": {"2020-12-31": "5.39%", "2020-09-30": "4.47%", "2020-06-30": "4.57%", "2020-03-31": "4.17%", "2019-12-31": "3.91%", "2019-09-30": "3.77%", "2019-06-30": "4.29%", "2019-03-31": "6.43%", "2018-12-31": "7.25%", "2018-09-30": "8.02%", "2018-06-30": "8.51%", "2018-03-31": "8.84%", "2017-12-31": "8.65%", "2017-09-30": "8.40%", "2017-06-30": "8.19%", "2017-03-31": "8.20%", "2016-12-31": "8.49%", "2016-09-30": "8.41%", "2016-06-30": "8.38%", "2016-03-31": "8.40%", "2015-12-31": "8.43%", "2015-09-30": "8.75%", "2015-06-30": "8.71%", "2015-03-31": "8.78%", "2014-12-31": "8.27%", "2014-09-30": "8.06%", "2014-06-30": "7.89%", "2014-03-31": "7.49%", "2013-12-31": "7.74%", "2013-09-30": "7.19%", "2013-06-30": "6.72%", "2013-03-31": "6.08%", "2012-12-31": "5.76%", "2012-09-30": "5.56%", "2012-06-30": "5.49%", "2012-03-31": "5.56%", "2011-12-31": "5.38%", "2011-09-30": "5.33%", "2011-06-30": "5.07%", "2011-03-31": "4.17%", "2010-12-31": "3.81%", "2010-09-30": "4.11%", "2010-06-30": "4.53%", "2010-03-31": "5.84%", "2009-12-31": "6.12%", "2009-09-30": "5.31%", "2009-06-30": "5.97%", "2009-03-31": "7.66%", "2008-12-31": "9.53%", "2008-09-30": "11.36%", "2008-06-30": "12.75%", "2008-03-31": "14.06%", "2007-12-31": "15.54%", "2007-09-30": "12.54%", "2007-06-30": "11.44%", "2007-03-31": "7.18%", "2006-12-31": "3.03%", "2006-09-30": "-17.11%", "2006-06-30": "-16.02%", "2006-03-31": "-9.58%", "2005-12-31": "-5.47%"}, "return on tangible equity": {"2020-09-30": "-27.75%", "2020-06-30": "-26.30%", "2020-03-31": "-28.21%", "2019-12-31": "-44.37%", "2019-09-30": "-50.63%", "2019-06-30": "-101.05%", "2019-03-31": "-259.07%", "2018-12-31": "2354.67%", "2018-09-30": "352.11%", "2018-06-30": "248.23%", "2018-03-31": "170.81%", "2017-12-31": "226.39%", "2017-09-30": "291.65%", "2017-06-30": "346.41%", "2017-03-31": "659.66%", "2016-12-31": "575.39%", "2016-09-30": "194.46%", "2016-06-30": "120.22%", "2016-03-31": "85.23%", "2015-12-31": "77.89%", "2015-09-30": "80.63%", "2015-06-30": "82.13%", "2015-03-31": "85.72%", "2014-12-31": "86.49%", "2014-09-30": "96.09%", "2014-06-30": "99.34%", "2014-03-31": "103.55%", "2013-12-31": "113.11%", "2013-09-30": "105.52%", "2013-06-30": "101.07%", "2013-03-31": "89.82%", "2012-12-31": "82.21%", "2012-09-30": "82.57%", "2012-06-30": "83.42%", "2012-03-31": "89.69%", "2011-12-31": "83.10%", "2011-09-30": "77.04%", "2011-06-30": "79.68%", "2011-03-31": "62.96%", "2010-12-31": "47.60%", "2010-09-30": "41.37%", "2010-06-30": "33.81%", "2010-03-31": "37.38%", "2009-12-31": "42.77%", "2009-09-30": "39.13%", "2009-06-30": "86.31%", "2009-03-31": "1008.45%", "2008-12-31": "-319.21%", "2008-09-30": "-166.60%", "2008-06-30": "-163.21%", "2008-03-31": "-138.61%", "2007-12-31": "-114.58%", "2007-09-30": "-114.93%", "2007-06-30": "-89.14%", "2007-03-31": "-80.93%", "2006-12-31": "-78.09%", "2006-09-30": "-45.22%", "2006-06-30": "-49.35%", "2006-03-31": "-45.38%", "2005-12-31": "-37.24%"}, "dividend yield history": {"last payout": "$0.62", "last yield": "2.82%"}}