{"ticker": "INVH", "price": {"title": "Invitation Home Historical Annual Stock Price Data", "value": 30.02, "historical": {"2020": {"Average Stock Price": "27.6738", "Year Open": "29.4700", "Year High": "32.6100", "Year Low": "16.1300", "Year Close": "29.7000", "Annual % Change": "-0.90%"}, "2019": {"Average Stock Price": "26.5714", "Year Open": "19.7000", "Year High": "31.0900", "Year Low": "19.7000", "Year Close": "29.9700", "Annual % Change": "49.25%"}, "2018": {"Average Stock Price": "22.3763", "Year Open": "23.4900", "Year High": "23.9400", "Year Low": "19.4200", "Year Close": "20.0800", "Annual % Change": "-14.81%"}, "2017": {"Average Stock Price": "22.1125", "Year Open": "20.0000", "Year High": "24.1000", "Year Low": "20.0000", "Year Close": "23.5700", "Annual % Change": "0.00%"}}}, "market cap": {"value": "$16.83B"}, "income statement": {"Revenue": {"2019-12-31": "1764.68500", "2018-12-31": "1722.96200", "2017-12-31": "1054.45600", "2016-12-31": "922.58700", "2015-12-31": "836.04900", "2014-12-31": "658.72200"}, "Cost Of Goods Sold": {"2019-12-31": "731.60100", "2018-12-31": "720.89600", "2017-12-31": "434.83900", "2016-12-31": "390.82000", "2015-12-31": "387.42100", "2014-12-31": "383.16400"}, "Gross Profit": {"2019-12-31": "1033.08400", "2018-12-31": "1002.06600", "2017-12-31": "619.61710", "2016-12-31": "531.76700", "2015-12-31": "448.62800", "2014-12-31": "275.55800"}, "Research And Development Expenses": {"2019-12-31": "", "2018-12-31": "", "2017-12-31": "", "2016-12-31": "", "2015-12-31": "", "2014-12-31": ""}, "SG&A Expenses": {"2019-12-31": "74.27400", "2018-12-31": "98.76400", "2017-12-31": "167.73900", "2016-12-31": "69.10200", "2015-12-31": "79.42800", "2014-12-31": "88.17700"}, "Other Operating Income Or Expenses": {"2019-12-31": "-18.74300", "2018-12-31": "-20.81900", "2017-12-31": "-24.09300", "2016-12-31": "-4.20700", "2015-12-31": "-4.58400", "2014-12-31": "-3.39600"}, "Operating Expenses": {"2019-12-31": "1358.33700", "2018-12-31": "1401.02000", "2017-12-31": "936.24900", "2016-12-31": "731.80990", "2015-12-31": "721.67200", "2014-12-31": "690.54500"}, "Operating Income": {"2019-12-31": "406.34790", "2018-12-31": "321.94200", "2017-12-31": "118.20700", "2016-12-31": "190.77700", "2015-12-31": "114.37700", "2014-12-31": "-31.82300"}, "Total Non-Operating Income/Expense": {"2019-12-31": "-355.57300", "2018-12-31": "-376.63700", "2017-12-31": "-257.92900", "2016-12-31": "-287.60600", "2015-12-31": "-276.85700", "2014-12-31": "-237.80300"}, "Pre-Tax Income": {"2019-12-31": "50.77490", "2018-12-31": "-54.69500", "2017-12-31": "-139.72200", "2016-12-31": "-96.82900", "2015-12-31": "-162.48000", "2014-12-31": "-269.62600"}, "Income Taxes": {"2019-12-31": "", "2018-12-31": "", "2017-12-31": "", "2016-12-31": "", "2015-12-31": "", "2014-12-31": ""}, "Income After Taxes": {"2019-12-31": "50.77490", "2018-12-31": "-54.69500", "2017-12-31": "-139.72200", "2016-12-31": "-96.82900", "2015-12-31": "-162.48000", "2014-12-31": "-269.62600"}, "Other Income": {"2019-12-31": "", "2018-12-31": "", "2017-12-31": "", "2016-12-31": "", "2015-12-31": "", "2014-12-31": ""}, "Income From Continuous Operations": {"2019-12-31": "50.77490", "2018-12-31": "-54.69500", "2017-12-31": "-139.72200", "2016-12-31": "-96.82900", "2015-12-31": "-162.48000", "2014-12-31": "-269.62600"}, "Income From Discontinued Operations": {"2019-12-31": "96.33600", "2018-12-31": "49.68200", "2017-12-31": "33.89600", "2016-12-31": "18.59000", "2015-12-31": "2.27200", "2014-12-31": "-0.23500"}, "Net Income": {"2019-12-31": "145.46300", "2018-12-31": "-4.92700", "2017-12-31": "-105.33700", "2016-12-31": "-78.23900", "2015-12-31": "-160.20800", "2014-12-31": "-269.86100"}, "EBITDA": {"2019-12-31": "997.28990", "2018-12-31": "930.05600", "2017-12-31": "463.58910", "2016-12-31": "522.93300", "2015-12-31": "454.46800", "2014-12-31": "275.80900"}, "EBIT": {"2019-12-31": "406.34790", "2018-12-31": "321.94200", "2017-12-31": "118.20700", "2016-12-31": "190.77700", "2015-12-31": "114.37700", "2014-12-31": "-31.82300"}, "Basic Shares Outstanding": {"2019-12-31": "531.23600", "2018-12-31": "520.37700", "2017-12-31": "339.42300", "2016-12-31": "", "2015-12-31": "", "2014-12-31": ""}, "Shares Outstanding": {"2019-12-31": "532.50000", "2018-12-31": "520.37700", "2017-12-31": "339.42300", "2016-12-31": "", "2015-12-31": "", "2014-12-31": ""}, "Basic EPS": {"2019-12-31": "0.27000", "2018-12-31": "-0.01000", "2017-12-31": "-0.26000", "2016-12-31": "", "2015-12-31": "", "2014-12-31": ""}, "EPS - Earnings Per Share": {"2019-12-31": "0.27000", "2018-12-31": "-0.01000", "2017-12-31": "-0.26000", "2016-12-31": "0.00000", "2015-12-31": "0.00000", "2014-12-31": "0.00000"}}, "income statement, quarterly": {"Revenue": {"2020-09-30": "459.18400", "2020-06-30": "449.75500", "2020-03-31": "449.78900", "2019-12-31": "444.27710", "2019-09-30": "443.32600", "2019-06-30": "441.58200", "2019-03-31": "435.50000", "2018-12-31": "432.61600", "2018-09-30": "434.25100", "2018-06-30": "432.42600", "2018-03-31": "423.66900", "2017-12-31": "329.95400", "2017-09-30": "243.53600", "2017-06-30": "242.21600", "2017-03-31": "238.75000", "2016-12-31": "234.56700", "2016-09-30": "233.03800", "2016-06-30": "230.49600", "2016-03-31": "224.50200", "2015-12-31": "", "2014-12-31": ""}, "Cost Of Goods Sold": {"2020-09-30": "192.82100", "2020-06-30": "181.53100", "2020-03-31": "181.28800", "2019-12-31": "182.13700", "2019-09-30": "191.36300", "2019-06-30": "182.59500", "2019-03-31": "175.50600", "2018-12-31": "176.48100", "2018-09-30": "186.71300", "2018-06-30": "179.77100", "2018-03-31": "177.93100", "2017-12-31": "129.12800", "2017-09-30": "104.11900", "2017-06-30": "101.97500", "2017-03-31": "99.61700", "2016-12-31": "195.37800", "2016-09-30": "101.96100", "2016-06-30": "98.81100", "2016-03-31": "92.36000", "2015-12-31": "", "2014-12-31": ""}, "Gross Profit": {"2020-09-30": "266.36300", "2020-06-30": "268.22400", "2020-03-31": "268.50100", "2019-12-31": "262.14010", "2019-09-30": "251.96300", "2019-06-30": "258.98700", "2019-03-31": "259.99400", "2018-12-31": "256.13500", "2018-09-30": "247.53800", "2018-06-30": "252.65500", "2018-03-31": "245.73800", "2017-12-31": "200.82600", "2017-09-30": "139.41700", "2017-06-30": "140.24100", "2017-03-31": "139.13300", "2016-12-31": "39.18900", "2016-09-30": "131.07700", "2016-06-30": "131.68500", "2016-03-31": "132.14200", "2015-12-31": "", "2014-12-31": ""}, "Research And Development Expenses": {"2020-09-30": "", "2020-06-30": "", "2020-03-31": "", "2019-12-31": "", "2019-09-30": "", "2019-06-30": "", "2019-03-31": "", "2018-12-31": "", "2018-09-30": "", "2018-06-30": "", "2018-03-31": "", "2017-12-31": "", "2017-09-30": "", "2017-06-30": "", "2017-03-31": "", "2016-12-31": "", "2016-09-30": "", "2016-06-30": "", "2016-03-31": "", "2015-12-31": "", "2014-12-31": ""}, "SG&A Expenses": {"2020-09-30": "17.97200", "2020-06-30": "14.42600", "2020-03-31": "14.22800", "2019-12-31": "15.37500", "2019-09-30": "16.40500", "2019-06-30": "15.95600", "2019-03-31": "26.53800", "2018-12-31": "25.34000", "2018-09-30": "21.15200", "2018-06-30": "24.63600", "2018-03-31": "27.63600", "2017-12-31": "63.58500", "2017-09-30": "27.46200", "2017-06-30": "18.42600", "2017-03-31": "58.26600", "2016-12-31": "22.09900", "2016-09-30": "18.81100", "2016-06-30": "15.40800", "2016-03-31": "15.36000", "2015-12-31": "", "2014-12-31": ""}, "Other Operating Income Or Expenses": {"2020-09-30": "-1.72300", "2020-06-30": "0.18000", "2020-03-31": "-3.12700", "2019-12-31": "-6.94000", "2019-09-30": "-4.74000", "2019-06-30": "-1.67100", "2019-03-31": "-5.39200", "2018-12-31": "-7.34300", "2018-09-30": "-3.25200", "2018-06-30": "-4.10300", "2018-03-31": "-6.12100", "2017-12-31": "-7.61100", "2017-09-30": "-14.57200", "2017-06-30": "-0.70600", "2017-03-31": "-1.20400", "2016-12-31": "", "2016-09-30": "-1.27900", "2016-06-30": "-0.54600", "2016-03-31": "0.18300", "2015-12-31": "", "2014-12-31": ""}, "Operating Expenses": {"2020-09-30": "350.66300", "2020-06-30": "333.04300", "2020-03-31": "333.67000", "2019-12-31": "338.21620", "2019-09-30": "345.82300", "2019-06-30": "333.25300", "2019-03-31": "341.04500", "2018-12-31": "339.38400", "2018-09-30": "350.48800", "2018-06-30": "354.96000", "2018-03-31": "356.18800", "2017-12-31": "307.34410", "2017-09-30": "213.61900", "2017-06-30": "188.62200", "2017-03-31": "226.66400", "2016-12-31": "189.22000", "2016-09-30": "188.53100", "2016-06-30": "180.84400", "2016-03-31": "173.23900", "2015-12-31": "", "2014-12-31": ""}, "Operating Income": {"2020-09-30": "108.52100", "2020-06-30": "116.71200", "2020-03-31": "116.11900", "2019-12-31": "106.06090", "2019-09-30": "97.50300", "2019-06-30": "108.32900", "2019-03-31": "94.45500", "2018-12-31": "93.23200", "2018-09-30": "83.76300", "2018-06-30": "77.46600", "2018-03-31": "67.48100", "2017-12-31": "22.61000", "2017-09-30": "29.91700", "2017-06-30": "53.59400", "2017-03-31": "12.08600", "2016-12-31": "45.34700", "2016-09-30": "44.50700", "2016-06-30": "49.65200", "2016-03-31": "51.26300", "2015-12-31": "", "2014-12-31": ""}, "Total Non-Operating Income/Expense": {"2020-09-30": "-90.76200", "2020-06-30": "-84.70100", "2020-03-31": "-81.04300", "2019-12-31": "-85.28700", "2019-09-30": "-84.33200", "2019-06-30": "-95.09600", "2019-03-31": "-90.85800", "2018-12-31": "-96.24500", "2018-09-30": "-94.23400", "2018-06-30": "-95.59500", "2018-03-31": "-90.56300", "2017-12-31": "-74.72100", "2017-09-30": "-56.18300", "2017-06-30": "-58.22700", "2017-03-31": "-68.79800", "2016-12-31": "-77.43600", "2016-09-30": "-69.42200", "2016-06-30": "-70.33800", "2016-03-31": "-70.43000", "2015-12-31": "", "2014-12-31": ""}, "Pre-Tax Income": {"2020-09-30": "17.75900", "2020-06-30": "32.01100", "2020-03-31": "35.07600", "2019-12-31": "20.77390", "2019-09-30": "13.17100", "2019-06-30": "13.23300", "2019-03-31": "3.59700", "2018-12-31": "-3.01300", "2018-09-30": "-10.47100", "2018-06-30": "-18.12900", "2018-03-31": "-23.08200", "2017-12-31": "-52.11100", "2017-09-30": "-26.26600", "2017-06-30": "-4.63300", "2017-03-31": "-56.71200", "2016-12-31": "-32.07900", "2016-09-30": "-24.91500", "2016-06-30": "-20.68600", "2016-03-31": "-19.16700", "2015-12-31": "", "2014-12-31": ""}, "Income Taxes": {"2020-09-30": "", "2020-06-30": "", "2020-03-31": "", "2019-12-31": "", "2019-09-30": "", "2019-06-30": "", "2019-03-31": "", "2018-12-31": "", "2018-09-30": "", "2018-06-30": "", "2018-03-31": "", "2017-12-31": "", "2017-09-30": "", "2017-06-30": "", "2017-03-31": "", "2016-12-31": "0.00000", "2016-09-30": "", "2016-06-30": "", "2016-03-31": "", "2015-12-31": "", "2014-12-31": ""}, "Income After Taxes": {"2020-09-30": "17.75900", "2020-06-30": "32.01100", "2020-03-31": "35.07600", "2019-12-31": "20.77390", "2019-09-30": "13.17100", "2019-06-30": "13.23300", "2019-03-31": "3.59700", "2018-12-31": "-3.01300", "2018-09-30": "-10.47100", "2018-06-30": "-18.12900", "2018-03-31": "-23.08200", "2017-12-31": "-52.11100", "2017-09-30": "-26.26600", "2017-06-30": "-4.63300", "2017-03-31": "-56.71200", "2016-12-31": "-32.07900", "2016-09-30": "-24.91500", "2016-06-30": "-20.68600", "2016-03-31": "-19.16700", "2015-12-31": "", "2014-12-31": ""}, "Other Income": {"2020-09-30": "", "2020-06-30": "", "2020-03-31": "", "2019-12-31": "", "2019-09-30": "", "2019-06-30": "", "2019-03-31": "", "2018-12-31": "", "2018-09-30": "", "2018-06-30": "", "2018-03-31": "", "2017-12-31": "", "2017-09-30": "", "2017-06-30": "", "2017-03-31": "", "2016-12-31": "0.00000", "2016-09-30": "", "2016-06-30": "", "2016-03-31": "", "2015-12-31": "", "2014-12-31": ""}, "Income From Continuous Operations": {"2020-09-30": "17.75900", "2020-06-30": "32.01100", "2020-03-31": "35.07600", "2019-12-31": "20.77390", "2019-09-30": "13.17100", "2019-06-30": "13.23300", "2019-03-31": "3.59700", "2018-12-31": "-3.01300", "2018-09-30": "-10.47100", "2018-06-30": "-18.12900", "2018-03-31": "-23.08200", "2017-12-31": "-52.11100", "2017-09-30": "-26.26600", "2017-06-30": "-4.63300", "2017-03-31": "-56.71200", "2016-12-31": "-32.07900", "2016-09-30": "-24.91500", "2016-06-30": "-20.68600", "2016-03-31": "-19.16700", "2015-12-31": "", "2014-12-31": ""}, "Income From Discontinued Operations": {"2020-09-30": "15.10600", "2020-06-30": "11.16700", "2020-03-31": "15.20000", "2019-12-31": "31.78000", "2019-09-30": "20.81200", "2019-06-30": "26.17200", "2019-03-31": "17.57200", "2018-12-31": "28.72700", "2018-09-30": "11.51200", "2018-06-30": "3.94100", "2018-03-31": "5.50200", "2017-12-31": "5.65700", "2017-09-30": "3.75600", "2017-06-30": "10.16200", "2017-03-31": "14.32100", "2016-12-31": "5.42000", "2016-09-30": "2.96600", "2016-06-30": "1.02000", "2016-03-31": "9.19200", "2015-12-31": "", "2014-12-31": ""}, "Net Income": {"2020-09-30": "32.54000", "2020-06-30": "42.78400", "2020-03-31": "49.85400", "2019-12-31": "52.29800", "2019-09-30": "33.61600", "2019-06-30": "38.83300", "2019-03-31": "20.71600", "2018-12-31": "25.89500", "2018-09-30": "0.82400", "2018-06-30": "-14.15500", "2018-03-31": "-17.49100", "2017-12-31": "-45.96500", "2017-09-30": "-22.51000", "2017-06-30": "5.52900", "2017-03-31": "-42.39100", "2016-12-31": "-26.66900", "2016-09-30": "-21.94900", "2016-06-30": "-19.66600", "2016-03-31": "-9.97500", "2015-12-31": "", "2014-12-31": ""}, "EBITDA": {"2020-09-30": "254.85000", "2020-06-30": "264.70000", "2020-03-31": "263.30200", "2019-12-31": "253.92790", "2019-09-30": "244.01100", "2019-06-30": "256.19400", "2019-03-31": "243.15700", "2018-12-31": "237.83500", "2018-09-30": "236.30500", "2018-06-30": "234.84200", "2018-03-31": "221.07400", "2017-12-31": "136.43300", "2017-09-30": "103.68900", "2017-06-30": "129.28300", "2017-03-31": "94.18400", "2016-12-31": "127.25000", "2016-09-30": "125.94500", "2016-06-30": "134.83600", "2016-03-31": "134.88800", "2015-12-31": "", "2014-12-31": ""}, "EBIT": {"2020-09-30": "108.52100", "2020-06-30": "116.71200", "2020-03-31": "116.11900", "2019-12-31": "106.06090", "2019-09-30": "97.50300", "2019-06-30": "108.32900", "2019-03-31": "94.45500", "2018-12-31": "93.23200", "2018-09-30": "83.76300", "2018-06-30": "77.46600", "2018-03-31": "67.48100", "2017-12-31": "22.61000", "2017-09-30": "29.91700", "2017-06-30": "53.59400", "2017-03-31": "12.08600", "2016-12-31": "45.34700", "2016-09-30": "44.50700", "2016-06-30": "49.65200", "2016-03-31": "51.26300", "2015-12-31": "", "2014-12-31": ""}, "Basic Shares Outstanding": {"2020-09-30": "560.59900", "2020-06-30": "548.81200", "2020-03-31": "542.55000", "2019-12-31": "531.23600", "2019-09-30": "537.77120", "2019-06-30": "525.07000", "2019-03-31": "521.44100", "2018-12-31": "520.37700", "2018-09-30": "520.62100", "2018-06-30": "520.50900", "2018-03-31": "519.66100", "2017-12-31": "339.42300", "2017-09-30": "311.56000", "2017-06-30": "311.77100", "2017-03-31": "311.65100", "2016-12-31": "", "2016-09-30": "", "2016-06-30": "", "2016-03-31": "", "2015-12-31": "", "2014-12-31": ""}, "Shares Outstanding": {"2020-09-30": "561.87140", "2020-06-30": "549.92000", "2020-03-31": "543.90000", "2019-12-31": "532.50000", "2019-09-30": "538.64490", "2019-06-30": "525.93400", "2019-03-31": "521.81700", "2018-12-31": "520.37700", "2018-09-30": "521.76100", "2018-06-30": "520.50900", "2018-03-31": "519.66100", "2017-12-31": "339.42300", "2017-09-30": "311.56000", "2017-06-30": "312.27200", "2017-03-31": "311.65100", "2016-12-31": "", "2016-09-30": "", "2016-06-30": "", "2016-03-31": "", "2015-12-31": "", "2014-12-31": ""}, "Basic EPS": {"2020-09-30": "0.06000", "2020-06-30": "0.08000", "2020-03-31": "0.09000", "2019-12-31": "0.10000", "2019-09-30": "0.06000", "2019-06-30": "0.07000", "2019-03-31": "0.04000", "2018-12-31": "0.04840", "2018-09-30": "0.00160", "2018-06-30": "-0.03000", "2018-03-31": "-0.03000", "2017-12-31": "-0.13000", "2017-09-30": "-0.07000", "2017-06-30": "0.02000", "2017-03-31": "-0.08000", "2016-12-31": "", "2016-09-30": "", "2016-06-30": "", "2016-03-31": "", "2015-12-31": "", "2014-12-31": ""}, "EPS - Earnings Per Share": {"2020-09-30": "0.06000", "2020-06-30": "0.08000", "2020-03-31": "0.09000", "2019-12-31": "0.10000", "2019-09-30": "0.06000", "2019-06-30": "0.07000", "2019-03-31": "0.04000", "2018-12-31": "0.04840", "2018-09-30": "0.00160", "2018-06-30": "-0.03000", "2018-03-31": "-0.03000", "2017-12-31": "-0.13000", "2017-09-30": "-0.07000", "2017-06-30": "0.02000", "2017-03-31": "-0.08000", "2016-12-31": "0.00000", "2016-09-30": "0.00000", "2016-06-30": "0.00000", "2016-03-31": "0.00000", "2015-12-31": "0.00000", "2014-12-31": "0.00000"}}, "balance sheet": {"Cash On Hand": {"2019-12-31": "92.25800", "2018-12-31": "144.94000", "2017-12-31": "179.87800", "2016-12-31": "198.11900", "2015-12-31": "274.81800", "2014-12-31": "285.59600"}, "Receivables": {"2019-12-31": "", "2018-12-31": "", "2017-12-31": "", "2016-12-31": "", "2015-12-31": "", "2014-12-31": ""}, "Inventory": {"2019-12-31": "", "2018-12-31": "", "2017-12-31": "", "2016-12-31": "", "2015-12-31": "", "2014-12-31": ""}, "Pre-Paid Expenses": {"2019-12-31": "", "2018-12-31": "", "2017-12-31": "", "2016-12-31": "", "2015-12-31": "", "2014-12-31": ""}, "Other Current Assets": {"2019-12-31": "", "2018-12-31": "", "2017-12-31": "", "2016-12-31": "", "2015-12-31": "", "2014-12-31": ""}, "Total Current Assets": {"2019-12-31": "92.25800", "2018-12-31": "144.94000", "2017-12-31": "179.87800", "2016-12-31": "198.11900", "2015-12-31": "274.81800", "2014-12-31": "285.59600"}, "Property, Plant, And Equipment": {"2019-12-31": "16243.19000", "2018-12-31": "16686.06000", "2017-12-31": "17312.26000", "2016-12-31": "9002.51500", "2015-12-31": "9052.70100", "2014-12-31": "8488.55300"}, "Long-Term Investments": {"2019-12-31": "", "2018-12-31": "", "2017-12-31": "", "2016-12-31": "", "2015-12-31": "", "2014-12-31": ""}, "Goodwill And Intangible Assets": {"2019-12-31": "258.20700", "2018-12-31": "258.20700", "2017-12-31": "258.20700", "2016-12-31": "", "2015-12-31": "", "2014-12-31": ""}, "Other Long-Term Assets": {"2019-12-31": "799.25300", "2018-12-31": "974.22100", "2017-12-31": "933.28900", "2016-12-31": "531.71700", "2015-12-31": "469.45900", "2014-12-31": "425.50400"}, "Total Long-Term Assets": {"2019-12-31": "17300.65000", "2018-12-31": "17918.49000", "2017-12-31": "18503.76000", "2016-12-31": "9534.23100", "2015-12-31": "9522.16000", "2014-12-31": "8914.05700"}, "Total Assets": {"2019-12-31": "17392.91000", "2018-12-31": "18063.43000", "2017-12-31": "18683.64000", "2016-12-31": "9732.35100", "2015-12-31": "9796.97800", "2014-12-31": "9199.65300"}, "Total Current Liabilities": {"2019-12-31": "186.11000", "2018-12-31": "169.60300", "2017-12-31": "193.41300", "2016-12-31": "88.05200", "2015-12-31": "82.81700", "2014-12-31": "92.03400"}, "Long Term Debt": {"2019-12-31": "8615.27100", "2018-12-31": "9398.81100", "2017-12-31": "9798.35200", "2016-12-31": "7656.79200", "2015-12-31": "7807.12600", "2014-12-31": "6635.75000"}, "Other Non-Current Liabilities": {"2019-12-31": "325.45000", "2018-12-31": "125.82900", "2017-12-31": "41.99900", "2016-12-31": "30.08400", "2015-12-31": "20.00400", "2014-12-31": "15.26700"}, "Total Long Term Liabilities": {"2019-12-31": "8940.72200", "2018-12-31": "9524.64000", "2017-12-31": "9840.35100", "2016-12-31": "7686.87600", "2015-12-31": "7827.13000", "2014-12-31": "6651.01800"}, "Total Liabilities": {"2019-12-31": "9126.83200", "2018-12-31": "9694.24200", "2017-12-31": "10033.76000", "2016-12-31": "7774.92800", "2015-12-31": "7909.94700", "2014-12-31": "6743.05200"}, "Common Stock Net": {"2019-12-31": "5.41600", "2018-12-31": "5.20600", "2017-12-31": "5.19200", "2016-12-31": "", "2015-12-31": "", "2014-12-31": ""}, "Retained Earnings (Accumulated Deficit)": {"2019-12-31": "-524.58800", "2018-12-31": "-392.59400", "2017-12-31": "-157.59500", "2016-12-31": "", "2015-12-31": "", "2014-12-31": ""}, "Comprehensive Income": {"2019-12-31": "-276.60000", "2018-12-31": "-12.96300", "2017-12-31": "47.88500", "2016-12-31": "", "2015-12-31": "", "2014-12-31": ""}, "Other Share Holders Equity": {"2019-12-31": "", "2018-12-31": "", "2017-12-31": "", "2016-12-31": "1957.42300", "2015-12-31": "1887.03100", "2014-12-31": "2456.60100"}, "Share Holder Equity": {"2019-12-31": "8266.07800", "2018-12-31": "8369.18600", "2017-12-31": "8649.87500", "2016-12-31": "1957.42300", "2015-12-31": "1887.03100", "2014-12-31": "2456.60100"}, "Total Liabilities And Share Holders Equity": {"2019-12-31": "17392.91000", "2018-12-31": "18063.43000", "2017-12-31": "18683.64000", "2016-12-31": "9732.35100", "2015-12-31": "9796.97800", "2014-12-31": "9199.65300"}}, "balance sheet, quarterly": {"Cash On Hand": {"2020-09-30": "559.56700", "2020-06-30": "571.71900", "2020-03-31": "297.06000", "2019-12-31": "92.25800", "2019-09-30": "81.53100", "2019-06-30": "77.04600", "2019-03-31": "130.89600", "2018-12-31": "144.94000", "2018-09-30": "130.03700", "2018-06-30": "166.87400", "2018-03-31": "134.89300", "2017-12-31": "179.87800", "2017-09-30": "134.44100", "2017-06-30": "158.93400", "2017-03-31": "192.45000", "2016-12-31": "198.11900", "2016-09-30": "", "2016-06-30": "", "2016-03-31": "", "2015-12-31": "274.81000", "2014-12-31": "285.59000"}, "Receivables": {"2020-09-30": "", "2020-06-30": "", "2020-03-31": "", "2019-12-31": "", "2019-09-30": "", "2019-06-30": "", "2019-03-31": "", "2018-12-31": "", "2018-09-30": "", "2018-06-30": "", "2018-03-31": "", "2017-12-31": "", "2017-09-30": "", "2017-06-30": "", "2017-03-31": "", "2016-12-31": "", "2016-09-30": "", "2016-06-30": "", "2016-03-31": "", "2015-12-31": "", "2014-12-31": ""}, "Inventory": {"2020-09-30": "", "2020-06-30": "", "2020-03-31": "", "2019-12-31": "", "2019-09-30": "", "2019-06-30": "", "2019-03-31": "", "2018-12-31": "", "2018-09-30": "", "2018-06-30": "", "2018-03-31": "", "2017-12-31": "", "2017-09-30": "", "2017-06-30": "", "2017-03-31": "", "2016-12-31": "", "2016-09-30": "", "2016-06-30": "", "2016-03-31": "", "2015-12-31": "", "2014-12-31": ""}, "Pre-Paid Expenses": {"2020-09-30": "", "2020-06-30": "", "2020-03-31": "", "2019-12-31": "", "2019-09-30": "", "2019-06-30": "", "2019-03-31": "", "2018-12-31": "", "2018-09-30": "", "2018-06-30": "", "2018-03-31": "", "2017-12-31": "", "2017-09-30": "", "2017-06-30": "", "2017-03-31": "", "2016-12-31": "", "2016-09-30": "", "2016-06-30": "", "2016-03-31": "", "2015-12-31": "", "2014-12-31": ""}, "Other Current Assets": {"2020-09-30": "", "2020-06-30": "", "2020-03-31": "", "2019-12-31": "", "2019-09-30": "", "2019-06-30": "", "2019-03-31": "", "2018-12-31": "", "2018-09-30": "", "2018-06-30": "", "2018-03-31": "", "2017-12-31": "", "2017-09-30": "", "2017-06-30": "", "2017-03-31": "", "2016-12-31": "", "2016-09-30": "", "2016-06-30": "", "2016-03-31": "", "2015-12-31": "", "2014-12-31": ""}, "Total Current Assets": {"2020-09-30": "559.56700", "2020-06-30": "571.71900", "2020-03-31": "297.06000", "2019-12-31": "92.25800", "2019-09-30": "81.53100", "2019-06-30": "77.04600", "2019-03-31": "130.89600", "2018-12-31": "144.94000", "2018-09-30": "130.03700", "2018-06-30": "166.87400", "2018-03-31": "134.89300", "2017-12-31": "179.87800", "2017-09-30": "134.44100", "2017-06-30": "158.93400", "2017-03-31": "192.45000", "2016-12-31": "198.11900", "2016-09-30": "", "2016-06-30": "", "2016-03-31": "", "2015-12-31": "274.81000", "2014-12-31": "285.59000"}, "Property, Plant, And Equipment": {"2020-09-30": "16132.10000", "2020-06-30": "16117.74000", "2020-03-31": "16216.49000", "2019-12-31": "16243.19000", "2019-09-30": "16218.70000", "2019-06-30": "16463.53000", "2019-03-31": "16509.88000", "2018-12-31": "16686.06000", "2018-09-30": "16802.35000", "2018-06-30": "17122.09000", "2018-03-31": "17199.98000", "2017-12-31": "17312.26000", "2017-09-30": "8921.24300", "2017-06-30": "8915.56000", "2017-03-31": "8926.71600", "2016-12-31": "9002.51500", "2016-09-30": "", "2016-06-30": "", "2016-03-31": "", "2015-12-31": "", "2014-12-31": ""}, "Long-Term Investments": {"2020-09-30": "", "2020-06-30": "", "2020-03-31": "", "2019-12-31": "", "2019-09-30": "", "2019-06-30": "", "2019-03-31": "", "2018-12-31": "", "2018-09-30": "", "2018-06-30": "", "2018-03-31": "", "2017-12-31": "", "2017-09-30": "", "2017-06-30": "", "2017-03-31": "", "2016-12-31": "", "2016-09-30": "", "2016-06-30": "", "2016-03-31": "", "2015-12-31": "", "2014-12-31": ""}, "Goodwill And Intangible Assets": {"2020-09-30": "258.20700", "2020-06-30": "258.20700", "2020-03-31": "258.20700", "2019-12-31": "258.20700", "2019-09-30": "258.20700", "2019-06-30": "258.20700", "2019-03-31": "258.20700", "2018-12-31": "258.20700", "2018-09-30": "258.20700", "2018-06-30": "258.20700", "2018-03-31": "258.20700", "2017-12-31": "258.20700", "2017-09-30": "", "2017-06-30": "", "2017-03-31": "", "2016-12-31": "", "2016-09-30": "0.00000", "2016-06-30": "0.00000", "2016-03-31": "0.00000", "2015-12-31": "0.00000", "2014-12-31": "0.00000"}, "Other Long-Term Assets": {"2020-09-30": "800.91200", "2020-06-30": "798.65300", "2020-03-31": "821.58800", "2019-12-31": "799.25300", "2019-09-30": "1101.57900", "2019-06-30": "915.37300", "2019-03-31": "954.64000", "2018-12-31": "974.22100", "2018-09-30": "1286.05200", "2018-06-30": "1118.19500", "2018-03-31": "1103.36600", "2017-12-31": "933.28900", "2017-09-30": "468.84000", "2017-06-30": "444.83200", "2017-03-31": "468.99500", "2016-12-31": "531.71700", "2016-09-30": "", "2016-06-30": "", "2016-03-31": "", "2015-12-31": "9522.15000", "2014-12-31": "8914.05000"}, "Total Long-Term Assets": {"2020-09-30": "17191.22000", "2020-06-30": "17174.60000", "2020-03-31": "17296.29000", "2019-12-31": "17300.65000", "2019-09-30": "17578.49000", "2019-06-30": "17637.11000", "2019-03-31": "17722.72000", "2018-12-31": "17918.49000", "2018-09-30": "18346.61000", "2018-06-30": "18498.49000", "2018-03-31": "18561.55000", "2017-12-31": "18503.76000", "2017-09-30": "9390.08300", "2017-06-30": "9360.39200", "2017-03-31": "9395.71100", "2016-12-31": "9534.23100", "2016-09-30": "", "2016-06-30": "", "2016-03-31": "", "2015-12-31": "9522.15000", "2014-12-31": "8914.05000"}, "Total Assets": {"2020-09-30": "17750.79000", "2020-06-30": "17746.32000", "2020-03-31": "17593.35000", "2019-12-31": "17392.91000", "2019-09-30": "17660.02000", "2019-06-30": "17714.15000", "2019-03-31": "17853.62000", "2018-12-31": "18063.43000", "2018-09-30": "18476.65000", "2018-06-30": "18665.36000", "2018-03-31": "18696.45000", "2017-12-31": "18683.64000", "2017-09-30": "9524.52400", "2017-06-30": "9519.32600", "2017-03-31": "9588.16100", "2016-12-31": "9732.35100", "2016-09-30": "0.00000", "2016-06-30": "0.00000", "2016-03-31": "0.00000", "2015-12-31": "9796.97000", "2014-12-31": "9199.65000"}, "Total Current Liabilities": {"2020-09-30": "261.35500", "2020-06-30": "190.34400", "2020-03-31": "180.22200", "2019-12-31": "186.11000", "2019-09-30": "278.27200", "2019-06-30": "227.98300", "2019-03-31": "193.49500", "2018-12-31": "169.60300", "2018-09-30": "275.20300", "2018-06-30": "221.53500", "2018-03-31": "214.31700", "2017-12-31": "193.41300", "2017-09-30": "160.67400", "2017-06-30": "110.91900", "2017-03-31": "101.34700", "2016-12-31": "88.05200", "2016-09-30": "", "2016-06-30": "", "2016-03-31": "", "2015-12-31": "82.81000", "2014-12-31": "92.03000"}, "Long Term Debt": {"2020-09-30": "8485.91600", "2020-06-30": "8505.77200", "2020-03-31": "8788.96600", "2019-12-31": "8615.27100", "2019-09-30": "8804.91600", "2019-06-30": "9116.96000", "2019-03-31": "9231.59700", "2018-12-31": "9398.81100", "2018-09-30": "9606.22400", "2018-06-30": "9814.84100", "2018-03-31": "9804.05200", "2017-12-31": "9798.35200", "2017-09-30": "5733.25100", "2017-06-30": "5733.97600", "2017-03-31": "5802.18300", "2016-12-31": "7656.79200", "2016-09-30": "", "2016-06-30": "", "2016-03-31": "", "2015-12-31": "7807.12000", "2014-12-31": "6635.75000"}, "Other Non-Current Liabilities": {"2020-09-30": "672.13900", "2020-06-30": "706.32700", "2020-03-31": "666.03100", "2019-12-31": "325.45000", "2019-09-30": "400.31900", "2019-06-30": "331.74200", "2019-03-31": "207.15900", "2018-12-31": "125.82900", "2018-09-30": "30.57300", "2018-06-30": "45.41000", "2018-03-31": "41.17900", "2017-12-31": "41.99900", "2017-09-30": "28.58600", "2017-06-30": "30.46000", "2017-03-31": "26.58900", "2016-12-31": "30.08400", "2016-09-30": "", "2016-06-30": "", "2016-03-31": "", "2015-12-31": "20.00000", "2014-12-31": "15.26000"}, "Total Long Term Liabilities": {"2020-09-30": "9158.05500", "2020-06-30": "9212.10000", "2020-03-31": "9454.99700", "2019-12-31": "8940.72200", "2019-09-30": "9205.23500", "2019-06-30": "9448.70200", "2019-03-31": "9438.75600", "2018-12-31": "9524.64000", "2018-09-30": "9636.79700", "2018-06-30": "9860.25100", "2018-03-31": "9845.23000", "2017-12-31": "9840.35100", "2017-09-30": "5761.83700", "2017-06-30": "5764.43600", "2017-03-31": "5828.77200", "2016-12-31": "7686.87600", "2016-09-30": "", "2016-06-30": "", "2016-03-31": "", "2015-12-31": "7827.12000", "2014-12-31": "6651.01000"}, "Total Liabilities": {"2020-09-30": "9419.41000", "2020-06-30": "9402.44300", "2020-03-31": "9635.21800", "2019-12-31": "9126.83200", "2019-09-30": "9483.50700", "2019-06-30": "9676.68500", "2019-03-31": "9632.25100", "2018-12-31": "9694.24200", "2018-09-30": "9912.00000", "2018-06-30": "10081.79000", "2018-03-31": "10059.55000", "2017-12-31": "10033.76000", "2017-09-30": "5922.51100", "2017-06-30": "5875.35500", "2017-03-31": "5930.11900", "2016-12-31": "7774.92800", "2016-09-30": "0.00000", "2016-06-30": "0.00000", "2016-03-31": "0.00000", "2015-12-31": "7909.94000", "2014-12-31": "6743.05000"}, "Common Stock Net": {"2020-09-30": "5.60500", "2020-06-30": "5.60500", "2020-03-31": "5.43800", "2019-12-31": "5.41600", "2019-09-30": "5.38400", "2019-06-30": "5.25100", "2019-03-31": "5.25000", "2018-12-31": "5.20600", "2018-09-30": "5.20600", "2018-06-30": "5.20500", "2018-03-31": "5.20400", "2017-12-31": "5.19200", "2017-09-30": "3.11400", "2017-06-30": "3.10400", "2017-03-31": "3.10400", "2016-12-31": "", "2016-09-30": "0.00000", "2016-06-30": "0.00000", "2016-03-31": "0.00000", "2015-12-31": "0.00000", "2014-12-31": "0.00000"}, "Retained Earnings (Accumulated Deficit)": {"2020-09-30": "-646.95000", "2020-06-30": "-595.31800", "2020-03-31": "-556.30500", "2019-12-31": "-524.58800", "2019-09-30": "-505.88700", "2019-06-30": "-469.12900", "2019-03-31": "-439.73700", "2018-12-31": "-392.59400", "2018-09-30": "-360.34400", "2018-06-30": "-303.80100", "2018-03-31": "-232.29600", "2017-12-31": "-157.59500", "2017-09-30": "-86.45000", "2017-06-30": "-38.79900", "2017-03-31": "-25.51200", "2016-12-31": "", "2016-09-30": "", "2016-06-30": "", "2016-03-31": "", "2015-12-31": "", "2014-12-31": ""}, "Comprehensive Income": {"2020-09-30": "-598.96600", "2020-06-30": "-632.14800", "2020-03-31": "-607.40200", "2019-12-31": "-276.60000", "2019-09-30": "-340.72400", "2019-06-30": "-265.37000", "2019-03-31": "-110.65500", "2018-12-31": "-12.96300", "2018-09-30": "151.88600", "2018-06-30": "118.95400", "2018-03-31": "106.91800", "2017-12-31": "47.88500", "2017-09-30": "8.16700", "2017-06-30": "4.57200", "2017-03-31": "13.27200", "2016-12-31": "", "2016-09-30": "", "2016-06-30": "", "2016-03-31": "", "2015-12-31": "", "2014-12-31": ""}, "Other Share Holders Equity": {"2020-09-30": "", "2020-06-30": "", "2020-03-31": "", "2019-12-31": "", "2019-09-30": "", "2019-06-30": "", "2019-03-31": "", "2018-12-31": "", "2018-09-30": "", "2018-06-30": "", "2018-03-31": "", "2017-12-31": "", "2017-09-30": "", "2017-06-30": "", "2017-03-31": "", "2016-12-31": "1957.42300", "2016-09-30": "0.00000", "2016-06-30": "0.00000", "2016-03-31": "0.00000", "2015-12-31": "1887.03000", "2014-12-31": "2456.60000"}, "Share Holder Equity": {"2020-09-30": "8331.37700", "2020-06-30": "8343.87300", "2020-03-31": "7958.12700", "2019-12-31": "8266.07800", "2019-09-30": "8176.51100", "2019-06-30": "8037.46800", "2019-03-31": "8221.36800", "2018-12-31": "8369.18600", "2018-09-30": "8564.64800", "2018-06-30": "8583.57700", "2018-03-31": "8636.89700", "2017-12-31": "8649.87500", "2017-09-30": "3602.01300", "2017-06-30": "3643.97100", "2017-03-31": "3658.04200", "2016-12-31": "1957.42300", "2016-09-30": "0.00000", "2016-06-30": "0.00000", "2016-03-31": "0.00000", "2015-12-31": "1887.03000", "2014-12-31": "2456.60000"}, "Total Liabilities And Share Holders Equity": {"2020-09-30": "17750.79000", "2020-06-30": "17746.32000", "2020-03-31": "17593.35000", "2019-12-31": "17392.91000", "2019-09-30": "17660.02000", "2019-06-30": "17714.15000", "2019-03-31": "17853.62000", "2018-12-31": "18063.43000", "2018-09-30": "18476.65000", "2018-06-30": "18665.36000", "2018-03-31": "18696.45000", "2017-12-31": "18683.64000", "2017-09-30": "9524.52400", "2017-06-30": "9519.32600", "2017-03-31": "9588.16100", "2016-12-31": "9732.35100", "2016-09-30": "0.00000", "2016-06-30": "0.00000", "2016-03-31": "0.00000", "2015-12-31": "9796.97000", "2014-12-31": "9199.65000"}}, "cash flow statement": {"Net Income/Loss": {"2019-12-31": "147.11100", "2018-12-31": "-5.01300", "2017-12-31": "-105.82600", "2016-12-31": "-78.23900", "2015-12-31": "-160.20800", "2014-12-31": "-269.86100"}, "Total Depreciation And Amortization - Cash Flow": {"2019-12-31": "590.94200", "2018-12-31": "608.11400", "2017-12-31": "345.38200", "2016-12-31": "332.15600", "2015-12-31": "340.09100", "2014-12-31": "307.63200"}, "Other Non-Cash Items": {"2019-12-31": "-68.62400", "2018-12-31": "4.90700", "2017-12-31": "52.44300", "2016-12-31": "2.48000", "2015-12-31": "31.89700", "2014-12-31": "35.33300"}, "Total Non-Cash Items": {"2019-12-31": "522.31810", "2018-12-31": "613.02100", "2017-12-31": "397.82500", "2016-12-31": "334.63600", "2015-12-31": "371.98800", "2014-12-31": "342.96500"}, "Change In Accounts Receivable": {"2019-12-31": "", "2018-12-31": "", "2017-12-31": "", "2016-12-31": "", "2015-12-31": "", "2014-12-31": ""}, "Change In Inventories": {"2019-12-31": "", "2018-12-31": "", "2017-12-31": "", "2016-12-31": "", "2015-12-31": "", "2014-12-31": ""}, "Change In Accounts Payable": {"2019-12-31": "", "2018-12-31": "", "2017-12-31": "", "2016-12-31": "", "2015-12-31": "", "2014-12-31": ""}, "Change In Assets/Liabilities": {"2019-12-31": "-12.50600", "2018-12-31": "-20.12400", "2017-12-31": "-18.73500", "2016-12-31": "-7.27900", "2015-12-31": "-13.20900", "2014-12-31": "-31.43800"}, "Total Change In Assets/Liabilities": {"2019-12-31": "-7.29900", "2018-12-31": "-46.76700", "2017-12-31": "-29.02900", "2016-12-31": "-0.34300", "2015-12-31": "-14.30600", "2014-12-31": "-24.65300"}, "Cash Flow From Operating Activities": {"2019-12-31": "662.13000", "2018-12-31": "561.24100", "2017-12-31": "262.97000", "2016-12-31": "256.05400", "2015-12-31": "197.47400", "2014-12-31": "48.45100"}, "Net Change In Property, Plant, And Equipment": {"2019-12-31": "633.50700", "2018-12-31": "312.35200", "2017-12-31": "107.41200", "2016-12-31": "36.49500", "2015-12-31": "-27.49400", "2014-12-31": "-374.98900"}, "Net Change In Intangible Assets": {"2019-12-31": "", "2018-12-31": "", "2017-12-31": "", "2016-12-31": "", "2015-12-31": "", "2014-12-31": ""}, "Net Acquisitions/Divestitures": {"2019-12-31": "-586.07500", "2018-12-31": "-252.39100", "2017-12-31": "-228.49900", "2016-12-31": "-284.22400", "2015-12-31": "-790.58300", "2014-12-31": "-1404.98500"}, "Net Change In Short-term Investments": {"2019-12-31": "", "2018-12-31": "", "2017-12-31": "", "2016-12-31": "", "2015-12-31": "", "2014-12-31": ""}, "Net Change In Long-Term Investments": {"2019-12-31": "49.96000", "2018-12-31": "12.29800", "2017-12-31": "-15.88200", "2016-12-31": "-16.03600", "2015-12-31": "-118.57600", "2014-12-31": "-74.46900"}, "Net Change In Investments - Total": {"2019-12-31": "49.96000", "2018-12-31": "12.29800", "2017-12-31": "-15.88200", "2016-12-31": "-16.03600", "2015-12-31": "-118.57600", "2014-12-31": "-74.46900"}, "Investing Activities - Other": {"2019-12-31": "4.83400", "2018-12-31": "-9.26600", "2017-12-31": "201.66200", "2016-12-31": "5.71800", "2015-12-31": "76.82000", "2014-12-31": "-45.25400"}, "Cash Flow From Investing Activities": {"2019-12-31": "102.22600", "2018-12-31": "62.99300", "2017-12-31": "64.69300", "2016-12-31": "-258.04700", "2015-12-31": "-859.83300", "2014-12-31": "-1899.69700"}, "Net Long-Term Debt": {"2019-12-31": "-593.95700", "2018-12-31": "-345.11130", "2017-12-31": "-1911.14600", "2016-12-31": "-196.44100", "2015-12-31": "1139.02600", "2014-12-31": "2011.71300"}, "Net Current Debt": {"2019-12-31": "", "2018-12-31": "-35.00000", "2017-12-31": "35.00000", "2016-12-31": "", "2015-12-31": "-1.50000", "2014-12-31": "-18.72800"}, "Debt Issuance/Retirement Net - Total": {"2019-12-31": "-593.95700", "2018-12-31": "-380.11130", "2017-12-31": "-1876.14600", "2016-12-31": "-196.44100", "2015-12-31": "1137.52600", "2014-12-31": "1992.98500"}, "Net Common Equity Issued/Repurchased": {"2019-12-31": "55.26300", "2018-12-31": "", "2017-12-31": "1692.05800", "2016-12-31": "", "2015-12-31": "", "2014-12-31": ""}, "Net Total Equity Issued/Repurchased": {"2019-12-31": "55.26300", "2018-12-31": "", "2017-12-31": "1692.05800", "2016-12-31": "", "2015-12-31": "", "2014-12-31": "1.13000"}, "Total Common And Preferred Stock Dividends Paid": {"2019-12-31": "-276.68100", "2018-12-31": "-230.07200", "2017-12-31": "-68.99700", "2016-12-31": "", "2015-12-31": "-682.60600", "2014-12-31": "-787.59800"}, "Financial Activities - Other": {"2019-12-31": "-22.72700", "2018-12-31": "-70.62200", "2017-12-31": "-78.22700", "2016-12-31": "124.65300", "2015-12-31": "196.66100", "2014-12-31": "498.76000"}, "Cash Flow From Financial Activities": {"2019-12-31": "-838.10200", "2018-12-31": "-680.80500", "2017-12-31": "-331.31200", "2016-12-31": "-71.78800", "2015-12-31": "651.58100", "2014-12-31": "1705.27700"}, "Net Cash Flow": {"2019-12-31": "-73.74600", "2018-12-31": "-56.57100", "2017-12-31": "-3.64900", "2016-12-31": "-73.78100", "2015-12-31": "-10.77800", "2014-12-31": "-145.96900"}, "Stock-Based Compensation": {"2019-12-31": "18.15800", "2018-12-31": "29.49900", "2017-12-31": "81.20300", "2016-12-31": "10.21000", "2015-12-31": "27.92400", "2014-12-31": ""}, "Common Stock Dividends Paid": {"2019-12-31": "-276.68100", "2018-12-31": "-230.07200", "2017-12-31": "-68.99700", "2016-12-31": "0.00000", "2015-12-31": "-682.47000", "2014-12-31": "-787.47100"}}, "cash flow statement, quarterly": {"Net Income/Loss": {"2020-09-30": 32.865, "2020-06-30": 43.178, "2020-03-31": "50.27600", "2019-12-31": 52.554, "2019-09-30": 33.983, "2019-06-30": 39.405, "2019-03-31": "21.16900", "2018-12-31": 25.714, "2018-09-30": 1.041, "2018-06-30": -14.188, "2018-03-31": "-17.58000", "2017-12-31": -46.454, "2017-09-30": -22.51, "2017-06-30": 5.529, "2017-03-31": "-42.39100", "2016-12-31": -26.64, "2016-09-30": -21.949, "2016-06-30": -19.666, "2016-03-31": "-9.97500", "2015-12-31": 109.66, "2014-12-31": -269.86}, "Total Depreciation And Amortization - Cash Flow": {"2020-09-30": 146.329, "2020-06-30": 147.988, "2020-03-31": "147.18300", "2019-12-31": 147.867, "2019-09-30": 146.508, "2019-06-30": 147.865, "2019-03-31": "148.70200", "2018-12-31": 144.603, "2018-09-30": 152.542, "2018-06-30": 157.376, "2018-03-31": "153.59300", "2017-12-31": 113.823, "2017-09-30": 73.772, "2017-06-30": 75.689, "2017-03-31": "82.09800", "2016-12-31": 81.903, "2016-09-30": 81.438, "2016-06-30": 85.184, "2016-03-31": "83.62500", "2015-12-31": 32.46, "2014-12-31": 307.63}, "Other Non-Cash Items": {"2020-09-30": -4.865, "2020-06-30": -6.167, "2020-03-31": "-7.72200", "2019-12-31": -32.097, "2019-09-30": -12.289, "2019-06-30": -18.296, "2019-03-31": "-5.94200", "2018-12-31": -14.02, "2018-09-30": 4.368, "2018-06-30": 8.867, "2018-03-31": "5.69200", "2017-12-31": 12.577, "2017-09-30": 7.877, "2017-06-30": -2.386, "2017-03-31": "34.37500", "2016-12-31": 1.046, "2016-09-30": 2.609, "2016-06-30": 3.79, "2016-03-31": "-4.96500", "2015-12-31": 0, "2014-12-31": 0}, "Total Non-Cash Items": {"2020-09-30": 141.464, "2020-06-30": 141.821, "2020-03-31": "139.46100", "2019-12-31": 115.7701, "2019-09-30": 134.219, "2019-06-30": 129.569, "2019-03-31": "142.76000", "2018-12-31": 130.583, "2018-09-30": 156.91, "2018-06-30": 166.243, "2018-03-31": "159.28500", "2017-12-31": 126.4, "2017-09-30": 81.649, "2017-06-30": 73.303, "2017-03-31": "116.47300", "2016-12-31": 80.469, "2016-09-30": 84.047, "2016-06-30": 88.974, "2016-03-31": "78.66000", "2015-12-31": 32.46, "2014-12-31": 307.63}, "Change In Accounts Receivable": {"2020-09-30": 0, "2020-06-30": 0, "2020-03-31": "", "2019-12-31": 0, "2019-09-30": 0, "2019-06-30": 0, "2019-03-31": "", "2018-12-31": 0, "2018-09-30": 0, "2018-06-30": 0, "2018-03-31": "", "2017-12-31": 0, "2017-09-30": 0, "2017-06-30": 0, "2017-03-31": "", "2016-12-31": 0, "2016-09-30": 0, "2016-06-30": 0, "2016-03-31": "", "2015-12-31": 0, "2014-12-31": 0}, "Change In Inventories": {"2020-09-30": 0, "2020-06-30": 0, "2020-03-31": "", "2019-12-31": 0, "2019-09-30": 0, "2019-06-30": 0, "2019-03-31": "", "2018-12-31": 0, "2018-09-30": 0, "2018-06-30": 0, "2018-03-31": "", "2017-12-31": 0, "2017-09-30": 0, "2017-06-30": 0, "2017-03-31": "", "2016-12-31": 0, "2016-09-30": 0, "2016-06-30": 0, "2016-03-31": "", "2015-12-31": 0, "2014-12-31": 0}, "Change In Accounts Payable": {"2020-09-30": 0, "2020-06-30": 0, "2020-03-31": "", "2019-12-31": 0, "2019-09-30": 0, "2019-06-30": 0, "2019-03-31": "", "2018-12-31": 0, "2018-09-30": 0, "2018-06-30": 0, "2018-03-31": "", "2017-12-31": 0, "2017-09-30": 0, "2017-06-30": 0, "2017-03-31": "", "2016-12-31": 0, "2016-09-30": 0, "2016-06-30": 0, "2016-03-31": "", "2015-12-31": 0, "2014-12-31": 0}, "Change In Assets/Liabilities": {"2020-09-30": -9.951, "2020-06-30": 11.069, "2020-03-31": "-7.48200", "2019-12-31": -6.501, "2019-09-30": 0.327, "2019-06-30": -10.584, "2019-03-31": "4.25200", "2018-12-31": 1.861, "2018-09-30": -8.872, "2018-06-30": 9.432, "2018-03-31": "-22.54500", "2017-12-31": -5.702, "2017-09-30": -5.923, "2017-06-30": 7.105, "2017-03-31": "-14.21500", "2016-12-31": -0.352, "2016-09-30": 5.917, "2016-06-30": -7.997, "2016-03-31": "-4.84700", "2015-12-31": 0, "2014-12-31": 0}, "Total Change In Assets/Liabilities": {"2020-09-30": 55.408, "2020-06-30": 33.215, "2020-03-31": "-12.01600", "2019-12-31": -97.042, "2019-09-30": 47.304, "2019-06-30": 13.185, "2019-03-31": "29.25400", "2018-12-31": -108.137, "2018-09-30": 44.795, "2018-06-30": 28.2, "2018-03-31": "-11.62500", "2017-12-31": -87.413, "2017-09-30": 41.44, "2017-06-30": 14.952, "2017-03-31": "1.99200", "2016-12-31": -53.888, "2016-09-30": 29.486, "2016-06-30": 9.486, "2016-03-31": "8.64600", "2015-12-31": 10.35, "2014-12-31": -24.65}, "Cash Flow From Operating Activities": {"2020-09-30": 229.737, "2020-06-30": 218.214, "2020-03-31": "177.72100", "2019-12-31": 71.282, "2019-09-30": 215.506, "2019-06-30": 182.159, "2019-03-31": "193.18300", "2018-12-31": 48.16, "2018-09-30": 202.746, "2018-06-30": 180.255, "2018-03-31": "130.08000", "2017-12-31": -7.467, "2017-09-30": 100.579, "2017-06-30": 93.784, "2017-03-31": "76.07400", "2016-12-31": 2.411, "2016-09-30": 91.584, "2016-06-30": 78.794, "2016-03-31": "77.33100", "2015-12-31": 149.02, "2014-12-31": 48.45}, "Net Change In Property, Plant, And Equipment": {"2020-09-30": 56.038, "2020-06-30": 31.024, "2020-03-31": "52.05600", "2019-12-31": 293.723, "2019-09-30": 92.171, "2019-06-30": 144.187, "2019-03-31": "103.42600", "2018-12-31": 251.183, "2018-09-30": 25.015, "2018-06-30": 33.102, "2018-03-31": "3.05200", "2017-12-31": 13.018, "2017-09-30": 0.808, "2017-06-30": 37.859, "2017-03-31": "55.72700", "2016-12-31": -20.399, "2016-09-30": -5.259, "2016-06-30": -16.418, "2016-03-31": "42.07600", "2015-12-31": 0, "2014-12-31": 0}, "Net Change In Intangible Assets": {"2020-09-30": 0, "2020-06-30": 0, "2020-03-31": "", "2019-12-31": 0, "2019-09-30": 0, "2019-06-30": 0, "2019-03-31": "", "2018-12-31": 0, "2018-09-30": 0, "2018-06-30": 0, "2018-03-31": "", "2017-12-31": 0, "2017-09-30": 0, "2017-06-30": 0, "2017-03-31": "", "2016-12-31": 0, "2016-09-30": 0, "2016-06-30": 0, "2016-03-31": "", "2015-12-31": 0, "2014-12-31": 0}, "Net Acquisitions/Divestitures": {"2020-09-30": -157.514, "2020-06-30": -42.43, "2020-03-31": "-137.47100", "2019-12-31": -180.933, "2019-09-30": -158.836, "2019-06-30": -190.848, "2019-03-31": "-55.45800", "2018-12-31": -67.906, "2018-09-30": -64.336, "2018-06-30": -71.663, "2018-03-31": "-48.48600", "2017-12-31": -74.345, "2017-09-30": -69.522, "2017-06-30": -56.819, "2017-03-31": "-27.81300", "2016-12-31": -27.112, "2016-09-30": -51.176, "2016-06-30": -93.199, "2016-03-31": "-112.73300", "2015-12-31": 614.4, "2014-12-31": -1404.98}, "Net Change In Short-term Investments": {"2020-09-30": 0, "2020-06-30": 0, "2020-03-31": "", "2019-12-31": 0, "2019-09-30": 0, "2019-06-30": 0, "2019-03-31": "", "2018-12-31": 0, "2018-09-30": 0, "2018-06-30": 0, "2018-03-31": "", "2017-12-31": 0, "2017-09-30": 0, "2017-06-30": 0, "2017-03-31": "", "2016-12-31": 0, "2016-09-30": 0, "2016-06-30": 0, "2016-03-31": "", "2015-12-31": 0, "2014-12-31": 0}, "Net Change In Long-Term Investments": {"2020-09-30": 1.346, "2020-06-30": 1.248, "2020-03-31": "5.53900", "2019-12-31": 9.926, "2019-09-30": 4.347, "2019-06-30": 27.246, "2019-03-31": "8.44100", "2018-12-31": 26.349, "2018-09-30": 90.455, "2018-06-30": -58.788, "2018-03-31": "-45.71800", "2017-12-31": 5.122, "2017-09-30": 0, "2017-06-30": -21.004, "2017-03-31": "", "2016-12-31": 0, "2016-09-30": 0, "2016-06-30": -16.036, "2016-03-31": "", "2015-12-31": 0, "2014-12-31": 0}, "Net Change In Investments - Total": {"2020-09-30": 1.346, "2020-06-30": 1.248, "2020-03-31": "5.53900", "2019-12-31": 9.926, "2019-09-30": 4.347, "2019-06-30": 27.246, "2019-03-31": "8.44100", "2018-12-31": 26.349, "2018-09-30": 90.455, "2018-06-30": -58.788, "2018-03-31": "-45.71800", "2017-12-31": 5.122, "2017-09-30": 0, "2017-06-30": -21.004, "2017-03-31": "", "2016-12-31": 36.486, "2016-09-30": 0, "2016-06-30": -16.036, "2016-03-31": "", "2015-12-31": 303.38, "2014-12-31": -449.45}, "Investing Activities - Other": {"2020-09-30": -4.741, "2020-06-30": 1.396, "2020-03-31": "-0.86600", "2019-12-31": 6.081, "2019-09-30": -3.444, "2019-06-30": 3.579, "2019-03-31": "-1.38200", "2018-12-31": -5.599, "2018-09-30": -2.794, "2018-06-30": 9.973, "2018-03-31": "-10.84600", "2017-12-31": 203.808, "2017-09-30": -2.235, "2017-06-30": -0.395, "2017-03-31": "0.48400", "2016-12-31": 54.76, "2016-09-30": -35.901, "2016-06-30": -0.646, "2016-03-31": "-9.49300", "2015-12-31": 122.07, "2014-12-31": -45.25}, "Cash Flow From Investing Activities": {"2020-09-30": -104.871, "2020-06-30": -8.762, "2020-03-31": "-80.74200", "2019-12-31": 128.797, "2019-09-30": -65.762, "2019-06-30": -15.836, "2019-03-31": "55.02700", "2018-12-31": 204.027, "2018-09-30": 48.34, "2018-06-30": -87.376, "2018-03-31": "-101.99800", "2017-12-31": 147.603, "2017-09-30": -70.949, "2017-06-30": -40.359, "2017-03-31": "28.39800", "2016-12-31": 43.755, "2016-09-30": -92.336, "2016-06-30": -126.299, "2016-03-31": "-80.15000", "2015-12-31": 1039.86, "2014-12-31": -1899.69}, "Net Long-Term Debt": {"2020-09-30": -26.114, "2020-06-30": -24.391, "2020-03-31": "-107.38700", "2019-12-31": -199.006, "2019-09-30": -89.032, "2019-06-30": -125.107, "2019-03-31": "-180.81200", "2018-12-31": -202.9944, "2018-09-30": -317.708, "2018-06-30": 132.2891, "2018-03-31": "43.30200", "2017-12-31": 0.641, "2017-09-30": -3.61, "2017-06-30": -56.121, "2017-03-31": "-1852.05600", "2016-12-31": -117.611, "2016-09-30": -24.557, "2016-06-30": 76.084, "2016-03-31": "-130.35700", "2015-12-31": 0, "2014-12-31": 0}, "Net Current Debt": {"2020-09-30": 0, "2020-06-30": -270, "2020-03-31": "270.00000", "2019-12-31": 0, "2019-09-30": 0, "2019-06-30": 0, "2019-03-31": "", "2018-12-31": 0, "2018-09-30": 100, "2018-06-30": -115, "2018-03-31": "-20.00000", "2017-12-31": 35, "2017-09-30": 0, "2017-06-30": 0, "2017-03-31": "", "2016-12-31": 1.52, "2016-09-30": 0, "2016-06-30": 0, "2016-03-31": "", "2015-12-31": 17.22, "2014-12-31": -18.72}, "Debt Issuance/Retirement Net - Total": {"2020-09-30": -26.114, "2020-06-30": -294.391, "2020-03-31": "162.61300", "2019-12-31": -199.006, "2019-09-30": -89.032, "2019-06-30": -125.107, "2019-03-31": "-180.81200", "2018-12-31": -202.9944, "2018-09-30": -217.708, "2018-06-30": 17.2891, "2018-03-31": "23.30200", "2017-12-31": 35.641, "2017-09-30": -3.61, "2017-06-30": -56.121, "2017-03-31": "-1852.05600", "2016-12-31": -117.61, "2016-09-30": -24.557, "2016-06-30": 76.084, "2016-03-31": "-130.35700", "2015-12-31": -872.69, "2014-12-31": 2011.71}, "Net Common Equity Issued/Repurchased": {"2020-09-30": 0, "2020-06-30": 447.877, "2020-03-31": "55.92100", "2019-12-31": 37.526, "2019-09-30": 17.737, "2019-06-30": 0, "2019-03-31": "", "2018-12-31": 0, "2018-09-30": 0, "2018-06-30": 0, "2018-03-31": "", "2017-12-31": 0, "2017-09-30": 0, "2017-06-30": 0, "2017-03-31": "1692.05800", "2016-12-31": 0, "2016-09-30": 0, "2016-06-30": 0, "2016-03-31": "", "2015-12-31": 0, "2014-12-31": 0}, "Net Total Equity Issued/Repurchased": {"2020-09-30": 0, "2020-06-30": 447.877, "2020-03-31": "55.92100", "2019-12-31": 37.526, "2019-09-30": 17.737, "2019-06-30": 0, "2019-03-31": "", "2018-12-31": 0, "2018-09-30": 0, "2018-06-30": 0, "2018-03-31": "", "2017-12-31": 1.153, "2017-09-30": 0, "2017-06-30": 0, "2017-03-31": "1690.90500", "2016-12-31": 0, "2016-09-30": 0, "2016-06-30": 0, "2016-03-31": "", "2015-12-31": -1.13, "2014-12-31": 1.13}, "Total Common And Preferred Stock Dividends Paid": {"2020-09-30": -84.195, "2020-06-30": -81.682, "2020-03-31": "-81.77400", "2019-12-31": -69.917, "2019-09-30": -70.465, "2019-06-30": -68.334, "2019-03-31": "-67.96500", "2018-12-31": -57.518, "2018-09-30": -57.563, "2018-06-30": -57.559, "2018-03-31": "-57.43200", "2017-12-31": -25.091, "2017-09-30": -25.09, "2017-06-30": -18.816, "2017-03-31": "", "2016-12-31": -0.13, "2016-09-30": 0, "2016-06-30": 0, "2016-03-31": "", "2015-12-31": 104.99, "2014-12-31": -787.59}, "Financial Activities - Other": {"2020-09-30": -1.262, "2020-06-30": -1.438, "2020-03-31": "-4.18900", "2019-12-31": -8.85, "2019-09-30": -1.026, "2019-06-30": -4.845, "2019-03-31": "-8.00600", "2018-12-31": -15.324, "2018-09-30": -2.097, "2018-06-30": -33.435, "2018-03-31": "-19.76600", "2017-12-31": -23.499, "2017-09-30": -9.906, "2017-06-30": -17.909, "2017-03-31": "-26.91300", "2016-12-31": -5.968, "2016-09-30": -0.105, "2016-06-30": 1.495, "2016-03-31": "127.83800", "2015-12-31": -302.1, "2014-12-31": 498.76}, "Cash Flow From Financial Activities": {"2020-09-30": -111.571, "2020-06-30": 70.366, "2020-03-31": "132.57100", "2019-12-31": -240.247, "2019-09-30": -142.786, "2019-06-30": -198.286, "2019-03-31": "-256.78300", "2018-12-31": -275.836, "2018-09-30": -277.368, "2018-06-30": -73.705, "2018-03-31": "-53.89600", "2017-12-31": -11.796, "2017-09-30": -38.606, "2017-06-30": -92.846, "2017-03-31": "-188.06400", "2016-12-31": -122.178, "2016-09-30": -24.662, "2016-06-30": 77.579, "2016-03-31": "-2.51900", "2015-12-31": -1053.69, "2014-12-31": 1705.27}, "Net Cash Flow": {"2020-09-30": 13.295, "2020-06-30": 279.818, "2020-03-31": "229.55000", "2019-12-31": -40.168, "2019-09-30": 6.958, "2019-06-30": -31.963, "2019-03-31": "-8.57300", "2018-12-31": -23.649, "2018-09-30": -26.282, "2018-06-30": 19.174, "2018-03-31": "-25.81400", "2017-12-31": 128.34, "2017-09-30": -8.976, "2017-06-30": -39.421, "2017-03-31": "-83.59200", "2016-12-31": -76.012, "2016-09-30": -25.414, "2016-06-30": 30.074, "2016-03-31": "-5.33800", "2015-12-31": 135.19, "2014-12-31": -145.96}, "Stock-Based Compensation": {"2020-09-30": 6.086, "2020-06-30": 2.106, "2020-03-31": "4.10100", "2019-12-31": 4.311, "2019-09-30": 4.625, "2019-06-30": 3.615, "2019-03-31": "5.60700", "2018-12-31": 5.917, "2018-09-30": 6.068, "2018-06-30": 8.016, "2018-03-31": "9.49800", "2017-12-31": 16.739, "2017-09-30": 12.004, "2017-06-30": 8.216, "2017-03-31": "44.24400", "2016-12-31": -2.813, "2016-09-30": 4.711, "2016-06-30": 4.106, "2016-03-31": "4.20600", "2015-12-31": 0, "2014-12-31": 0}, "Common Stock Dividends Paid": {"2020-09-30": -84.195, "2020-06-30": -81.682, "2020-03-31": "-81.77400", "2019-12-31": -69.917, "2019-09-30": -70.465, "2019-06-30": -68.334, "2019-03-31": "-67.96500", "2018-12-31": -57.518, "2018-09-30": -57.563, "2018-06-30": -57.559, "2018-03-31": "-57.43200", "2017-12-31": -25.091, "2017-09-30": -25.09, "2017-06-30": -18.816, "2017-03-31": "", "2016-12-31": 0, "2016-09-30": 0, "2016-06-30": 0, "2016-03-31": "", "2015-12-31": 0, "2014-12-31": 0}}, "financial ratios": {"Current Ratio": {"2019-12-31": "", "2018-12-31": "", "2017-12-31": "", "2016-12-31": "", "2015-12-31": "", "2014-12-31": ""}, "Long-term Debt / Capital": {"2019-12-31": "0.51030", "2018-12-31": "0.52900", "2017-12-31": "0.53110", "2016-12-31": "0.79640", "2015-12-31": "0.80530", "2014-12-31": "0.72980"}, "Debt/Equity Ratio": {"2019-12-31": "1.04220", "2018-12-31": "1.12300", "2017-12-31": "1.13280", "2016-12-31": "3.91170", "2015-12-31": "4.13730", "2014-12-31": "2.70120"}, "Gross Margin": {"2019-12-31": "", "2018-12-31": "", "2017-12-31": "", "2016-12-31": "", "2015-12-31": "", "2014-12-31": ""}, "Operating Margin": {"2019-12-31": "23.02670", "2018-12-31": "18.68540", "2017-12-31": "11.21020", "2016-12-31": "20.67850", "2015-12-31": "13.68070", "2014-12-31": "-4.83100"}, "EBIT Margin": {"2019-12-31": "23.02670", "2018-12-31": "18.68540", "2017-12-31": "11.21020", "2016-12-31": "20.67850", "2015-12-31": "13.68070", "2014-12-31": "-4.83100"}, "EBITDA Margin": {"2019-12-31": "56.51380", "2018-12-31": "53.98010", "2017-12-31": "43.96480", "2016-12-31": "56.68120", "2015-12-31": "54.35900", "2014-12-31": "41.87030"}, "Pre-Tax Profit Margin": {"2019-12-31": "2.87730", "2018-12-31": "-3.17450", "2017-12-31": "-13.25060", "2016-12-31": "-10.49540", "2015-12-31": "-19.43430", "2014-12-31": "-40.93170"}, "Net Profit Margin": {"2019-12-31": "8.24300", "2018-12-31": "-0.28600", "2017-12-31": "-9.98970", "2016-12-31": "-8.48040", "2015-12-31": "-19.16250", "2014-12-31": "-40.96740"}, "Asset Turnover": {"2019-12-31": "0.10150", "2018-12-31": "0.09540", "2017-12-31": "0.05640", "2016-12-31": "0.09480", "2015-12-31": "0.08530", "2014-12-31": "0.07160"}, "Inventory Turnover Ratio": {"2019-12-31": "", "2018-12-31": "", "2017-12-31": "", "2016-12-31": "", "2015-12-31": "", "2014-12-31": ""}, "Receiveable Turnover": {"2019-12-31": "", "2018-12-31": "", "2017-12-31": "", "2016-12-31": "", "2015-12-31": "", "2014-12-31": ""}, "Days Sales In Receivables": {"2019-12-31": "", "2018-12-31": "", "2017-12-31": "", "2016-12-31": "", "2015-12-31": "", "2014-12-31": ""}, "ROE - Return On Equity": {"2019-12-31": "0.61430", "2018-12-31": "-0.65350", "2017-12-31": "-1.61530", "2016-12-31": "-4.94680", "2015-12-31": "-8.61040", "2014-12-31": "-10.97560"}, "Return On Tangible Equity": {"2019-12-31": "0.63410", "2018-12-31": "-0.67430", "2017-12-31": "-1.66500", "2016-12-31": "-4.94680", "2015-12-31": "-8.61040", "2014-12-31": "-10.97560"}, "ROA - Return On Assets": {"2019-12-31": "0.29190", "2018-12-31": "-0.30280", "2017-12-31": "-0.74780", "2016-12-31": "-0.99490", "2015-12-31": "-1.65850", "2014-12-31": "-2.93080"}, "ROI - Return On Investment": {"2019-12-31": "0.30080", "2018-12-31": "-0.30780", "2017-12-31": "-0.75740", "2016-12-31": "-1.00710", "2015-12-31": "-1.67610", "2014-12-31": "-2.96540"}, "Book Value Per Share": {"2019-12-31": "15.26110", "2018-12-31": "16.07460", "2017-12-31": "16.66090", "2016-12-31": "", "2015-12-31": "", "2014-12-31": ""}, "Operating Cash Flow Per Share": {"2019-12-31": 0.1649, "2018-12-31": 0.3037, "2017-12-31": 0.7748, "2016-12-31": 0, "2015-12-31": 0, "2014-12-31": 0}, "Free Cash Flow Per Share": {"2019-12-31": 0.7543, "2018-12-31": 0.5876, "2017-12-31": 1.0912, "2016-12-31": 0, "2015-12-31": 0, "2014-12-31": 0}}, "financial ratios, quarterly": {"Current Ratio": {"2020-09-30": "", "2020-06-30": "", "2020-03-31": "", "2019-12-31": "", "2019-09-30": "", "2019-06-30": "", "2019-03-31": "", "2018-12-31": "", "2018-09-30": "", "2018-06-30": "", "2018-03-31": "", "2017-12-31": "", "2017-09-30": "", "2017-06-30": "", "2017-03-31": "", "2016-12-31": "", "2016-09-30": "", "2016-06-30": "", "2016-03-31": "", "2015-12-31": "", "2014-12-31": ""}, "Long-term Debt / Capital": {"2020-09-30": "0.50460", "2020-06-30": "0.50480", "2020-03-31": "0.52480", "2019-12-31": "0.51030", "2019-09-30": "0.51850", "2019-06-30": "0.53150", "2019-03-31": "0.52890", "2018-12-31": "0.52900", "2018-09-30": "0.52870", "2018-06-30": "0.53350", "2018-03-31": "0.53160", "2017-12-31": "0.53110", "2017-09-30": "0.61410", "2017-06-30": "0.61140", "2017-03-31": "0.61330", "2016-12-31": "0.79640", "2016-09-30": "", "2016-06-30": "", "2016-03-31": "", "2015-12-31": "", "2014-12-31": ""}, "Debt/Equity Ratio": {"2020-09-30": "1.01850", "2020-06-30": "1.01940", "2020-03-31": "1.10440", "2019-12-31": "1.04220", "2019-09-30": "1.07690", "2019-06-30": "1.13430", "2019-03-31": "1.12290", "2018-12-31": "1.12300", "2018-09-30": "1.12160", "2018-06-30": "1.14340", "2018-03-31": "1.13690", "2017-12-31": "1.13280", "2017-09-30": "1.59170", "2017-06-30": "1.57360", "2017-03-31": "1.58610", "2016-12-31": "3.91170", "2016-09-30": "", "2016-06-30": "", "2016-03-31": "", "2015-12-31": "", "2014-12-31": ""}, "Gross Margin": {"2020-09-30": "", "2020-06-30": "", "2020-03-31": "", "2019-12-31": "", "2019-09-30": "", "2019-06-30": "", "2019-03-31": "", "2018-12-31": "", "2018-09-30": "", "2018-06-30": "", "2018-03-31": "", "2017-12-31": "", "2017-09-30": "", "2017-06-30": "", "2017-03-31": "", "2016-12-31": "", "2016-09-30": "", "2016-06-30": "", "2016-03-31": "", "2015-12-31": "", "2014-12-31": ""}, "Operating Margin": {"2020-09-30": "23.63350", "2020-06-30": "25.95010", "2020-03-31": "25.81630", "2019-12-31": "23.87270", "2019-09-30": "21.99350", "2019-06-30": "24.53200", "2019-03-31": "21.68890", "2018-12-31": "21.55080", "2018-09-30": "19.28910", "2018-06-30": "17.91430", "2018-03-31": "15.92780", "2017-12-31": "6.85250", "2017-09-30": "12.28440", "2017-06-30": "22.12650", "2017-03-31": "5.06220", "2016-12-31": "19.33220", "2016-09-30": "19.09860", "2016-06-30": "21.54140", "2016-03-31": "22.83410", "2015-12-31": "", "2014-12-31": ""}, "EBIT Margin": {"2020-09-30": "23.63350", "2020-06-30": "25.95010", "2020-03-31": "25.81630", "2019-12-31": "23.87270", "2019-09-30": "21.99350", "2019-06-30": "24.53200", "2019-03-31": "21.68890", "2018-12-31": "21.55080", "2018-09-30": "19.28910", "2018-06-30": "17.91430", "2018-03-31": "15.92780", "2017-12-31": "6.85250", "2017-09-30": "12.28440", "2017-06-30": "22.12650", "2017-03-31": "5.06220", "2016-12-31": "19.33220", "2016-09-30": "19.09860", "2016-06-30": "21.54140", "2016-03-31": "22.83410", "2015-12-31": "", "2014-12-31": ""}, "EBITDA Margin": {"2020-09-30": "", "2020-06-30": "", "2020-03-31": "", "2019-12-31": "", "2019-09-30": "", "2019-06-30": "", "2019-03-31": "", "2018-12-31": "", "2018-09-30": "", "2018-06-30": "", "2018-03-31": "", "2017-12-31": "", "2017-09-30": "", "2017-06-30": "", "2017-03-31": "", "2016-12-31": "", "2016-09-30": "", "2016-06-30": "", "2016-03-31": "", "2015-12-31": "", "2014-12-31": ""}, "Pre-Tax Profit Margin": {"2020-09-30": "3.86750", "2020-06-30": "7.11740", "2020-03-31": "7.79830", "2019-12-31": "4.67590", "2019-09-30": "2.97100", "2019-06-30": "2.99670", "2019-03-31": "0.82600", "2018-12-31": "-0.69650", "2018-09-30": "-2.41130", "2018-06-30": "-4.19240", "2018-03-31": "-5.44810", "2017-12-31": "-15.79340", "2017-09-30": "-10.78530", "2017-06-30": "-1.91270", "2017-03-31": "-23.75370", "2016-12-31": "-13.67580", "2016-09-30": "-10.69140", "2016-06-30": "-8.97460", "2016-03-31": "-8.53760", "2015-12-31": "", "2014-12-31": ""}, "Net Profit Margin": {"2020-09-30": "7.08650", "2020-06-30": "9.51270", "2020-03-31": "11.08390", "2019-12-31": "11.77150", "2019-09-30": "7.58270", "2019-06-30": "8.79410", "2019-03-31": "4.75680", "2018-12-31": "5.98570", "2018-09-30": "0.18980", "2018-06-30": "-3.27340", "2018-03-31": "-4.12850", "2017-12-31": "-13.93070", "2017-09-30": "-9.24300", "2017-06-30": "2.28270", "2017-03-31": "-17.75540", "2016-12-31": "-11.36950", "2016-09-30": "-9.41860", "2016-06-30": "-8.53200", "2016-03-31": "-4.44320", "2015-12-31": "", "2014-12-31": ""}, "Asset Turnover": {"2020-09-30": "0.02590", "2020-06-30": "0.02530", "2020-03-31": "0.02560", "2019-12-31": "0.02550", "2019-09-30": "0.02510", "2019-06-30": "0.02490", "2019-03-31": "0.02440", "2018-12-31": "0.02390", "2018-09-30": "0.02350", "2018-06-30": "0.02320", "2018-03-31": "0.02270", "2017-12-31": "0.01770", "2017-09-30": "0.02560", "2017-06-30": "0.02540", "2017-03-31": "0.02490", "2016-12-31": "0.02410", "2016-09-30": "", "2016-06-30": "", "2016-03-31": "", "2015-12-31": "", "2014-12-31": ""}, "Inventory Turnover Ratio": {"2020-09-30": "", "2020-06-30": "", "2020-03-31": "", "2019-12-31": "", "2019-09-30": "", "2019-06-30": "", "2019-03-31": "", "2018-12-31": "", "2018-09-30": "", "2018-06-30": "", "2018-03-31": "", "2017-12-31": "", "2017-09-30": "", "2017-06-30": "", "2017-03-31": "", "2016-12-31": "", "2016-09-30": "", "2016-06-30": "", "2016-03-31": "", "2015-12-31": "", "2014-12-31": ""}, "Receiveable Turnover": {"2020-09-30": "", "2020-06-30": "", "2020-03-31": "", "2019-12-31": "", "2019-09-30": "", "2019-06-30": "", "2019-03-31": "", "2018-12-31": "", "2018-09-30": "", "2018-06-30": "", "2018-03-31": "", "2017-12-31": "", "2017-09-30": "", "2017-06-30": "", "2017-03-31": "", "2016-12-31": "", "2016-09-30": "", "2016-06-30": "", "2016-03-31": "", "2015-12-31": "", "2014-12-31": ""}, "Days Sales In Receivables": {"2020-09-30": "", "2020-06-30": "", "2020-03-31": "", "2019-12-31": "", "2019-09-30": "", "2019-06-30": "", "2019-03-31": "", "2018-12-31": "", "2018-09-30": "", "2018-06-30": "", "2018-03-31": "", "2017-12-31": "", "2017-09-30": "", "2017-06-30": "", "2017-03-31": "", "2016-12-31": "", "2016-09-30": "", "2016-06-30": "", "2016-03-31": "", "2015-12-31": "", "2014-12-31": ""}, "ROE - Return On Equity": {"2020-09-30": "0.21320", "2020-06-30": "0.38360", "2020-03-31": "0.44080", "2019-12-31": "0.25130", "2019-09-30": "0.16110", "2019-06-30": "0.16460", "2019-03-31": "0.04380", "2018-12-31": "-0.03600", "2018-09-30": "-0.12230", "2018-06-30": "-0.21120", "2018-03-31": "-0.26720", "2017-12-31": "-0.60240", "2017-09-30": "-0.72920", "2017-06-30": "-0.12710", "2017-03-31": "-1.55030", "2016-12-31": "-1.63880", "2016-09-30": "", "2016-06-30": "", "2016-03-31": "", "2015-12-31": "", "2014-12-31": ""}, "Return On Tangible Equity": {"2020-09-30": "0.22000", "2020-06-30": "0.39590", "2020-03-31": "0.45550", "2019-12-31": "0.25940", "2019-09-30": "0.16630", "2019-06-30": "0.17010", "2019-03-31": "0.04520", "2018-12-31": "-0.03710", "2018-09-30": "-0.12610", "2018-06-30": "-0.21780", "2018-03-31": "-0.27550", "2017-12-31": "-0.62100", "2017-09-30": "-0.72920", "2017-06-30": "-0.12710", "2017-03-31": "-1.55030", "2016-12-31": "-1.63880", "2016-09-30": "", "2016-06-30": "", "2016-03-31": "", "2015-12-31": "", "2014-12-31": ""}, "ROA - Return On Assets": {"2020-09-30": "0.10000", "2020-06-30": "0.18040", "2020-03-31": "0.19940", "2019-12-31": "0.11940", "2019-09-30": "0.07460", "2019-06-30": "0.07470", "2019-03-31": "0.02010", "2018-12-31": "-0.01670", "2018-09-30": "-0.05670", "2018-06-30": "-0.09710", "2018-03-31": "-0.12350", "2017-12-31": "-0.27890", "2017-09-30": "-0.27580", "2017-06-30": "-0.04870", "2017-03-31": "-0.59150", "2016-12-31": "-0.32960", "2016-09-30": "", "2016-06-30": "", "2016-03-31": "", "2015-12-31": "", "2014-12-31": ""}, "ROI - Return On Investment": {"2020-09-30": "0.10560", "2020-06-30": "0.19000", "2020-03-31": "0.20940", "2019-12-31": "0.12310", "2019-09-30": "0.07760", "2019-06-30": "0.07710", "2019-03-31": "0.02060", "2018-12-31": "-0.01700", "2018-09-30": "-0.05760", "2018-06-30": "-0.09850", "2018-03-31": "-0.12520", "2017-12-31": "-0.28250", "2017-09-30": "-0.28140", "2017-06-30": "-0.04940", "2017-03-31": "-0.59950", "2016-12-31": "-0.33370", "2016-09-30": "", "2016-06-30": "", "2016-03-31": "", "2015-12-31": "", "2014-12-31": ""}, "Book Value Per Share": {"2020-09-30": "14.86330", "2020-06-30": "14.88560", "2020-03-31": "14.63520", "2019-12-31": "15.26110", "2019-09-30": "15.18790", "2019-06-30": "15.30580", "2019-03-31": "15.66010", "2018-12-31": "16.07460", "2018-09-30": "16.45210", "2018-06-30": "16.49130", "2018-03-31": "16.59780", "2017-12-31": "16.66090", "2017-09-30": "11.56890", "2017-06-30": "11.74050", "2017-03-31": "11.78580", "2016-12-31": "", "2016-09-30": "", "2016-06-30": "", "2016-03-31": "", "2015-12-31": "", "2014-12-31": ""}, "Operating Cash Flow Per Share": {"2020-09-30": 0.3936, "2020-06-30": 0.3932, "2020-03-31": "0.32680", "2019-12-31": 0.1465, "2019-09-30": 0.3832, "2019-06-30": 0.3435, "2019-03-31": "0.37020", "2018-12-31": 0.0951, "2018-09-30": 0.3872, "2018-06-30": 0.3459, "2018-03-31": "0.25030", "2017-12-31": -0.0932, "2017-09-30": 0.3241, "2017-06-30": 0.2998, "2017-03-31": "0.24410", "2016-12-31": 0, "2016-09-30": 0, "2016-06-30": 0, "2016-03-31": "", "2015-12-31": 0, "2014-12-31": 0}, "Free Cash Flow Per Share": {"2020-09-30": 0.49, "2020-06-30": 0.4486, "2020-03-31": "0.42250", "2019-12-31": 0.7054, "2019-09-30": 0.5432, "2019-06-30": 0.6161, "2019-03-31": "0.56840", "2018-12-31": 0.5782, "2018-09-30": 0.4349, "2018-06-30": 0.4095, "2018-03-31": "0.25620", "2017-12-31": -0.0798, "2017-09-30": 0.3274, "2017-06-30": 0.4207, "2017-03-31": "0.42290", "2016-12-31": 0, "2016-09-30": 0, "2016-06-30": 0, "2016-03-31": "", "2015-12-31": 0, "2014-12-31": 0}}, "revenue": {"Invitation Home Annual Revenue (Millions of US $)": {"2019": "$1,765", "2018": "$1,723", "2017": "$1,054", "2016": "$923", "2015": "$836", "2014": "$659"}, "Invitation Home Quarterly Revenue (Millions of US $)": {"2020-09-30": "$459", "2020-06-30": "$450", "2020-03-31": "$450", "2019-12-31": "$444", "2019-09-30": "$443", "2019-06-30": "$442", "2019-03-31": "$436", "2018-12-31": "$433", "2018-09-30": "$434", "2018-06-30": "$432", "2018-03-31": "$424", "2017-12-31": "$330", "2017-09-30": "$244", "2017-06-30": "$242", "2017-03-31": "$239", "2016-12-31": "$235", "2016-09-30": "$233", "2016-06-30": "$230", "2016-03-31": "$225", "2015-12-31": "", "2014-12-31": ""}}, "gross-profit": {"Invitation Home Annual Gross Profit (Millions of US $)": {"2019": "$1,033", "2018": "$1,002", "2017": "$620", "2016": "$532", "2015": "$449", "2014": "$276"}, "Invitation Home Quarterly Gross Profit (Millions of US $)": {"2020-09-30": "$266", "2020-06-30": "$268", "2020-03-31": "$269", "2019-12-31": "$262", "2019-09-30": "$252", "2019-06-30": "$259", "2019-03-31": "$260", "2018-12-31": "$256", "2018-09-30": "$248", "2018-06-30": "$253", "2018-03-31": "$246", "2017-12-31": "$201", "2017-09-30": "$139", "2017-06-30": "$140", "2017-03-31": "$139", "2016-12-31": "$39", "2016-09-30": "$131", "2016-06-30": "$132", "2016-03-31": "$132", "2015-12-31": "", "2014-12-31": ""}}, "operating-income": {"Invitation Home Annual Operating Income (Millions of US $)": {"2019": "$406", "2018": "$322", "2017": "$118", "2016": "$191", "2015": "$114", "2014": "$-32"}, "Invitation Home Quarterly Operating Income (Millions of US $)": {"2020-09-30": "$109", "2020-06-30": "$117", "2020-03-31": "$116", "2019-12-31": "$106", "2019-09-30": "$98", "2019-06-30": "$108", "2019-03-31": "$94", "2018-12-31": "$93", "2018-09-30": "$84", "2018-06-30": "$77", "2018-03-31": "$67", "2017-12-31": "$23", "2017-09-30": "$30", "2017-06-30": "$54", "2017-03-31": "$12", "2016-12-31": "$45", "2016-09-30": "$45", "2016-06-30": "$50", "2016-03-31": "$51", "2015-12-31": "", "2014-12-31": ""}}, "ebitda": {"Invitation Home Annual EBITDA (Millions of US $)": {"2019": "$997", "2018": "$930", "2017": "$464", "2016": "$523", "2015": "$454", "2014": "$276"}, "Invitation Home Quarterly EBITDA (Millions of US $)": {"2020-09-30": "$255", "2020-06-30": "$265", "2020-03-31": "$263", "2019-12-31": "$254", "2019-09-30": "$244", "2019-06-30": "$256", "2019-03-31": "$243", "2018-12-31": "$238", "2018-09-30": "$236", "2018-06-30": "$235", "2018-03-31": "$221", "2017-12-31": "$136", "2017-09-30": "$104", "2017-06-30": "$129", "2017-03-31": "$94", "2016-12-31": "$127", "2016-09-30": "$126", "2016-06-30": "$135", "2016-03-31": "$135", "2015-12-31": "", "2014-12-31": ""}}, "net-income": {"Invitation Home Annual Net Income (Millions of US $)": {"2019": "$145", "2018": "$-5", "2017": "$-105", "2016": "$-78", "2015": "$-160", "2014": "$-270"}, "Invitation Home Quarterly Net Income (Millions of US $)": {"2020-09-30": "$33", "2020-06-30": "$43", "2020-03-31": "$50", "2019-12-31": "$52", "2019-09-30": "$34", "2019-06-30": "$39", "2019-03-31": "$21", "2018-12-31": "$26", "2018-09-30": "$1", "2018-06-30": "$-14", "2018-03-31": "$-17", "2017-12-31": "$-46", "2017-09-30": "$-23", "2017-06-30": "$6", "2017-03-31": "$-42", "2016-12-31": "$-27", "2016-09-30": "$-22", "2016-06-30": "$-20", "2016-03-31": "$-10", "2015-12-31": "", "2014-12-31": ""}}, "eps-earnings-per-share-diluted": {"Invitation Home Annual EPS": {"2019": "$0.27", "2018": "$-0.01", "2017": "$-0.26", "2016": "$0.00", "2015": "$0.00", "2014": "$0.00"}, "Invitation Home Quarterly EPS": {"2020-09-30": "$0.06", "2020-06-30": "$0.08", "2020-03-31": "$0.09", "2019-12-31": "$0.10", "2019-09-30": "$0.06", "2019-06-30": "$0.07", "2019-03-31": "$0.04", "2018-12-31": "$0.05", "2018-09-30": "$0.00", "2018-06-30": "$-0.03", "2018-03-31": "$-0.03", "2017-12-31": "$-0.13", "2017-09-30": "$-0.07", "2017-06-30": "$0.02", "2017-03-31": "$-0.08", "2016-12-31": "$0.00", "2016-09-30": "$0.00", "2016-06-30": "$0.00", "2016-03-31": "$0.00", "2015-12-31": "$0.00", "2014-12-31": "$0.00"}}, "shares-outstanding": {"Invitation Home Annual Shares Outstanding (Millions of Shares)": {"2019": "533", "2018": "520", "2017": "339", "2016": "", "2015": "", "2014": ""}, "Invitation Home Quarterly Shares Outstanding (Millions of Shares)": {"2020-09-30": "562", "2020-06-30": "550", "2020-03-31": "544", "2019-12-31": "533", "2019-09-30": "539", "2019-06-30": "526", "2019-03-31": "522", "2018-12-31": "520", "2018-09-30": "522", "2018-06-30": "521", "2018-03-31": "520", "2017-12-31": "339", "2017-09-30": "312", "2017-06-30": "312", "2017-03-31": "312", "2016-12-31": "", "2016-09-30": "", "2016-06-30": "", "2016-03-31": "", "2015-12-31": "", "2014-12-31": ""}}, "total-assets": {"Invitation Home Annual Total Assets (Millions of US $)": {"2019": "$17,393", "2018": "$18,063", "2017": "$18,684", "2016": "$9,732", "2015": "$9,797", "2014": "$9,200"}, "Invitation Home Quarterly Total Assets (Millions of US $)": {"2020-09-30": "$17,751", "2020-06-30": "$17,746", "2020-03-31": "$17,593", "2019-12-31": "$17,393", "2019-09-30": "$17,660", "2019-06-30": "$17,714", "2019-03-31": "$17,854", "2018-12-31": "$18,063", "2018-09-30": "$18,477", "2018-06-30": "$18,665", "2018-03-31": "$18,696", "2017-12-31": "$18,684", "2017-09-30": "$9,525", "2017-06-30": "$9,519", "2017-03-31": "$9,588", "2016-12-31": "$9,732", "2016-09-30": "$0", "2016-06-30": "$0", "2016-03-31": "$0", "2015-12-31": "$9,797", "2014-12-31": "$9,200"}}, "cash-on-hand": {"Invitation Home Annual Cash on Hand (Millions of US $)": {"2019": "$92", "2018": "$145", "2017": "$180", "2016": "$198", "2015": "$275", "2014": "$286"}, "Invitation Home Quarterly Cash on Hand (Millions of US $)": {"2020-09-30": "$560", "2020-06-30": "$572", "2020-03-31": "$297", "2019-12-31": "$92", "2019-09-30": "$82", "2019-06-30": "$77", "2019-03-31": "$131", "2018-12-31": "$145", "2018-09-30": "$130", "2018-06-30": "$167", "2018-03-31": "$135", "2017-12-31": "$180", "2017-09-30": "$134", "2017-06-30": "$159", "2017-03-31": "$192", "2016-12-31": "$198", "2016-09-30": "", "2016-06-30": "", "2016-03-31": "", "2015-12-31": "$275", "2014-12-31": "$286"}}, "long-term-debt": {"Invitation Home Annual Long Term Debt (Millions of US $)": {"2019": "$8,615", "2018": "$9,399", "2017": "$9,798", "2016": "$7,657", "2015": "$7,807", "2014": "$6,636"}, "Invitation Home Quarterly Long Term Debt (Millions of US $)": {"2020-09-30": "$8,486", "2020-06-30": "$8,506", "2020-03-31": "$8,789", "2019-12-31": "$8,615", "2019-09-30": "$8,805", "2019-06-30": "$9,117", "2019-03-31": "$9,232", "2018-12-31": "$9,399", "2018-09-30": "$9,606", "2018-06-30": "$9,815", "2018-03-31": "$9,804", "2017-12-31": "$9,798", "2017-09-30": "$5,733", "2017-06-30": "$5,734", "2017-03-31": "$5,802", "2016-12-31": "$7,657", "2016-09-30": "", "2016-06-30": "", "2016-03-31": "", "2015-12-31": "$7,807", "2014-12-31": "$6,636"}}, "total-liabilities": {"Invitation Home Annual Total Liabilities (Millions of US $)": {"2019": "$9,127", "2018": "$9,694", "2017": "$10,034", "2016": "$7,775", "2015": "$7,910", "2014": "$6,743"}, "Invitation Home Quarterly Total Liabilities (Millions of US $)": {"2020-09-30": "$9,419", "2020-06-30": "$9,402", "2020-03-31": "$9,635", "2019-12-31": "$9,127", "2019-09-30": "$9,484", "2019-06-30": "$9,677", "2019-03-31": "$9,632", "2018-12-31": "$9,694", "2018-09-30": "$9,912", "2018-06-30": "$10,082", "2018-03-31": "$10,060", "2017-12-31": "$10,034", "2017-09-30": "$5,923", "2017-06-30": "$5,875", "2017-03-31": "$5,930", "2016-12-31": "$7,775", "2016-09-30": "$0", "2016-06-30": "$0", "2016-03-31": "$0", "2015-12-31": "$7,910", "2014-12-31": "$6,743"}}, "total-share-holder-equity": {"Invitation Home Annual Share Holder Equity (Millions of US $)": {"2019": "$8,266", "2018": "$8,369", "2017": "$8,650", "2016": "$1,957", "2015": "$1,887", "2014": "$2,457"}, "Invitation Home Quarterly Share Holder Equity (Millions of US $)": {"2020-09-30": "$8,331", "2020-06-30": "$8,344", "2020-03-31": "$7,958", "2019-12-31": "$8,266", "2019-09-30": "$8,177", "2019-06-30": "$8,037", "2019-03-31": "$8,221", "2018-12-31": "$8,369", "2018-09-30": "$8,565", "2018-06-30": "$8,584", "2018-03-31": "$8,637", "2017-12-31": "$8,650", "2017-09-30": "$3,602", "2017-06-30": "$3,644", "2017-03-31": "$3,658", "2016-12-31": "$1,957", "2016-09-30": "$0", "2016-06-30": "$0", "2016-03-31": "$0", "2015-12-31": "$1,887", "2014-12-31": "$2,457"}}, "profit-margins": {"current": "9.83%"}, "gross margin": {"2020-09-30": "59.07%", "2020-06-30": "58.81%", "2020-03-31": "58.57%", "2019-12-31": "58.53%", "2019-09-30": "58.55%", "2019-06-30": "58.62%", "2019-03-31": "58.62%", "2018-12-31": "58.21%", "2018-09-30": "58.52%", "2018-06-30": "58.67%", "2018-03-31": "58.55%", "2017-12-31": "58.67%", "2017-09-30": "47.60%", "2017-06-30": "47.31%", "2017-03-31": "47.07%", "2016-12-31": "47.02%"}, "operating margin": {"2020-09-30": "24.85%", "2020-06-30": "24.45%", "2020-03-31": "24.06%", "2019-12-31": "23.00%", "2019-09-30": "22.41%", "2019-06-30": "21.72%", "2019-03-31": "20.06%", "2018-12-31": "18.63%", "2018-09-30": "15.49%", "2018-06-30": "13.78%", "2018-03-31": "14.03%", "2017-12-31": "11.28%", "2017-09-30": "14.69%", "2017-06-30": "16.44%", "2017-03-31": "16.22%", "2016-12-31": "20.69%"}, "ebitda margin": {"2020-09-30": "57.52%", "2020-06-30": "57.41%", "2020-03-31": "57.17%", "2019-12-31": "56.49%", "2019-09-30": "55.93%", "2019-06-30": "55.76%", "2019-03-31": "54.87%", "2018-12-31": "53.98%", "2018-09-30": "51.11%", "2018-06-30": "48.67%", "2018-03-31": "47.58%", "2017-12-31": "43.89%", "2017-09-30": "47.29%", "2017-06-30": "50.16%", "2017-03-31": "51.44%", "2016-12-31": "56.66%"}, "pre tax profit margin": {"2020-09-30": "5.88%", "2020-06-30": "5.65%", "2020-03-31": "4.61%", "2019-12-31": "2.89%", "2019-09-30": "1.54%", "2019-06-30": "0.23%", "2019-03-31": "-1.56%", "2018-12-31": "-3.13%", "2018-09-30": "-6.36%", "2018-06-30": "-8.32%", "2018-03-31": "-8.55%", "2017-12-31": "-13.27%", "2017-09-30": "-12.50%", "2017-06-30": "-12.54%", "2017-03-31": "-14.41%", "2016-12-31": "-10.51%"}, "net profit margin": {"2020-09-30": "9.87%", "2020-06-30": "10.02%", "2020-03-31": "9.84%", "2019-12-31": "8.27%", "2019-09-30": "6.84%", "2019-06-30": "4.99%", "2019-03-31": "1.96%", "2018-12-31": "-0.23%", "2018-09-30": "-4.69%", "2018-06-30": "-6.99%", "2018-03-31": "-6.45%", "2017-12-31": "-9.95%", "2017-09-30": "-8.96%", "2017-06-30": "-8.96%", "2017-03-31": "-11.85%", "2016-12-31": "-8.56%"}, "pe ratio": {"current": "23.45", "2021-02-05": "90.97", "2020-09-30": "84.36", "2020-06-30": "82.55", "2020-03-31": "65.67", "2019-12-31": "108.64", "2019-09-30": "131.15", "2019-06-30": "162.03", "2019-03-31": "391.23", "2018-12-31": "0.00", "2018-09-30": "0.00", "2018-06-30": "0.00", "2018-03-31": "0.00", "2017-12-31": "0.00"}, "price sales": {"2021-02-05": "9.11", "2020-09-30": "8.45", "2020-06-30": "8.25", "2020-03-31": "6.32", "2019-12-31": "8.80", "2019-09-30": "8.67", "2019-06-30": "7.77", "2019-03-31": "7.05", "2018-12-31": "5.82", "2018-09-30": "6.34", "2018-06-30": "6.44", "2018-03-31": "6.45", "2017-12-31": "6.73"}, "price book": {"current": "2.02", "2021-02-05": "2.02", "2020-09-30": "1.87", "2020-06-30": "1.83", "2020-03-31": "1.44", "2019-12-31": "1.92", "2019-09-30": "1.90", "2019-06-30": "1.69", "2019-03-31": "1.50", "2018-12-31": "1.20", "2018-09-30": "1.33", "2018-06-30": "1.33", "2018-03-31": "1.30", "2017-12-31": "1.33", "2017-09-30": "1.83", "2017-06-30": "1.72", "2017-03-31": "1.72"}, "price fcf": {"2021-02-05": "", "2020-09-30": "$2.07", "2020-06-30": "$2.12", "2020-03-31": "$2.29", "2019-12-31": "$2.43", "2019-09-30": "$2.31", "2019-06-30": "$2.20", "2019-03-31": "$1.99", "2018-12-31": "$1.68", "2018-09-30": "$1.02", "2018-06-30": "$0.91", "2018-03-31": "$0.92", "2017-12-31": "$1.09"}, "net worth": {"value": "$16.83B"}, "current ratio": {"2020-09-30": "2.14", "2020-06-30": "3.00", "2020-03-31": "1.65", "2019-12-31": "0.50", "2019-09-30": "0.29", "2019-06-30": "0.34", "2019-03-31": "0.68", "2018-12-31": "0.86", "2018-09-30": "0.47", "2018-06-30": "0.75", "2018-03-31": "0.63", "2017-12-31": "0.93", "2017-09-30": "0.84", "2017-06-30": "1.43", "2017-03-31": "1.90", "2016-12-31": "2.25", "2016-09-30": "0.00", "2016-06-30": "0.00", "2016-03-31": "0.00", "2015-12-31": "3.32", "2014-12-31": "3.10"}, "quick ratio": {"2020-09-30": "0.00", "2020-06-30": "0.00", "2020-03-31": "0.00", "2019-12-31": "0.00", "2019-09-30": "0.00", "2019-06-30": "0.00", "2019-03-31": "0.00", "2018-12-31": "0.00", "2018-09-30": "0.00", "2018-06-30": "0.00", "2018-03-31": "0.00", "2017-12-31": "0.00", "2017-09-30": "0.00", "2017-06-30": "0.00", "2017-03-31": "0.00", "2016-12-31": "0.00", "2016-09-30": "0.00", "2016-06-30": "0.00", "2016-03-31": "0.00", "2015-12-31": "0.00", "2014-12-31": "0.00"}, "debt equity ratio": {"current": "1.02", "2020-09-30": "1.13", "2020-06-30": "1.13", "2020-03-31": "1.21", "2019-12-31": "1.10", "2019-09-30": "1.16", "2019-06-30": "1.20", "2019-03-31": "1.17", "2018-12-31": "1.16", "2018-09-30": "1.16", "2018-06-30": "1.18", "2018-03-31": "1.17", "2017-12-31": "1.16", "2017-09-30": "1.64", "2017-06-30": "1.61", "2017-03-31": "1.62", "2016-12-31": "3.97", "2016-09-30": "0.00", "2016-06-30": "0.00", "2016-03-31": "0.00", "2015-12-31": "4.19", "2014-12-31": "2.75"}, "return on equity": {"2020-09-30": "2.16%", "2020-06-30": "2.19%", "2020-03-31": "2.16%", "2019-12-31": "1.79%", "2019-09-30": "1.46%", "2019-06-30": "1.05%", "2019-03-31": "0.40%", "2018-12-31": "-0.05%", "2018-09-30": "-0.88%", "2018-06-30": "-1.36%", "2018-03-31": "-1.30%", "2017-12-31": "-2.15%", "2017-09-30": "-2.67%", "2017-06-30": "-3.67%", "2017-03-31": "-7.91%", "2016-12-31": "-16.15%"}, "return on assets": {"2020-09-30": "1.01%", "2020-06-30": "1.02%", "2020-03-31": "0.99%", "2019-12-31": "0.83%", "2019-09-30": "0.67%", "2019-06-30": "0.48%", "2019-03-31": "0.19%", "2018-12-31": "-0.02%", "2018-09-30": "-0.41%", "2018-06-30": "-0.61%", "2018-03-31": "-0.57%", "2017-12-31": "-0.89%", "2017-09-30": "-0.90%", "2017-06-30": "-1.18%", "2017-03-31": "-2.30%", "2016-12-31": "-3.25%"}, "return on investments": {"2020-09-30": "2.66%", "2020-06-30": "2.59%", "2020-03-31": "2.53%", "2019-12-31": "2.37%", "2019-09-30": "2.27%", "2019-06-30": "2.15%", "2019-03-31": "1.94%", "2018-12-31": "1.76%", "2018-09-30": "1.37%", "2018-06-30": "1.22%", "2018-03-31": "1.25%", "2017-12-31": "1.02%", "2017-09-30": "1.49%", "2017-06-30": "2.19%", "2017-03-31": "3.19%", "2016-12-31": "7.95%"}, "return on tangible equity": {"2020-09-30": "2.23%", "2020-06-30": "2.26%", "2020-03-31": "2.23%", "2019-12-31": "1.84%", "2019-09-30": "1.51%", "2019-06-30": "1.08%", "2019-03-31": "0.42%", "2018-12-31": "-0.05%", "2018-09-30": "-0.91%", "2018-06-30": "-1.39%", "2018-03-31": "-1.33%", "2017-12-31": "-2.18%", "2017-09-30": "-2.67%", "2017-06-30": "-3.67%", "2017-03-31": "-7.91%", "2016-12-31": "-16.15%"}, "dividend yield history": {"last payout": "$0.60", "last yield": "2.00%"}}