{"ticker": "IONS", "price": {"title": "Ionis Pharmaceuticals Historical Annual Stock Price Data", "value": 60.19, "historical": {"2020": {"Average Stock Price": "54.1691", "Year Open": "60.8900", "Year High": "63.4000", "Year Low": "41.6000", "Year Close": "56.5400", "Annual % Change": "-6.41%"}, "2019": {"Average Stock Price": "64.9707", "Year Open": "53.7700", "Year High": "86.1400", "Year Low": "52.9200", "Year Close": "60.4100", "Annual % Change": "11.75%"}, "2018": {"Average Stock Price": "48.2372", "Year Open": "49.2500", "Year High": "59.5400", "Year Low": "40.5250", "Year Close": "54.0600", "Annual % Change": "7.48%"}, "2017": {"Average Stock Price": "49.6931", "Year Open": "47.3400", "Year High": "64.3900", "Year Low": "37.9100", "Year Close": "50.3000", "Annual % Change": "5.16%"}, "2016": {"Average Stock Price": "35.8627", "Year Open": "61.6800", "Year High": "61.6800", "Year Low": "20.6200", "Year Close": "47.8300", "Annual % Change": "-22.77%"}, "2015": {"Average Stock Price": "60.1129", "Year Open": "57.8500", "Year High": "61.9300", "Year Low": "57.8500", "Year Close": "61.9300", "Annual % Change": "0.00%"}}}, "market cap": {"value": "$8.42B"}, "income statement": {"Revenue": {"2019-12-31": "1122.59900", "2018-12-31": "599.67400", "2017-12-31": "514.17900", "2016-12-31": "372.77600", "2015-12-31": "283.70300", "2014-12-31": "214.16100", "2013-12-31": "147.28500", "2012-12-31": "102.04900", "2011-12-31": "99.08600", "2010-12-31": "108.47300", "2009-12-31": "121.60000", "2008-12-31": "107.19000", "2007-12-31": "58.34400", "2006-12-31": "14.85900", "2005-12-31": "40.13300"}, "Cost Of Goods Sold": {"2019-12-31": "4.38400", "2018-12-31": "1.82000", "2017-12-31": "", "2016-12-31": "", "2015-12-31": "", "2014-12-31": "", "2013-12-31": "", "2012-12-31": "", "2011-12-31": "", "2010-12-31": "", "2009-12-31": "", "2008-12-31": "", "2007-12-31": "", "2006-12-31": "", "2005-12-31": ""}, "Gross Profit": {"2019-12-31": "1118.21500", "2018-12-31": "597.85400", "2017-12-31": "514.17900", "2016-12-31": "372.77600", "2015-12-31": "283.70300", "2014-12-31": "214.16100", "2013-12-31": "147.28500", "2012-12-31": "102.04900", "2011-12-31": "99.08600", "2010-12-31": "108.47300", "2009-12-31": "121.60000", "2008-12-31": "107.19000", "2007-12-31": "58.34400", "2006-12-31": "14.85900", "2005-12-31": "40.13300"}, "Research And Development Expenses": {"2019-12-31": "465.68800", "2018-12-31": "414.60400", "2017-12-31": "374.64400", "2016-12-31": "344.32000", "2015-12-31": "322.29200", "2014-12-31": "241.75100", "2013-12-31": "184.03300", "2012-12-31": "158.45800", "2011-12-31": "157.39700", "2010-12-31": "145.16000", "2009-12-31": "134.62300", "2008-12-31": "106.43900", "2007-12-31": "78.20400", "2006-12-31": "69.41100", "2005-12-31": "82.46700"}, "SG&A Expenses": {"2019-12-31": "286.64400", "2018-12-31": "244.62200", "2017-12-31": "108.48800", "2016-12-31": "48.61600", "2015-12-31": "37.17300", "2014-12-31": "20.14000", "2013-12-31": "14.91800", "2012-12-31": "12.51500", "2011-12-31": "12.78900", "2010-12-31": "11.66900", "2009-12-31": "14.51500", "2008-12-31": "13.81100", "2007-12-31": "13.05900", "2006-12-31": "11.20200", "2005-12-31": "7.88800"}, "Other Operating Income Or Expenses": {"2019-12-31": "", "2018-12-31": "", "2017-12-31": "", "2016-12-31": "", "2015-12-31": "", "2014-12-31": "", "2013-12-31": "", "2012-12-31": "", "2011-12-31": "", "2010-12-31": "", "2009-12-31": "", "2008-12-31": "", "2007-12-31": "", "2006-12-31": "", "2005-12-31": ""}, "Operating Expenses": {"2019-12-31": "756.71600", "2018-12-31": "661.04600", "2017-12-31": "483.13200", "2016-12-31": "392.93600", "2015-12-31": "359.46500", "2014-12-31": "261.89100", "2013-12-31": "198.95100", "2012-12-31": "170.97300", "2011-12-31": "170.18600", "2010-12-31": "156.82900", "2009-12-31": "149.13800", "2008-12-31": "120.25000", "2007-12-31": "91.26300", "2006-12-31": "80.07700", "2005-12-31": "97.31500"}, "Operating Income": {"2019-12-31": "365.88300", "2018-12-31": "-61.37200", "2017-12-31": "31.04700", "2016-12-31": "-20.16000", "2015-12-31": "-75.76200", "2014-12-31": "-47.73000", "2013-12-31": "-51.66600", "2012-12-31": "-68.92400", "2011-12-31": "-71.10000", "2010-12-31": "-48.35600", "2009-12-31": "-27.53800", "2008-12-31": "-13.06000", "2007-12-31": "-32.91900", "2006-12-31": "-65.21800", "2005-12-31": "-57.18200"}, "Total Non-Operating Income/Expense": {"2019-12-31": "-19.11400", "2018-12-31": "-14.78400", "2017-12-31": "-47.81000", "2016-12-31": "-37.30600", "2015-12-31": "-12.14400", "2014-12-31": "-6.66100", "2013-12-31": "-14.89200", "2012-12-31": "-5.66300", "2011-12-31": "-13.69000", "2010-12-31": "-12.80300", "2009-12-31": "-4.22700", "2008-12-31": "-1.45900", "2007-12-31": "-1.13100", "2006-12-31": "22.21500", "2005-12-31": "-15.21900"}, "Pre-Tax Income": {"2019-12-31": "346.76900", "2018-12-31": "-76.15600", "2017-12-31": "-16.76300", "2016-12-31": "-57.46600", "2015-12-31": "-87.90600", "2014-12-31": "-54.39100", "2013-12-31": "-66.55800", "2012-12-31": "-74.58700", "2011-12-31": "-84.79000", "2010-12-31": "-61.15900", "2009-12-31": "-31.76500", "2008-12-31": "-14.51900", "2007-12-31": "-34.05000", "2006-12-31": "-43.00300", "2005-12-31": "-72.40100"}, "Income Taxes": {"2019-12-31": "43.50700", "2018-12-31": "-291.14100", "2017-12-31": "-5.98000", "2016-12-31": "2.93400", "2015-12-31": "0.37200", "2014-12-31": "-15.40700", "2013-12-31": "-5.91400", "2012-12-31": "-9.10900", "2011-12-31": "0.01100", "2010-12-31": "0.09200", "2009-12-31": "3.19100", "2008-12-31": "0.00000", "2007-12-31": "", "2006-12-31": "", "2005-12-31": ""}, "Income After Taxes": {"2019-12-31": "303.26200", "2018-12-31": "214.98500", "2017-12-31": "-10.78300", "2016-12-31": "-60.40000", "2015-12-31": "-88.27800", "2014-12-31": "-38.98400", "2013-12-31": "-60.64400", "2012-12-31": "-65.47800", "2011-12-31": "-84.80100", "2010-12-31": "-61.25100", "2009-12-31": "-34.95600", "2008-12-31": "-14.51900", "2007-12-31": "-34.05000", "2006-12-31": "-43.00300", "2005-12-31": "-72.40100"}, "Other Income": {"2019-12-31": "", "2018-12-31": "", "2017-12-31": "", "2016-12-31": "", "2015-12-31": "", "2014-12-31": "", "2013-12-31": "", "2012-12-31": "", "2011-12-31": "", "2010-12-31": "", "2009-12-31": "", "2008-12-31": "", "2007-12-31": "", "2006-12-31": "", "2005-12-31": ""}, "Income From Continuous Operations": {"2019-12-31": "303.26200", "2018-12-31": "214.98500", "2017-12-31": "-10.78300", "2016-12-31": "-60.40000", "2015-12-31": "-88.27800", "2014-12-31": "-38.98400", "2013-12-31": "-60.64400", "2012-12-31": "-65.47800", "2011-12-31": "-84.80100", "2010-12-31": "-61.25100", "2009-12-31": "-34.95600", "2008-12-31": "-14.51900", "2007-12-31": "-34.05000", "2006-12-31": "-43.00300", "2005-12-31": "-72.40100"}, "Income From Discontinued Operations": {"2019-12-31": "", "2018-12-31": "", "2017-12-31": "", "2016-12-31": "", "2015-12-31": "", "2014-12-31": "", "2013-12-31": "", "2012-12-31": "", "2011-12-31": "", "2010-12-31": "", "2009-12-31": "185.62800", "2008-12-31": "-8.38700", "2007-12-31": "-6.02900", "2006-12-31": "-2.90000", "2005-12-31": ""}, "Net Income": {"2019-12-31": "294.14600", "2018-12-31": "273.74100", "2017-12-31": "0.34600", "2016-12-31": "-60.40000", "2015-12-31": "-88.27800", "2014-12-31": "-38.98400", "2013-12-31": "-60.64400", "2012-12-31": "-65.47800", "2011-12-31": "-84.80100", "2010-12-31": "-61.25100", "2009-12-31": "155.06600", "2008-12-31": "-18.17200", "2007-12-31": "-141.60400", "2006-12-31": "-45.90300", "2005-12-31": "-72.40100"}, "EBITDA": {"2019-12-31": "413.67200", "2018-12-31": "-14.68400", "2017-12-31": "82.34300", "2016-12-31": "27.49400", "2015-12-31": "-27.83900", "2014-12-31": "-14.66000", "2013-12-31": "-22.98600", "2012-12-31": "-38.41700", "2011-12-31": "-41.97400", "2010-12-31": "-25.80200", "2009-12-31": "-8.59500", "2008-12-31": "0.53800", "2007-12-31": "-20.85500", "2006-12-31": "-57.39900", "2005-12-31": "-46.19400"}, "EBIT": {"2019-12-31": "365.88300", "2018-12-31": "-61.37200", "2017-12-31": "31.04700", "2016-12-31": "-20.16000", "2015-12-31": "-75.76200", "2014-12-31": "-47.73000", "2013-12-31": "-51.66600", "2012-12-31": "-68.92400", "2011-12-31": "-71.10000", "2010-12-31": "-48.35600", "2009-12-31": "-27.53800", "2008-12-31": "-13.06000", "2007-12-31": "-32.91900", "2006-12-31": "-65.21800", "2005-12-31": "-57.18200"}, "Basic Shares Outstanding": {"2019-12-31": "139.99800", "2018-12-31": "132.32000", "2017-12-31": "124.01600", "2016-12-31": "120.93300", "2015-12-31": "119.71900", "2014-12-31": "117.69100", "2013-12-31": "110.50200", "2012-12-31": "100.57600", "2011-12-31": "99.65600", "2010-12-31": "99.14300", "2009-12-31": "98.10900", "2008-12-31": "94.56600", "2007-12-31": "83.73900", "2006-12-31": "74.30800", "2005-12-31": "62.87700"}, "Shares Outstanding": {"2019-12-31": "142.87200", "2018-12-31": "134.05600", "2017-12-31": "126.09800", "2016-12-31": "120.93300", "2015-12-31": "119.71900", "2014-12-31": "117.69100", "2013-12-31": "110.50200", "2012-12-31": "100.57600", "2011-12-31": "99.65600", "2010-12-31": "99.14300", "2009-12-31": "98.10900", "2008-12-31": "94.56600", "2007-12-31": "83.73900", "2006-12-31": "74.30800", "2005-12-31": "62.87700"}, "Basic EPS": {"2019-12-31": "2.12000", "2018-12-31": "2.09000", "2017-12-31": "0.15000", "2016-12-31": "-0.50000", "2015-12-31": "-0.74000", "2014-12-31": "-0.33000", "2013-12-31": "-0.55000", "2012-12-31": "-0.65000", "2011-12-31": "-0.85000", "2010-12-31": "-0.62000", "2009-12-31": "1.58000", "2008-12-31": "-0.19000", "2007-12-31": "-1.69000", "2006-12-31": "-0.62000", "2005-12-31": "-1.15000"}, "EPS - Earnings Per Share": {"2019-12-31": "2.08000", "2018-12-31": "2.07000", "2017-12-31": "0.15000", "2016-12-31": "-0.50000", "2015-12-31": "-0.74000", "2014-12-31": "-0.33000", "2013-12-31": "-0.55000", "2012-12-31": "-0.65000", "2011-12-31": "-0.85000", "2010-12-31": "-0.62000", "2009-12-31": "1.58000", "2008-12-31": "-0.19000", "2007-12-31": "-1.69000", "2006-12-31": "-0.62000", "2005-12-31": "-1.15000"}}, "income statement, quarterly": {"Revenue": {"2020-09-30": "160.07900", "2020-06-30": "145.53700", "2020-03-31": "133.36700", "2019-12-31": "493.68010", "2019-09-30": "167.89200", "2019-06-30": "163.81300", "2019-03-31": "297.21400", "2018-12-31": "192.11300", "2018-09-30": "145.39500", "2018-06-30": "117.74700", "2018-03-31": "144.41900", "2017-12-31": "167.79200", "2017-09-30": "118.31400", "2017-06-30": "112.27300", "2017-03-31": "115.80000", "2016-12-31": "186.50500", "2016-09-30": "110.92700", "2016-06-30": "38.47000", "2016-03-31": "36.87400", "2015-12-31": "51.57100", "2015-09-30": "49.12100", "2015-06-30": "120.42800", "2015-03-31": "62.58300", "2014-12-31": "84.86100", "2014-09-30": "44.06300", "2014-06-30": "57.07600", "2014-03-31": "28.16100", "2013-12-31": "42.24800", "2013-09-30": "23.58500", "2013-06-30": "38.09200", "2013-03-31": "43.36000", "2012-12-31": "19.87300", "2012-09-30": "11.60100", "2012-06-30": "47.34000", "2012-03-31": "23.23500", "2011-12-31": "32.40300", "2011-09-30": "20.71300", "2011-06-30": "24.82300", "2011-03-31": "21.14700", "2010-12-31": "26.42000", "2010-09-30": "28.62400", "2010-06-30": "23.50300", "2010-03-31": "29.92600", "2009-12-31": "32.26100", "2009-09-30": "26.77100", "2009-06-30": "30.99200", "2009-03-31": "31.57600", "2008-12-31": "29.64900", "2008-09-30": "29.46300", "2008-06-30": "29.70300", "2008-03-31": "18.37500", "2007-12-31": "13.45000", "2007-09-30": "38.63100", "2007-06-30": "3.81300", "2007-03-31": "2.45000", "2006-12-31": "2.27300", "2006-09-30": "3.25300", "2006-06-30": "4.37500", "2006-03-31": "4.95800", "2005-12-31": "14.64100", "2005-09-30": "7.45800", "2005-06-30": "10.59200", "2005-03-31": "7.44200"}, "Cost Of Goods Sold": {"2020-09-30": "3.08600", "2020-06-30": "3.01200", "2020-03-31": "2.54800", "2019-12-31": "1.01200", "2019-09-30": "0.96700", "2019-06-30": "1.36400", "2019-03-31": "1.04100", "2018-12-31": "", "2018-09-30": "", "2018-06-30": "", "2018-03-31": "", "2017-12-31": "", "2017-09-30": "", "2017-06-30": "", "2017-03-31": "", "2016-12-31": "", "2016-09-30": "", "2016-06-30": "", "2016-03-31": "", "2015-12-31": "", "2015-09-30": "", "2015-06-30": "", "2015-03-31": "", "2014-12-31": "", "2014-09-30": "", "2014-06-30": "", "2014-03-31": "", "2013-12-31": "", "2013-09-30": "", "2013-06-30": "", "2013-03-31": "", "2012-12-31": "", "2012-09-30": "", "2012-06-30": "", "2012-03-31": "", "2011-12-31": "", "2011-09-30": "", "2011-06-30": "", "2011-03-31": "", "2010-12-31": "", "2010-09-30": "", "2010-06-30": "", "2010-03-31": "", "2009-12-31": "", "2009-09-30": "", "2009-06-30": "", "2009-03-31": "", "2008-12-31": "", "2008-09-30": "", "2008-06-30": "", "2008-03-31": "", "2007-12-31": "", "2007-09-30": "", "2007-06-30": "", "2007-03-31": "", "2006-12-31": "", "2006-09-30": "", "2006-06-30": "", "2006-03-31": "", "2005-12-31": "", "2005-09-30": "", "2005-06-30": "", "2005-03-31": ""}, "Gross Profit": {"2020-09-30": "156.99300", "2020-06-30": "142.52500", "2020-03-31": "130.81900", "2019-12-31": "492.66810", "2019-09-30": "166.92500", "2019-06-30": "162.44900", "2019-03-31": "296.17300", "2018-12-31": "192.11300", "2018-09-30": "145.39500", "2018-06-30": "117.74700", "2018-03-31": "144.41900", "2017-12-31": "167.79200", "2017-09-30": "118.31400", "2017-06-30": "112.27300", "2017-03-31": "115.80000", "2016-12-31": "186.50500", "2016-09-30": "110.92700", "2016-06-30": "38.47000", "2016-03-31": "36.87400", "2015-12-31": "51.57100", "2015-09-30": "49.12100", "2015-06-30": "120.42800", "2015-03-31": "62.58300", "2014-12-31": "84.86100", "2014-09-30": "44.06300", "2014-06-30": "57.07600", "2014-03-31": "28.16100", "2013-12-31": "42.24800", "2013-09-30": "23.58500", "2013-06-30": "38.09200", "2013-03-31": "43.36000", "2012-12-31": "19.87300", "2012-09-30": "11.60100", "2012-06-30": "47.34000", "2012-03-31": "23.23500", "2011-12-31": "32.40300", "2011-09-30": "20.71300", "2011-06-30": "24.82300", "2011-03-31": "21.14700", "2010-12-31": "26.42000", "2010-09-30": "28.62400", "2010-06-30": "23.50300", "2010-03-31": "29.92600", "2009-12-31": "32.26100", "2009-09-30": "26.77100", "2009-06-30": "30.99200", "2009-03-31": "31.57600", "2008-12-31": "29.64900", "2008-09-30": "29.46300", "2008-06-30": "29.70300", "2008-03-31": "18.37500", "2007-12-31": "13.45000", "2007-09-30": "38.63100", "2007-06-30": "3.81300", "2007-03-31": "2.45000", "2006-12-31": "2.27300", "2006-09-30": "3.25300", "2006-06-30": "4.37500", "2006-03-31": "4.95800", "2005-12-31": "14.64100", "2005-09-30": "7.45800", "2005-06-30": "10.59200", "2005-03-31": "7.44200"}, "Research And Development Expenses": {"2020-09-30": "125.08300", "2020-06-30": "122.26400", "2020-03-31": "116.95200", "2019-12-31": "148.74000", "2019-09-30": "104.36600", "2019-06-30": "106.16500", "2019-03-31": "106.41700", "2018-12-31": "113.45200", "2018-09-30": "95.25500", "2018-06-30": "101.83000", "2018-03-31": "104.06700", "2017-12-31": "128.28600", "2017-09-30": "80.21400", "2017-06-30": "83.50600", "2017-03-31": "82.63800", "2016-12-31": "101.15200", "2016-09-30": "84.63100", "2016-06-30": "77.57300", "2016-03-31": "80.96400", "2015-12-31": "101.33000", "2015-09-30": "88.50800", "2015-06-30": "68.00700", "2015-03-31": "64.44700", "2014-12-31": "67.95300", "2014-09-30": "61.08600", "2014-06-30": "59.26400", "2014-03-31": "53.44800", "2013-12-31": "57.43000", "2013-09-30": "45.66000", "2013-06-30": "42.63100", "2013-03-31": "38.31200", "2012-12-31": "42.75800", "2012-09-30": "36.55100", "2012-06-30": "40.43500", "2012-03-31": "38.71400", "2011-12-31": "47.21900", "2011-09-30": "39.92400", "2011-06-30": "36.00900", "2011-03-31": "34.24500", "2010-12-31": "39.33300", "2010-09-30": "34.71600", "2010-06-30": "39.12400", "2010-03-31": "31.98700", "2009-12-31": "40.10400", "2009-09-30": "33.83200", "2009-06-30": "32.14600", "2009-03-31": "28.54100", "2008-12-31": "33.34200", "2008-09-30": "26.02400", "2008-06-30": "25.28800", "2008-03-31": "21.78500", "2007-12-31": "13.57500", "2007-09-30": "24.29600", "2007-06-30": "20.38400", "2007-03-31": "19.94900", "2006-12-31": "13.08400", "2006-09-30": "18.97300", "2006-06-30": "18.98200", "2006-03-31": "18.37200", "2005-12-31": "20.94400", "2005-09-30": "18.21200", "2005-06-30": "20.95000", "2005-03-31": "22.36100"}, "SG&A Expenses": {"2020-09-30": "68.44700", "2020-06-30": "72.01500", "2020-03-31": "74.99400", "2019-12-31": "83.27600", "2019-09-30": "60.03600", "2019-06-30": "75.11100", "2019-03-31": "68.22100", "2018-12-31": "66.05900", "2018-09-30": "68.71200", "2018-06-30": "66.19800", "2018-03-31": "43.65300", "2017-12-31": "45.70600", "2017-09-30": "26.78800", "2017-06-30": "22.31700", "2017-03-31": "13.67700", "2016-12-31": "18.04200", "2016-09-30": "10.18800", "2016-06-30": "9.82400", "2016-03-31": "10.56200", "2015-12-31": "13.18100", "2015-09-30": "8.75100", "2015-06-30": "7.77500", "2015-03-31": "7.46600", "2014-12-31": "6.82800", "2014-09-30": "4.47000", "2014-06-30": "4.46200", "2014-03-31": "4.38000", "2013-12-31": "4.67600", "2013-09-30": "3.43000", "2013-06-30": "3.38900", "2013-03-31": "3.42300", "2012-12-31": "3.23400", "2012-09-30": "3.09600", "2012-06-30": "3.20900", "2012-03-31": "2.97600", "2011-12-31": "3.80000", "2011-09-30": "3.10500", "2011-06-30": "2.87400", "2011-03-31": "3.01000", "2010-12-31": "2.94400", "2010-09-30": "2.85500", "2010-06-30": "3.05100", "2010-03-31": "2.81900", "2009-12-31": "3.83000", "2009-09-30": "3.33500", "2009-06-30": "3.67300", "2009-03-31": "3.67700", "2008-12-31": "4.38300", "2008-09-30": "3.26300", "2008-06-30": "3.33400", "2008-03-31": "2.83100", "2007-12-31": "2.29000", "2007-09-30": "4.27800", "2007-06-30": "3.08900", "2007-03-31": "3.40200", "2006-12-31": "3.10300", "2006-09-30": "2.82300", "2006-06-30": "2.71000", "2006-03-31": "2.56600", "2005-12-31": "2.73000", "2005-09-30": "1.73900", "2005-06-30": "1.91500", "2005-03-31": "1.50400"}, "Other Operating Income Or Expenses": {"2020-09-30": "", "2020-06-30": "", "2020-03-31": "", "2019-12-31": "", "2019-09-30": "", "2019-06-30": "", "2019-03-31": "", "2018-12-31": "", "2018-09-30": "", "2018-06-30": "", "2018-03-31": "", "2017-12-31": "", "2017-09-30": "", "2017-06-30": "", "2017-03-31": "", "2016-12-31": "", "2016-09-30": "", "2016-06-30": "", "2016-03-31": "", "2015-12-31": "", "2015-09-30": "", "2015-06-30": "", "2015-03-31": "", "2014-12-31": "", "2014-09-30": "", "2014-06-30": "", "2014-03-31": "", "2013-12-31": "", "2013-09-30": "", "2013-06-30": "", "2013-03-31": "", "2012-12-31": "", "2012-09-30": "", "2012-06-30": "", "2012-03-31": "", "2011-12-31": "", "2011-09-30": "", "2011-06-30": "", "2011-03-31": "", "2010-12-31": "", "2010-09-30": "", "2010-06-30": "", "2010-03-31": "", "2009-12-31": "", "2009-09-30": "", "2009-06-30": "", "2009-03-31": "", "2008-12-31": "", "2008-09-30": "", "2008-06-30": "", "2008-03-31": "", "2007-12-31": "", "2007-09-30": "", "2007-06-30": "", "2007-03-31": "", "2006-12-31": "", "2006-09-30": "", "2006-06-30": "", "2006-03-31": "", "2005-12-31": "", "2005-09-30": "", "2005-06-30": "", "2005-03-31": ""}, "Operating Expenses": {"2020-09-30": "196.61600", "2020-06-30": "197.29100", "2020-03-31": "194.49400", "2019-12-31": "233.02800", "2019-09-30": "165.36900", "2019-06-30": "182.64000", "2019-03-31": "175.67900", "2018-12-31": "181.33100", "2018-09-30": "163.96700", "2018-06-30": "168.02800", "2018-03-31": "147.72000", "2017-12-31": "173.99200", "2017-09-30": "107.00200", "2017-06-30": "105.82300", "2017-03-31": "96.31500", "2016-12-31": "119.19400", "2016-09-30": "94.81900", "2016-06-30": "87.39700", "2016-03-31": "91.52600", "2015-12-31": "114.51100", "2015-09-30": "97.25900", "2015-06-30": "75.78200", "2015-03-31": "71.91300", "2014-12-31": "74.78100", "2014-09-30": "65.55600", "2014-06-30": "63.72600", "2014-03-31": "57.82800", "2013-12-31": "62.10600", "2013-09-30": "49.09000", "2013-06-30": "46.02000", "2013-03-31": "41.73500", "2012-12-31": "45.99200", "2012-09-30": "39.64700", "2012-06-30": "43.64400", "2012-03-31": "41.69000", "2011-12-31": "51.01900", "2011-09-30": "43.02900", "2011-06-30": "38.88300", "2011-03-31": "37.25500", "2010-12-31": "42.27700", "2010-09-30": "37.57100", "2010-06-30": "42.17500", "2010-03-31": "34.80600", "2009-12-31": "43.93400", "2009-09-30": "37.16700", "2009-06-30": "35.81900", "2009-03-31": "32.21800", "2008-12-31": "37.72500", "2008-09-30": "29.28700", "2008-06-30": "28.62200", "2008-03-31": "24.61600", "2007-12-31": "15.86500", "2007-09-30": "28.57400", "2007-06-30": "23.47300", "2007-03-31": "23.35100", "2006-12-31": "16.10900", "2006-09-30": "21.51700", "2006-06-30": "21.47700", "2006-03-31": "20.97400", "2005-12-31": "23.24900", "2005-09-30": "19.60200", "2005-06-30": "23.51500", "2005-03-31": "30.94900"}, "Operating Income": {"2020-09-30": "-36.53700", "2020-06-30": "-51.75400", "2020-03-31": "-61.12700", "2019-12-31": "260.65210", "2019-09-30": "2.52300", "2019-06-30": "-18.82700", "2019-03-31": "121.53500", "2018-12-31": "10.78200", "2018-09-30": "-18.57200", "2018-06-30": "-50.28100", "2018-03-31": "-3.30100", "2017-12-31": "-6.20000", "2017-09-30": "11.31200", "2017-06-30": "6.45000", "2017-03-31": "19.48500", "2016-12-31": "67.31100", "2016-09-30": "16.10800", "2016-06-30": "-48.92700", "2016-03-31": "-54.65200", "2015-12-31": "-62.94000", "2015-09-30": "-48.13800", "2015-06-30": "44.64600", "2015-03-31": "-9.33000", "2014-12-31": "10.08000", "2014-09-30": "-21.49300", "2014-06-30": "-6.65000", "2014-03-31": "-29.66700", "2013-12-31": "-19.85800", "2013-09-30": "-25.50500", "2013-06-30": "-7.92800", "2013-03-31": "1.62500", "2012-12-31": "-26.11900", "2012-09-30": "-28.04600", "2012-06-30": "3.69600", "2012-03-31": "-18.45500", "2011-12-31": "-18.61600", "2011-09-30": "-22.31600", "2011-06-30": "-14.06000", "2011-03-31": "-16.10800", "2010-12-31": "-15.85700", "2010-09-30": "-8.94700", "2010-06-30": "-18.67200", "2010-03-31": "-4.88000", "2009-12-31": "-11.67300", "2009-09-30": "-10.39600", "2009-06-30": "-4.82700", "2009-03-31": "-0.64200", "2008-12-31": "-8.07600", "2008-09-30": "0.17600", "2008-06-30": "1.08100", "2008-03-31": "-6.24100", "2007-12-31": "-2.41500", "2007-09-30": "10.05700", "2007-06-30": "-19.66000", "2007-03-31": "-20.90100", "2006-12-31": "-13.83600", "2006-09-30": "-18.26400", "2006-06-30": "-17.10200", "2006-03-31": "-16.01600", "2005-12-31": "-8.60800", "2005-09-30": "-12.14400", "2005-06-30": "-12.92300", "2005-03-31": "-23.50700"}, "Total Non-Operating Income/Expense": {"2020-09-30": "-3.90600", "2020-06-30": "7.54600", "2020-03-31": "-0.61000", "2019-12-31": "-22.39200", "2019-09-30": "0.99400", "2019-06-30": "1.88800", "2019-03-31": "0.39600", "2018-12-31": "-0.01600", "2018-09-30": "-1.34100", "2018-06-30": "-5.93100", "2018-03-31": "-7.49600", "2017-12-31": "-10.13200", "2017-09-30": "-17.84400", "2017-06-30": "-9.31300", "2017-03-31": "-10.52100", "2016-12-31": "-12.35700", "2016-09-30": "-8.75700", "2016-06-30": "-8.15900", "2016-03-31": "-8.03300", "2015-12-31": "-8.12100", "2015-09-30": "12.36200", "2015-06-30": "-8.20900", "2015-03-31": "-8.17600", "2014-12-31": "5.56300", "2014-09-30": "-3.78500", "2014-06-30": "-4.55000", "2014-03-31": "-3.88900", "2013-12-31": "-3.89400", "2013-09-30": "-4.25800", "2013-06-30": "-3.37900", "2013-03-31": "-3.36100", "2012-12-31": "15.07700", "2012-09-30": "-10.29900", "2012-06-30": "-4.90300", "2012-03-31": "-5.53800", "2011-12-31": "-1.42000", "2011-09-30": "-4.56600", "2011-06-30": "-3.82000", "2011-03-31": "-3.88400", "2010-12-31": "1.96200", "2010-09-30": "-3.50700", "2010-06-30": "-6.48000", "2010-03-31": "-4.77800", "2009-12-31": "-2.84100", "2009-09-30": "-1.63200", "2009-06-30": "1.13500", "2009-03-31": "-0.88900", "2008-12-31": "-1.36100", "2008-09-30": "0.38400", "2008-06-30": "-0.61800", "2008-03-31": "0.13600", "2007-12-31": "-4.35400", "2007-09-30": "1.11500", "2007-06-30": "1.03300", "2007-03-31": "1.07500", "2006-12-31": "22.93100", "2006-09-30": "-0.57400", "2006-06-30": "1.32200", "2006-03-31": "-1.46400", "2005-12-31": "0.69600", "2005-09-30": "-3.02800", "2005-06-30": "-6.73600", "2005-03-31": "-6.15100"}, "Pre-Tax Income": {"2020-09-30": "-40.44300", "2020-06-30": "-44.20800", "2020-03-31": "-61.73700", "2019-12-31": "238.26000", "2019-09-30": "3.51700", "2019-06-30": "-16.93900", "2019-03-31": "121.93100", "2018-12-31": "10.76600", "2018-09-30": "-19.91300", "2018-06-30": "-56.21200", "2018-03-31": "-10.79700", "2017-12-31": "-16.33200", "2017-09-30": "-6.53200", "2017-06-30": "-2.86300", "2017-03-31": "8.96400", "2016-12-31": "54.95400", "2016-09-30": "7.35100", "2016-06-30": "-57.08600", "2016-03-31": "-62.68500", "2015-12-31": "-71.06100", "2015-09-30": "-35.77600", "2015-06-30": "36.43700", "2015-03-31": "-17.50600", "2014-12-31": "15.64300", "2014-09-30": "-25.27800", "2014-06-30": "-11.20000", "2014-03-31": "-33.55600", "2013-12-31": "-23.75200", "2013-09-30": "-29.76300", "2013-06-30": "-11.30700", "2013-03-31": "-1.73600", "2012-12-31": "-11.04200", "2012-09-30": "-38.34500", "2012-06-30": "-1.20700", "2012-03-31": "-23.99300", "2011-12-31": "-20.03600", "2011-09-30": "-26.88200", "2011-06-30": "-17.88000", "2011-03-31": "-19.99200", "2010-12-31": "-13.89500", "2010-09-30": "-12.45400", "2010-06-30": "-25.15200", "2010-03-31": "-9.65800", "2009-12-31": "-14.51400", "2009-09-30": "-12.02800", "2009-06-30": "-3.69200", "2009-03-31": "-1.53100", "2008-12-31": "-9.43700", "2008-09-30": "0.56000", "2008-06-30": "0.46300", "2008-03-31": "-6.10500", "2007-12-31": "-6.76900", "2007-09-30": "11.17200", "2007-06-30": "-18.62700", "2007-03-31": "-19.82600", "2006-12-31": "9.09500", "2006-09-30": "-18.83800", "2006-06-30": "-15.78000", "2006-03-31": "-17.48000", "2005-12-31": "-7.91200", "2005-09-30": "-15.17200", "2005-06-30": "-19.65900", "2005-03-31": "-29.65800"}, "Income Taxes": {"2020-09-30": "2.64800", "2020-06-30": "-0.43900", "2020-03-31": "-3.25700", "2019-12-31": "34.30200", "2019-09-30": "-14.91500", "2019-06-30": "-6.92700", "2019-03-31": "31.04700", "2018-12-31": "-291.96600", "2018-09-30": "0.45200", "2018-06-30": "0.35800", "2018-03-31": "0.01500", "2017-12-31": "-7.16300", "2017-09-30": "0.96100", "2017-06-30": "0.22200", "2017-03-31": "", "2016-12-31": "2.93300", "2016-09-30": "", "2016-06-30": "-0.23100", "2016-03-31": "0.23200", "2015-12-31": "0.37200", "2015-09-30": "", "2015-06-30": "0.78900", "2015-03-31": "-0.78900", "2014-12-31": "-15.41000", "2014-09-30": "1.39800", "2014-06-30": "0.88100", "2014-03-31": "-2.27600", "2013-12-31": "0.52400", "2013-09-30": "-5.19300", "2013-06-30": "-1.18100", "2013-03-31": "-0.06400", "2012-12-31": "-8.40500", "2012-09-30": "-0.70600", "2012-06-30": "", "2012-03-31": "0.00200", "2011-12-31": "0.00400", "2011-09-30": "", "2011-06-30": "0.00900", "2011-03-31": "-0.00200", "2010-12-31": "0.09000", "2010-09-30": "0.00000", "2010-06-30": "0.00200", "2010-03-31": "", "2009-12-31": "2.31800", "2009-09-30": "0.72400", "2009-06-30": "-0.01100", "2009-03-31": "0.16000", "2008-12-31": "", "2008-09-30": "", "2008-06-30": "", "2008-03-31": "", "2007-12-31": "", "2007-09-30": "", "2007-06-30": "", "2007-03-31": "", "2006-12-31": "", "2006-09-30": "", "2006-06-30": "", "2006-03-31": "", "2005-12-31": "", "2005-09-30": "", "2005-06-30": "", "2005-03-31": ""}, "Income After Taxes": {"2020-09-30": "-43.09100", "2020-06-30": "-43.76900", "2020-03-31": "-58.48000", "2019-12-31": "203.95800", "2019-09-30": "18.43200", "2019-06-30": "-10.01200", "2019-03-31": "90.88400", "2018-12-31": "302.73200", "2018-09-30": "-20.36500", "2018-06-30": "-56.57000", "2018-03-31": "-10.81200", "2017-12-31": "-9.16900", "2017-09-30": "-7.49300", "2017-06-30": "-3.08500", "2017-03-31": "8.96400", "2016-12-31": "52.02100", "2016-09-30": "7.35100", "2016-06-30": "-56.85500", "2016-03-31": "-62.91700", "2015-12-31": "-71.43300", "2015-09-30": "-35.77600", "2015-06-30": "35.64800", "2015-03-31": "-16.71700", "2014-12-31": "31.05300", "2014-09-30": "-26.67600", "2014-06-30": "-12.08100", "2014-03-31": "-31.28000", "2013-12-31": "-24.27600", "2013-09-30": "-24.57000", "2013-06-30": "-10.12600", "2013-03-31": "-1.67200", "2012-12-31": "-2.63700", "2012-09-30": "-37.63900", "2012-06-30": "-1.20700", "2012-03-31": "-23.99500", "2011-12-31": "-20.04000", "2011-09-30": "-26.88200", "2011-06-30": "-17.88900", "2011-03-31": "-19.99000", "2010-12-31": "-13.98500", "2010-09-30": "-12.45400", "2010-06-30": "-25.15400", "2010-03-31": "-9.65800", "2009-12-31": "-16.83200", "2009-09-30": "-12.75200", "2009-06-30": "-3.68100", "2009-03-31": "-1.69100", "2008-12-31": "-9.43700", "2008-09-30": "0.56000", "2008-06-30": "0.46300", "2008-03-31": "-6.10500", "2007-12-31": "-6.76900", "2007-09-30": "11.17200", "2007-06-30": "-18.62700", "2007-03-31": "-19.82600", "2006-12-31": "9.09500", "2006-09-30": "-18.83800", "2006-06-30": "-15.78000", "2006-03-31": "-17.48000", "2005-12-31": "-7.91200", "2005-09-30": "-15.17200", "2005-06-30": "-19.65900", "2005-03-31": "-29.65800"}, "Other Income": {"2020-09-30": "", "2020-06-30": "", "2020-03-31": "", "2019-12-31": "", "2019-09-30": "", "2019-06-30": "", "2019-03-31": "", "2018-12-31": "", "2018-09-30": "", "2018-06-30": "", "2018-03-31": "", "2017-12-31": "", "2017-09-30": "", "2017-06-30": "", "2017-03-31": "", "2016-12-31": "", "2016-09-30": "", "2016-06-30": "", "2016-03-31": "", "2015-12-31": "", "2015-09-30": "", "2015-06-30": "", "2015-03-31": "", "2014-12-31": "", "2014-09-30": "", "2014-06-30": "", "2014-03-31": "", "2013-12-31": "", "2013-09-30": "", "2013-06-30": "", "2013-03-31": "", "2012-12-31": "", "2012-09-30": "", "2012-06-30": "", "2012-03-31": "", "2011-12-31": "", "2011-09-30": "", "2011-06-30": "", "2011-03-31": "", "2010-12-31": "", "2010-09-30": "", "2010-06-30": "", "2010-03-31": "", "2009-12-31": "", "2009-09-30": "", "2009-06-30": "", "2009-03-31": "", "2008-12-31": "", "2008-09-30": "", "2008-06-30": "", "2008-03-31": "", "2007-12-31": "", "2007-09-30": "", "2007-06-30": "", "2007-03-31": "", "2006-12-31": "", "2006-09-30": "", "2006-06-30": "", "2006-03-31": "", "2005-12-31": "", "2005-09-30": "", "2005-06-30": "", "2005-03-31": ""}, "Income From Continuous Operations": {"2020-09-30": "-43.09100", "2020-06-30": "-43.76900", "2020-03-31": "-58.48000", "2019-12-31": "203.95800", "2019-09-30": "18.43200", "2019-06-30": "-10.01200", "2019-03-31": "90.88400", "2018-12-31": "302.73200", "2018-09-30": "-20.36500", "2018-06-30": "-56.57000", "2018-03-31": "-10.81200", "2017-12-31": "-9.16900", "2017-09-30": "-7.49300", "2017-06-30": "-3.08500", "2017-03-31": "8.96400", "2016-12-31": "52.02100", "2016-09-30": "7.35100", "2016-06-30": "-56.85500", "2016-03-31": "-62.91700", "2015-12-31": "-71.43300", "2015-09-30": "-35.77600", "2015-06-30": "35.64800", "2015-03-31": "-16.71700", "2014-12-31": "31.05300", "2014-09-30": "-26.67600", "2014-06-30": "-12.08100", "2014-03-31": "-31.28000", "2013-12-31": "-24.27600", "2013-09-30": "-24.57000", "2013-06-30": "-10.12600", "2013-03-31": "-1.67200", "2012-12-31": "-2.63700", "2012-09-30": "-37.63900", "2012-06-30": "-1.20700", "2012-03-31": "-23.99500", "2011-12-31": "-20.04000", "2011-09-30": "-26.88200", "2011-06-30": "-17.88900", "2011-03-31": "-19.99000", "2010-12-31": "-13.98500", "2010-09-30": "-12.45400", "2010-06-30": "-25.15400", "2010-03-31": "-9.65800", "2009-12-31": "-16.83200", "2009-09-30": "-12.75200", "2009-06-30": "-3.68100", "2009-03-31": "-1.69100", "2008-12-31": "-9.43700", "2008-09-30": "0.56000", "2008-06-30": "0.46300", "2008-03-31": "-6.10500", "2007-12-31": "-30.01300", "2007-09-30": "20.00700", "2007-06-30": "-11.02400", "2007-03-31": "-13.02000", "2006-12-31": "-11.24600", "2006-09-30": "-12.10500", "2006-06-30": "-2.17200", "2006-03-31": "-17.48000", "2005-12-31": "-7.91200", "2005-09-30": "-15.17200", "2005-06-30": "-19.65900", "2005-03-31": "-29.65800"}, "Income From Discontinued Operations": {"2020-09-30": "", "2020-06-30": "", "2020-03-31": "", "2019-12-31": "", "2019-09-30": "", "2019-06-30": "", "2019-03-31": "", "2018-12-31": "", "2018-09-30": "", "2018-06-30": "", "2018-03-31": "", "2017-12-31": "", "2017-09-30": "", "2017-06-30": "", "2017-03-31": "", "2016-12-31": "", "2016-09-30": "", "2016-06-30": "", "2016-03-31": "", "2015-12-31": "", "2015-09-30": "", "2015-06-30": "", "2015-03-31": "", "2014-12-31": "", "2014-09-30": "", "2014-06-30": "", "2014-03-31": "", "2013-12-31": "", "2013-09-30": "", "2013-06-30": "", "2013-03-31": "", "2012-12-31": "", "2012-09-30": "", "2012-06-30": "", "2012-03-31": "", "2011-12-31": "", "2011-09-30": "", "2011-06-30": "", "2011-03-31": "", "2010-12-31": "", "2010-09-30": "", "2010-06-30": "", "2010-03-31": "", "2009-12-31": "-1.49600", "2009-09-30": "0.03400", "2009-06-30": "0.09400", "2009-03-31": "186.99600", "2008-12-31": "-2.50300", "2008-09-30": "-0.15500", "2008-06-30": "-5.16500", "2008-03-31": "-0.56400", "2007-12-31": "", "2007-09-30": "", "2007-06-30": "", "2007-03-31": "", "2006-12-31": "", "2006-09-30": "", "2006-06-30": "", "2006-03-31": "", "2005-12-31": "", "2005-09-30": "", "2005-06-30": "", "2005-03-31": ""}, "Net Income": {"2020-09-30": "-30.94400", "2020-06-30": "-31.84500", "2020-03-31": "-48.22600", "2019-12-31": "184.41600", "2019-09-30": "26.16300", "2019-06-30": "-0.87600", "2019-03-31": "84.44300", "2018-12-31": "320.07500", "2018-09-30": "-4.55900", "2018-06-30": "-40.35500", "2018-03-31": "-1.42000", "2017-12-31": "-2.92200", "2017-09-30": "-2.61100", "2017-06-30": "-3.08500", "2017-03-31": "8.96400", "2016-12-31": "52.02100", "2016-09-30": "7.35100", "2016-06-30": "-56.85500", "2016-03-31": "-62.91700", "2015-12-31": "-71.43300", "2015-09-30": "-35.77600", "2015-06-30": "35.64800", "2015-03-31": "-16.71700", "2014-12-31": "31.05300", "2014-09-30": "-26.67600", "2014-06-30": "-12.08100", "2014-03-31": "-31.28000", "2013-12-31": "-24.27600", "2013-09-30": "-24.57000", "2013-06-30": "-10.12600", "2013-03-31": "-1.67200", "2012-12-31": "-2.63700", "2012-09-30": "-37.63900", "2012-06-30": "-1.20700", "2012-03-31": "-23.99500", "2011-12-31": "-20.03600", "2011-09-30": "-26.88200", "2011-06-30": "-17.88900", "2011-03-31": "-19.99400", "2010-12-31": "-13.98500", "2010-09-30": "-12.45400", "2010-06-30": "-25.15400", "2010-03-31": "-9.65800", "2009-12-31": "-16.84000", "2009-09-30": "-11.58200", "2009-06-30": "-2.73000", "2009-03-31": "186.21800", "2008-12-31": "-10.26200", "2008-09-30": "1.61300", "2008-06-30": "-3.73700", "2008-03-31": "-5.78600", "2007-12-31": "-12.25600", "2007-09-30": "-105.30400", "2007-06-30": "-11.02400", "2007-03-31": "-13.02000", "2006-12-31": "-14.14600", "2006-09-30": "-12.10500", "2006-06-30": "-2.17200", "2006-03-31": "-17.48000", "2005-12-31": "-7.91200", "2005-09-30": "-15.17200", "2005-06-30": "-19.65900", "2005-03-31": "-29.65800"}, "EBITDA": {"2020-09-30": "-18.36200", "2020-06-30": "-35.32900", "2020-03-31": "-46.52400", "2019-12-31": "275.39310", "2019-09-30": "13.88000", "2019-06-30": "-7.92200", "2019-03-31": "132.32100", "2018-12-31": "21.54900", "2018-09-30": "-7.46600", "2018-06-30": "-37.98800", "2018-03-31": "9.22100", "2017-12-31": "4.69100", "2017-09-30": "24.05500", "2017-06-30": "20.55400", "2017-03-31": "33.04300", "2016-12-31": "79.22200", "2016-09-30": "27.91300", "2016-06-30": "-37.01100", "2016-03-31": "-42.63000", "2015-12-31": "-50.34600", "2015-09-30": "-35.87700", "2015-06-30": "56.32300", "2015-03-31": "2.06100", "2014-12-31": "19.98000", "2014-09-30": "-13.73900", "2014-06-30": "1.63700", "2014-03-31": "-22.53800", "2013-12-31": "-12.27900", "2013-09-30": "-18.38300", "2013-06-30": "-0.89800", "2013-03-31": "8.57400", "2012-12-31": "-26.11900", "2012-09-30": "-28.04600", "2012-06-30": "3.69600", "2012-03-31": "-18.45500", "2011-12-31": "-18.61600", "2011-09-30": "-22.31600", "2011-06-30": "-14.06000", "2011-03-31": "-16.10800", "2010-12-31": "-15.85700", "2010-09-30": "-8.94700", "2010-06-30": "-18.67200", "2010-03-31": "-4.88000", "2009-12-31": "-11.67300", "2009-09-30": "-10.39600", "2009-06-30": "-4.82700", "2009-03-31": "-0.64200", "2008-12-31": "-8.07600", "2008-09-30": "0.17600", "2008-06-30": "1.08100", "2008-03-31": "-6.24100", "2007-12-31": "-2.41500", "2007-09-30": "10.05700", "2007-06-30": "-19.66000", "2007-03-31": "-20.90100", "2006-12-31": "-13.83600", "2006-09-30": "-18.26400", "2006-06-30": "-17.10200", "2006-03-31": "-16.01600", "2005-12-31": "-8.60800", "2005-09-30": "-12.14400", "2005-06-30": "-12.92300", "2005-03-31": "-23.50700"}, "EBIT": {"2020-09-30": "-36.53700", "2020-06-30": "-51.75400", "2020-03-31": "-61.12700", "2019-12-31": "260.65200", "2019-09-30": "2.52300", "2019-06-30": "-18.82700", "2019-03-31": "121.53500", "2018-12-31": "10.78200", "2018-09-30": "-18.57200", "2018-06-30": "-50.28100", "2018-03-31": "-3.30100", "2017-12-31": "-6.20000", "2017-09-30": "11.31200", "2017-06-30": "6.45000", "2017-03-31": "19.48500", "2016-12-31": "67.31100", "2016-09-30": "16.10800", "2016-06-30": "-48.92700", "2016-03-31": "-54.65200", "2015-12-31": "-62.94000", "2015-09-30": "-48.13800", "2015-06-30": "44.64600", "2015-03-31": "-9.33000", "2014-12-31": "10.08000", "2014-09-30": "-21.49300", "2014-06-30": "-6.65000", "2014-03-31": "-29.66700", "2013-12-31": "-19.85800", "2013-09-30": "-25.50500", "2013-06-30": "-7.92800", "2013-03-31": "1.62500", "2012-12-31": "-26.11900", "2012-09-30": "-28.04600", "2012-06-30": "3.69600", "2012-03-31": "-18.45500", "2011-12-31": "-18.61600", "2011-09-30": "-22.31600", "2011-06-30": "-14.06000", "2011-03-31": "-16.10800", "2010-12-31": "-15.85700", "2010-09-30": "-8.94700", "2010-06-30": "-18.67200", "2010-03-31": "-4.88000", "2009-12-31": "-11.67300", "2009-09-30": "-10.39600", "2009-06-30": "-4.82700", "2009-03-31": "-0.64200", "2008-12-31": "-8.07600", "2008-09-30": "0.17600", "2008-06-30": "1.08100", "2008-03-31": "-6.24100", "2007-12-31": "-2.41500", "2007-09-30": "10.05700", "2007-06-30": "-19.66000", "2007-03-31": "-20.90100", "2006-12-31": "-13.83600", "2006-09-30": "-18.26400", "2006-06-30": "-17.10200", "2006-03-31": "-16.01600", "2005-12-31": "-8.60800", "2005-09-30": "-12.14400", "2005-06-30": "-12.92300", "2005-03-31": "-23.50700"}, "Basic Shares Outstanding": {"2020-09-30": "139.70800", "2020-06-30": "139.35200", "2020-03-31": "139.42900", "2019-12-31": "139.99800", "2019-09-30": "140.55100", "2019-06-30": "140.24700", "2019-03-31": "138.58200", "2018-12-31": "132.32000", "2018-09-30": "137.34600", "2018-06-30": "128.71200", "2018-03-31": "125.33000", "2017-12-31": "124.01600", "2017-09-30": "124.37000", "2017-06-30": "123.98900", "2017-03-31": "122.86100", "2016-12-31": "120.93300", "2016-09-30": "120.98900", "2016-06-30": "120.79800", "2016-03-31": "120.59800", "2015-12-31": "119.71900", "2015-09-30": "119.97900", "2015-06-30": "119.74200", "2015-03-31": "118.94800", "2014-12-31": "117.69100", "2014-09-30": "117.81100", "2014-06-30": "117.58800", "2014-03-31": "117.12800", "2013-12-31": "110.50200", "2013-09-30": "115.26300", "2013-06-30": "108.53900", "2013-03-31": "101.87500", "2012-12-31": "100.57600", "2012-09-30": "100.68000", "2012-06-30": "100.21300", "2012-03-31": "100.15700", "2011-12-31": "99.65600", "2011-09-30": "99.68700", "2011-06-30": "99.60200", "2011-03-31": "99.56900", "2010-12-31": "99.14300", "2010-09-30": "99.19600", "2010-06-30": "99.09100", "2010-03-31": "99.01300", "2009-12-31": "98.10900", "2009-09-30": "98.32000", "2009-06-30": "98.11600", "2009-03-31": "97.52100", "2008-12-31": "94.56600", "2008-09-30": "95.86300", "2008-06-30": "94.67500", "2008-03-31": "90.79900", "2007-12-31": "83.73900", "2007-09-30": "83.94200", "2007-06-30": "82.54800", "2007-03-31": "82.45600", "2006-12-31": "74.30800", "2006-09-30": "73.58800", "2006-06-30": "72.82200", "2006-03-31": "72.37700", "2005-12-31": "62.87700", "2005-09-30": "64.08600", "2005-06-30": "57.52400", "2005-03-31": "57.52100"}, "Shares Outstanding": {"2020-09-30": "139.70800", "2020-06-30": "139.35200", "2020-03-31": "139.42900", "2019-12-31": "142.87200", "2019-09-30": "143.40800", "2019-06-30": "140.24700", "2019-03-31": "141.53700", "2018-12-31": "134.05600", "2018-09-30": "137.34600", "2018-06-30": "128.71200", "2018-03-31": "125.33000", "2017-12-31": "126.09800", "2017-09-30": "124.37000", "2017-06-30": "123.98900", "2017-03-31": "124.97200", "2016-12-31": "120.93300", "2016-09-30": "123.37800", "2016-06-30": "120.79800", "2016-03-31": "120.59800", "2015-12-31": "119.71900", "2015-09-30": "119.97900", "2015-06-30": "127.77900", "2015-03-31": "118.94800", "2014-12-31": "117.69100", "2014-09-30": "117.81100", "2014-06-30": "117.58800", "2014-03-31": "117.12800", "2013-12-31": "110.50200", "2013-09-30": "115.26300", "2013-06-30": "108.53900", "2013-03-31": "101.87500", "2012-12-31": "100.57600", "2012-09-30": "100.68000", "2012-06-30": "100.21300", "2012-03-31": "100.15700", "2011-12-31": "99.65600", "2011-09-30": "99.68700", "2011-06-30": "99.60200", "2011-03-31": "99.56900", "2010-12-31": "99.14300", "2010-09-30": "99.19600", "2010-06-30": "99.09100", "2010-03-31": "99.01300", "2009-12-31": "98.10900", "2009-09-30": "98.32000", "2009-06-30": "98.11600", "2009-03-31": "97.52100", "2008-12-31": "94.56600", "2008-09-30": "100.18100", "2008-06-30": "94.67500", "2008-03-31": "90.79900", "2007-12-31": "83.73900", "2007-09-30": "83.94200", "2007-06-30": "82.54800", "2007-03-31": "82.45600", "2006-12-31": "74.30800", "2006-09-30": "73.58800", "2006-06-30": "72.82200", "2006-03-31": "72.37700", "2005-12-31": "62.87700", "2005-09-30": "64.08600", "2005-06-30": "57.52400", "2005-03-31": "57.52100"}, "Basic EPS": {"2020-09-30": "-0.22000", "2020-06-30": "-0.23000", "2020-03-31": "-0.35000", "2019-12-31": "1.31000", "2019-09-30": "0.19000", "2019-06-30": "-0.01000", "2019-03-31": "0.63000", "2018-12-31": "2.42000", "2018-09-30": "-0.03000", "2018-06-30": "-0.29000", "2018-03-31": "-0.01000", "2017-12-31": "0.12000", "2017-09-30": "-0.02000", "2017-06-30": "-0.02000", "2017-03-31": "0.07000", "2016-12-31": "0.43000", "2016-09-30": "0.06000", "2016-06-30": "-0.47000", "2016-03-31": "-0.52000", "2015-12-31": "-0.60000", "2015-09-30": "-0.30000", "2015-06-30": "0.30000", "2015-03-31": "-0.14000", "2014-12-31": "0.27000", "2014-09-30": "-0.23000", "2014-06-30": "-0.10000", "2014-03-31": "-0.27000", "2013-12-31": "-0.23000", "2013-09-30": "-0.21000", "2013-06-30": "-0.09000", "2013-03-31": "-0.02000", "2012-12-31": "-0.03000", "2012-09-30": "-0.37000", "2012-06-30": "-0.01000", "2012-03-31": "-0.24000", "2011-12-31": "-0.20000", "2011-09-30": "-0.27000", "2011-06-30": "-0.18000", "2011-03-31": "-0.20000", "2010-12-31": "-0.14000", "2010-09-30": "-0.13000", "2010-06-30": "-0.25000", "2010-03-31": "-0.10000", "2009-12-31": "-0.18000", "2009-09-30": "-0.12000", "2009-06-30": "-0.03000", "2009-03-31": "1.91000", "2008-12-31": "-0.11000", "2008-09-30": "0.02000", "2008-06-30": "-0.04000", "2008-03-31": "-0.06000", "2007-12-31": "-0.15000", "2007-09-30": "-1.25000", "2007-06-30": "-0.13000", "2007-03-31": "-0.16000", "2006-12-31": "-0.19000", "2006-09-30": "-0.16000", "2006-06-30": "-0.03000", "2006-03-31": "-0.24000", "2005-12-31": "-0.05000", "2005-09-30": "-0.24000", "2005-06-30": "-0.34000", "2005-03-31": "-0.52000"}, "EPS - Earnings Per Share": {"2020-09-30": "-0.22000", "2020-06-30": "-0.23000", "2020-03-31": "-0.35000", "2019-12-31": "1.29000", "2019-09-30": "0.18000", "2019-06-30": "-0.01000", "2019-03-31": "0.62000", "2018-12-31": "2.40000", "2018-09-30": "-0.03000", "2018-06-30": "-0.29000", "2018-03-31": "-0.01000", "2017-12-31": "0.12000", "2017-09-30": "-0.02000", "2017-06-30": "-0.02000", "2017-03-31": "0.07000", "2016-12-31": "0.43000", "2016-09-30": "0.06000", "2016-06-30": "-0.47000", "2016-03-31": "-0.52000", "2015-12-31": "-0.59000", "2015-09-30": "-0.30000", "2015-06-30": "0.29000", "2015-03-31": "-0.14000", "2014-12-31": "0.27000", "2014-09-30": "-0.23000", "2014-06-30": "-0.10000", "2014-03-31": "-0.27000", "2013-12-31": "-0.23000", "2013-09-30": "-0.21000", "2013-06-30": "-0.09000", "2013-03-31": "-0.02000", "2012-12-31": "-0.03000", "2012-09-30": "-0.37000", "2012-06-30": "-0.01000", "2012-03-31": "-0.24000", "2011-12-31": "-0.20000", "2011-09-30": "-0.27000", "2011-06-30": "-0.18000", "2011-03-31": "-0.20000", "2010-12-31": "-0.14000", "2010-09-30": "-0.13000", "2010-06-30": "-0.25000", "2010-03-31": "-0.10000", "2009-12-31": "-0.18000", "2009-09-30": "-0.12000", "2009-06-30": "-0.03000", "2009-03-31": "1.91000", "2008-12-31": "-0.11000", "2008-09-30": "0.02000", "2008-06-30": "-0.04000", "2008-03-31": "-0.06000", "2007-12-31": "-0.15000", "2007-09-30": "-1.25000", "2007-06-30": "-0.13000", "2007-03-31": "-0.16000", "2006-12-31": "-0.19000", "2006-09-30": "-0.16000", "2006-06-30": "-0.03000", "2006-03-31": "-0.24000", "2005-12-31": "-0.05000", "2005-09-30": "-0.24000", "2005-06-30": "-0.34000", "2005-03-31": "-0.52000"}}, "balance sheet": {"Cash On Hand": {"2019-12-31": "2499.54400", "2018-12-31": "2084.07200", "2017-12-31": "1022.71500", "2016-12-31": "665.22300", "2015-12-31": "803.97500", "2014-12-31": "810.71300", "2013-12-31": "708.85700", "2012-12-31": "408.06800", "2011-12-31": "343.66400", "2010-12-31": "472.35300", "2009-12-31": "574.31200", "2008-12-31": "490.99800", "2007-12-31": "193.71900", "2006-12-31": "193.33300", "2005-12-31": "94.38900"}, "Receivables": {"2019-12-31": "63.03400", "2018-12-31": "12.75900", "2017-12-31": "62.95500", "2016-12-31": "108.04300", "2015-12-31": "11.35600", "2014-12-31": "3.90300", "2013-12-31": "11.10200", "2012-12-31": "0.52200", "2011-12-31": "6.92100", "2010-12-31": "1.24200", "2009-12-31": "10.89900", "2008-12-31": "4.12100", "2007-12-31": "4.86100", "2006-12-31": "2.39500", "2005-12-31": "3.91800"}, "Inventory": {"2019-12-31": "18.18000", "2018-12-31": "8.58200", "2017-12-31": "9.98200", "2016-12-31": "7.48900", "2015-12-31": "6.89900", "2014-12-31": "6.29000", "2013-12-31": "8.03300", "2012-12-31": "6.12100", "2011-12-31": "4.13900", "2010-12-31": "2.48400", "2009-12-31": "2.76800", "2008-12-31": "2.71800", "2007-12-31": "1.76200", "2006-12-31": "0.86100", "2005-12-31": "0.95100"}, "Pre-Paid Expenses": {"2019-12-31": "", "2018-12-31": "", "2017-12-31": "", "2016-12-31": "", "2015-12-31": "", "2014-12-31": "", "2013-12-31": "", "2012-12-31": "", "2011-12-31": "", "2010-12-31": "", "2009-12-31": "", "2008-12-31": "", "2007-12-31": "", "2006-12-31": "", "2005-12-31": ""}, "Other Current Assets": {"2019-12-31": "139.83900", "2018-12-31": "102.47300", "2017-12-31": "73.08200", "2016-12-31": "17.17700", "2015-12-31": "14.77300", "2014-12-31": "15.69100", "2013-12-31": "7.51800", "2012-12-31": "8.72700", "2011-12-31": "5.41500", "2010-12-31": "7.05800", "2009-12-31": "8.14700", "2008-12-31": "5.08500", "2007-12-31": "9.53200", "2006-12-31": "9.61400", "2005-12-31": "6.60000"}, "Total Current Assets": {"2019-12-31": "2720.59700", "2018-12-31": "2207.88600", "2017-12-31": "1168.73400", "2016-12-31": "797.93200", "2015-12-31": "837.00300", "2014-12-31": "836.59700", "2013-12-31": "735.51000", "2012-12-31": "423.43800", "2011-12-31": "360.13900", "2010-12-31": "483.13700", "2009-12-31": "596.12600", "2008-12-31": "518.38400", "2007-12-31": "209.87400", "2006-12-31": "206.20300", "2005-12-31": "105.85800"}, "Property, Plant, And Equipment": {"2019-12-31": "153.65100", "2018-12-31": "132.16000", "2017-12-31": "121.90700", "2016-12-31": "92.84500", "2015-12-31": "90.23300", "2014-12-31": "88.95800", "2013-12-31": "86.19800", "2012-12-31": "91.08400", "2011-12-31": "96.61500", "2010-12-31": "35.70300", "2009-12-31": "27.33800", "2008-12-31": "17.37100", "2007-12-31": "5.96000", "2006-12-31": "7.15700", "2005-12-31": "9.13000"}, "Long-Term Investments": {"2019-12-31": "", "2018-12-31": "", "2017-12-31": "", "2016-12-31": "", "2015-12-31": "", "2014-12-31": "", "2013-12-31": "", "2012-12-31": "", "2011-12-31": "", "2010-12-31": "", "2009-12-31": "", "2008-12-31": "", "2007-12-31": "", "2006-12-31": "", "2005-12-31": ""}, "Goodwill And Intangible Assets": {"2019-12-31": "25.67400", "2018-12-31": "24.03200", "2017-12-31": "22.00400", "2016-12-31": "20.36500", "2015-12-31": "19.31600", "2014-12-31": "17.18600", "2013-12-31": "20.08900", "2012-12-31": "25.22500", "2011-12-31": "25.29500", "2010-12-31": "28.10900", "2009-12-31": "30.45100", "2008-12-31": "33.12100", "2007-12-31": "35.53000", "2006-12-31": "38.27100", "2005-12-31": "42.54300"}, "Other Long-Term Assets": {"2019-12-31": "27.63300", "2018-12-31": "12.91000", "2017-12-31": "10.12900", "2016-12-31": "1.32500", "2015-12-31": "1.34800", "2014-12-31": "13.06800", "2013-12-31": "5.35900", "2012-12-31": "5.93900", "2011-12-31": "2.84500", "2010-12-31": "3.52800", "2009-12-31": "3.26900", "2008-12-31": "3.90000", "2007-12-31": "7.49400", "2006-12-31": "4.27600", "2005-12-31": "8.84200"}, "Total Long-Term Assets": {"2019-12-31": "512.51500", "2018-12-31": "459.89800", "2017-12-31": "154.04000", "2016-12-31": "114.53500", "2015-12-31": "110.89700", "2014-12-31": "119.21200", "2013-12-31": "111.64600", "2012-12-31": "122.24800", "2011-12-31": "124.75500", "2010-12-31": "67.34000", "2009-12-31": "61.05800", "2008-12-31": "54.39200", "2007-12-31": "48.98400", "2006-12-31": "49.70400", "2005-12-31": "60.51500"}, "Total Assets": {"2019-12-31": "3233.11200", "2018-12-31": "2667.78400", "2017-12-31": "1322.77400", "2016-12-31": "912.46700", "2015-12-31": "947.90000", "2014-12-31": "955.80900", "2013-12-31": "847.15600", "2012-12-31": "545.68600", "2011-12-31": "484.89400", "2010-12-31": "550.47700", "2009-12-31": "657.18400", "2008-12-31": "572.77600", "2007-12-31": "258.85800", "2006-12-31": "255.90700", "2005-12-31": "166.37300"}, "Total Current Liabilities": {"2019-12-31": "273.00500", "2018-12-31": "280.29400", "2017-12-31": "243.61200", "2016-12-31": "133.78400", "2015-12-31": "148.87600", "2014-12-31": "115.33200", "2013-12-31": "97.81200", "2012-12-31": "74.32200", "2011-12-31": "76.11200", "2010-12-31": "105.89000", "2009-12-31": "111.44400", "2008-12-31": "124.69900", "2007-12-31": "62.20500", "2006-12-31": "25.13900", "2005-12-31": "23.79300"}, "Long Term Debt": {"2019-12-31": "785.50000", "2018-12-31": "632.97100", "2017-12-31": "605.85600", "2016-12-31": "515.56100", "2015-12-31": "523.67600", "2014-12-31": "383.16900", "2013-12-31": "156.87600", "2012-12-31": "151.39200", "2011-12-31": "145.57300", "2010-12-31": "138.61500", "2009-12-31": "136.57800", "2008-12-31": "127.93100", "2007-12-31": "162.86200", "2006-12-31": "132.82200", "2005-12-31": "139.91500"}, "Other Non-Current Liabilities": {"2019-12-31": "", "2018-12-31": "", "2017-12-31": "", "2016-12-31": "72.35900", "2015-12-31": "72.21700", "2014-12-31": "71.73100", "2013-12-31": "71.28800", "2012-12-31": "70.55000", "2011-12-31": "74.30100", "2010-12-31": "11.01700", "2009-12-31": "", "2008-12-31": "", "2007-12-31": "", "2006-12-31": "", "2005-12-31": ""}, "Total Long Term Liabilities": {"2019-12-31": "1275.56000", "2018-12-31": "1200.33000", "2017-12-31": "713.88200", "2016-12-31": "679.11800", "2015-12-31": "598.23400", "2014-12-31": "582.69700", "2013-12-31": "370.95400", "2012-12-31": "288.59800", "2011-12-31": "237.34800", "2010-12-31": "200.04500", "2009-12-31": "243.67500", "2008-12-31": "300.69700", "2007-12-31": "195.78100", "2006-12-31": "162.20500", "2005-12-31": "139.91500"}, "Total Liabilities": {"2019-12-31": "1548.56500", "2018-12-31": "1480.62400", "2017-12-31": "957.49400", "2016-12-31": "812.90200", "2015-12-31": "747.11000", "2014-12-31": "698.02900", "2013-12-31": "468.76600", "2012-12-31": "362.92000", "2011-12-31": "313.46000", "2010-12-31": "305.93500", "2009-12-31": "355.11900", "2008-12-31": "425.39600", "2007-12-31": "257.98600", "2006-12-31": "187.34400", "2005-12-31": "163.70800"}, "Common Stock Net": {"2019-12-31": "0.14000", "2018-12-31": "0.13800", "2017-12-31": "0.12500", "2016-12-31": "0.12200", "2015-12-31": "0.12000", "2014-12-31": "0.11800", "2013-12-31": "0.11600", "2012-12-31": "0.10200", "2011-12-31": "0.10000", "2010-12-31": "0.09900", "2009-12-31": "0.09900", "2008-12-31": "0.09700", "2007-12-31": "0.08700", "2006-12-31": "0.08200", "2005-12-31": "0.07200"}, "Retained Earnings (Accumulated Deficit)": {"2019-12-31": "-707.53400", "2018-12-31": "-967.29300", "2017-12-31": "-1241.03400", "2016-12-31": "-1181.42800", "2015-12-31": "-1094.87200", "2014-12-31": "-1006.59400", "2013-12-31": "-967.61000", "2012-12-31": "-906.96600", "2011-12-31": "-841.48800", "2010-12-31": "-756.68700", "2009-12-31": "-696.15000", "2008-12-31": "-851.21600", "2007-12-31": "-827.74500", "2006-12-31": "-816.75100", "2005-12-31": "-770.84800"}, "Comprehensive Income": {"2019-12-31": "-25.29000", "2018-12-31": "-32.01600", "2017-12-31": "-31.75900", "2016-12-31": "-30.35800", "2015-12-31": "-13.56500", "2014-12-31": "39.74700", "2013-12-31": "21.08000", "2012-12-31": "12.48000", "2011-12-31": "-0.77000", "2010-12-31": "0.94900", "2009-12-31": "2.15300", "2008-12-31": "0.98200", "2007-12-31": "0.53800", "2006-12-31": "4.27800", "2005-12-31": "3.17800"}, "Other Share Holders Equity": {"2019-12-31": "", "2018-12-31": "", "2017-12-31": "", "2016-12-31": "", "2015-12-31": "", "2014-12-31": "", "2013-12-31": "", "2012-12-31": "", "2011-12-31": "", "2010-12-31": "", "2009-12-31": "", "2008-12-31": "", "2007-12-31": "", "2006-12-31": "", "2005-12-31": ""}, "Share Holder Equity": {"2019-12-31": "1684.54700", "2018-12-31": "1187.16000", "2017-12-31": "365.28000", "2016-12-31": "99.56500", "2015-12-31": "200.79000", "2014-12-31": "257.78000", "2013-12-31": "378.39000", "2012-12-31": "182.76600", "2011-12-31": "171.43400", "2010-12-31": "244.54200", "2009-12-31": "302.06500", "2008-12-31": "147.38000", "2007-12-31": "0.87200", "2006-12-31": "68.56300", "2005-12-31": "2.66500"}, "Total Liabilities And Share Holders Equity": {"2019-12-31": "3233.11200", "2018-12-31": "2667.78400", "2017-12-31": "1322.77400", "2016-12-31": "912.46700", "2015-12-31": "947.90000", "2014-12-31": "955.80900", "2013-12-31": "847.15600", "2012-12-31": "545.68600", "2011-12-31": "484.89400", "2010-12-31": "550.47700", "2009-12-31": "657.18400", "2008-12-31": "572.77600", "2007-12-31": "258.85800", "2006-12-31": "255.90700", "2005-12-31": "166.37300"}}, "balance sheet, quarterly": {"Cash On Hand": {"2020-09-30": "2329.20400", "2020-06-30": "2348.61600", "2020-03-31": "2384.08700", "2019-12-31": "2499.54400", "2019-09-30": "2220.83000", "2019-06-30": "2262.03100", "2019-03-31": "2253.75400", "2018-12-31": "2084.07200", "2018-09-30": "1958.98900", "2018-06-30": "1980.45000", "2018-03-31": "1035.30100", "2017-12-31": "1022.71500", "2017-09-30": "1010.80800", "2017-06-30": "855.70900", "2017-03-31": "860.28100", "2016-12-31": "665.22300", "2016-09-30": "697.23000", "2016-06-30": "672.30700", "2016-03-31": "723.50700", "2015-12-31": "803.97500", "2015-09-30": "830.78600", "2015-06-30": "815.53800", "2015-03-31": "788.50000", "2014-12-31": "810.71300", "2014-09-30": "639.41200", "2014-06-30": "647.51300", "2014-03-31": "694.87900", "2013-12-31": "708.85700", "2013-09-30": "735.90200", "2013-06-30": "652.94200", "2013-03-31": "416.77400", "2012-12-31": "408.06800", "2012-09-30": "343.57300", "2012-06-30": "336.02900", "2012-03-31": "333.94400", "2011-12-31": "343.66400", "2011-09-30": "364.76300", "2011-06-30": "395.18400", "2011-03-31": "426.82200", "2010-12-31": "472.35300", "2010-09-30": "497.90400", "2010-06-30": "522.02800", "2010-03-31": "519.11900", "2009-12-31": "574.31200", "2009-09-30": "607.84000", "2009-06-30": "637.51100", "2009-03-31": "652.23600", "2008-12-31": "490.99800", "2008-09-30": "512.02300", "2008-06-30": "536.96900", "2008-03-31": "338.41500", "2007-12-31": "193.71900", "2007-09-30": "145.99100", "2007-06-30": "202.73300", "2007-03-31": "285.55400", "2006-12-31": "193.33300", "2006-09-30": "126.87100", "2006-06-30": "137.94000", "2006-03-31": "78.56100", "2005-12-31": "94.38900", "2005-09-30": "101.65700", "2005-06-30": "59.58000", "2005-03-31": "82.78400"}, "Receivables": {"2020-09-30": "38.97700", "2020-06-30": "27.83400", "2020-03-31": "28.60500", "2019-12-31": "63.03400", "2019-09-30": "49.07700", "2019-06-30": "31.61500", "2019-03-31": "10.45200", "2018-12-31": "12.75900", "2018-09-30": "14.73200", "2018-06-30": "16.76100", "2018-03-31": "36.85800", "2017-12-31": "62.95500", "2017-09-30": "42.92400", "2017-06-30": "50.61500", "2017-03-31": "69.35700", "2016-12-31": "108.04300", "2016-09-30": "8.54400", "2016-06-30": "0.74600", "2016-03-31": "16.48000", "2015-12-31": "11.35600", "2015-09-30": "1.82600", "2015-06-30": "3.26400", "2015-03-31": "26.93400", "2014-12-31": "3.90300", "2014-09-30": "26.31300", "2014-06-30": "41.94100", "2014-03-31": "9.82300", "2013-12-31": "11.10200", "2013-09-30": "12.64500", "2013-06-30": "2.02400", "2013-03-31": "1.17200", "2012-12-31": "0.52200", "2012-09-30": "3.47600", "2012-06-30": "1.55800", "2012-03-31": "1.37900", "2011-12-31": "6.92100", "2011-09-30": "1.85800", "2011-06-30": "5.67400", "2011-03-31": "0.59100", "2010-12-31": "1.24200", "2010-09-30": "1.34100", "2010-06-30": "5.04000", "2010-03-31": "1.90400", "2009-12-31": "10.89900", "2009-09-30": "0.58600", "2009-06-30": "0.78300", "2009-03-31": "2.35100", "2008-12-31": "4.12100", "2008-09-30": "5.02100", "2008-06-30": "6.39900", "2008-03-31": "4.35800", "2007-12-31": "4.86100", "2007-09-30": "9.23700", "2007-06-30": "2.29600", "2007-03-31": "2.05700", "2006-12-31": "2.39500", "2006-09-30": "2.95900", "2006-06-30": "2.61800", "2006-03-31": "3.50300", "2005-12-31": "3.91800", "2005-09-30": "4.20900", "2005-06-30": "4.45600", "2005-03-31": "2.91100"}, "Inventory": {"2020-09-30": "22.17200", "2020-06-30": "23.72200", "2020-03-31": "22.88500", "2019-12-31": "18.18000", "2019-09-30": "19.37500", "2019-06-30": "18.50500", "2019-03-31": "11.05700", "2018-12-31": "8.58200", "2018-09-30": "8.37800", "2018-06-30": "9.06700", "2018-03-31": "9.06000", "2017-12-31": "9.98200", "2017-09-30": "8.45100", "2017-06-30": "6.50400", "2017-03-31": "6.80100", "2016-12-31": "7.48900", "2016-09-30": "9.31900", "2016-06-30": "7.66800", "2016-03-31": "6.52000", "2015-12-31": "6.89900", "2015-09-30": "6.58300", "2015-06-30": "6.78200", "2015-03-31": "6.83900", "2014-12-31": "6.29000", "2014-09-30": "7.08500", "2014-06-30": "7.77600", "2014-03-31": "7.53700", "2013-12-31": "8.03300", "2013-09-30": "7.38500", "2013-06-30": "8.30900", "2013-03-31": "5.80900", "2012-12-31": "6.12100", "2012-09-30": "6.73700", "2012-06-30": "7.10800", "2012-03-31": "4.87300", "2011-12-31": "4.13900", "2011-09-30": "2.91500", "2011-06-30": "2.24900", "2011-03-31": "2.60600", "2010-12-31": "2.48400", "2010-09-30": "1.99600", "2010-06-30": "2.79400", "2010-03-31": "2.60100", "2009-12-31": "2.76800", "2009-09-30": "2.81700", "2009-06-30": "2.77900", "2009-03-31": "2.59100", "2008-12-31": "2.71800", "2008-09-30": "5.51100", "2008-06-30": "4.69900", "2008-03-31": "3.70000", "2007-12-31": "1.76200", "2007-09-30": "1.93000", "2007-06-30": "1.51000", "2007-03-31": "1.09300", "2006-12-31": "0.86100", "2006-09-30": "0.63200", "2006-06-30": "0.88600", "2006-03-31": "0.74900", "2005-12-31": "0.95100", "2005-09-30": "0.91700", "2005-06-30": "1.07100", "2005-03-31": "2.72200"}, "Pre-Paid Expenses": {"2020-09-30": "", "2020-06-30": "", "2020-03-31": "", "2019-12-31": "", "2019-09-30": "", "2019-06-30": "", "2019-03-31": "", "2018-12-31": "", "2018-09-30": "", "2018-06-30": "", "2018-03-31": "", "2017-12-31": "", "2017-09-30": "", "2017-06-30": "", "2017-03-31": "", "2016-12-31": "", "2016-09-30": "", "2016-06-30": "", "2016-03-31": "", "2015-12-31": "", "2015-09-30": "", "2015-06-30": "", "2015-03-31": "", "2014-12-31": "", "2014-09-30": "", "2014-06-30": "", "2014-03-31": "", "2013-12-31": "", "2013-09-30": "", "2013-06-30": "", "2013-03-31": "", "2012-12-31": "", "2012-09-30": "", "2012-06-30": "", "2012-03-31": "", "2011-12-31": "", "2011-09-30": "", "2011-06-30": "", "2011-03-31": "", "2010-12-31": "", "2010-09-30": "", "2010-06-30": "", "2010-03-31": "", "2009-12-31": "", "2009-09-30": "", "2009-06-30": "", "2009-03-31": "", "2008-12-31": "", "2008-09-30": "", "2008-06-30": "", "2008-03-31": "", "2007-12-31": "", "2007-09-30": "", "2007-06-30": "", "2007-03-31": "", "2006-12-31": "", "2006-09-30": "", "2006-06-30": "", "2006-03-31": "", "2005-12-31": "", "2005-09-30": "", "2005-06-30": "", "2005-03-31": ""}, "Other Current Assets": {"2020-09-30": "146.62800", "2020-06-30": "131.01500", "2020-03-31": "122.46800", "2019-12-31": "139.83900", "2019-09-30": "118.80900", "2019-06-30": "102.07100", "2019-03-31": "98.68600", "2018-12-31": "102.47300", "2018-09-30": "97.12500", "2018-06-30": "76.99400", "2018-03-31": "62.06400", "2017-12-31": "73.08200", "2017-09-30": "48.93000", "2017-06-30": "51.53100", "2017-03-31": "25.93300", "2016-12-31": "17.17700", "2016-09-30": "15.23600", "2016-06-30": "17.25000", "2016-03-31": "17.40300", "2015-12-31": "14.77300", "2015-09-30": "29.06600", "2015-06-30": "29.86800", "2015-03-31": "13.15400", "2014-12-31": "15.69100", "2014-09-30": "8.35300", "2014-06-30": "8.56700", "2014-03-31": "9.81400", "2013-12-31": "7.51800", "2013-09-30": "7.37200", "2013-06-30": "5.78600", "2013-03-31": "8.07400", "2012-12-31": "8.72700", "2012-09-30": "7.80000", "2012-06-30": "5.72400", "2012-03-31": "7.41700", "2011-12-31": "5.41500", "2011-09-30": "7.55300", "2011-06-30": "7.61300", "2011-03-31": "7.37600", "2010-12-31": "7.05800", "2010-09-30": "6.30900", "2010-06-30": "7.02300", "2010-03-31": "6.79100", "2009-12-31": "8.14700", "2009-09-30": "8.00400", "2009-06-30": "6.43900", "2009-03-31": "6.51400", "2008-12-31": "5.08500", "2008-09-30": "6.98800", "2008-06-30": "7.11300", "2008-03-31": "6.37800", "2007-12-31": "9.53200", "2007-09-30": "4.22900", "2007-06-30": "4.23800", "2007-03-31": "7.36300", "2006-12-31": "9.61400", "2006-09-30": "6.46100", "2006-06-30": "6.83000", "2006-03-31": "7.91800", "2005-12-31": "6.60000", "2005-09-30": "7.45900", "2005-06-30": "7.26000", "2005-03-31": "8.57400"}, "Total Current Assets": {"2020-09-30": "2536.98100", "2020-06-30": "2531.18700", "2020-03-31": "2558.04500", "2019-12-31": "2720.59700", "2019-09-30": "2408.09100", "2019-06-30": "2414.22200", "2019-03-31": "2373.94900", "2018-12-31": "2207.88600", "2018-09-30": "2079.22400", "2018-06-30": "2083.27200", "2018-03-31": "1143.28300", "2017-12-31": "1168.73400", "2017-09-30": "1111.11300", "2017-06-30": "964.35900", "2017-03-31": "962.37200", "2016-12-31": "797.93200", "2016-09-30": "730.32900", "2016-06-30": "697.97100", "2016-03-31": "763.91000", "2015-12-31": "837.00300", "2015-09-30": "868.26100", "2015-06-30": "855.45200", "2015-03-31": "835.42700", "2014-12-31": "836.59700", "2014-09-30": "681.16300", "2014-06-30": "705.79700", "2014-03-31": "722.05300", "2013-12-31": "735.51000", "2013-09-30": "763.30400", "2013-06-30": "669.06100", "2013-03-31": "431.82900", "2012-12-31": "423.43800", "2012-09-30": "361.58600", "2012-06-30": "350.41900", "2012-03-31": "347.61300", "2011-12-31": "360.13900", "2011-09-30": "377.08900", "2011-06-30": "410.72000", "2011-03-31": "437.39500", "2010-12-31": "483.13700", "2010-09-30": "507.55000", "2010-06-30": "536.88500", "2010-03-31": "530.41500", "2009-12-31": "596.12600", "2009-09-30": "619.24700", "2009-06-30": "647.51200", "2009-03-31": "663.69200", "2008-12-31": "518.38400", "2008-09-30": "529.54300", "2008-06-30": "555.18000", "2008-03-31": "352.85100", "2007-12-31": "209.87400", "2007-09-30": "161.38700", "2007-06-30": "210.77700", "2007-03-31": "296.06700", "2006-12-31": "206.20300", "2006-09-30": "136.92300", "2006-06-30": "148.27400", "2006-03-31": "90.73100", "2005-12-31": "105.85800", "2005-09-30": "114.24200", "2005-06-30": "72.36700", "2005-03-31": "96.99100"}, "Property, Plant, And Equipment": {"2020-09-30": "181.51800", "2020-06-30": "172.61800", "2020-03-31": "163.95200", "2019-12-31": "153.65100", "2019-09-30": "148.71700", "2019-06-30": "135.34900", "2019-03-31": "133.51900", "2018-12-31": "132.16000", "2018-09-30": "132.00300", "2018-06-30": "127.94000", "2018-03-31": "123.18800", "2017-12-31": "121.90700", "2017-09-30": "116.62400", "2017-06-30": "99.67700", "2017-03-31": "95.43900", "2016-12-31": "92.84500", "2016-09-30": "90.97000", "2016-06-30": "90.60200", "2016-03-31": "90.36500", "2015-12-31": "90.23300", "2015-09-30": "89.24300", "2015-06-30": "89.69200", "2015-03-31": "89.04700", "2014-12-31": "88.95800", "2014-09-30": "88.06800", "2014-06-30": "86.32100", "2014-03-31": "86.64100", "2013-12-31": "86.19800", "2013-09-30": "87.27300", "2013-06-30": "88.31200", "2013-03-31": "89.69400", "2012-12-31": "91.08400", "2012-09-30": "92.59800", "2012-06-30": "94.00800", "2012-03-31": "95.13200", "2011-12-31": "96.61500", "2011-09-30": "98.01900", "2011-06-30": "88.01000", "2011-03-31": "37.68000", "2010-12-31": "35.70300", "2010-09-30": "35.54900", "2010-06-30": "36.07100", "2010-03-31": "36.17100", "2009-12-31": "27.33800", "2009-09-30": "26.91100", "2009-06-30": "26.63600", "2009-03-31": "24.18300", "2008-12-31": "17.37100", "2008-09-30": "14.01900", "2008-06-30": "10.49400", "2008-03-31": "8.27400", "2007-12-31": "5.96000", "2007-09-30": "6.58300", "2007-06-30": "6.89000", "2007-03-31": "7.04200", "2006-12-31": "7.15700", "2006-09-30": "7.22700", "2006-06-30": "7.56300", "2006-03-31": "8.20800", "2005-12-31": "9.13000", "2005-09-30": "10.18100", "2005-06-30": "22.83700", "2005-03-31": "26.66500"}, "Long-Term Investments": {"2020-09-30": "", "2020-06-30": "", "2020-03-31": "", "2019-12-31": "", "2019-09-30": "", "2019-06-30": "", "2019-03-31": "", "2018-12-31": "", "2018-09-30": "", "2018-06-30": "", "2018-03-31": "", "2017-12-31": "", "2017-09-30": "", "2017-06-30": "", "2017-03-31": "", "2016-12-31": "", "2016-09-30": "", "2016-06-30": "", "2016-03-31": "", "2015-12-31": "", "2015-09-30": "", "2015-06-30": "", "2015-03-31": "", "2014-12-31": "", "2014-09-30": "", "2014-06-30": "", "2014-03-31": "", "2013-12-31": "", "2013-09-30": "", "2013-06-30": "", "2013-03-31": "", "2012-12-31": "", "2012-09-30": "", "2012-06-30": "", "2012-03-31": "", "2011-12-31": "", "2011-09-30": "", "2011-06-30": "", "2011-03-31": "", "2010-12-31": "", "2010-09-30": "", "2010-06-30": "", "2010-03-31": "", "2009-12-31": "", "2009-09-30": "", "2009-06-30": "", "2009-03-31": "", "2008-12-31": "", "2008-09-30": "", "2008-06-30": "", "2008-03-31": "", "2007-12-31": "", "2007-09-30": "", "2007-06-30": "", "2007-03-31": "", "2006-12-31": "", "2006-09-30": "2.12500", "2006-06-30": "2.12500", "2006-03-31": "6.75400", "2005-12-31": "", "2005-09-30": "5.09900", "2005-06-30": "3.29600", "2005-03-31": "3.30400"}, "Goodwill And Intangible Assets": {"2020-09-30": "28.27400", "2020-06-30": "27.70000", "2020-03-31": "26.75000", "2019-12-31": "25.67400", "2019-09-30": "26.98500", "2019-06-30": "26.05600", "2019-03-31": "25.22000", "2018-12-31": "24.03200", "2018-09-30": "24.02700", "2018-06-30": "23.45200", "2018-03-31": "22.91400", "2017-12-31": "22.00400", "2017-09-30": "21.90800", "2017-06-30": "21.36200", "2017-03-31": "21.17500", "2016-12-31": "20.36500", "2016-09-30": "20.92900", "2016-06-30": "21.15200", "2016-03-31": "20.14400", "2015-12-31": "19.31600", "2015-09-30": "20.77400", "2015-06-30": "20.81300", "2015-03-31": "20.13600", "2014-12-31": "17.18600", "2014-09-30": "20.03900", "2014-06-30": "20.36000", "2014-03-31": "20.48400", "2013-12-31": "20.08900", "2013-09-30": "25.85800", "2013-06-30": "25.67700", "2013-03-31": "25.61400", "2012-12-31": "25.22500", "2012-09-30": "25.37100", "2012-06-30": "25.50700", "2012-03-31": "25.49200", "2011-12-31": "25.29500", "2011-09-30": "27.55600", "2011-06-30": "27.57300", "2011-03-31": "27.46900", "2010-12-31": "28.10900", "2010-09-30": "29.10100", "2010-06-30": "29.60600", "2010-03-31": "29.92600", "2009-12-31": "30.45100", "2009-09-30": "30.97900", "2009-06-30": "31.42300", "2009-03-31": "32.89200", "2008-12-31": "33.12100", "2008-09-30": "35.57300", "2008-06-30": "36.49600", "2008-03-31": "36.90600", "2007-12-31": "35.53000", "2007-09-30": "37.28900", "2007-06-30": "37.64300", "2007-03-31": "37.88800", "2006-12-31": "38.27100", "2006-09-30": "39.06000", "2006-06-30": "41.29000", "2006-03-31": "42.06100", "2005-12-31": "42.54300", "2005-09-30": "44.50100", "2005-06-30": "44.80600", "2005-03-31": "45.26600"}, "Other Long-Term Assets": {"2020-09-30": "41.19100", "2020-06-30": "41.46500", "2020-03-31": "32.55200", "2019-12-31": "27.63300", "2019-09-30": "26.19900", "2019-06-30": "25.77800", "2019-03-31": "25.95400", "2018-12-31": "12.91000", "2018-09-30": "12.65900", "2018-06-30": "12.65100", "2018-03-31": "10.17500", "2017-12-31": "10.12900", "2017-09-30": "2.91600", "2017-06-30": "5.43300", "2017-03-31": "5.01000", "2016-12-31": "1.32500", "2016-09-30": "1.35800", "2016-06-30": "1.38400", "2016-03-31": "1.40000", "2015-12-31": "1.34800", "2015-09-30": "9.72700", "2015-06-30": "10.30100", "2015-03-31": "10.82300", "2014-12-31": "13.06800", "2014-09-30": "4.53300", "2014-06-30": "5.29900", "2014-03-31": "5.43800", "2013-12-31": "5.35900", "2013-09-30": "5.48100", "2013-06-30": "5.60100", "2013-03-31": "5.82400", "2012-12-31": "5.93900", "2012-09-30": "6.12600", "2012-06-30": "2.46000", "2012-03-31": "2.57000", "2011-12-31": "2.84500", "2011-09-30": "3.12100", "2011-06-30": "3.26900", "2011-03-31": "3.39800", "2010-12-31": "3.52800", "2010-09-30": "3.65800", "2010-06-30": "3.78900", "2010-03-31": "3.21100", "2009-12-31": "3.26900", "2009-09-30": "3.44100", "2009-06-30": "3.59000", "2009-03-31": "3.73900", "2008-12-31": "3.90000", "2008-09-30": "5.55700", "2008-06-30": "7.22900", "2008-03-31": "7.39300", "2007-12-31": "7.49400", "2007-09-30": "7.74400", "2007-06-30": "7.94500", "2007-03-31": "8.90700", "2006-12-31": "4.27600", "2006-09-30": "2.43300", "2006-06-30": "2.66700", "2006-03-31": "2.88300", "2005-12-31": "8.84200", "2005-09-30": "3.35900", "2005-06-30": "3.22000", "2005-03-31": "3.42200"}, "Total Long-Term Assets": {"2020-09-30": "558.72000", "2020-06-30": "547.76300", "2020-03-31": "532.86800", "2019-12-31": "512.51500", "2019-09-30": "486.89800", "2019-06-30": "463.54300", "2019-03-31": "461.94000", "2018-12-31": "459.89800", "2018-09-30": "168.68900", "2018-06-30": "164.04300", "2018-03-31": "156.27700", "2017-12-31": "154.04000", "2017-09-30": "141.44800", "2017-06-30": "126.47200", "2017-03-31": "121.62400", "2016-12-31": "114.53500", "2016-09-30": "113.25700", "2016-06-30": "113.13800", "2016-03-31": "111.90900", "2015-12-31": "110.89700", "2015-09-30": "119.74400", "2015-06-30": "120.80600", "2015-03-31": "120.00600", "2014-12-31": "119.21200", "2014-09-30": "112.64000", "2014-06-30": "111.98000", "2014-03-31": "112.56300", "2013-12-31": "111.64600", "2013-09-30": "118.61200", "2013-06-30": "119.59000", "2013-03-31": "121.13200", "2012-12-31": "122.24800", "2012-09-30": "124.09500", "2012-06-30": "121.97500", "2012-03-31": "123.19400", "2011-12-31": "124.75500", "2011-09-30": "128.69600", "2011-06-30": "118.85200", "2011-03-31": "68.54700", "2010-12-31": "67.34000", "2010-09-30": "68.30800", "2010-06-30": "69.46600", "2010-03-31": "69.30800", "2009-12-31": "61.05800", "2009-09-30": "61.33100", "2009-06-30": "61.64900", "2009-03-31": "60.81400", "2008-12-31": "54.39200", "2008-09-30": "55.14900", "2008-06-30": "54.21900", "2008-03-31": "52.57300", "2007-12-31": "48.98400", "2007-09-30": "51.61600", "2007-06-30": "52.47800", "2007-03-31": "53.83700", "2006-12-31": "49.70400", "2006-09-30": "50.84500", "2006-06-30": "53.64500", "2006-03-31": "59.90600", "2005-12-31": "60.51500", "2005-09-30": "63.14000", "2005-06-30": "74.15900", "2005-03-31": "78.65700"}, "Total Assets": {"2020-09-30": "3095.70100", "2020-06-30": "3078.95000", "2020-03-31": "3090.91300", "2019-12-31": "3233.11200", "2019-09-30": "2894.98900", "2019-06-30": "2877.76500", "2019-03-31": "2835.88900", "2018-12-31": "2667.78400", "2018-09-30": "2247.91300", "2018-06-30": "2247.31500", "2018-03-31": "1299.56000", "2017-12-31": "1322.77400", "2017-09-30": "1252.56100", "2017-06-30": "1090.83100", "2017-03-31": "1083.99600", "2016-12-31": "912.46700", "2016-09-30": "843.58600", "2016-06-30": "811.10900", "2016-03-31": "875.81900", "2015-12-31": "947.90000", "2015-09-30": "988.00500", "2015-06-30": "976.25800", "2015-03-31": "955.43300", "2014-12-31": "955.80900", "2014-09-30": "793.80300", "2014-06-30": "817.77700", "2014-03-31": "834.61600", "2013-12-31": "847.15600", "2013-09-30": "881.91600", "2013-06-30": "788.65100", "2013-03-31": "552.96100", "2012-12-31": "545.68600", "2012-09-30": "485.68100", "2012-06-30": "472.39400", "2012-03-31": "470.80700", "2011-12-31": "484.89400", "2011-09-30": "505.78500", "2011-06-30": "529.57200", "2011-03-31": "505.94200", "2010-12-31": "550.47700", "2010-09-30": "575.85800", "2010-06-30": "606.35100", "2010-03-31": "599.72300", "2009-12-31": "657.18400", "2009-09-30": "680.57800", "2009-06-30": "709.16100", "2009-03-31": "724.50600", "2008-12-31": "572.77600", "2008-09-30": "584.69200", "2008-06-30": "609.39900", "2008-03-31": "405.42400", "2007-12-31": "258.85800", "2007-09-30": "213.00300", "2007-06-30": "263.25500", "2007-03-31": "349.90400", "2006-12-31": "255.90700", "2006-09-30": "187.76800", "2006-06-30": "201.91900", "2006-03-31": "150.63700", "2005-12-31": "166.37300", "2005-09-30": "177.38200", "2005-06-30": "146.52600", "2005-03-31": "175.64800"}, "Total Current Liabilities": {"2020-09-30": "244.57100", "2020-06-30": "231.34100", "2020-03-31": "258.02500", "2019-12-31": "273.00500", "2019-09-30": "231.77700", "2019-06-30": "241.21300", "2019-03-31": "252.47300", "2018-12-31": "280.29400", "2018-09-30": "260.23800", "2018-06-30": "248.61900", "2018-03-31": "212.64300", "2017-12-31": "243.61200", "2017-09-30": "177.64700", "2017-06-30": "191.76000", "2017-03-31": "170.58000", "2016-12-31": "133.78400", "2016-09-30": "106.89200", "2016-06-30": "111.08100", "2016-03-31": "124.49500", "2015-12-31": "148.87600", "2015-09-30": "122.19800", "2015-06-30": "102.13200", "2015-03-31": "100.28800", "2014-12-31": "115.33200", "2014-09-30": "107.32500", "2014-06-30": "100.81600", "2014-03-31": "100.83600", "2013-12-31": "97.81200", "2013-09-30": "103.27800", "2013-06-30": "86.99500", "2013-03-31": "70.29500", "2012-12-31": "74.32200", "2012-09-30": "51.60100", "2012-06-30": "55.06300", "2012-03-31": "61.70700", "2011-12-31": "76.11200", "2011-09-30": "83.54200", "2011-06-30": "91.98000", "2011-03-31": "94.39900", "2010-12-31": "105.89000", "2010-09-30": "100.91600", "2010-06-30": "105.21400", "2010-03-31": "92.09500", "2009-12-31": "111.44400", "2009-09-30": "114.71900", "2009-06-30": "127.86100", "2009-03-31": "136.46000", "2008-12-31": "124.69900", "2008-09-30": "117.68300", "2008-06-30": "127.11100", "2008-03-31": "80.26000", "2007-12-31": "62.20500", "2007-09-30": "29.96600", "2007-06-30": "25.17800", "2007-03-31": "101.94100", "2006-12-31": "25.13900", "2006-09-30": "19.43600", "2006-06-30": "20.28100", "2006-03-31": "20.84500", "2005-12-31": "23.79300", "2005-09-30": "23.90500", "2005-06-30": "26.05300", "2005-03-31": "36.06200"}, "Long Term Debt": {"2020-09-30": "814.81500", "2020-06-30": "804.23800", "2020-03-31": "794.63500", "2019-12-31": "785.50000", "2019-09-30": "656.25100", "2019-06-30": "662.76600", "2019-03-31": "653.58000", "2018-12-31": "632.97100", "2018-09-30": "624.14700", "2018-06-30": "624.67400", "2018-03-31": "614.37000", "2017-12-31": "605.85600", "2017-09-30": "597.59000", "2017-06-30": "531.63400", "2017-03-31": "523.45400", "2016-12-31": "515.56100", "2016-09-30": "422.90200", "2016-06-30": "404.09300", "2016-03-31": "397.82700", "2015-12-31": "523.67600", "2015-09-30": "399.20200", "2015-06-30": "393.71000", "2015-03-31": "388.36300", "2014-12-31": "383.16900", "2014-09-30": "159.47600", "2014-06-30": "158.21000", "2014-03-31": "157.52800", "2013-12-31": "156.87600", "2013-09-30": "155.08900", "2013-06-30": "154.48100", "2013-03-31": "152.03100", "2012-12-31": "151.39200", "2012-09-30": "150.90400", "2012-06-30": "155.53400", "2012-03-31": "147.32000", "2011-12-31": "145.57300", "2011-09-30": "143.96300", "2011-06-30": "142.53800", "2011-03-31": "139.90200", "2010-12-31": "138.61500", "2010-09-30": "135.18600", "2010-06-30": "134.52700", "2010-03-31": "131.46000", "2009-12-31": "136.57800", "2009-09-30": "135.79700", "2009-06-30": "132.10700", "2009-03-31": "131.08300", "2008-12-31": "127.93100", "2008-09-30": "167.97800", "2008-06-30": "167.91500", "2008-03-31": "162.89100", "2007-12-31": "162.86200", "2007-09-30": "164.72200", "2007-06-30": "166.55300", "2007-03-31": "168.38900", "2006-12-31": "132.82200", "2006-09-30": "134.73600", "2006-06-30": "136.17300", "2006-03-31": "137.94200", "2005-12-31": "139.91500", "2005-09-30": "141.84500", "2005-06-30": "244.43200", "2005-03-31": "243.35800"}, "Other Non-Current Liabilities": {"2020-09-30": "", "2020-06-30": "", "2020-03-31": "", "2019-12-31": "", "2019-09-30": "16.01600", "2019-06-30": "", "2019-03-31": "", "2018-12-31": "", "2018-09-30": "", "2018-06-30": "", "2018-03-31": "", "2017-12-31": "", "2017-09-30": "", "2017-06-30": "51.02300", "2017-03-31": "72.39700", "2016-12-31": "72.35900", "2016-09-30": "72.32200", "2016-06-30": "72.28600", "2016-03-31": "72.25100", "2015-12-31": "72.21700", "2015-09-30": "72.09100", "2015-06-30": "71.96800", "2015-03-31": "71.84800", "2014-12-31": "71.73100", "2014-09-30": "71.61600", "2014-06-30": "71.50400", "2014-03-31": "71.39500", "2013-12-31": "71.28800", "2013-09-30": "71.09700", "2013-06-30": "70.91000", "2013-03-31": "70.72800", "2012-12-31": "70.55000", "2012-09-30": "75.93800", "2012-06-30": "75.76800", "2012-03-31": "75.43900", "2011-12-31": "74.30100", "2011-09-30": "72.04000", "2011-06-30": "61.48100", "2011-03-31": "11.87300", "2010-12-31": "11.01700", "2010-09-30": "15.14700", "2010-06-30": "14.21700", "2010-03-31": "10.27400", "2009-12-31": "", "2009-09-30": "", "2009-06-30": "", "2009-03-31": "", "2008-12-31": "", "2008-09-30": "", "2008-06-30": "", "2008-03-31": "", "2007-12-31": "", "2007-09-30": "", "2007-06-30": "", "2007-03-31": "", "2006-12-31": "", "2006-09-30": "", "2006-06-30": "", "2006-03-31": "", "2005-12-31": "", "2005-09-30": "7.50000", "2005-06-30": "", "2005-03-31": ""}, "Total Long Term Liabilities": {"2020-09-30": "1244.74600", "2020-06-30": "1252.81400", "2020-03-31": "1262.47700", "2019-12-31": "1275.56000", "2019-09-30": "1165.24600", "2019-06-30": "1179.35000", "2019-03-31": "1195.99600", "2018-12-31": "1200.33000", "2018-09-30": "1147.53100", "2018-06-30": "1181.26000", "2018-03-31": "699.81600", "2017-12-31": "713.88200", "2017-09-30": "677.24600", "2017-06-30": "683.50000", "2017-03-31": "711.61000", "2016-12-31": "679.11800", "2016-09-30": "597.05510", "2016-06-30": "588.81500", "2016-03-31": "593.16200", "2015-12-31": "598.23400", "2015-09-30": "620.39300", "2015-06-30": "573.80600", "2015-03-31": "579.29400", "2014-12-31": "582.69700", "2014-09-30": "341.70600", "2014-06-30": "350.10100", "2014-03-31": "359.67800", "2013-12-31": "370.95400", "2013-09-30": "377.19200", "2013-06-30": "300.57500", "2013-03-31": "281.57500", "2012-12-31": "288.59800", "2012-09-30": "263.80300", "2012-06-30": "263.01700", "2012-03-31": "258.22800", "2011-12-31": "237.34800", "2011-09-30": "235.41800", "2011-06-30": "225.37500", "2011-03-31": "183.84000", "2010-12-31": "200.04500", "2010-09-30": "221.23300", "2010-06-30": "238.90800", "2010-03-31": "223.19100", "2009-12-31": "243.67500", "2009-09-30": "261.03400", "2009-06-30": "275.48300", "2009-03-31": "285.37600", "2008-12-31": "300.69700", "2008-09-30": "398.93100", "2008-06-30": "423.26500", "2008-03-31": "270.54300", "2007-12-31": "195.78100", "2007-09-30": "182.80500", "2007-06-30": "190.79300", "2007-03-31": "191.06500", "2006-12-31": "162.20500", "2006-09-30": "166.75500", "2006-06-30": "174.92500", "2006-03-31": "137.94200", "2005-12-31": "139.91500", "2005-09-30": "149.43700", "2005-06-30": "244.66200", "2005-03-31": "243.73600"}, "Total Liabilities": {"2020-09-30": "1489.31700", "2020-06-30": "1484.15500", "2020-03-31": "1520.50200", "2019-12-31": "1548.56500", "2019-09-30": "1397.02300", "2019-06-30": "1420.56300", "2019-03-31": "1448.46900", "2018-12-31": "1480.62400", "2018-09-30": "1407.76900", "2018-06-30": "1429.87900", "2018-03-31": "912.45900", "2017-12-31": "957.49400", "2017-09-30": "854.89300", "2017-06-30": "875.26000", "2017-03-31": "882.19000", "2016-12-31": "812.90200", "2016-09-30": "703.94700", "2016-06-30": "699.89600", "2016-03-31": "717.65700", "2015-12-31": "747.11000", "2015-09-30": "742.59100", "2015-06-30": "675.93800", "2015-03-31": "679.58200", "2014-12-31": "698.02900", "2014-09-30": "449.03100", "2014-06-30": "450.91700", "2014-03-31": "460.51400", "2013-12-31": "468.76600", "2013-09-30": "480.47000", "2013-06-30": "387.57000", "2013-03-31": "351.87000", "2012-12-31": "362.92000", "2012-09-30": "315.40400", "2012-06-30": "318.08000", "2012-03-31": "319.93500", "2011-12-31": "313.46000", "2011-09-30": "318.96000", "2011-06-30": "317.35500", "2011-03-31": "278.23900", "2010-12-31": "305.93500", "2010-09-30": "322.14900", "2010-06-30": "344.12200", "2010-03-31": "315.28600", "2009-12-31": "355.11900", "2009-09-30": "375.75300", "2009-06-30": "403.34400", "2009-03-31": "421.83600", "2008-12-31": "425.39600", "2008-09-30": "516.61400", "2008-06-30": "550.37600", "2008-03-31": "350.80300", "2007-12-31": "257.98600", "2007-09-30": "212.77100", "2007-06-30": "215.97100", "2007-03-31": "293.00600", "2006-12-31": "187.34400", "2006-09-30": "186.19100", "2006-06-30": "195.20600", "2006-03-31": "158.78700", "2005-12-31": "163.70800", "2005-09-30": "173.34200", "2005-06-30": "270.71500", "2005-03-31": "279.79800"}, "Common Stock Net": {"2020-09-30": "0.14000", "2020-06-30": "0.13900", "2020-03-31": "0.13900", "2019-12-31": "0.14000", "2019-09-30": "0.14100", "2019-06-30": "0.14000", "2019-03-31": "0.14000", "2018-12-31": "0.13800", "2018-09-30": "0.13800", "2018-06-30": "0.13700", "2018-03-31": "0.12500", "2017-12-31": "0.12500", "2017-09-30": "0.12500", "2017-06-30": "0.12400", "2017-03-31": "0.12400", "2016-12-31": "0.12200", "2016-09-30": "0.12100", "2016-06-30": "0.12100", "2016-03-31": "0.12100", "2015-12-31": "0.12000", "2015-09-30": "0.12000", "2015-06-30": "0.12000", "2015-03-31": "0.12000", "2014-12-31": "0.11800", "2014-09-30": "0.11800", "2014-06-30": "0.11800", "2014-03-31": "0.11800", "2013-12-31": "0.11600", "2013-09-30": "0.11600", "2013-06-30": "0.11400", "2013-03-31": "0.10300", "2012-12-31": "0.10200", "2012-09-30": "0.10200", "2012-06-30": "0.10000", "2012-03-31": "0.10000", "2011-12-31": "0.10000", "2011-09-30": "0.10000", "2011-06-30": "0.10000", "2011-03-31": "0.10000", "2010-12-31": "0.09900", "2010-09-30": "0.09900", "2010-06-30": "0.09900", "2010-03-31": "0.09900", "2009-12-31": "0.09900", "2009-09-30": "0.09800", "2009-06-30": "0.09800", "2009-03-31": "0.09800", "2008-12-31": "0.09700", "2008-09-30": "0.09600", "2008-06-30": "0.09500", "2008-03-31": "0.09300", "2007-12-31": "0.08700", "2007-09-30": "0.08700", "2007-06-30": "0.08200", "2007-03-31": "0.08200", "2006-12-31": "0.08200", "2006-09-30": "0.07400", "2006-06-30": "0.07300", "2006-03-31": "0.07300", "2005-12-31": "0.07200", "2005-09-30": "0.07200", "2005-06-30": "0.05800", "2005-03-31": "0.05800"}, "Retained Earnings (Accumulated Deficit)": {"2020-09-30": "-909.09800", "2020-06-30": "-878.15400", "2020-03-31": "-846.30900", "2019-12-31": "-707.53400", "2019-09-30": "-857.56300", "2019-06-30": "-883.72600", "2019-03-31": "-882.85000", "2018-12-31": "-967.29300", "2018-09-30": "-1287.36900", "2018-06-30": "-1282.80900", "2018-03-31": "-1242.45400", "2017-12-31": "-1241.03400", "2017-09-30": "-1190.14400", "2017-06-30": "-1189.16700", "2017-03-31": "-1177.96000", "2016-12-31": "-1181.42800", "2016-09-30": "-1207.29300", "2016-06-30": "-1214.64400", "2016-03-31": "-1157.78900", "2015-12-31": "-1094.87200", "2015-09-30": "-1023.43900", "2015-06-30": "-987.66300", "2015-03-31": "-1023.31100", "2014-12-31": "-1006.59400", "2014-09-30": "-1037.64700", "2014-06-30": "-1010.97100", "2014-03-31": "-998.89000", "2013-12-31": "-967.61000", "2013-09-30": "-943.33400", "2013-06-30": "-918.76400", "2013-03-31": "-908.63800", "2012-12-31": "-906.96600", "2012-09-30": "-904.32900", "2012-06-30": "-866.69000", "2012-03-31": "-865.48300", "2011-12-31": "-841.48800", "2011-09-30": "-821.45200", "2011-06-30": "-794.57000", "2011-03-31": "-776.68100", "2010-12-31": "-756.68700", "2010-09-30": "-742.70100", "2010-06-30": "-730.24700", "2010-03-31": "-705.09400", "2009-12-31": "-696.15000", "2009-09-30": "-689.19200", "2009-06-30": "-682.26800", "2009-03-31": "-679.37300", "2008-12-31": "-851.21600", "2008-09-30": "-831.05000", "2008-06-30": "-834.23700", "2008-03-31": "-832.02900", "2007-12-31": "-827.74500", "2007-09-30": "-820.78800", "2007-06-30": "-840.79500", "2007-03-31": "-829.77100", "2006-12-31": "-816.75100", "2006-09-30": "-802.60500", "2006-06-30": "-790.50000", "2006-03-31": "-788.32800", "2005-12-31": "-770.84800", "2005-09-30": "-762.93500", "2005-06-30": "-747.76400", "2005-03-31": "-728.10500"}, "Comprehensive Income": {"2020-09-30": "-19.57200", "2020-06-30": "-16.44000", "2020-03-31": "-27.23500", "2019-12-31": "-25.29000", "2019-09-30": "-25.37500", "2019-06-30": "-24.25200", "2019-03-31": "-27.60800", "2018-12-31": "-32.01600", "2018-09-30": "-32.53200", "2018-06-30": "-32.63400", "2018-03-31": "-33.23400", "2017-12-31": "-31.75900", "2017-09-30": "-30.19900", "2017-06-30": "-30.37200", "2017-03-31": "-30.46000", "2016-12-31": "-30.35800", "2016-09-30": "-26.49800", "2016-06-30": "-26.85300", "2016-03-31": "-16.11500", "2015-12-31": "-13.56500", "2015-09-30": "-17.95700", "2015-06-30": "18.41100", "2015-03-31": "47.11400", "2014-12-31": "39.74700", "2014-09-30": "16.89400", "2014-06-30": "24.71900", "2014-03-31": "29.00000", "2013-12-31": "21.08000", "2013-09-30": "29.02100", "2013-06-30": "26.98600", "2013-03-31": "17.78400", "2012-12-31": "12.48000", "2012-09-30": "0.84600", "2012-06-30": "0.96800", "2012-03-31": "-0.24200", "2011-12-31": "-0.77000", "2011-09-30": "-1.15300", "2011-06-30": "0.39900", "2011-03-31": "0.68900", "2010-12-31": "0.94900", "2010-09-30": "1.16200", "2010-06-30": "0.94100", "2010-03-31": "1.37900", "2009-12-31": "2.15300", "2009-09-30": "3.67800", "2009-06-30": "2.32400", "2009-03-31": "0.47300", "2008-12-31": "0.98200", "2008-09-30": "-1.27100", "2008-06-30": "2.73000", "2008-03-31": "2.12300", "2007-12-31": "0.53800", "2007-09-30": "0.51100", "2007-06-30": "0.41800", "2007-03-31": "2.08100", "2006-12-31": "4.27800", "2006-09-30": "2.04500", "2006-06-30": "2.11400", "2006-03-31": "5.73900", "2005-12-31": "3.17800", "2005-09-30": "2.34900", "2005-06-30": "0.14100", "2005-03-31": "0.54400"}, "Other Share Holders Equity": {"2020-09-30": "", "2020-06-30": "", "2020-03-31": "", "2019-12-31": "", "2019-09-30": "", "2019-06-30": "", "2019-03-31": "", "2018-12-31": "", "2018-09-30": "", "2018-06-30": "", "2018-03-31": "", "2017-12-31": "", "2017-09-30": "", "2017-06-30": "", "2017-03-31": "", "2016-12-31": "", "2016-09-30": "", "2016-06-30": "", "2016-03-31": "", "2015-12-31": "", "2015-09-30": "", "2015-06-30": "", "2015-03-31": "", "2014-12-31": "", "2014-09-30": "", "2014-06-30": "", "2014-03-31": "", "2013-12-31": "", "2013-09-30": "", "2013-06-30": "", "2013-03-31": "", "2012-12-31": "", "2012-09-30": "", "2012-06-30": "", "2012-03-31": "", "2011-12-31": "", "2011-09-30": "", "2011-06-30": "", "2011-03-31": "", "2010-12-31": "", "2010-09-30": "", "2010-06-30": "", "2010-03-31": "", "2009-12-31": "", "2009-09-30": "", "2009-06-30": "", "2009-03-31": "", "2008-12-31": "", "2008-09-30": "", "2008-06-30": "", "2008-03-31": "", "2007-12-31": "", "2007-09-30": "", "2007-06-30": "", "2007-03-31": "", "2006-12-31": "", "2006-09-30": "", "2006-06-30": "", "2006-03-31": "", "2005-12-31": "", "2005-09-30": "", "2005-06-30": "", "2005-03-31": ""}, "Share Holder Equity": {"2020-09-30": "1606.38400", "2020-06-30": "1594.79500", "2020-03-31": "1570.41100", "2019-12-31": "1684.54700", "2019-09-30": "1497.96600", "2019-06-30": "1457.20200", "2019-03-31": "1387.42000", "2018-12-31": "1187.16000", "2018-09-30": "840.14400", "2018-06-30": "817.43600", "2018-03-31": "387.10100", "2017-12-31": "365.28000", "2017-09-30": "397.66800", "2017-06-30": "215.57100", "2017-03-31": "201.80600", "2016-12-31": "99.56500", "2016-09-30": "139.63900", "2016-06-30": "111.21300", "2016-03-31": "158.16200", "2015-12-31": "200.79000", "2015-09-30": "245.41400", "2015-06-30": "300.32000", "2015-03-31": "275.85100", "2014-12-31": "257.78000", "2014-09-30": "344.77200", "2014-06-30": "366.86000", "2014-03-31": "374.10200", "2013-12-31": "378.39000", "2013-09-30": "401.44600", "2013-06-30": "401.08100", "2013-03-31": "201.09100", "2012-12-31": "182.76600", "2012-09-30": "170.27700", "2012-06-30": "154.31400", "2012-03-31": "150.87200", "2011-12-31": "171.43400", "2011-09-30": "186.82500", "2011-06-30": "212.21700", "2011-03-31": "227.70300", "2010-12-31": "244.54200", "2010-09-30": "253.70900", "2010-06-30": "262.22900", "2010-03-31": "284.43700", "2009-12-31": "302.06500", "2009-09-30": "304.82500", "2009-06-30": "305.81700", "2009-03-31": "302.67000", "2008-12-31": "147.38000", "2008-09-30": "68.07800", "2008-06-30": "59.02300", "2008-03-31": "54.62100", "2007-12-31": "0.87200", "2007-09-30": "0.23200", "2007-06-30": "47.28400", "2007-03-31": "56.89800", "2006-12-31": "68.56300", "2006-09-30": "1.57700", "2006-06-30": "6.71300", "2006-03-31": "-8.15000", "2005-12-31": "2.66500", "2005-09-30": "4.04000", "2005-06-30": "-124.18900", "2005-03-31": "-104.15000"}, "Total Liabilities And Share Holders Equity": {"2020-09-30": "3095.70100", "2020-06-30": "3078.95000", "2020-03-31": "3090.91300", "2019-12-31": "3233.11200", "2019-09-30": "2894.98900", "2019-06-30": "2877.76500", "2019-03-31": "2835.88900", "2018-12-31": "2667.78400", "2018-09-30": "2247.91300", "2018-06-30": "2247.31500", "2018-03-31": "1299.56000", "2017-12-31": "1322.77400", "2017-09-30": "1252.56100", "2017-06-30": "1090.83100", "2017-03-31": "1083.99600", "2016-12-31": "912.46700", "2016-09-30": "843.58600", "2016-06-30": "811.10900", "2016-03-31": "875.81900", "2015-12-31": "947.90000", "2015-09-30": "988.00500", "2015-06-30": "976.25800", "2015-03-31": "955.43300", "2014-12-31": "955.80900", "2014-09-30": "793.80300", "2014-06-30": "817.77700", "2014-03-31": "834.61600", "2013-12-31": "847.15600", "2013-09-30": "881.91600", "2013-06-30": "788.65100", "2013-03-31": "552.96100", "2012-12-31": "545.68600", "2012-09-30": "485.68100", "2012-06-30": "472.39400", "2012-03-31": "470.80700", "2011-12-31": "484.89400", "2011-09-30": "505.78500", "2011-06-30": "529.57200", "2011-03-31": "505.94200", "2010-12-31": "550.47700", "2010-09-30": "575.85800", "2010-06-30": "606.35100", "2010-03-31": "599.72300", "2009-12-31": "657.18400", "2009-09-30": "680.57800", "2009-06-30": "709.16100", "2009-03-31": "724.50600", "2008-12-31": "572.77600", "2008-09-30": "584.69200", "2008-06-30": "609.39900", "2008-03-31": "405.42400", "2007-12-31": "258.85800", "2007-09-30": "213.00300", "2007-06-30": "263.25500", "2007-03-31": "349.90400", "2006-12-31": "255.90700", "2006-09-30": "187.76800", "2006-06-30": "201.91900", "2006-03-31": "150.63700", "2005-12-31": "166.37300", "2005-09-30": "177.38200", "2005-06-30": "146.52600", "2005-03-31": "175.64800"}}, "cash flow statement": {"Net Income/Loss": {"2019-12-31": "303.26200", "2018-12-31": "214.98500", "2017-12-31": "-10.78300", "2016-12-31": "-60.40000", "2015-12-31": "-88.27800", "2014-12-31": "-38.98400", "2013-12-31": "-60.64400", "2012-12-31": "-65.47800", "2011-12-31": "-84.80100", "2010-12-31": "-61.25100", "2009-12-31": "150.67200", "2008-12-31": "-22.90600", "2007-12-31": "-40.07900", "2006-12-31": "-45.90300", "2005-12-31": "-72.40100"}, "Total Depreciation And Amortization - Cash Flow": {"2019-12-31": "47.78900", "2018-12-31": "46.68800", "2017-12-31": "51.29600", "2016-12-31": "47.65400", "2015-12-31": "47.92300", "2014-12-31": "33.07000", "2013-12-31": "28.68000", "2012-12-31": "30.50700", "2011-12-31": "29.12600", "2010-12-31": "22.55400", "2009-12-31": "18.94300", "2008-12-31": "13.59800", "2007-12-31": "12.06400", "2006-12-31": "7.81900", "2005-12-31": "10.98800"}, "Other Non-Cash Items": {"2019-12-31": "163.37700", "2018-12-31": "-158.19200", "2017-12-31": "96.59200", "2016-12-31": "78.38800", "2015-12-31": "40.98400", "2014-12-31": "7.14000", "2013-12-31": "9.43200", "2012-12-31": "-13.36000", "2011-12-31": "11.14100", "2010-12-31": "16.54000", "2009-12-31": "-173.93800", "2008-12-31": "10.47600", "2007-12-31": "10.50800", "2006-12-31": "-17.12700", "2005-12-31": "9.90300"}, "Total Non-Cash Items": {"2019-12-31": "211.16600", "2018-12-31": "-111.50400", "2017-12-31": "147.88800", "2016-12-31": "126.04200", "2015-12-31": "88.90700", "2014-12-31": "40.21000", "2013-12-31": "38.11200", "2012-12-31": "17.14700", "2011-12-31": "40.26700", "2010-12-31": "39.09400", "2009-12-31": "-154.99500", "2008-12-31": "24.07400", "2007-12-31": "22.57200", "2006-12-31": "-9.30800", "2005-12-31": "20.89100"}, "Change In Accounts Receivable": {"2019-12-31": "-47.67400", "2018-12-31": "47.59500", "2017-12-31": "45.08800", "2016-12-31": "-96.68700", "2015-12-31": "-7.45300", "2014-12-31": "7.19900", "2013-12-31": "-10.58000", "2012-12-31": "6.39900", "2011-12-31": "-5.67900", "2010-12-31": "10.47900", "2009-12-31": "-6.77800", "2008-12-31": "1.23800", "2007-12-31": "-3.78200", "2006-12-31": "1.52300", "2005-12-31": "5.38000"}, "Change In Inventories": {"2019-12-31": "-5.41100", "2018-12-31": "1.40000", "2017-12-31": "-2.49300", "2016-12-31": "-0.59000", "2015-12-31": "-0.60900", "2014-12-31": "1.74300", "2013-12-31": "-1.91200", "2012-12-31": "-1.98200", "2011-12-31": "-1.65500", "2010-12-31": "0.28400", "2009-12-31": "-0.01700", "2008-12-31": "-1.32300", "2007-12-31": "-1.95600", "2006-12-31": "0.09000", "2005-12-31": "1.77100"}, "Change In Accounts Payable": {"2019-12-31": "-16.34300", "2018-12-31": "-0.65500", "2017-12-31": "1.78400", "2016-12-31": "-10.67700", "2015-12-31": "9.21100", "2014-12-31": "4.82400", "2013-12-31": "0.06600", "2012-12-31": "1.29200", "2011-12-31": "0.87500", "2010-12-31": "1.32500", "2009-12-31": "-3.65200", "2008-12-31": "0.96200", "2007-12-31": "-0.79400", "2006-12-31": "1.21400", "2005-12-31": "-4.87200"}, "Change In Assets/Liabilities": {"2019-12-31": "-163.94200", "2018-12-31": "464.90600", "2017-12-31": "-28.18500", "2016-12-31": "-83.70300", "2015-12-31": "17.72400", "2014-12-31": "-13.16500", "2013-12-31": "87.47000", "2012-12-31": "49.05700", "2011-12-31": "-69.56100", "2010-12-31": "-47.75300", "2009-12-31": "-83.60500", "2008-12-31": "208.31800", "2007-12-31": "55.17100", "2006-12-31": "-1.22200", "2005-12-31": "-12.45000"}, "Total Change In Assets/Liabilities": {"2019-12-31": "-168.70800", "2018-12-31": "499.40700", "2017-12-31": "37.04400", "2016-12-31": "-177.74700", "2015-12-31": "20.49600", "2014-12-31": "5.05900", "2013-12-31": "86.02500", "2012-12-31": "50.20700", "2011-12-31": "-67.39500", "2010-12-31": "-41.43600", "2009-12-31": "-104.11800", "2008-12-31": "210.86300", "2007-12-31": "53.60100", "2006-12-31": "1.98600", "2005-12-31": "-9.53400"}, "Cash Flow From Operating Activities": {"2019-12-31": "345.72000", "2018-12-31": "602.88800", "2017-12-31": "174.14900", "2016-12-31": "-112.10500", "2015-12-31": "21.12500", "2014-12-31": "6.28500", "2013-12-31": "63.49300", "2012-12-31": "1.87600", "2011-12-31": "-111.92900", "2010-12-31": "-63.59300", "2009-12-31": "-108.44100", "2008-12-31": "212.03100", "2007-12-31": "36.09400", "2006-12-31": "-53.22500", "2005-12-31": "-61.04400"}, "Net Change In Property, Plant, And Equipment": {"2019-12-31": "-30.90500", "2018-12-31": "-13.60800", "2017-12-31": "-34.76400", "2016-12-31": "-7.10700", "2015-12-31": "-7.69200", "2014-12-31": "-7.51800", "2013-12-31": "-1.55200", "2012-12-31": "-1.47900", "2011-12-31": "-10.20300", "2010-12-31": "-13.05200", "2009-12-31": "-13.41400", "2008-12-31": "-13.66500", "2007-12-31": "-2.29300", "2006-12-31": "-1.04200", "2005-12-31": "13.59800"}, "Net Change In Intangible Assets": {"2019-12-31": "-5.37700", "2018-12-31": "-4.04400", "2017-12-31": "-3.09300", "2016-12-31": "-4.42100", "2015-12-31": "-4.05600", "2014-12-31": "-3.58600", "2013-12-31": "-3.81000", "2012-12-31": "-3.69100", "2011-12-31": "-3.66700", "2010-12-31": "-4.31900", "2009-12-31": "-2.88000", "2008-12-31": "-3.40200", "2007-12-31": "-2.71700", "2006-12-31": "-1.51400", "2005-12-31": "-2.45100"}, "Net Acquisitions/Divestitures": {"2019-12-31": "", "2018-12-31": "", "2017-12-31": "", "2016-12-31": "", "2015-12-31": "", "2014-12-31": "", "2013-12-31": "", "2012-12-31": "", "2011-12-31": "", "2010-12-31": "10.14700", "2009-12-31": "", "2008-12-31": "", "2007-12-31": "-80.40000", "2006-12-31": "", "2005-12-31": ""}, "Net Change In Short-term Investments": {"2019-12-31": "5.00800", "2018-12-31": "-911.91100", "2017-12-31": "-320.44100", "2016-12-31": "63.66000", "2015-12-31": "-73.88300", "2014-12-31": "-97.15600", "2013-12-31": "-252.79200", "2012-12-31": "24.78200", "2011-12-31": "117.81000", "2010-12-31": "47.39600", "2009-12-31": "-197.49500", "2008-12-31": "-217.17800", "2007-12-31": "24.58500", "2006-12-31": "-34.45000", "2005-12-31": "32.64800"}, "Net Change In Long-Term Investments": {"2019-12-31": "-10.00000", "2018-12-31": "", "2017-12-31": "0.00700", "2016-12-31": "4.46700", "2015-12-31": "25.57900", "2014-12-31": "25.41200", "2013-12-31": "2.42800", "2012-12-31": "-1.61300", "2011-12-31": "4.08600", "2010-12-31": "-0.25000", "2009-12-31": "1.49900", "2008-12-31": "", "2007-12-31": "5.18100", "2006-12-31": "4.39700", "2005-12-31": "3.28300"}, "Net Change In Investments - Total": {"2019-12-31": "-4.99200", "2018-12-31": "-911.91100", "2017-12-31": "-320.43400", "2016-12-31": "68.12700", "2015-12-31": "-48.30400", "2014-12-31": "-71.74400", "2013-12-31": "-250.36400", "2012-12-31": "23.16900", "2011-12-31": "121.89600", "2010-12-31": "47.14600", "2009-12-31": "-195.99600", "2008-12-31": "-217.17800", "2007-12-31": "29.76600", "2006-12-31": "-30.05300", "2005-12-31": "35.93100"}, "Investing Activities - Other": {"2019-12-31": "", "2018-12-31": "", "2017-12-31": "", "2016-12-31": "", "2015-12-31": "", "2014-12-31": "", "2013-12-31": "", "2012-12-31": "", "2011-12-31": "", "2010-12-31": "-16.22800", "2009-12-31": "", "2008-12-31": "", "2007-12-31": "", "2006-12-31": "", "2005-12-31": ""}, "Cash Flow From Investing Activities": {"2019-12-31": "-41.27400", "2018-12-31": "-929.56300", "2017-12-31": "-358.29100", "2016-12-31": "56.59900", "2015-12-31": "-60.05200", "2014-12-31": "-82.84800", "2013-12-31": "-255.72600", "2012-12-31": "17.99900", "2011-12-31": "108.02600", "2010-12-31": "23.69400", "2009-12-31": "-212.29000", "2008-12-31": "-234.24500", "2007-12-31": "-55.64400", "2006-12-31": "-32.60900", "2005-12-31": "47.07800"}, "Net Long-Term Debt": {"2019-12-31": "-22.11200", "2018-12-31": "", "2017-12-31": "56.15100", "2016-12-31": "-3.06600", "2015-12-31": "-0.55800", "2014-12-31": "499.51900", "2013-12-31": "-11.03900", "2012-12-31": "29.66000", "2011-12-31": "-5.86400", "2010-12-31": "0.34000", "2009-12-31": "3.56700", "2008-12-31": "4.80900", "2007-12-31": "22.29900", "2006-12-31": "-7.85100", "2005-12-31": "-11.56700"}, "Net Current Debt": {"2019-12-31": "", "2018-12-31": "", "2017-12-31": "", "2016-12-31": "", "2015-12-31": "", "2014-12-31": "", "2013-12-31": "", "2012-12-31": "", "2011-12-31": "", "2010-12-31": "", "2009-12-31": "", "2008-12-31": "", "2007-12-31": "", "2006-12-31": "", "2005-12-31": ""}, "Debt Issuance/Retirement Net - Total": {"2019-12-31": "-22.11200", "2018-12-31": "", "2017-12-31": "56.15100", "2016-12-31": "-3.06600", "2015-12-31": "-0.55800", "2014-12-31": "499.51900", "2013-12-31": "-11.03900", "2012-12-31": "29.66000", "2011-12-31": "-5.86400", "2010-12-31": "0.34000", "2009-12-31": "3.56700", "2008-12-31": "4.80900", "2007-12-31": "22.29900", "2006-12-31": "-7.85100", "2005-12-31": "-11.56700"}, "Net Common Equity Issued/Repurchased": {"2019-12-31": "141.37500", "2018-12-31": "475.86500", "2017-12-31": "255.10600", "2016-12-31": "13.41700", "2015-12-31": "24.88800", "2014-12-31": "", "2013-12-31": "236.25000", "2012-12-31": "9.47000", "2011-12-31": "3.56700", "2010-12-31": "4.35600", "2009-12-31": "198.15600", "2008-12-31": "102.77600", "2007-12-31": "21.35100", "2006-12-31": "86.36400", "2005-12-31": "49.16800"}, "Net Total Equity Issued/Repurchased": {"2019-12-31": "141.37500", "2018-12-31": "475.86500", "2017-12-31": "255.10600", "2016-12-31": "13.41700", "2015-12-31": "24.88800", "2014-12-31": "", "2013-12-31": "236.25000", "2012-12-31": "9.47000", "2011-12-31": "3.56700", "2010-12-31": "4.35600", "2009-12-31": "198.15600", "2008-12-31": "102.77600", "2007-12-31": "21.35100", "2006-12-31": "86.36400", "2005-12-31": "49.16800"}, "Total Common And Preferred Stock Dividends Paid": {"2019-12-31": "", "2018-12-31": "", "2017-12-31": "", "2016-12-31": "", "2015-12-31": "", "2014-12-31": "", "2013-12-31": "", "2012-12-31": "", "2011-12-31": "", "2010-12-31": "", "2009-12-31": "", "2008-12-31": "", "2007-12-31": "", "2006-12-31": "", "2005-12-31": ""}, "Financial Activities - Other": {"2019-12-31": "-19.24200", "2018-12-31": "", "2017-12-31": "-82.17000", "2016-12-31": "1.04300", "2015-12-31": "0.39600", "2014-12-31": "-439.93100", "2013-12-31": "2.51300", "2012-12-31": "", "2011-12-31": "1.62500", "2010-12-31": "", "2009-12-31": "0.27800", "2008-12-31": "", "2007-12-31": "", "2006-12-31": "70.95000", "2005-12-31": ""}, "Cash Flow From Financial Activities": {"2019-12-31": "100.02100", "2018-12-31": "475.86500", "2017-12-31": "229.08700", "2016-12-31": "11.39400", "2015-12-31": "24.72600", "2014-12-31": "59.58800", "2013-12-31": "227.72400", "2012-12-31": "39.13000", "2011-12-31": "-0.67200", "2010-12-31": "4.69600", "2009-12-31": "202.00100", "2008-12-31": "107.58500", "2007-12-31": "43.65000", "2006-12-31": "149.46300", "2005-12-31": "37.60100"}, "Net Cash Flow": {"2019-12-31": "404.46700", "2018-12-31": "149.19000", "2017-12-31": "44.94500", "2016-12-31": "-44.11200", "2015-12-31": "-14.20100", "2014-12-31": "-16.97500", "2013-12-31": "35.49100", "2012-12-31": "59.00500", "2011-12-31": "-4.57500", "2010-12-31": "-35.20300", "2009-12-31": "-118.73000", "2008-12-31": "85.37100", "2007-12-31": "24.10000", "2006-12-31": "63.62900", "2005-12-31": "23.63500"}, "Stock-Based Compensation": {"2019-12-31": "146.57400", "2018-12-31": "131.31200", "2017-12-31": "85.97500", "2016-12-31": "72.10800", "2015-12-31": "59.31400", "2014-12-31": "31.38300", "2013-12-31": "11.41800", "2012-12-31": "8.57100", "2011-12-31": "9.84500", "2010-12-31": "12.15900", "2009-12-31": "13.38500", "2008-12-31": "15.06300", "2007-12-31": "9.91000", "2006-12-31": "5.74700", "2005-12-31": "-0.54400"}, "Common Stock Dividends Paid": {"2019-12-31": "", "2018-12-31": "", "2017-12-31": "", "2016-12-31": "", "2015-12-31": "", "2014-12-31": "", "2013-12-31": "", "2012-12-31": "", "2011-12-31": "", "2010-12-31": "", "2009-12-31": "", "2008-12-31": "", "2007-12-31": "", "2006-12-31": "", "2005-12-31": ""}}, "cash flow statement, quarterly": {"Net Income/Loss": {"2020-09-30": -43.091, "2020-06-30": -43.769, "2020-03-31": "-58.48000", "2019-12-31": 203.958, "2019-09-30": 18.431, "2019-06-30": -10.011, "2019-03-31": "90.88400", "2018-12-31": 302.732, "2018-09-30": -20.366, "2018-06-30": -56.569, "2018-03-31": "-10.81200", "2017-12-31": -9.167, "2017-09-30": -7.494, "2017-06-30": -3.086, "2017-03-31": "8.96400", "2016-12-31": 52.021, "2016-09-30": 7.351, "2016-06-30": -56.855, "2016-03-31": "-62.91700", "2015-12-31": -71.433, "2015-09-30": -35.776, "2015-06-30": 35.648, "2015-03-31": "-16.71700", "2014-12-31": 31.053, "2014-09-30": -26.676, "2014-06-30": -12.081, "2014-03-31": "-31.28000", "2013-12-31": -24.276, "2013-09-30": -24.57, "2013-06-30": -10.126, "2013-03-31": "-1.67200", "2012-12-31": -65.478, "2012-09-30": 0, "2012-06-30": 0, "2012-03-31": "0.00000", "2011-12-31": -84.801, "2011-09-30": 0, "2011-06-30": 0, "2011-03-31": "0.00000", "2010-12-31": -61.251, "2010-09-30": 0, "2010-06-30": 0, "2010-03-31": "0.00000", "2009-12-31": 150.672, "2009-09-30": 0, "2009-06-30": 0, "2009-03-31": "0.00000", "2008-12-31": -22.906, "2008-09-30": 0, "2008-06-30": 0, "2008-03-31": "0.00000", "2007-12-31": -40.079, "2007-09-30": 0, "2007-06-30": 0, "2007-03-31": "0.00000", "2006-12-31": -45.903, "2006-09-30": 0, "2006-06-30": 0, "2006-03-31": "0.00000", "2005-12-31": -72.401, "2005-09-30": 0, "2005-06-30": 0, "2005-03-31": "0.00000"}, "Total Depreciation And Amortization - Cash Flow": {"2020-09-30": 18.175, "2020-06-30": 16.425, "2020-03-31": "14.60300", "2019-12-31": 14.741, "2019-09-30": 11.357, "2019-06-30": 10.905, "2019-03-31": "10.78600", "2018-12-31": 10.767, "2018-09-30": 11.106, "2018-06-30": 12.293, "2018-03-31": "12.52200", "2017-12-31": 10.891, "2017-09-30": 12.743, "2017-06-30": 14.104, "2017-03-31": "13.55800", "2016-12-31": 11.911, "2016-09-30": 11.805, "2016-06-30": 11.916, "2016-03-31": "12.02200", "2015-12-31": 12.594, "2015-09-30": 12.261, "2015-06-30": 11.677, "2015-03-31": "11.39100", "2014-12-31": 9.9, "2014-09-30": 7.754, "2014-06-30": 8.287, "2014-03-31": "7.12900", "2013-12-31": 7.579, "2013-09-30": 7.122, "2013-06-30": 7.03, "2013-03-31": "6.94900", "2012-12-31": 30.507, "2012-09-30": 0, "2012-06-30": 0, "2012-03-31": "", "2011-12-31": 29.126, "2011-09-30": 0, "2011-06-30": 0, "2011-03-31": "", "2010-12-31": 22.554, "2010-09-30": 0, "2010-06-30": 0, "2010-03-31": "", "2009-12-31": 18.943, "2009-09-30": 0, "2009-06-30": 0, "2009-03-31": "", "2008-12-31": 13.598, "2008-09-30": 0, "2008-06-30": 0, "2008-03-31": "", "2007-12-31": 12.064, "2007-09-30": 0, "2007-06-30": 0, "2007-03-31": "", "2006-12-31": 7.819, "2006-09-30": 0, "2006-06-30": 0, "2006-03-31": "", "2005-12-31": 10.988, "2005-09-30": 0, "2005-06-30": 0, "2005-03-31": ""}, "Other Non-Cash Items": {"2020-09-30": 44.452, "2020-06-30": 39.778, "2020-03-31": "37.26600", "2019-12-31": 47.494, "2019-09-30": 13.807, "2019-06-30": 43.008, "2019-03-31": "59.06800", "2018-12-31": -255.884, "2018-09-30": 34.95, "2018-06-30": 34.116, "2018-03-31": "28.62600", "2017-12-31": 26.038, "2017-09-30": 28.629, "2017-06-30": 21.294, "2017-03-31": "20.63100", "2016-12-31": 20.304, "2016-09-30": 18.256, "2016-06-30": 19.329, "2016-03-31": "20.49900", "2015-12-31": 19.044, "2015-09-30": -5.136, "2015-06-30": 14.476, "2015-03-31": "12.60000", "2014-12-31": -15.832, "2014-09-30": 9.402, "2014-06-30": 9.066, "2014-03-31": "4.50400", "2013-12-31": 2.758, "2013-09-30": 2.804, "2013-06-30": 2.029, "2013-03-31": "1.84100", "2012-12-31": -13.36, "2012-09-30": 0, "2012-06-30": 0, "2012-03-31": "", "2011-12-31": 11.141, "2011-09-30": 0, "2011-06-30": 0, "2011-03-31": "", "2010-12-31": 16.54, "2010-09-30": 0, "2010-06-30": 0, "2010-03-31": "", "2009-12-31": -173.938, "2009-09-30": 0, "2009-06-30": 0, "2009-03-31": "", "2008-12-31": 10.476, "2008-09-30": 0, "2008-06-30": 0, "2008-03-31": "", "2007-12-31": 10.508, "2007-09-30": 0, "2007-06-30": 0, "2007-03-31": "", "2006-12-31": -17.127, "2006-09-30": 0, "2006-06-30": 0, "2006-03-31": "", "2005-12-31": 9.903, "2005-09-30": 0, "2005-06-30": 0, "2005-03-31": ""}, "Total Non-Cash Items": {"2020-09-30": 62.627, "2020-06-30": 56.203, "2020-03-31": "51.86900", "2019-12-31": 62.235, "2019-09-30": 25.164, "2019-06-30": 53.913, "2019-03-31": "69.85400", "2018-12-31": -245.117, "2018-09-30": 46.056, "2018-06-30": 46.409, "2018-03-31": "41.14800", "2017-12-31": 36.929, "2017-09-30": 41.372, "2017-06-30": 35.398, "2017-03-31": "34.18900", "2016-12-31": 32.215, "2016-09-30": 30.061, "2016-06-30": 31.245, "2016-03-31": "32.52100", "2015-12-31": 31.638, "2015-09-30": 7.125, "2015-06-30": 26.153, "2015-03-31": "23.99100", "2014-12-31": -5.932, "2014-09-30": 17.156, "2014-06-30": 17.353, "2014-03-31": "11.63300", "2013-12-31": 10.337, "2013-09-30": 9.926, "2013-06-30": 9.059, "2013-03-31": "8.79000", "2012-12-31": 17.147, "2012-09-30": 0, "2012-06-30": 0, "2012-03-31": "", "2011-12-31": 40.267, "2011-09-30": 0, "2011-06-30": 0, "2011-03-31": "", "2010-12-31": 39.094, "2010-09-30": 0, "2010-06-30": 0, "2010-03-31": "", "2009-12-31": -154.995, "2009-09-30": 0, "2009-06-30": 0, "2009-03-31": "", "2008-12-31": 24.074, "2008-09-30": 0, "2008-06-30": 0, "2008-03-31": "", "2007-12-31": 22.572, "2007-09-30": 0, "2007-06-30": 0, "2007-03-31": "", "2006-12-31": -9.308, "2006-09-30": 0, "2006-06-30": 0, "2006-03-31": "", "2005-12-31": 20.891, "2005-09-30": 0, "2005-06-30": 0, "2005-03-31": ""}, "Change In Accounts Receivable": {"2020-09-30": -11.143, "2020-06-30": 0.771, "2020-03-31": "34.42900", "2019-12-31": -13.958, "2019-09-30": -17.461, "2019-06-30": -21.163, "2019-03-31": "4.90800", "2018-12-31": -0.628, "2018-09-30": 2.03, "2018-06-30": 20.096, "2018-03-31": "26.09700", "2017-12-31": -20.031, "2017-09-30": 7.691, "2017-06-30": 18.742, "2017-03-31": "38.68600", "2016-12-31": -99.499, "2016-09-30": -7.798, "2016-06-30": 15.734, "2016-03-31": "-5.12400", "2015-12-31": -9.53, "2015-09-30": 1.438, "2015-06-30": 23.67, "2015-03-31": "-23.03100", "2014-12-31": 22.41, "2014-09-30": 15.628, "2014-06-30": -32.118, "2014-03-31": "1.27900", "2013-12-31": 1.543, "2013-09-30": -10.621, "2013-06-30": -0.852, "2013-03-31": "-0.65000", "2012-12-31": 6.399, "2012-09-30": 0, "2012-06-30": 0, "2012-03-31": "", "2011-12-31": -5.679, "2011-09-30": 0, "2011-06-30": 0, "2011-03-31": "", "2010-12-31": 10.479, "2010-09-30": 0, "2010-06-30": 0, "2010-03-31": "", "2009-12-31": -6.778, "2009-09-30": 0, "2009-06-30": 0, "2009-03-31": "", "2008-12-31": 1.238, "2008-09-30": 0, "2008-06-30": 0, "2008-03-31": "", "2007-12-31": -3.782, "2007-09-30": 0, "2007-06-30": 0, "2007-03-31": "", "2006-12-31": 1.523, "2006-09-30": 0, "2006-06-30": 0, "2006-03-31": "", "2005-12-31": 5.38, "2005-09-30": 0, "2005-06-30": 0, "2005-03-31": ""}, "Change In Inventories": {"2020-09-30": 1.55, "2020-06-30": -0.837, "2020-03-31": "-2.18100", "2019-12-31": 1.195, "2019-09-30": -0.87, "2019-06-30": -3.261, "2019-03-31": "-2.47500", "2018-12-31": -0.204, "2018-09-30": 0.689, "2018-06-30": -0.007, "2018-03-31": "0.92200", "2017-12-31": -1.531, "2017-09-30": -1.947, "2017-06-30": 0.297, "2017-03-31": "0.68800", "2016-12-31": 1.83, "2016-09-30": -1.651, "2016-06-30": -1.148, "2016-03-31": "0.37900", "2015-12-31": -0.316, "2015-09-30": 0.199, "2015-06-30": 0.057, "2015-03-31": "-0.54900", "2014-12-31": 0.795, "2014-09-30": 0.691, "2014-06-30": -0.239, "2014-03-31": "0.49600", "2013-12-31": -0.648, "2013-09-30": 0.924, "2013-06-30": -2.5, "2013-03-31": "0.31200", "2012-12-31": -1.982, "2012-09-30": 0, "2012-06-30": 0, "2012-03-31": "", "2011-12-31": -1.655, "2011-09-30": 0, "2011-06-30": 0, "2011-03-31": "", "2010-12-31": 0.284, "2010-09-30": 0, "2010-06-30": 0, "2010-03-31": "", "2009-12-31": -0.017, "2009-09-30": 0, "2009-06-30": 0, "2009-03-31": "", "2008-12-31": -1.323, "2008-09-30": 0, "2008-06-30": 0, "2008-03-31": "", "2007-12-31": -1.956, "2007-09-30": 0, "2007-06-30": 0, "2007-03-31": "", "2006-12-31": 0.09, "2006-09-30": 0, "2006-06-30": 0, "2006-03-31": "", "2005-12-31": 1.771, "2005-09-30": 0, "2005-06-30": 0, "2005-03-31": ""}, "Change In Accounts Payable": {"2020-09-30": 3.969, "2020-06-30": -15.35, "2020-03-31": "0.41100", "2019-12-31": 2.421, "2019-09-30": -2.66, "2019-06-30": 1.087, "2019-03-31": "-17.19100", "2018-12-31": 12.951, "2018-09-30": 0.633, "2018-06-30": -1.095, "2018-03-31": "-13.14400", "2017-12-31": 3.491, "2017-09-30": 8.323, "2017-06-30": -10.502, "2017-03-31": "0.47200", "2016-12-31": 4.523, "2016-09-30": -2.764, "2016-06-30": -1.019, "2016-03-31": "-11.41700", "2015-12-31": 8.349, "2015-09-30": 9.059, "2015-06-30": -5.502, "2015-03-31": "-2.69500", "2014-12-31": 3.41, "2014-09-30": -0.577, "2014-06-30": 4.637, "2014-03-31": "-2.64600", "2013-12-31": 2.359, "2013-09-30": -0.46, "2013-06-30": 3.736, "2013-03-31": "-5.56900", "2012-12-31": 1.292, "2012-09-30": 0, "2012-06-30": 0, "2012-03-31": "", "2011-12-31": 0.875, "2011-09-30": 0, "2011-06-30": 0, "2011-03-31": "", "2010-12-31": 1.325, "2010-09-30": 0, "2010-06-30": 0, "2010-03-31": "", "2009-12-31": -3.652, "2009-09-30": 0, "2009-06-30": 0, "2009-03-31": "", "2008-12-31": 0.962, "2008-09-30": 0, "2008-06-30": 0, "2008-03-31": "", "2007-12-31": -0.794, "2007-09-30": 0, "2007-06-30": 0, "2007-03-31": "", "2006-12-31": 1.214, "2006-09-30": 0, "2006-06-30": 0, "2006-03-31": "", "2005-12-31": -4.872, "2005-09-30": 0, "2005-06-30": 0, "2005-03-31": ""}, "Change In Assets/Liabilities": {"2020-09-30": -6.163, "2020-06-30": -47.547, "2020-03-31": "-12.71200", "2019-12-31": -47.445, "2019-09-30": -39.765, "2019-06-30": -51.461, "2019-03-31": "-25.27100", "2018-12-31": 44.311, "2018-09-30": -58.042, "2018-06-30": 495.003, "2018-03-31": "-16.36600", "2017-12-31": -24.39, "2017-09-30": -20.012, "2017-06-30": -45.641, "2017-03-31": "61.85800", "2016-12-31": -40.419, "2016-09-30": -9.989, "2016-06-30": -15.699, "2016-03-31": "-17.59600", "2015-12-31": -6.545, "2015-09-30": 51.828, "2015-06-30": -17.329, "2015-03-31": "-10.23000", "2014-12-31": 16.532, "2014-09-30": -10.093, "2014-06-30": -12.991, "2014-03-31": "-6.61300", "2013-12-31": -15.57, "2013-09-30": 90.422, "2013-06-30": 22.7, "2013-03-31": "-10.08200", "2012-12-31": 49.057, "2012-09-30": 0, "2012-06-30": 0, "2012-03-31": "", "2011-12-31": -69.561, "2011-09-30": 0, "2011-06-30": 0, "2011-03-31": "", "2010-12-31": -47.753, "2010-09-30": 0, "2010-06-30": 0, "2010-03-31": "", "2009-12-31": -83.605, "2009-09-30": 0, "2009-06-30": 0, "2009-03-31": "", "2008-12-31": 208.318, "2008-09-30": 0, "2008-06-30": 0, "2008-03-31": "", "2007-12-31": 55.171, "2007-09-30": 0, "2007-06-30": 0, "2007-03-31": "", "2006-12-31": -1.222, "2006-09-30": 0, "2006-06-30": 0, "2006-03-31": "", "2005-12-31": -12.45, "2005-09-30": 0, "2005-06-30": 0, "2005-03-31": ""}, "Total Change In Assets/Liabilities": {"2020-09-30": -29.893, "2020-06-30": -56.578, "2020-03-31": "-0.97300", "2019-12-31": 11.739, "2019-09-30": -56.401, "2019-06-30": -71.013, "2019-03-31": "-53.03300", "2018-12-31": 57.875, "2018-09-30": -51.694, "2018-06-30": 510.397, "2018-03-31": "-17.17100", "2017-12-31": -7.361, "2017-09-30": -5.158, "2017-06-30": -29.949, "2017-03-31": "79.51200", "2016-12-31": -111.075, "2016-09-30": -13.126, "2016-06-30": -8.174, "2016-03-31": "-45.37200", "2015-12-31": 2.321, "2015-09-30": 64.869, "2015-06-30": 3.406, "2015-03-31": "-50.10000", "2014-12-31": 45.563, "2014-09-30": 11.464, "2014-06-30": -39.287, "2014-03-31": "-12.68100", "2013-12-31": -0.553, "2013-09-30": 80.465, "2013-06-30": 23.807, "2013-03-31": "-17.69400", "2012-12-31": 50.207, "2012-09-30": 0, "2012-06-30": 0, "2012-03-31": "", "2011-12-31": -67.395, "2011-09-30": 0, "2011-06-30": 0, "2011-03-31": "", "2010-12-31": -41.436, "2010-09-30": 0, "2010-06-30": 0, "2010-03-31": "", "2009-12-31": -104.118, "2009-09-30": 0, "2009-06-30": 0, "2009-03-31": "", "2008-12-31": 210.863, "2008-09-30": 0, "2008-06-30": 0, "2008-03-31": "", "2007-12-31": 53.601, "2007-09-30": 0, "2007-06-30": 0, "2007-03-31": "", "2006-12-31": 1.986, "2006-09-30": 0, "2006-06-30": 0, "2006-03-31": "", "2005-12-31": -9.534, "2005-09-30": 0, "2005-06-30": 0, "2005-03-31": ""}, "Cash Flow From Operating Activities": {"2020-09-30": -10.357, "2020-06-30": -44.144, "2020-03-31": "-7.58400", "2019-12-31": 277.932, "2019-09-30": -12.806, "2019-06-30": -27.111, "2019-03-31": "107.70500", "2018-12-31": 115.49, "2018-09-30": -26.004, "2018-06-30": 500.237, "2018-03-31": "13.16500", "2017-12-31": 20.401, "2017-09-30": 28.72, "2017-06-30": 2.363, "2017-03-31": "122.66500", "2016-12-31": -26.839, "2016-09-30": 24.286, "2016-06-30": -33.784, "2016-03-31": "-75.76800", "2015-12-31": -37.474, "2015-09-30": 36.218, "2015-06-30": 65.207, "2015-03-31": "-42.82600", "2014-12-31": 70.684, "2014-09-30": 1.944, "2014-06-30": -34.015, "2014-03-31": "-32.32800", "2013-12-31": -14.492, "2013-09-30": 65.821, "2013-06-30": 22.74, "2013-03-31": "-10.57600", "2012-12-31": 36.035, "2012-09-30": -24.871, "2012-06-30": -2.577, "2012-03-31": "-6.71100", "2011-12-31": -22.741, "2011-09-30": -23.169, "2011-06-30": -26.177, "2011-03-31": "-39.84200", "2010-12-31": -25.503, "2010-09-30": -21.429, "2010-06-30": 5.03, "2010-03-31": "-21.69100", "2009-12-31": -31.362, "2009-09-30": -32.255, "2009-06-30": -10.426, "2009-03-31": "-34.39800", "2008-12-31": -19.176, "2008-09-30": -21.549, "2008-06-30": 177.642, "2008-03-31": "75.11400", "2007-12-31": 45.856, "2007-09-30": 12.404, "2007-06-30": -1.371, "2007-03-31": "-20.79500", "2006-12-31": -8.871, "2006-09-30": -13.958, "2006-06-30": -14.23, "2006-03-31": "-16.16600", "2005-12-31": -13.671, "2005-09-30": -5.981, "2005-06-30": -19.36, "2005-03-31": "-22.03200"}, "Net Change In Property, Plant, And Equipment": {"2020-09-30": -11.793, "2020-06-30": -9.098, "2020-03-31": "-9.08000", "2019-12-31": -7.762, "2019-09-30": -15.9, "2019-06-30": -4.014, "2019-03-31": "-3.22900", "2018-12-31": -1.387, "2018-09-30": -3.244, "2018-06-30": -6.634, "2018-03-31": "-2.34300", "2017-12-31": -8.262, "2017-09-30": -17.049, "2017-06-30": -6.216, "2017-03-31": "-3.23700", "2016-12-31": -2.794, "2016-09-30": -1.05, "2016-06-30": -2.635, "2016-03-31": "-0.62800", "2015-12-31": -2.411, "2015-09-30": -1.341, "2015-06-30": -3.062, "2015-03-31": "-0.87800", "2014-12-31": -3.549, "2014-09-30": -0.869, "2014-06-30": -1.697, "2014-03-31": "-1.40300", "2013-12-31": -0.439, "2013-09-30": -0.522, "2013-06-30": -0.369, "2013-03-31": "-0.22200", "2012-12-31": -0.446, "2012-09-30": -0.169, "2012-06-30": -0.751, "2012-03-31": "-0.11300", "2011-12-31": -1.269, "2011-09-30": -2.952, "2011-06-30": -3.406, "2011-03-31": "-2.57600", "2010-12-31": -0.312, "2010-09-30": -0.846, "2010-06-30": -0.885, "2010-03-31": "-11.00900", "2009-12-31": -1.752, "2009-09-30": -1.447, "2009-06-30": -7.074, "2009-03-31": "-3.14100", "2008-12-31": -6.615, "2008-09-30": -2.841, "2008-06-30": -2.836, "2008-03-31": "-1.37300", "2007-12-31": -0.841, "2007-09-30": -0.485, "2007-06-30": -0.428, "2007-03-31": "-0.53900", "2006-12-31": 0.061, "2006-09-30": -0.665, "2006-06-30": -0.321, "2006-03-31": "-0.11700", "2005-12-31": 5.789, "2005-09-30": 7.142, "2005-06-30": 0.779, "2005-03-31": "-0.11200"}, "Net Change In Intangible Assets": {"2020-09-30": -1.18, "2020-06-30": -2.119, "2020-03-31": "-0.90400", "2019-12-31": -1.181, "2019-09-30": -1.886, "2019-06-30": -1.278, "2019-03-31": "-1.03200", "2018-12-31": -0.727, "2018-09-30": -1.463, "2018-06-30": -1.116, "2018-03-31": "-0.73800", "2017-12-31": 1.196, "2017-09-30": -2.696, "2017-06-30": -0.61, "2017-03-31": "-0.98300", "2016-12-31": -1.047, "2016-09-30": -1.179, "2016-06-30": -1.813, "2016-03-31": "-0.38200", "2015-12-31": -0.722, "2015-09-30": -1.585, "2015-06-30": -1.03, "2015-03-31": "-0.71900", "2014-12-31": -3.586, "2014-09-30": 1.791, "2014-06-30": -1.458, "2014-03-31": "-0.33300", "2013-12-31": -1.089, "2013-09-30": -1.55, "2013-06-30": -0.469, "2013-03-31": "-0.70200", "2012-12-31": -0.912, "2012-09-30": -1.187, "2012-06-30": -1.243, "2012-03-31": "-0.34900", "2011-12-31": -1.123, "2011-09-30": -0.789, "2011-06-30": -1.244, "2011-03-31": "-0.51100", "2010-12-31": -0.889, "2010-09-30": -0.975, "2010-06-30": -1.939, "2010-03-31": "-0.51600", "2009-12-31": -0.965, "2009-09-30": -0.434, "2009-06-30": -1.271, "2009-03-31": "-0.21000", "2008-12-31": -0.817, "2008-09-30": -1.332, "2008-06-30": -1.169, "2008-03-31": "-0.08400", "2007-12-31": -0.31, "2007-09-30": -1.191, "2007-06-30": -0.862, "2007-03-31": "-0.35400", "2006-12-31": -0.221, "2006-09-30": -0.35, "2006-06-30": -0.429, "2006-03-31": "-0.51400", "2005-12-31": -2.451, "2005-09-30": 0, "2005-06-30": 0, "2005-03-31": ""}, "Net Acquisitions/Divestitures": {"2020-09-30": 0, "2020-06-30": 0, "2020-03-31": "", "2019-12-31": 0, "2019-09-30": 0, "2019-06-30": 0, "2019-03-31": "", "2018-12-31": 0, "2018-09-30": 0, "2018-06-30": 0, "2018-03-31": "", "2017-12-31": 0, "2017-09-30": 0, "2017-06-30": 0, "2017-03-31": "", "2016-12-31": 0, "2016-09-30": 0, "2016-06-30": 0, "2016-03-31": "", "2015-12-31": 0, "2015-09-30": 0, "2015-06-30": 0, "2015-03-31": "", "2014-12-31": 2.443, "2014-09-30": -2.443, "2014-06-30": 0, "2014-03-31": "", "2013-12-31": 0, "2013-09-30": 0, "2013-06-30": 0, "2013-03-31": "", "2012-12-31": 0, "2012-09-30": 0, "2012-06-30": 0, "2012-03-31": "", "2011-12-31": 0, "2011-09-30": 0, "2011-06-30": 0, "2011-03-31": "", "2010-12-31": 0, "2010-09-30": 0, "2010-06-30": 0, "2010-03-31": "10.14700", "2009-12-31": 0, "2009-09-30": 0, "2009-06-30": 0, "2009-03-31": "", "2008-12-31": 0, "2008-09-30": 0, "2008-06-30": 0, "2008-03-31": "", "2007-12-31": 0, "2007-09-30": -80.4, "2007-06-30": 0, "2007-03-31": "", "2006-12-31": 0, "2006-09-30": 0, "2006-06-30": 0, "2006-03-31": "", "2005-12-31": 0, "2005-09-30": 0, "2005-06-30": 0, "2005-03-31": ""}, "Net Change In Short-term Investments": {"2020-09-30": 114.913, "2020-06-30": 90.912, "2020-03-31": "-85.02300", "2019-12-31": 157.1339, "2019-09-30": 19.1821, "2019-06-30": -105.395, "2019-03-31": "-65.91300", "2018-12-31": -324.0931, "2018-09-30": -302.9639, "2018-06-30": -367.421, "2018-03-31": "82.56700", "2017-12-31": -44.646, "2017-09-30": -130.354, "2017-06-30": 21.521, "2017-03-31": "-166.96200", "2016-12-31": 20.175, "2016-09-30": -54.859, "2016-06-30": 57.905, "2016-03-31": "40.43900", "2015-12-31": 31.084, "2015-09-30": -51.919, "2015-06-30": -91.295, "2015-03-31": "38.24700", "2014-12-31": -69.472, "2014-09-30": -24.265, "2014-06-30": -29.522, "2014-03-31": "26.10300", "2013-12-31": -84.06, "2013-09-30": -121.408, "2013-06-30": -31.848, "2013-03-31": "-15.47600", "2012-12-31": 7.966, "2012-09-30": -9.212, "2012-06-30": 26.088, "2012-03-31": "-0.06000", "2011-12-31": 30.317, "2011-09-30": -1.961, "2011-06-30": 29.29, "2011-03-31": "60.16400", "2010-12-31": -6.449, "2010-09-30": 77.735, "2010-06-30": -56.913, "2010-03-31": "33.02300", "2009-12-31": -11.497, "2009-09-30": -37.549, "2009-06-30": -23.236, "2009-03-31": "-125.21300", "2008-12-31": -23.407, "2008-09-30": -157.466, "2008-06-30": -25.019, "2008-03-31": "-11.28600", "2007-12-31": -11.239, "2007-09-30": 26.304, "2007-06-30": 32.532, "2007-03-31": "-23.01200", "2006-12-31": -55.982, "2006-09-30": 10.193, "2006-06-30": 7.609, "2006-03-31": "3.73000", "2005-12-31": 4.336, "2005-09-30": 3.193, "2005-06-30": 19.44, "2005-03-31": "5.67900"}, "Net Change In Long-Term Investments": {"2020-09-30": 0, "2020-06-30": 0, "2020-03-31": "", "2019-12-31": -10, "2019-09-30": 0, "2019-06-30": 0, "2019-03-31": "", "2018-12-31": 0, "2018-09-30": 0, "2018-06-30": 0, "2018-03-31": "", "2017-12-31": -2.5, "2017-09-30": 0, "2017-06-30": 0, "2017-03-31": "2.50700", "2016-12-31": 4.467, "2016-09-30": 0, "2016-06-30": 0, "2016-03-31": "", "2015-12-31": 0.013, "2015-09-30": 25.566, "2015-06-30": 0, "2015-03-31": "", "2014-12-31": 23.376, "2014-09-30": 1.299, "2014-06-30": 0.283, "2014-03-31": "0.45400", "2013-12-31": 0.318, "2013-09-30": 0.172, "2013-06-30": 0.844, "2013-03-31": "1.09400", "2012-12-31": -1.573, "2012-09-30": -0.04, "2012-06-30": 0, "2012-03-31": "", "2011-12-31": 4.445, "2011-09-30": 0, "2011-06-30": 0, "2011-03-31": "-0.35900", "2010-12-31": 0.408, "2010-09-30": 0, "2010-06-30": -0.199, "2010-03-31": "-0.45900", "2009-12-31": -1, "2009-09-30": 0, "2009-06-30": 2.848, "2009-03-31": "-0.34900", "2008-12-31": 0, "2008-09-30": 0, "2008-06-30": 0, "2008-03-31": "", "2007-12-31": 0, "2007-09-30": 0, "2007-06-30": 2.936, "2007-03-31": "2.24500", "2006-12-31": 0, "2006-09-30": 0, "2006-06-30": 4.397, "2006-03-31": "", "2005-12-31": 3.283, "2005-09-30": 0, "2005-06-30": 0, "2005-03-31": ""}, "Net Change In Investments - Total": {"2020-09-30": 114.913, "2020-06-30": 90.912, "2020-03-31": "-85.02300", "2019-12-31": 147.1339, "2019-09-30": 19.1821, "2019-06-30": -105.395, "2019-03-31": "-65.91300", "2018-12-31": -324.0931, "2018-09-30": -302.9639, "2018-06-30": -367.421, "2018-03-31": "82.56700", "2017-12-31": -47.1459, "2017-09-30": -130.3541, "2017-06-30": 21.521, "2017-03-31": "-164.45500", "2016-12-31": 24.642, "2016-09-30": -54.859, "2016-06-30": 57.905, "2016-03-31": "40.43900", "2015-12-31": 31.097, "2015-09-30": -26.353, "2015-06-30": -91.295, "2015-03-31": "38.24700", "2014-12-31": -46.096, "2014-09-30": -22.966, "2014-06-30": -29.239, "2014-03-31": "26.55700", "2013-12-31": -83.742, "2013-09-30": -121.236, "2013-06-30": -31.004, "2013-03-31": "-14.38200", "2012-12-31": 6.393, "2012-09-30": -9.252, "2012-06-30": 26.088, "2012-03-31": "-0.06000", "2011-12-31": 34.762, "2011-09-30": -1.961, "2011-06-30": 29.29, "2011-03-31": "59.80500", "2010-12-31": -6.041, "2010-09-30": 77.735, "2010-06-30": -57.112, "2010-03-31": "32.56400", "2009-12-31": -12.497, "2009-09-30": -37.549, "2009-06-30": -20.388, "2009-03-31": "-125.56200", "2008-12-31": -23.407, "2008-09-30": -157.466, "2008-06-30": -25.019, "2008-03-31": "-11.28600", "2007-12-31": -11.239, "2007-09-30": 26.304, "2007-06-30": 35.468, "2007-03-31": "-20.76700", "2006-12-31": -55.982, "2006-09-30": 10.193, "2006-06-30": 12.006, "2006-03-31": "3.73000", "2005-12-31": 7.619, "2005-09-30": 3.193, "2005-06-30": 19.44, "2005-03-31": "5.67900"}, "Investing Activities - Other": {"2020-09-30": 0, "2020-06-30": 0, "2020-03-31": "", "2019-12-31": 0, "2019-09-30": 0, "2019-06-30": 0, "2019-03-31": "", "2018-12-31": 0, "2018-09-30": 0, "2018-06-30": 0, "2018-03-31": "", "2017-12-31": 0, "2017-09-30": 0, "2017-06-30": 0, "2017-03-31": "", "2016-12-31": 0, "2016-09-30": 0, "2016-06-30": 0, "2016-03-31": "", "2015-12-31": 0, "2015-09-30": 0, "2015-06-30": 0, "2015-03-31": "", "2014-12-31": 0, "2014-09-30": 0, "2014-06-30": 0, "2014-03-31": "", "2013-12-31": 0, "2013-09-30": 0, "2013-06-30": 0, "2013-03-31": "", "2012-12-31": 0, "2012-09-30": 0, "2012-06-30": 0, "2012-03-31": "", "2011-12-31": 0, "2011-09-30": 0, "2011-06-30": 0, "2011-03-31": "", "2010-12-31": 0, "2010-09-30": 0, "2010-06-30": 0, "2010-03-31": "-16.22800", "2009-12-31": 0, "2009-09-30": 0, "2009-06-30": 0, "2009-03-31": "", "2008-12-31": 0, "2008-09-30": 0, "2008-06-30": 0, "2008-03-31": "", "2007-12-31": 0, "2007-09-30": 0, "2007-06-30": 0, "2007-03-31": "", "2006-12-31": 0, "2006-09-30": 0, "2006-06-30": 0, "2006-03-31": "", "2005-12-31": 2.787, "2005-09-30": -0.891, "2005-06-30": -0.723, "2005-03-31": "-1.17300"}, "Cash Flow From Investing Activities": {"2020-09-30": 101.94, "2020-06-30": 79.695, "2020-03-31": "-95.00700", "2019-12-31": 138.191, "2019-09-30": 1.396, "2019-06-30": -110.687, "2019-03-31": "-70.17400", "2018-12-31": -326.207, "2018-09-30": -307.671, "2018-06-30": -375.171, "2018-03-31": "79.48600", "2017-12-31": -54.212, "2017-09-30": -150.099, "2017-06-30": 14.695, "2017-03-31": "-168.67500", "2016-12-31": 20.801, "2016-09-30": -57.088, "2016-06-30": 53.457, "2016-03-31": "39.42900", "2015-12-31": 27.964, "2015-09-30": -29.279, "2015-06-30": -95.387, "2015-03-31": "36.65000", "2014-12-31": -50.788, "2014-09-30": -24.487, "2014-06-30": -32.394, "2014-03-31": "24.82100", "2013-12-31": -85.27, "2013-09-30": -123.308, "2013-06-30": -31.842, "2013-03-31": "-15.30600", "2012-12-31": 5.035, "2012-09-30": -10.608, "2012-06-30": 24.094, "2012-03-31": "-0.52200", "2011-12-31": 32.37, "2011-09-30": -5.702, "2011-06-30": 24.64, "2011-03-31": "56.71800", "2010-12-31": -7.242, "2010-09-30": 75.914, "2010-06-30": -59.936, "2010-03-31": "14.95800", "2009-12-31": -15.214, "2009-09-30": -39.43, "2009-06-30": -28.733, "2009-03-31": "-128.91300", "2008-12-31": -30.839, "2008-09-30": -161.639, "2008-06-30": -29.024, "2008-03-31": "-12.74300", "2007-12-31": -12.39, "2007-09-30": -55.772, "2007-06-30": 34.178, "2007-03-31": "-21.66000", "2006-12-31": -56.142, "2006-09-30": 9.178, "2006-06-30": 11.256, "2006-03-31": "3.09900", "2005-12-31": 13.744, "2005-09-30": 9.444, "2005-06-30": 19.496, "2005-03-31": "4.39400"}, "Net Long-Term Debt": {"2020-09-30": 0, "2020-06-30": 0, "2020-03-31": "", "2019-12-31": -9.612, "2019-09-30": -12.5, "2019-06-30": 0, "2019-03-31": "", "2018-12-31": 0, "2018-09-30": 0, "2018-06-30": 0, "2018-03-31": "", "2017-12-31": -0.022, "2017-09-30": 59.451, "2017-06-30": -1.638, "2017-03-31": "-1.64000", "2016-12-31": -1.638, "2016-09-30": 2.289, "2016-06-30": -1.86, "2016-03-31": "-1.85700", "2015-12-31": 6.705, "2015-09-30": -2.073, "2015-06-30": -2.6, "2015-03-31": "-2.59000", "2014-12-31": 507.522, "2014-09-30": -2.611, "2014-06-30": -2.701, "2014-03-31": "-2.69100", "2013-12-31": -2.733, "2013-09-30": -2.733, "2013-06-30": -2.8, "2013-03-31": "-2.77300", "2012-12-31": -2.832, "2012-09-30": 28.225, "2012-06-30": 6.758, "2012-03-31": "-2.49100", "2011-12-31": -3.053, "2011-09-30": 0.059, "2011-06-30": -1.459, "2011-03-31": "-1.41100", "2010-12-31": 3.438, "2010-09-30": -1.155, "2010-06-30": -0.98, "2010-03-31": "-0.96300", "2009-12-31": 5.463, "2009-09-30": -0.73, "2009-06-30": -0.649, "2009-03-31": "-0.51700", "2008-12-31": 7.047, "2008-09-30": -3.669, "2008-06-30": 3.169, "2008-03-31": "-1.73800", "2007-12-31": -2.079, "2007-09-30": -1.848, "2007-06-30": -83.95, "2007-03-31": "110.17600", "2006-12-31": -2.054, "2006-09-30": -1.961, "2006-06-30": -1.891, "2006-03-31": "-1.94500", "2005-12-31": -2.409, "2005-09-30": -7.026, "2005-06-30": -4.173, "2005-03-31": "2.04100"}, "Net Current Debt": {"2020-09-30": 0, "2020-06-30": 0, "2020-03-31": "", "2019-12-31": 0, "2019-09-30": 0, "2019-06-30": 0, "2019-03-31": "", "2018-12-31": 0, "2018-09-30": 0, "2018-06-30": 0, "2018-03-31": "", "2017-12-31": 0, "2017-09-30": 0, "2017-06-30": 0, "2017-03-31": "", "2016-12-31": 0, "2016-09-30": 0, "2016-06-30": 0, "2016-03-31": "", "2015-12-31": 0, "2015-09-30": 0, "2015-06-30": 0, "2015-03-31": "", "2014-12-31": 0, "2014-09-30": 0, "2014-06-30": 0, "2014-03-31": "", "2013-12-31": 0, "2013-09-30": 0, "2013-06-30": 0, "2013-03-31": "", "2012-12-31": 0, "2012-09-30": 0, "2012-06-30": 0, "2012-03-31": "", "2011-12-31": 0, "2011-09-30": 0, "2011-06-30": 0, "2011-03-31": "", "2010-12-31": 0, "2010-09-30": 0, "2010-06-30": 0, "2010-03-31": "", "2009-12-31": 0, "2009-09-30": 0, "2009-06-30": 0, "2009-03-31": "", "2008-12-31": 0, "2008-09-30": 0, "2008-06-30": 0, "2008-03-31": "", "2007-12-31": 0, "2007-09-30": 0, "2007-06-30": 0, "2007-03-31": "", "2006-12-31": 0, "2006-09-30": 0, "2006-06-30": 0, "2006-03-31": "", "2005-12-31": 0, "2005-09-30": 0, "2005-06-30": 0, "2005-03-31": ""}, "Debt Issuance/Retirement Net - Total": {"2020-09-30": 0, "2020-06-30": 0, "2020-03-31": "", "2019-12-31": -9.612, "2019-09-30": -12.5, "2019-06-30": 0, "2019-03-31": "", "2018-12-31": 0, "2018-09-30": 0, "2018-06-30": 0, "2018-03-31": "", "2017-12-31": -0.022, "2017-09-30": 59.451, "2017-06-30": -1.638, "2017-03-31": "-1.64000", "2016-12-31": -1.638, "2016-09-30": 2.289, "2016-06-30": -1.86, "2016-03-31": "-1.85700", "2015-12-31": 6.705, "2015-09-30": -2.073, "2015-06-30": -2.6, "2015-03-31": "-2.59000", "2014-12-31": 507.522, "2014-09-30": -2.611, "2014-06-30": -2.701, "2014-03-31": "-2.69100", "2013-12-31": -2.733, "2013-09-30": -2.733, "2013-06-30": -2.8, "2013-03-31": "-2.77300", "2012-12-31": -2.832, "2012-09-30": 28.225, "2012-06-30": 6.758, "2012-03-31": "-2.49100", "2011-12-31": -3.053, "2011-09-30": 0.059, "2011-06-30": -1.459, "2011-03-31": "-1.41100", "2010-12-31": 3.438, "2010-09-30": -1.155, "2010-06-30": -0.98, "2010-03-31": "-0.96300", "2009-12-31": 5.463, "2009-09-30": -0.73, "2009-06-30": -0.649, "2009-03-31": "-0.51700", "2008-12-31": 7.047, "2008-09-30": -3.669, "2008-06-30": 3.169, "2008-03-31": "-1.73800", "2007-12-31": -2.079, "2007-09-30": -1.848, "2007-06-30": -83.95, "2007-03-31": "110.17600", "2006-12-31": -2.054, "2006-09-30": -1.961, "2006-06-30": -1.891, "2006-03-31": "-1.94500", "2005-12-31": -2.409, "2005-09-30": -7.026, "2005-06-30": -4.173, "2005-03-31": "2.04100"}, "Net Common Equity Issued/Repurchased": {"2020-09-30": 12.997, "2020-06-30": 8.803, "2020-03-31": "-82.89800", "2019-12-31": 29.238, "2019-09-30": 10.133, "2019-06-30": 34.947, "2019-03-31": "67.05700", "2018-12-31": 9.646, "2018-09-30": 8.076, "2018-06-30": 452.468, "2018-03-31": "5.67500", "2017-12-31": 5.259, "2017-09-30": 168.28, "2017-06-30": 3.603, "2017-03-31": "77.96400", "2016-12-31": 6.163, "2016-09-30": 3.134, "2016-06-30": 1.384, "2016-03-31": "2.73600", "2015-12-31": 4.613, "2015-09-30": 2.24, "2015-06-30": 3.919, "2015-03-31": "14.11600", "2014-12-31": -17.709, "2014-09-30": 4.293, "2014-06-30": 1.413, "2014-03-31": "12.00300", "2013-12-31": 6.06, "2013-09-30": 20.088, "2013-06-30": 198.279, "2013-03-31": "11.82300", "2012-12-31": 1.681, "2012-09-30": 6.172, "2012-06-30": 0.979, "2012-03-31": "0.63800", "2011-12-31": 2.013, "2011-09-30": 0.678, "2011-06-30": 0.193, "2011-03-31": "0.68300", "2010-12-31": 2.32, "2010-09-30": 0.754, "2010-06-30": 0.251, "2010-03-31": "1.03100", "2009-12-31": 3.361, "2009-09-30": 2.168, "2009-06-30": 1.484, "2009-03-31": "191.14300", "2008-12-31": 2.271, "2008-09-30": 5.819, "2008-06-30": 21.997, "2008-03-31": "72.68900", "2007-12-31": 14.829, "2007-09-30": 4.65, "2007-06-30": 0.684, "2007-03-31": "1.18800", "2006-12-31": 77.343, "2006-09-30": 5.62, "2006-06-30": 0.67, "2006-03-31": "2.73100", "2005-12-31": -0.001, "2005-09-30": 48.797, "2005-06-30": 0.019, "2005-03-31": "0.35300"}, "Net Total Equity Issued/Repurchased": {"2020-09-30": 12.997, "2020-06-30": 8.803, "2020-03-31": "-82.89800", "2019-12-31": 29.238, "2019-09-30": 10.133, "2019-06-30": 34.947, "2019-03-31": "67.05700", "2018-12-31": 9.646, "2018-09-30": 8.076, "2018-06-30": 452.468, "2018-03-31": "5.67500", "2017-12-31": 5.259, "2017-09-30": 168.28, "2017-06-30": 3.603, "2017-03-31": "77.96400", "2016-12-31": 6.163, "2016-09-30": 3.134, "2016-06-30": 1.384, "2016-03-31": "2.73600", "2015-12-31": 4.613, "2015-09-30": 2.24, "2015-06-30": 3.919, "2015-03-31": "14.11600", "2014-12-31": -17.709, "2014-09-30": 4.293, "2014-06-30": 1.413, "2014-03-31": "12.00300", "2013-12-31": 6.06, "2013-09-30": 20.088, "2013-06-30": 198.279, "2013-03-31": "11.82300", "2012-12-31": 1.681, "2012-09-30": 6.172, "2012-06-30": 0.979, "2012-03-31": "0.63800", "2011-12-31": 2.013, "2011-09-30": 0.678, "2011-06-30": 0.193, "2011-03-31": "0.68300", "2010-12-31": 2.32, "2010-09-30": 0.754, "2010-06-30": 0.251, "2010-03-31": "1.03100", "2009-12-31": 3.361, "2009-09-30": 2.168, "2009-06-30": 1.484, "2009-03-31": "191.14300", "2008-12-31": 2.271, "2008-09-30": 5.819, "2008-06-30": 21.997, "2008-03-31": "72.68900", "2007-12-31": 14.829, "2007-09-30": 4.65, "2007-06-30": 0.684, "2007-03-31": "1.18800", "2006-12-31": 77.343, "2006-09-30": 5.62, "2006-06-30": 0.67, "2006-03-31": "2.73100", "2005-12-31": -0.001, "2005-09-30": 48.797, "2005-06-30": 0.019, "2005-03-31": "0.35300"}, "Total Common And Preferred Stock Dividends Paid": {"2020-09-30": 0, "2020-06-30": 0, "2020-03-31": "", "2019-12-31": 0, "2019-09-30": 0, "2019-06-30": 0, "2019-03-31": "", "2018-12-31": 0, "2018-09-30": 0, "2018-06-30": 0, "2018-03-31": "", "2017-12-31": 0, "2017-09-30": 0, "2017-06-30": 0, "2017-03-31": "", "2016-12-31": 0, "2016-09-30": 0, "2016-06-30": 0, "2016-03-31": "", "2015-12-31": 0, "2015-09-30": 0, "2015-06-30": 0, "2015-03-31": "", "2014-12-31": 0, "2014-09-30": 0, "2014-06-30": 0, "2014-03-31": "", "2013-12-31": 0, "2013-09-30": 0, "2013-06-30": 0, "2013-03-31": "", "2012-12-31": 0, "2012-09-30": 0, "2012-06-30": 0, "2012-03-31": "", "2011-12-31": 0, "2011-09-30": 0, "2011-06-30": 0, "2011-03-31": "", "2010-12-31": 0, "2010-09-30": 0, "2010-06-30": 0, "2010-03-31": "", "2009-12-31": 0, "2009-09-30": 0, "2009-06-30": 0, "2009-03-31": "", "2008-12-31": 0, "2008-09-30": 0, "2008-06-30": 0, "2008-03-31": "", "2007-12-31": 0, "2007-09-30": 0, "2007-06-30": 0, "2007-03-31": "", "2006-12-31": 0, "2006-09-30": 0, "2006-06-30": 0, "2006-03-31": "", "2005-12-31": 0, "2005-09-30": 0, "2005-06-30": 0, "2005-03-31": ""}, "Financial Activities - Other": {"2020-09-30": -2.06, "2020-06-30": -0.368, "2020-03-31": "-11.60300", "2019-12-31": -0.401, "2019-09-30": -10.807, "2019-06-30": -0.437, "2019-03-31": "-7.59700", "2018-12-31": 0, "2018-09-30": 0, "2018-06-30": 0.451, "2018-03-31": "-0.45100", "2017-12-31": -0.98, "2017-09-30": -80.159, "2017-06-30": -0.253, "2017-03-31": "-0.77800", "2016-12-31": 1.923, "2016-09-30": -0.88, "2016-06-30": 0, "2016-03-31": "", "2015-12-31": 0.396, "2015-09-30": 0, "2015-06-30": 0, "2015-03-31": "", "2014-12-31": -439.931, "2014-09-30": 0, "2014-06-30": 0, "2014-03-31": "", "2013-12-31": 0, "2013-09-30": 0, "2013-06-30": 2.513, "2013-03-31": "", "2012-12-31": 0, "2012-09-30": 0, "2012-06-30": 0, "2012-03-31": "", "2011-12-31": 1.625, "2011-09-30": -1.625, "2011-06-30": 1.625, "2011-03-31": "", "2010-12-31": -3.083, "2010-09-30": 0, "2010-06-30": 3.083, "2010-03-31": "", "2009-12-31": -6.286, "2009-09-30": 3.751, "2009-06-30": 0.056, "2009-03-31": "2.75700", "2008-12-31": 0, "2008-09-30": 0, "2008-06-30": 0, "2008-03-31": "", "2007-12-31": -10, "2007-09-30": 10, "2007-06-30": 0, "2007-03-31": "", "2006-12-31": 0, "2006-09-30": 0, "2006-06-30": 70.95, "2006-03-31": "", "2005-12-31": 0, "2005-09-30": 0, "2005-06-30": 0, "2005-03-31": ""}, "Cash Flow From Financial Activities": {"2020-09-30": 10.937, "2020-06-30": 8.435, "2020-03-31": "-94.50100", "2019-12-31": 19.225, "2019-09-30": -13.174, "2019-06-30": 34.51, "2019-03-31": "59.46000", "2018-12-31": 9.646, "2018-09-30": 8.076, "2018-06-30": 452.919, "2018-03-31": "5.22400", "2017-12-31": 4.257, "2017-09-30": 147.572, "2017-06-30": 1.712, "2017-03-31": "75.54600", "2016-12-31": 6.448, "2016-09-30": 4.543, "2016-06-30": -0.476, "2016-03-31": "0.87900", "2015-12-31": 11.714, "2015-09-30": 0.167, "2015-06-30": 1.319, "2015-03-31": "11.52600", "2014-12-31": 49.882, "2014-09-30": 1.682, "2014-06-30": -1.288, "2014-03-31": "9.31200", "2013-12-31": 3.327, "2013-09-30": 17.355, "2013-06-30": 197.992, "2013-03-31": "9.05000", "2012-12-31": -1.151, "2012-09-30": 34.397, "2012-06-30": 7.737, "2012-03-31": "-1.85300", "2011-12-31": 0.585, "2011-09-30": -0.888, "2011-06-30": 0.359, "2011-03-31": "-0.72800", "2010-12-31": 2.675, "2010-09-30": -0.401, "2010-06-30": 2.354, "2010-03-31": "0.06800", "2009-12-31": 2.538, "2009-09-30": 5.189, "2009-06-30": 0.891, "2009-03-31": "193.38300", "2008-12-31": 9.318, "2008-09-30": 2.15, "2008-06-30": 25.166, "2008-03-31": "70.95100", "2007-12-31": 2.75, "2007-09-30": 12.802, "2007-06-30": -83.266, "2007-03-31": "111.36400", "2006-12-31": 75.289, "2006-09-30": 3.659, "2006-06-30": 69.729, "2006-03-31": "0.78600", "2005-12-31": -2.41, "2005-09-30": 41.771, "2005-06-30": -4.154, "2005-03-31": "2.39400"}, "Net Cash Flow": {"2020-09-30": 102.878, "2020-06-30": 43.986, "2020-03-31": "-197.09200", "2019-12-31": 435.348, "2019-09-30": -24.584, "2019-06-30": -103.288, "2019-03-31": "96.99100", "2018-12-31": -201.071, "2018-09-30": -325.599, "2018-06-30": 577.985, "2018-03-31": "97.87500", "2017-12-31": -29.554, "2017-09-30": 26.193, "2017-06-30": 18.77, "2017-03-31": "29.53600", "2016-12-31": 0.41, "2016-09-30": -28.259, "2016-06-30": 19.197, "2016-03-31": "-35.46000", "2015-12-31": 2.204, "2015-09-30": 7.106, "2015-06-30": -28.861, "2015-03-31": "5.35000", "2014-12-31": 69.778, "2014-09-30": -20.861, "2014-06-30": -67.697, "2014-03-31": "1.80500", "2013-12-31": -96.435, "2013-09-30": -40.132, "2013-06-30": 188.89, "2013-03-31": "-16.83200", "2012-12-31": 39.919, "2012-09-30": -1.082, "2012-06-30": 29.254, "2012-03-31": "-9.08600", "2011-12-31": 10.214, "2011-09-30": -29.759, "2011-06-30": -1.178, "2011-03-31": "16.14800", "2010-12-31": -30.07, "2010-09-30": 54.084, "2010-06-30": -52.552, "2010-03-31": "-6.66500", "2009-12-31": -44.038, "2009-09-30": -66.496, "2009-06-30": -38.268, "2009-03-31": "30.07200", "2008-12-31": -40.697, "2008-09-30": -181.038, "2008-06-30": 173.784, "2008-03-31": "133.32200", "2007-12-31": 36.216, "2007-09-30": -30.566, "2007-06-30": -50.459, "2007-03-31": "68.90900", "2006-12-31": 10.276, "2006-09-30": -1.121, "2006-06-30": 66.755, "2006-03-31": "-12.28100", "2005-12-31": -2.337, "2005-09-30": 45.234, "2005-06-30": -4.018, "2005-03-31": "-15.24400"}, "Stock-Based Compensation": {"2020-09-30": 45.844, "2020-06-30": 48.443, "2020-03-31": "40.79000", "2019-12-31": 35.01, "2019-09-30": 24.127, "2019-06-30": 41.932, "2019-03-31": "45.50500", "2018-12-31": 34.102, "2018-09-30": 34.883, "2018-06-30": 33.876, "2018-03-31": "28.45100", "2017-12-31": 22.333, "2017-09-30": 21.472, "2017-06-30": 21.258, "2017-03-31": "20.91200", "2016-12-31": 15.158, "2016-09-30": 17.586, "2016-06-30": 19.261, "2016-03-31": "20.10300", "2015-12-31": 17.407, "2015-09-30": 14.997, "2015-06-30": 13.605, "2015-03-31": "13.30500", "2014-12-31": 8.489, "2014-09-30": 8.117, "2014-06-30": 7.708, "2014-03-31": "7.06900", "2013-12-31": 3.1, "2013-09-30": 2.813, "2013-06-30": 2.636, "2013-03-31": "2.86900", "2012-12-31": 8.571, "2012-09-30": 0, "2012-06-30": 0, "2012-03-31": "", "2011-12-31": 9.845, "2011-09-30": 0, "2011-06-30": 0, "2011-03-31": "", "2010-12-31": 12.159, "2010-09-30": 0, "2010-06-30": 0, "2010-03-31": "", "2009-12-31": 13.385, "2009-09-30": 0, "2009-06-30": 0, "2009-03-31": "", "2008-12-31": 15.063, "2008-09-30": 0, "2008-06-30": 0, "2008-03-31": "", "2007-12-31": 9.91, "2007-09-30": 0, "2007-06-30": 0, "2007-03-31": "", "2006-12-31": 5.747, "2006-09-30": 0, "2006-06-30": 0, "2006-03-31": "", "2005-12-31": -0.544, "2005-09-30": 0, "2005-06-30": 0, "2005-03-31": ""}, "Common Stock Dividends Paid": {"2020-09-30": 0, "2020-06-30": 0, "2020-03-31": "", "2019-12-31": 0, "2019-09-30": 0, "2019-06-30": 0, "2019-03-31": "", "2018-12-31": 0, "2018-09-30": 0, "2018-06-30": 0, "2018-03-31": "", "2017-12-31": 0, "2017-09-30": 0, "2017-06-30": 0, "2017-03-31": "", "2016-12-31": 0, "2016-09-30": 0, "2016-06-30": 0, "2016-03-31": "", "2015-12-31": 0, "2015-09-30": 0, "2015-06-30": 0, "2015-03-31": "", "2014-12-31": 0, "2014-09-30": 0, "2014-06-30": 0, "2014-03-31": "", "2013-12-31": 0, "2013-09-30": 0, "2013-06-30": 0, "2013-03-31": "", "2012-12-31": 0, "2012-09-30": 0, "2012-06-30": 0, "2012-03-31": "", "2011-12-31": 0, "2011-09-30": 0, "2011-06-30": 0, "2011-03-31": "", "2010-12-31": 0, "2010-09-30": 0, "2010-06-30": 0, "2010-03-31": "", "2009-12-31": 0, "2009-09-30": 0, "2009-06-30": 0, "2009-03-31": "", "2008-12-31": 0, "2008-09-30": 0, "2008-06-30": 0, "2008-03-31": "", "2007-12-31": 0, "2007-09-30": 0, "2007-06-30": 0, "2007-03-31": "", "2006-12-31": 0, "2006-09-30": 0, "2006-06-30": 0, "2006-03-31": "", "2005-12-31": 0, "2005-09-30": 0, "2005-06-30": 0, "2005-03-31": ""}}, "financial ratios": {"Current Ratio": {"2019-12-31": "9.96540", "2018-12-31": "7.87700", "2017-12-31": "4.79750", "2016-12-31": "5.96430", "2015-12-31": "5.62210", "2014-12-31": "7.25380", "2013-12-31": "7.51960", "2012-12-31": "5.69730", "2011-12-31": "4.73170", "2010-12-31": "4.56260", "2009-12-31": "5.34910", "2008-12-31": "4.15710", "2007-12-31": "3.37390", "2006-12-31": "8.20250", "2005-12-31": "4.44910"}, "Long-term Debt / Capital": {"2019-12-31": "0.31800", "2018-12-31": "0.34780", "2017-12-31": "0.62390", "2016-12-31": "0.83810", "2015-12-31": "0.72280", "2014-12-31": "0.59780", "2013-12-31": "0.29310", "2012-12-31": "0.45310", "2011-12-31": "0.45920", "2010-12-31": "0.36180", "2009-12-31": "0.31140", "2008-12-31": "0.46470", "2007-12-31": "0.99470", "2006-12-31": "0.65950", "2005-12-31": "0.98130"}, "Debt/Equity Ratio": {"2019-12-31": "0.46750", "2018-12-31": "0.54480", "2017-12-31": "1.66300", "2016-12-31": "5.19000", "2015-12-31": "2.65300", "2014-12-31": "1.49760", "2013-12-31": "0.42620", "2012-12-31": "0.85500", "2011-12-31": "0.86890", "2010-12-31": "0.58990", "2009-12-31": "0.46630", "2008-12-31": "0.88200", "2007-12-31": "195.06880", "2006-12-31": "2.04680", "2005-12-31": "55.44090"}, "Gross Margin": {"2019-12-31": "99.60950", "2018-12-31": "99.69650", "2017-12-31": "100.00000", "2016-12-31": "100.00000", "2015-12-31": "100.00000", "2014-12-31": "100.00000", "2013-12-31": "100.00000", "2012-12-31": "100.00000", "2011-12-31": "100.00000", "2010-12-31": "100.00000", "2009-12-31": "100.00000", "2008-12-31": "100.00000", "2007-12-31": "100.00000", "2006-12-31": "100.00000", "2005-12-31": "100.00000"}, "Operating Margin": {"2019-12-31": "32.59250", "2018-12-31": "-10.23420", "2017-12-31": "6.03820", "2016-12-31": "-5.40810", "2015-12-31": "-26.70470", "2014-12-31": "-22.28700", "2013-12-31": "-35.07890", "2012-12-31": "-67.54010", "2011-12-31": "-71.75590", "2010-12-31": "-44.57890", "2009-12-31": "-22.64640", "2008-12-31": "-12.18400", "2007-12-31": "-56.42230", "2006-12-31": "-438.91240", "2005-12-31": "-142.48130"}, "EBIT Margin": {"2019-12-31": "32.59250", "2018-12-31": "-10.23420", "2017-12-31": "6.03820", "2016-12-31": "-5.40810", "2015-12-31": "-26.70470", "2014-12-31": "-22.28700", "2013-12-31": "-35.07890", "2012-12-31": "-67.54010", "2011-12-31": "-71.75590", "2010-12-31": "-44.57890", "2009-12-31": "-22.64640", "2008-12-31": "-12.18400", "2007-12-31": "-56.42230", "2006-12-31": "-438.91240", "2005-12-31": "-142.48130"}, "EBITDA Margin": {"2019-12-31": "36.84950", "2018-12-31": "-2.44870", "2017-12-31": "16.01450", "2016-12-31": "7.37550", "2015-12-31": "-9.81270", "2014-12-31": "-6.84530", "2013-12-31": "-15.60650", "2012-12-31": "-37.64560", "2011-12-31": "-42.36120", "2010-12-31": "-23.78660", "2009-12-31": "-7.06830", "2008-12-31": "0.50190", "2007-12-31": "-35.74490", "2006-12-31": "-386.29110", "2005-12-31": "-115.10230"}, "Pre-Tax Profit Margin": {"2019-12-31": "30.88980", "2018-12-31": "-12.69960", "2017-12-31": "-3.26010", "2016-12-31": "-15.41570", "2015-12-31": "-30.98520", "2014-12-31": "-25.39730", "2013-12-31": "-45.18990", "2012-12-31": "-73.08940", "2011-12-31": "-85.57210", "2010-12-31": "-56.38180", "2009-12-31": "-26.12250", "2008-12-31": "-13.54510", "2007-12-31": "-58.36080", "2006-12-31": "-289.40710", "2005-12-31": "-180.40270"}, "Net Profit Margin": {"2019-12-31": "26.20220", "2018-12-31": "45.64830", "2017-12-31": "0.06730", "2016-12-31": "-16.20280", "2015-12-31": "-31.11630", "2014-12-31": "-18.20310", "2013-12-31": "-41.17460", "2012-12-31": "-64.16330", "2011-12-31": "-85.58320", "2010-12-31": "-56.46660", "2009-12-31": "127.52140", "2008-12-31": "-16.95310", "2007-12-31": "-242.70530", "2006-12-31": "-308.92390", "2005-12-31": "-180.40270"}, "Asset Turnover": {"2019-12-31": "0.34720", "2018-12-31": "0.22480", "2017-12-31": "0.38870", "2016-12-31": "0.40850", "2015-12-31": "0.29930", "2014-12-31": "0.22410", "2013-12-31": "0.17390", "2012-12-31": "0.18700", "2011-12-31": "0.20430", "2010-12-31": "0.19710", "2009-12-31": "0.18500", "2008-12-31": "0.18710", "2007-12-31": "0.22540", "2006-12-31": "0.05810", "2005-12-31": "0.24120"}, "Inventory Turnover Ratio": {"2019-12-31": "0.24110", "2018-12-31": "0.21210", "2017-12-31": "", "2016-12-31": "", "2015-12-31": "", "2014-12-31": "", "2013-12-31": "", "2012-12-31": "", "2011-12-31": "", "2010-12-31": "", "2009-12-31": "", "2008-12-31": "", "2007-12-31": "", "2006-12-31": "", "2005-12-31": ""}, "Receiveable Turnover": {"2019-12-31": "17.80940", "2018-12-31": "47.00010", "2017-12-31": "8.16740", "2016-12-31": "3.45030", "2015-12-31": "24.98270", "2014-12-31": "54.87090", "2013-12-31": "13.26650", "2012-12-31": "195.49620", "2011-12-31": "14.31670", "2010-12-31": "87.33740", "2009-12-31": "11.15700", "2008-12-31": "26.01070", "2007-12-31": "12.00250", "2006-12-31": "6.20420", "2005-12-31": "10.24320"}, "Days Sales In Receivables": {"2019-12-31": "20.49480", "2018-12-31": "7.76590", "2017-12-31": "44.68980", "2016-12-31": "105.78930", "2015-12-31": "14.61010", "2014-12-31": "6.65200", "2013-12-31": "27.51290", "2012-12-31": "1.86700", "2011-12-31": "25.49470", "2010-12-31": "4.17920", "2009-12-31": "32.71490", "2008-12-31": "14.03270", "2007-12-31": "30.41040", "2006-12-31": "58.83140", "2005-12-31": "35.63330"}, "ROE - Return On Equity": {"2019-12-31": "18.00260", "2018-12-31": "18.10920", "2017-12-31": "-2.95200", "2016-12-31": "-60.66390", "2015-12-31": "-43.96530", "2014-12-31": "-15.12300", "2013-12-31": "-16.02690", "2012-12-31": "-35.82610", "2011-12-31": "-49.46570", "2010-12-31": "-25.04720", "2009-12-31": "-11.57240", "2008-12-31": "-9.85140", "2007-12-31": "-3904.88700", "2006-12-31": "-62.72040", "2005-12-31": "-2716.73600"}, "Return On Tangible Equity": {"2019-12-31": "18.28120", "2018-12-31": "18.48340", "2017-12-31": "-3.14120", "2016-12-31": "-76.26260", "2015-12-31": "-48.64500", "2014-12-31": "-16.20320", "2013-12-31": "-16.92540", "2012-12-31": "-41.56250", "2011-12-31": "-58.02760", "2010-12-31": "-28.30020", "2009-12-31": "-12.86970", "2008-12-31": "-12.70710", "2007-12-31": "98.24570", "2006-12-31": "-141.96150", "2005-12-31": "181.55630"}, "ROA - Return On Assets": {"2019-12-31": "9.37990", "2018-12-31": "8.05860", "2017-12-31": "-0.81520", "2016-12-31": "-6.61940", "2015-12-31": "-9.31300", "2014-12-31": "-4.07860", "2013-12-31": "-7.15850", "2012-12-31": "-11.99920", "2011-12-31": "-17.48860", "2010-12-31": "-11.12690", "2009-12-31": "-5.31910", "2008-12-31": "-2.53480", "2007-12-31": "-13.15390", "2006-12-31": "-16.80420", "2005-12-31": "-43.51730"}, "ROI - Return On Investment": {"2019-12-31": "12.27760", "2018-12-31": "11.81150", "2017-12-31": "-1.11030", "2016-12-31": "-9.81910", "2015-12-31": "-12.18530", "2014-12-31": "-6.08220", "2013-12-31": "-11.32970", "2012-12-31": "-19.59490", "2011-12-31": "-26.75050", "2010-12-31": "-15.98590", "2009-12-31": "-7.96910", "2008-12-31": "-5.27370", "2007-12-31": "-20.79590", "2006-12-31": "-21.35360", "2005-12-31": "-50.77920"}, "Book Value Per Share": {"2019-12-31": "12.00340", "2018-12-31": "8.60700", "2017-12-31": "2.92280", "2016-12-31": "0.81850", "2015-12-31": "1.66840", "2014-12-31": "2.17640", "2013-12-31": "3.24880", "2012-12-31": "1.80100", "2011-12-31": "1.71360", "2010-12-31": "2.46030", "2009-12-31": "3.05580", "2008-12-31": "1.51670", "2007-12-31": "0.01000", "2006-12-31": "0.83320", "2005-12-31": "0.03690"}, "Operating Cash Flow Per Share": {"2019-12-31": -2.0775, "2018-12-31": 3.1162, "2017-12-31": 2.3081, "2016-12-31": -1.1035, "2015-12-31": 0.1231, "2014-12-31": -0.5212, "2013-12-31": 0.5559, "2012-12-31": 1.1419, "2011-12-31": -0.4818, "2010-12-31": 0.4639, "2009-12-31": -3.3474, "2008-12-31": 1.8111, "2007-12-31": 1.1473, "2006-12-31": 0.2545, "2005-12-31": -0.9708}, "Free Cash Flow Per Share": {"2019-12-31": -2.1923, "2018-12-31": 3.2904, "2017-12-31": 2.0912, "2016-12-31": -1.098, "2015-12-31": 0.1227, "2014-12-31": -0.571, "2013-12-31": 0.5566, "2012-12-31": 1.2294, "2011-12-31": -0.4524, "2010-12-31": 0.4689, "2009-12-31": -3.3396, "2008-12-31": 1.694, "2007-12-31": 1.1339, "2006-12-31": 0.0243, "2005-12-31": -0.7546}}, "financial ratios, quarterly": {"Current Ratio": {"2020-09-30": "10.37320", "2020-06-30": "10.94140", "2020-03-31": "9.91390", "2019-12-31": "9.96540", "2019-09-30": "10.38970", "2019-06-30": "10.00870", "2019-03-31": "9.40280", "2018-12-31": "7.87700", "2018-09-30": "7.98970", "2018-06-30": "8.37940", "2018-03-31": "5.37650", "2017-12-31": "4.79750", "2017-09-30": "6.25460", "2017-06-30": "5.02900", "2017-03-31": "5.64180", "2016-12-31": "5.96430", "2016-09-30": "6.83240", "2016-06-30": "6.28340", "2016-03-31": "6.13610", "2015-12-31": "5.62210", "2015-09-30": "7.10540", "2015-06-30": "8.37590", "2015-03-31": "8.33030", "2014-12-31": "7.25380", "2014-09-30": "6.34670", "2014-06-30": "7.00080", "2014-03-31": "7.16070", "2013-12-31": "7.51960", "2013-09-30": "7.39080", "2013-06-30": "7.69080", "2013-03-31": "6.14310", "2012-12-31": "5.69730", "2012-09-30": "7.00730", "2012-06-30": "6.36400", "2012-03-31": "5.63330", "2011-12-31": "4.73170", "2011-09-30": "4.51380", "2011-06-30": "4.46530", "2011-03-31": "4.63350", "2010-12-31": "4.56260", "2010-09-30": "5.02940", "2010-06-30": "5.10280", "2010-03-31": "5.75940", "2009-12-31": "5.34910", "2009-09-30": "5.39790", "2009-06-30": "5.06420", "2009-03-31": "4.86360", "2008-12-31": "4.15710", "2008-09-30": "4.49970", "2008-06-30": "4.36770", "2008-03-31": "4.39630", "2007-12-31": "3.37390", "2007-09-30": "5.38570", "2007-06-30": "8.37150", "2007-03-31": "2.90430", "2006-12-31": "8.20250", "2006-09-30": "7.04480", "2006-06-30": "7.31100", "2006-03-31": "4.35270", "2005-12-31": "4.44910", "2005-09-30": "4.77900", "2005-06-30": "2.77770", "2005-03-31": "2.68960"}, "Long-term Debt / Capital": {"2020-09-30": "0.33650", "2020-06-30": "0.33520", "2020-03-31": "0.33600", "2019-12-31": "0.31800", "2019-09-30": "0.30460", "2019-06-30": "0.31260", "2019-03-31": "0.32020", "2018-12-31": "0.34780", "2018-09-30": "0.42620", "2018-06-30": "0.43320", "2018-03-31": "0.61350", "2017-12-31": "0.62390", "2017-09-30": "0.60040", "2017-06-30": "0.71150", "2017-03-31": "0.72170", "2016-12-31": "0.83810", "2016-09-30": "0.75180", "2016-06-30": "0.78420", "2016-03-31": "0.71550", "2015-12-31": "0.72280", "2015-09-30": "0.61930", "2015-06-30": "0.56730", "2015-03-31": "0.58470", "2014-12-31": "0.59780", "2014-09-30": "0.31630", "2014-06-30": "0.30130", "2014-03-31": "0.29630", "2013-12-31": "0.29310", "2013-09-30": "0.27870", "2013-06-30": "0.27810", "2013-03-31": "0.43050", "2012-12-31": "0.45310", "2012-09-30": "0.46980", "2012-06-30": "0.50200", "2012-03-31": "0.49400", "2011-12-31": "0.45920", "2011-09-30": "0.43520", "2011-06-30": "0.40180", "2011-03-31": "0.38060", "2010-12-31": "0.36180", "2010-09-30": "0.34760", "2010-06-30": "0.33910", "2010-03-31": "0.31610", "2009-12-31": "0.31140", "2009-09-30": "0.30820", "2009-06-30": "0.30170", "2009-03-31": "0.30220", "2008-12-31": "0.46470", "2008-09-30": "0.71160", "2008-06-30": "0.73990", "2008-03-31": "0.74890", "2007-12-31": "0.99470", "2007-09-30": "0.99860", "2007-06-30": "0.77890", "2007-03-31": "0.74740", "2006-12-31": "0.65950", "2006-09-30": "0.98840", "2006-06-30": "0.95300", "2006-03-31": "1.06280", "2005-12-31": "0.98130", "2005-09-30": "0.97230", "2005-06-30": "2.03280", "2005-03-31": "1.74820"}, "Debt/Equity Ratio": {"2020-09-30": "0.51090", "2020-06-30": "0.50740", "2020-03-31": "0.50860", "2019-12-31": "0.46750", "2019-09-30": "0.43950", "2019-06-30": "0.46470", "2019-03-31": "0.48150", "2018-12-31": "0.54480", "2018-09-30": "0.76010", "2018-06-30": "0.76560", "2018-03-31": "1.58720", "2017-12-31": "1.66300", "2017-09-30": "1.50290", "2017-06-30": "2.56580", "2017-03-31": "2.59410", "2016-12-31": "5.19000", "2016-09-30": "3.02890", "2016-06-30": "3.71090", "2016-03-31": "2.57110", "2015-12-31": "2.65300", "2015-09-30": "1.62980", "2015-06-30": "1.31500", "2015-03-31": "1.41530", "2014-12-31": "1.49760", "2014-09-30": "0.47320", "2014-06-30": "0.44270", "2014-03-31": "0.43260", "2013-12-31": "0.42620", "2013-09-30": "0.39790", "2013-06-30": "0.39730", "2013-03-31": "0.77840", "2012-12-31": "0.85500", "2012-09-30": "0.91670", "2012-06-30": "1.04230", "2012-03-31": "0.99600", "2011-12-31": "0.86890", "2011-09-30": "0.79280", "2011-06-30": "0.69480", "2011-03-31": "0.63700", "2010-12-31": "0.58990", "2010-09-30": "0.55310", "2010-06-30": "0.53200", "2010-03-31": "0.47630", "2009-12-31": "0.46630", "2009-09-30": "0.45900", "2009-06-30": "0.44180", "2009-03-31": "0.44260", "2008-12-31": "0.88200", "2008-09-30": "2.46740", "2008-06-30": "2.90710", "2008-03-31": "3.08240", "2007-12-31": "195.06880", "2007-09-30": "742.15090", "2007-06-30": "3.68050", "2007-03-31": "4.51150", "2006-12-31": "2.04680", "2006-09-30": "90.31070", "2006-06-30": "21.43830", "2006-03-31": "-17.89020", "2005-12-31": "55.44090", "2005-09-30": "37.16810", "2005-06-30": "-2.04160", "2005-03-31": "-2.42950"}, "Gross Margin": {"2020-09-30": "98.07220", "2020-06-30": "97.93040", "2020-03-31": "98.08950", "2019-12-31": "99.79500", "2019-09-30": "99.42400", "2019-06-30": "99.16730", "2019-03-31": "99.64980", "2018-12-31": "99.05260", "2018-09-30": "100.00000", "2018-06-30": "100.00000", "2018-03-31": "100.00000", "2017-12-31": "100.00000", "2017-09-30": "100.00000", "2017-06-30": "100.00000", "2017-03-31": "100.00000", "2016-12-31": "100.00000", "2016-09-30": "100.00000", "2016-06-30": "100.00000", "2016-03-31": "100.00000", "2015-12-31": "100.00000", "2015-09-30": "100.00000", "2015-06-30": "100.00000", "2015-03-31": "100.00000", "2014-12-31": "100.00000", "2014-09-30": "100.00000", "2014-06-30": "100.00000", "2014-03-31": "100.00000", "2013-12-31": "100.00000", "2013-09-30": "100.00000", "2013-06-30": "100.00000", "2013-03-31": "100.00000", "2012-12-31": "100.00000", "2012-09-30": "100.00000", "2012-06-30": "100.00000", "2012-03-31": "100.00000", "2011-12-31": "100.00000", "2011-09-30": "100.00000", "2011-06-30": "100.00000", "2011-03-31": "100.00000", "2010-12-31": "100.00000", "2010-09-30": "100.00000", "2010-06-30": "100.00000", "2010-03-31": "100.00000", "2009-12-31": "100.00000", "2009-09-30": "100.00000", "2009-06-30": "100.00000", "2009-03-31": "100.00000", "2008-12-31": "100.00000", "2008-09-30": "100.00000", "2008-06-30": "100.00000", "2008-03-31": "100.00000", "2007-12-31": "100.00000", "2007-09-30": "100.00000", "2007-06-30": "100.00000", "2007-03-31": "100.00000", "2006-12-31": "100.00000", "2006-09-30": "100.00000", "2006-06-30": "100.00000", "2006-03-31": "100.00000", "2005-12-31": "100.00000", "2005-09-30": "100.00000", "2005-06-30": "100.00000", "2005-03-31": "100.00000"}, "Operating Margin": {"2020-09-30": "-22.82440", "2020-06-30": "-35.56070", "2020-03-31": "-45.83370", "2019-12-31": "52.79780", "2019-09-30": "1.50270", "2019-06-30": "-11.49300", "2019-03-31": "40.89140", "2018-12-31": "5.61230", "2018-09-30": "-12.77350", "2018-06-30": "-42.70260", "2018-03-31": "-2.28570", "2017-12-31": "-3.69500", "2017-09-30": "9.56100", "2017-06-30": "5.74490", "2017-03-31": "16.82640", "2016-12-31": "36.09070", "2016-09-30": "14.52130", "2016-06-30": "-127.18220", "2016-03-31": "-148.21280", "2015-12-31": "-122.04530", "2015-09-30": "-97.99880", "2015-06-30": "37.07280", "2015-03-31": "-14.90820", "2014-12-31": "11.87830", "2014-09-30": "-48.77790", "2014-06-30": "-11.65110", "2014-03-31": "-105.34780", "2013-12-31": "-47.00340", "2013-09-30": "-108.14080", "2013-06-30": "-20.81280", "2013-03-31": "3.74770", "2012-12-31": "-131.42950", "2012-09-30": "-241.75500", "2012-06-30": "7.80730", "2012-03-31": "-79.42760", "2011-12-31": "-57.45150", "2011-09-30": "-107.73910", "2011-06-30": "-56.64100", "2011-03-31": "-76.17160", "2010-12-31": "-60.01900", "2010-09-30": "-31.25700", "2010-06-30": "-79.44520", "2010-03-31": "-16.30690", "2009-12-31": "-36.18300", "2009-09-30": "-38.83310", "2009-06-30": "-15.57500", "2009-03-31": "-2.03320", "2008-12-31": "-27.23870", "2008-09-30": "0.59740", "2008-06-30": "3.63940", "2008-03-31": "-33.96460", "2007-12-31": "-17.95540", "2007-09-30": "26.03350", "2007-06-30": "-515.60460", "2007-03-31": "-853.10200", "2006-12-31": "-608.71120", "2006-09-30": "-561.45090", "2006-06-30": "-390.90290", "2006-03-31": "-323.03340", "2005-12-31": "-58.79380", "2005-09-30": "-162.83180", "2005-06-30": "-122.00720", "2005-03-31": "-315.86940"}, "EBIT Margin": {"2020-09-30": "-22.82440", "2020-06-30": "-35.56070", "2020-03-31": "-45.83370", "2019-12-31": "52.79780", "2019-09-30": "1.50270", "2019-06-30": "-11.49300", "2019-03-31": "40.89140", "2018-12-31": "5.61230", "2018-09-30": "-12.77350", "2018-06-30": "-42.70260", "2018-03-31": "-2.28570", "2017-12-31": "-3.69510", "2017-09-30": "9.56100", "2017-06-30": "5.74490", "2017-03-31": "16.82640", "2016-12-31": "36.09070", "2016-09-30": "14.52130", "2016-06-30": "-127.18220", "2016-03-31": "-148.21280", "2015-12-31": "-122.04530", "2015-09-30": "-97.99880", "2015-06-30": "37.07280", "2015-03-31": "-14.90820", "2014-12-31": "11.87830", "2014-09-30": "-48.77790", "2014-06-30": "-11.65110", "2014-03-31": "-105.34780", "2013-12-31": "-47.00340", "2013-09-30": "-108.14080", "2013-06-30": "-20.81280", "2013-03-31": "3.74770", "2012-12-31": "-131.42950", "2012-09-30": "-241.75500", "2012-06-30": "7.80730", "2012-03-31": "-79.42760", "2011-12-31": "-57.45150", "2011-09-30": "-107.73910", "2011-06-30": "-56.64100", "2011-03-31": "-76.17160", "2010-12-31": "-60.01900", "2010-09-30": "-31.25700", "2010-06-30": "-79.44520", "2010-03-31": "-16.30690", "2009-12-31": "-36.18300", "2009-09-30": "-38.83310", "2009-06-30": "-15.57500", "2009-03-31": "-2.03320", "2008-12-31": "-27.23870", "2008-09-30": "0.59740", "2008-06-30": "3.63940", "2008-03-31": "-33.96460", "2007-12-31": "-17.95540", "2007-09-30": "26.03350", "2007-06-30": "-515.60460", "2007-03-31": "-853.10200", "2006-12-31": "-608.71110", "2006-09-30": "-561.45090", "2006-06-30": "-390.90290", "2006-03-31": "-323.03340", "2005-12-31": "-58.79380", "2005-09-30": "-162.83180", "2005-06-30": "-122.00720", "2005-03-31": "-315.86940"}, "EBITDA Margin": {"2020-09-30": "", "2020-06-30": "", "2020-03-31": "", "2019-12-31": "", "2019-09-30": "", "2019-06-30": "", "2019-03-31": "", "2018-12-31": "", "2018-09-30": "", "2018-06-30": "", "2018-03-31": "", "2017-12-31": "", "2017-09-30": "", "2017-06-30": "", "2017-03-31": "", "2016-12-31": "", "2016-09-30": "", "2016-06-30": "", "2016-03-31": "", "2015-12-31": "", "2015-09-30": "", "2015-06-30": "", "2015-03-31": "", "2014-12-31": "", "2014-09-30": "", "2014-06-30": "", "2014-03-31": "", "2013-12-31": "", "2013-09-30": "", "2013-06-30": "", "2013-03-31": "", "2012-12-31": "", "2012-09-30": "", "2012-06-30": "", "2012-03-31": "", "2011-12-31": "", "2011-09-30": "", "2011-06-30": "", "2011-03-31": "", "2010-12-31": "", "2010-09-30": "", "2010-06-30": "", "2010-03-31": "", "2009-12-31": "", "2009-09-30": "", "2009-06-30": "", "2009-03-31": "", "2008-12-31": "", "2008-09-30": "", "2008-06-30": "", "2008-03-31": "", "2007-12-31": "", "2007-09-30": "", "2007-06-30": "", "2007-03-31": "", "2006-12-31": "", "2006-09-30": "", "2006-06-30": "", "2006-03-31": "", "2005-12-31": "", "2005-09-30": "", "2005-06-30": "", "2005-03-31": ""}, "Pre-Tax Profit Margin": {"2020-09-30": "-25.26440", "2020-06-30": "-30.37580", "2020-03-31": "-46.29110", "2019-12-31": "48.26200", "2019-09-30": "2.09480", "2019-06-30": "-10.34050", "2019-03-31": "41.02470", "2018-12-31": "5.60400", "2018-09-30": "-13.69580", "2018-06-30": "-47.73970", "2018-03-31": "-7.47620", "2017-12-31": "-9.73350", "2017-09-30": "-5.52090", "2017-06-30": "-2.55000", "2017-03-31": "7.74090", "2016-12-31": "29.46520", "2016-09-30": "6.62690", "2016-06-30": "-148.39090", "2016-03-31": "-169.99780", "2015-12-31": "-137.79260", "2015-09-30": "-72.83240", "2015-06-30": "30.25630", "2015-03-31": "-27.97250", "2014-12-31": "18.43370", "2014-09-30": "-57.36790", "2014-06-30": "-19.62300", "2014-03-31": "-119.15770", "2013-12-31": "-56.22040", "2013-09-30": "-126.19460", "2013-06-30": "-29.68340", "2013-03-31": "-4.00370", "2012-12-31": "-55.56280", "2012-09-30": "-330.53190", "2012-06-30": "-2.54960", "2012-03-31": "-103.26230", "2011-12-31": "-61.83380", "2011-09-30": "-129.78320", "2011-06-30": "-72.03000", "2011-03-31": "-94.53820", "2010-12-31": "-52.59270", "2010-09-30": "-43.50900", "2010-06-30": "-107.01610", "2010-03-31": "-32.27290", "2009-12-31": "-44.98930", "2009-09-30": "-44.92920", "2009-06-30": "-11.91280", "2009-03-31": "-4.84860", "2008-12-31": "-31.82910", "2008-09-30": "1.90070", "2008-06-30": "1.55880", "2008-03-31": "-33.22450", "2007-12-31": "-50.32710", "2007-09-30": "28.91980", "2007-06-30": "-488.51300", "2007-03-31": "-809.22440", "2006-12-31": "400.13190", "2006-09-30": "-579.09620", "2006-06-30": "-360.68580", "2006-03-31": "-352.56150", "2005-12-31": "-54.04000", "2005-09-30": "-203.43250", "2005-06-30": "-185.60230", "2005-03-31": "-398.52190"}, "Net Profit Margin": {"2020-09-30": "-19.33050", "2020-06-30": "-21.88100", "2020-03-31": "-36.16040", "2019-12-31": "37.35540", "2019-09-30": "15.58320", "2019-06-30": "-0.53480", "2019-03-31": "28.41150", "2018-12-31": "166.60770", "2018-09-30": "-3.13560", "2018-06-30": "-34.27260", "2018-03-31": "-0.98330", "2017-12-31": "-1.74140", "2017-09-30": "-2.20680", "2017-06-30": "-2.74780", "2017-03-31": "7.74090", "2016-12-31": "27.89260", "2016-09-30": "6.62690", "2016-06-30": "-147.79050", "2016-03-31": "-170.62700", "2015-12-31": "-138.51390", "2015-09-30": "-72.83240", "2015-06-30": "29.60110", "2015-03-31": "-26.71170", "2014-12-31": "36.59280", "2014-09-30": "-60.54060", "2014-06-30": "-21.16650", "2014-03-31": "-111.07560", "2013-12-31": "-57.46070", "2013-09-30": "-104.17640", "2013-06-30": "-26.58300", "2013-03-31": "-3.85610", "2012-12-31": "-13.26920", "2012-09-30": "-324.44620", "2012-06-30": "-2.54960", "2012-03-31": "-103.27090", "2011-12-31": "-61.83380", "2011-09-30": "-129.78320", "2011-06-30": "-72.06620", "2011-03-31": "-94.54770", "2010-12-31": "-52.93340", "2010-09-30": "-43.50900", "2010-06-30": "-107.02460", "2010-03-31": "-32.27290", "2009-12-31": "-52.19930", "2009-09-30": "-43.26320", "2009-06-30": "-8.80870", "2009-03-31": "589.74540", "2008-12-31": "-34.61160", "2008-09-30": "5.47470", "2008-06-30": "-12.58120", "2008-03-31": "-31.48840", "2007-12-31": "-91.12270", "2007-09-30": "-272.58940", "2007-06-30": "-289.11620", "2007-03-31": "-531.42860", "2006-12-31": "-622.34940", "2006-09-30": "-372.11800", "2006-06-30": "-49.64570", "2006-03-31": "-352.56150", "2005-12-31": "-54.04000", "2005-09-30": "-203.43260", "2005-06-30": "-185.60230", "2005-03-31": "-398.52190"}, "Asset Turnover": {"2020-09-30": "0.05170", "2020-06-30": "0.04730", "2020-03-31": "0.04310", "2019-12-31": "0.15270", "2019-09-30": "0.05800", "2019-06-30": "0.05690", "2019-03-31": "0.10480", "2018-12-31": "0.07200", "2018-09-30": "0.06470", "2018-06-30": "0.05240", "2018-03-31": "0.11110", "2017-12-31": "0.12680", "2017-09-30": "0.09450", "2017-06-30": "0.10290", "2017-03-31": "0.10680", "2016-12-31": "0.20440", "2016-09-30": "0.13150", "2016-06-30": "0.04740", "2016-03-31": "0.04210", "2015-12-31": "0.05440", "2015-09-30": "0.04970", "2015-06-30": "0.12340", "2015-03-31": "0.06550", "2014-12-31": "0.08880", "2014-09-30": "0.05550", "2014-06-30": "0.06980", "2014-03-31": "0.03370", "2013-12-31": "0.04990", "2013-09-30": "0.02670", "2013-06-30": "0.04830", "2013-03-31": "0.07840", "2012-12-31": "0.03640", "2012-09-30": "0.02390", "2012-06-30": "0.10020", "2012-03-31": "0.04940", "2011-12-31": "0.06680", "2011-09-30": "0.04100", "2011-06-30": "0.04690", "2011-03-31": "0.04180", "2010-12-31": "0.04800", "2010-09-30": "0.04970", "2010-06-30": "0.03880", "2010-03-31": "0.04990", "2009-12-31": "0.04910", "2009-09-30": "0.03930", "2009-06-30": "0.04370", "2009-03-31": "0.04360", "2008-12-31": "0.05180", "2008-09-30": "0.05040", "2008-06-30": "0.04870", "2008-03-31": "0.04530", "2007-12-31": "0.05200", "2007-09-30": "0.18140", "2007-06-30": "0.01450", "2007-03-31": "0.00700", "2006-12-31": "0.00890", "2006-09-30": "0.01730", "2006-06-30": "0.02170", "2006-03-31": "0.03290", "2005-12-31": "0.08800", "2005-09-30": "0.04200", "2005-06-30": "0.07230", "2005-03-31": "0.04240"}, "Inventory Turnover Ratio": {"2020-09-30": "0.13920", "2020-06-30": "0.12700", "2020-03-31": "0.11130", "2019-12-31": "0.05570", "2019-09-30": "0.04990", "2019-06-30": "0.07370", "2019-03-31": "0.09410", "2018-12-31": "", "2018-09-30": "", "2018-06-30": "", "2018-03-31": "", "2017-12-31": "", "2017-09-30": "", "2017-06-30": "", "2017-03-31": "", "2016-12-31": "", "2016-09-30": "", "2016-06-30": "", "2016-03-31": "", "2015-12-31": "", "2015-09-30": "", "2015-06-30": "", "2015-03-31": "", "2014-12-31": "", "2014-09-30": "", "2014-06-30": "", "2014-03-31": "", "2013-12-31": "", "2013-09-30": "", "2013-06-30": "", "2013-03-31": "", "2012-12-31": "", "2012-09-30": "", "2012-06-30": "", "2012-03-31": "", "2011-12-31": "", "2011-09-30": "", "2011-06-30": "", "2011-03-31": "", "2010-12-31": "", "2010-09-30": "", "2010-06-30": "", "2010-03-31": "", "2009-12-31": "", "2009-09-30": "", "2009-06-30": "", "2009-03-31": "", "2008-12-31": "", "2008-09-30": "", "2008-06-30": "", "2008-03-31": "", "2007-12-31": "", "2007-09-30": "", "2007-06-30": "", "2007-03-31": "", "2006-12-31": "", "2006-09-30": "", "2006-06-30": "", "2006-03-31": "", "2005-12-31": "", "2005-09-30": "", "2005-06-30": "", "2005-03-31": ""}, "Receiveable Turnover": {"2020-09-30": "4.10700", "2020-06-30": "5.22870", "2020-03-31": "4.66240", "2019-12-31": "7.83200", "2019-09-30": "3.42100", "2019-06-30": "5.18150", "2019-03-31": "28.43610", "2018-12-31": "15.05710", "2018-09-30": "9.86930", "2018-06-30": "7.02510", "2018-03-31": "3.91830", "2017-12-31": "2.66530", "2017-09-30": "2.75640", "2017-06-30": "2.21820", "2017-03-31": "1.66960", "2016-12-31": "1.72620", "2016-09-30": "12.98300", "2016-06-30": "51.56840", "2016-03-31": "2.23750", "2015-12-31": "4.54130", "2015-09-30": "26.90090", "2015-06-30": "36.89580", "2015-03-31": "2.32360", "2014-12-31": "21.74250", "2014-09-30": "1.67460", "2014-06-30": "1.36090", "2014-03-31": "2.86680", "2013-12-31": "3.80540", "2013-09-30": "1.86520", "2013-06-30": "18.82020", "2013-03-31": "36.99660", "2012-12-31": "38.07090", "2012-09-30": "3.33750", "2012-06-30": "30.38510", "2012-03-31": "16.84920", "2011-12-31": "4.68180", "2011-09-30": "11.14800", "2011-06-30": "4.37490", "2011-03-31": "35.78170", "2010-12-31": "21.27210", "2010-09-30": "21.34530", "2010-06-30": "4.66330", "2010-03-31": "15.71740", "2009-12-31": "2.96000", "2009-09-30": "45.68430", "2009-06-30": "39.58110", "2009-03-31": "13.43090", "2008-12-31": "7.19460", "2008-09-30": "5.86800", "2008-06-30": "4.64180", "2008-03-31": "4.21640", "2007-12-31": "2.76690", "2007-09-30": "4.18220", "2007-06-30": "1.66070", "2007-03-31": "1.19110", "2006-12-31": "0.94910", "2006-09-30": "1.09940", "2006-06-30": "1.67110", "2006-03-31": "1.41540", "2005-12-31": "3.73690", "2005-09-30": "1.77190", "2005-06-30": "2.37700", "2005-03-31": "2.55650"}, "Days Sales In Receivables": {"2020-09-30": "21.91370", "2020-06-30": "17.21250", "2020-03-31": "19.30350", "2019-12-31": "11.49140", "2019-09-30": "26.30820", "2019-06-30": "17.36950", "2019-03-31": "3.16500", "2018-12-31": "5.97730", "2018-09-30": "9.11920", "2018-06-30": "12.81130", "2018-03-31": "22.96940", "2017-12-31": "33.76770", "2017-09-30": "32.65180", "2017-06-30": "40.57390", "2017-03-31": "53.90440", "2016-12-31": "52.13730", "2016-09-30": "6.93210", "2016-06-30": "1.74530", "2016-03-31": "40.22350", "2015-12-31": "19.81810", "2015-09-30": "3.34560", "2015-06-30": "2.43930", "2015-03-31": "38.73350", "2014-12-31": "4.13940", "2014-09-30": "53.74510", "2014-06-30": "66.13450", "2014-03-31": "31.39340", "2013-12-31": "23.65040", "2013-09-30": "48.25310", "2013-06-30": "4.78210", "2013-03-31": "2.43270", "2012-12-31": "2.36400", "2012-09-30": "26.96660", "2012-06-30": "2.96200", "2012-03-31": "5.34150", "2011-12-31": "19.22320", "2011-09-30": "8.07320", "2011-06-30": "20.57210", "2011-03-31": "2.51530", "2010-12-31": "4.23090", "2010-09-30": "4.21640", "2010-06-30": "19.29970", "2010-03-31": "5.72610", "2009-12-31": "30.40550", "2009-09-30": "1.97000", "2009-06-30": "2.27380", "2009-03-31": "6.70100", "2008-12-31": "12.50940", "2008-09-30": "15.33750", "2008-06-30": "19.38900", "2008-03-31": "21.34530", "2007-12-31": "32.52710", "2007-09-30": "21.51980", "2007-06-30": "54.19360", "2007-03-31": "75.56330", "2006-12-31": "94.83060", "2006-09-30": "81.86600", "2006-06-30": "53.85600", "2006-03-31": "63.58810", "2005-12-31": "24.08440", "2005-09-30": "50.79240", "2005-06-30": "37.86250", "2005-03-31": "35.20430"}, "ROE - Return On Equity": {"2020-09-30": "-2.68250", "2020-06-30": "-2.74450", "2020-03-31": "-3.72390", "2019-12-31": "12.10760", "2019-09-30": "1.23050", "2019-06-30": "-0.68710", "2019-03-31": "6.55060", "2018-12-31": "25.50050", "2018-09-30": "-2.42400", "2018-06-30": "-6.92040", "2018-03-31": "-2.79310", "2017-12-31": "-2.51010", "2017-09-30": "-1.88420", "2017-06-30": "-1.43110", "2017-03-31": "4.44190", "2016-12-31": "52.24830", "2016-09-30": "5.26430", "2016-06-30": "-51.12270", "2016-03-31": "-39.78010", "2015-12-31": "-35.57600", "2015-09-30": "-14.57780", "2015-06-30": "11.87000", "2015-03-31": "-6.06020", "2014-12-31": "12.04630", "2014-09-30": "-7.73730", "2014-06-30": "-3.29310", "2014-03-31": "-8.36140", "2013-12-31": "-6.41560", "2013-09-30": "-6.12040", "2013-06-30": "-2.52470", "2013-03-31": "-0.83150", "2012-12-31": "-1.44280", "2012-09-30": "-22.10460", "2012-06-30": "-0.78220", "2012-03-31": "-15.90420", "2011-12-31": "-11.68960", "2011-09-30": "-14.38890", "2011-06-30": "-8.42960", "2011-03-31": "-8.77900", "2010-12-31": "-5.71890", "2010-09-30": "-4.90880", "2010-06-30": "-9.59240", "2010-03-31": "-3.39550", "2009-12-31": "-5.57230", "2009-09-30": "-4.18340", "2009-06-30": "-1.20370", "2009-03-31": "-0.55870", "2008-12-31": "-6.40320", "2008-09-30": "0.82260", "2008-06-30": "0.78440", "2008-03-31": "-11.17700", "2007-12-31": "-3441.91900", "2007-09-30": "8625.66800", "2007-06-30": "-23.31450", "2007-03-31": "-22.88310", "2006-12-31": "-16.40240", "2006-09-30": "-767.60520", "2006-06-30": "-32.35520", "2006-03-31": "214.47910", "2005-12-31": "-296.88570", "2005-09-30": "-375.54300", "2005-06-30": "15.82990", "2005-03-31": "28.47620"}, "Return On Tangible Equity": {"2020-09-30": "-2.73050", "2020-06-30": "-2.79300", "2020-03-31": "-3.78840", "2019-12-31": "12.29500", "2019-09-30": "1.25300", "2019-06-30": "-0.69960", "2019-03-31": "6.67190", "2018-12-31": "26.02740", "2018-09-30": "-2.49540", "2018-06-30": "-7.12480", "2018-03-31": "-2.96880", "2017-12-31": "-2.67100", "2017-09-30": "-1.99410", "2017-06-30": "-1.58850", "2017-03-31": "4.96260", "2016-12-31": "65.68310", "2016-09-30": "6.19240", "2016-06-30": "-63.12940", "2016-03-31": "-45.58610", "2015-12-31": "-39.36270", "2015-09-30": "-15.92590", "2015-06-30": "12.75390", "2015-03-31": "-6.53740", "2014-12-31": "12.90680", "2014-09-30": "-8.21470", "2014-06-30": "-3.48660", "2014-03-31": "-8.84570", "2013-12-31": "-6.77530", "2013-09-30": "-6.54170", "2013-06-30": "-2.69740", "2013-03-31": "-0.95280", "2012-12-31": "-1.67380", "2012-09-30": "-25.97480", "2012-06-30": "-0.93710", "2012-03-31": "-19.13780", "2011-12-31": "-13.71300", "2011-09-30": "-16.87840", "2011-06-30": "-9.68840", "2011-03-31": "-9.98330", "2010-12-31": "-6.46160", "2010-09-30": "-5.54480", "2010-06-30": "-10.81320", "2010-03-31": "-3.79470", "2009-12-31": "-6.19700", "2009-09-30": "-4.65660", "2009-06-30": "-1.34150", "2009-03-31": "-0.62680", "2008-12-31": "-8.25930", "2008-09-30": "1.72280", "2008-06-30": "2.05530", "2008-03-31": "-34.46230", "2007-12-31": "86.59760", "2007-09-30": "-53.98980", "2007-06-30": "-114.34490", "2007-03-31": "-68.49030", "2006-12-31": "-37.12530", "2006-09-30": "32.29470", "2006-06-30": "6.28160", "2006-03-31": "34.81310", "2005-12-31": "19.84050", "2005-09-30": "37.49780", "2005-06-30": "11.63290", "2005-03-31": "19.84930"}, "ROA - Return On Assets": {"2020-09-30": "-1.39200", "2020-06-30": "-1.42160", "2020-03-31": "-1.89200", "2019-12-31": "6.30840", "2019-09-30": "0.63670", "2019-06-30": "-0.34790", "2019-03-31": "3.20480", "2018-12-31": "11.34770", "2018-09-30": "-0.90600", "2018-06-30": "-2.51720", "2018-03-31": "-0.83200", "2017-12-31": "-0.69320", "2017-09-30": "-0.59820", "2017-06-30": "-0.28280", "2017-03-31": "0.82690", "2016-12-31": "5.70110", "2016-09-30": "0.87140", "2016-06-30": "-7.00950", "2016-03-31": "-7.18380", "2015-12-31": "-7.53590", "2015-09-30": "-3.62100", "2015-06-30": "3.65150", "2015-03-31": "-1.74970", "2014-12-31": "3.24890", "2014-09-30": "-3.36050", "2014-06-30": "-1.47730", "2014-03-31": "-3.74780", "2013-12-31": "-2.86560", "2013-09-30": "-2.78600", "2013-06-30": "-1.28400", "2013-03-31": "-0.30240", "2012-12-31": "-0.48320", "2012-09-30": "-7.74970", "2012-06-30": "-0.25550", "2012-03-31": "-5.09660", "2011-12-31": "-4.13290", "2011-09-30": "-5.31490", "2011-06-30": "-3.37800", "2011-03-31": "-3.95100", "2010-12-31": "-2.54050", "2010-09-30": "-2.16270", "2010-06-30": "-4.14840", "2010-03-31": "-1.61040", "2009-12-31": "-2.56120", "2009-09-30": "-1.87370", "2009-06-30": "-0.51910", "2009-03-31": "-0.23340", "2008-12-31": "-1.64760", "2008-09-30": "0.09580", "2008-06-30": "0.07600", "2008-03-31": "-1.50580", "2007-12-31": "-11.59440", "2007-09-30": "9.39280", "2007-06-30": "-4.18760", "2007-03-31": "-3.72100", "2006-12-31": "-4.39460", "2006-09-30": "-6.44680", "2006-06-30": "-1.07570", "2006-03-31": "-11.60410", "2005-12-31": "-4.75560", "2005-09-30": "-8.55330", "2005-06-30": "-13.41670", "2005-03-31": "-16.88490"}, "ROI - Return On Investment": {"2020-09-30": "-1.77970", "2020-06-30": "-1.82440", "2020-03-31": "-2.47270", "2019-12-31": "8.25730", "2019-09-30": "0.85560", "2019-06-30": "-0.47230", "2019-03-31": "4.45290", "2018-12-31": "16.63240", "2018-09-30": "-1.39080", "2018-06-30": "-3.92270", "2018-03-31": "-1.07960", "2017-12-31": "-0.94420", "2017-09-30": "-0.75290", "2017-06-30": "-0.41290", "2017-03-31": "1.23600", "2016-12-31": "8.45700", "2016-09-30": "1.30670", "2016-06-30": "-11.03330", "2016-03-31": "-11.31620", "2015-12-31": "-9.86010", "2015-09-30": "-5.55000", "2015-06-30": "5.13640", "2015-03-31": "-2.51680", "2014-12-31": "4.84480", "2014-09-30": "-5.29030", "2014-06-30": "-2.30080", "2014-03-31": "-5.88380", "2013-12-31": "-4.53530", "2013-09-30": "-4.41480", "2013-06-30": "-1.82270", "2013-03-31": "-0.47350", "2012-12-31": "-0.78910", "2012-09-30": "-11.71890", "2012-06-30": "-0.38950", "2012-03-31": "-8.04680", "2011-12-31": "-6.32160", "2011-09-30": "-8.12670", "2011-06-30": "-5.04260", "2011-03-31": "-5.43790", "2010-12-31": "-3.64990", "2010-09-30": "-3.20240", "2010-06-30": "-6.33990", "2010-03-31": "-2.32220", "2009-12-31": "-3.83730", "2009-09-30": "-2.89410", "2009-06-30": "-0.84060", "2009-03-31": "-0.38990", "2008-12-31": "-3.42780", "2008-09-30": "0.23720", "2008-06-30": "0.20400", "2008-03-31": "-2.80670", "2007-12-31": "-18.33030", "2007-09-30": "12.12880", "2007-06-30": "-5.15530", "2007-03-31": "-5.77930", "2006-12-31": "-5.58430", "2006-09-30": "-8.88030", "2006-06-30": "-1.52010", "2006-03-31": "-13.46770", "2005-12-31": "-5.54920", "2005-09-30": "-10.40000", "2005-06-30": "-16.34940", "2005-03-31": "-21.30480"}, "Book Value Per Share": {"2020-09-30": "11.49110", "2020-06-30": "11.43310", "2020-03-31": "11.27510", "2019-12-31": "12.00330", "2019-09-30": "10.65140", "2019-06-30": "10.37950", "2019-03-31": "9.93680", "2018-12-31": "8.60700", "2018-09-30": "6.10990", "2018-06-30": "5.95990", "2018-03-31": "3.08570", "2017-12-31": "2.92280", "2017-09-30": "3.19110", "2017-06-30": "1.73640", "2017-03-31": "1.62900", "2016-12-31": "0.81850", "2016-09-30": "1.15260", "2016-06-30": "0.92020", "2016-03-31": "1.31020", "2015-12-31": "1.66840", "2015-09-30": "2.04460", "2015-06-30": "2.50510", "2015-03-31": "2.30640", "2014-12-31": "2.17640", "2014-09-30": "2.92200", "2014-06-30": "3.11770", "2014-03-31": "3.18270", "2013-12-31": "3.24880", "2013-09-30": "3.46080", "2013-06-30": "3.50930", "2013-03-31": "1.95810", "2012-12-31": "1.80100", "2012-09-30": "1.68270", "2012-06-30": "1.53820", "2012-03-31": "1.50600", "2011-12-31": "1.71360", "2011-09-30": "1.87340", "2011-06-30": "2.13030", "2011-03-31": "2.28660", "2010-12-31": "2.46030", "2010-09-30": "2.55690", "2010-06-30": "2.64570", "2010-03-31": "2.87090", "2009-12-31": "3.05580", "2009-09-30": "3.09850", "2009-06-30": "3.11560", "2009-03-31": "3.08960", "2008-12-31": "1.51670", "2008-09-30": "0.70810", "2008-06-30": "0.61840", "2008-03-31": "0.58740", "2007-12-31": "0.01000", "2007-09-30": "0.00270", "2007-06-30": "0.57250", "2007-03-31": "0.68970", "2006-12-31": "0.83320", "2006-09-30": "0.02130", "2006-06-30": "0.09210", "2006-03-31": "-0.11210", "2005-12-31": "0.03690", "2005-09-30": "0.05600", "2005-06-30": "-2.15890", "2005-03-31": "-1.81050"}, "Operating Cash Flow Per Share": {"2020-09-30": -0.0732, "2020-06-30": -0.3168, "2020-03-31": "-0.05440", "2019-12-31": 1.9471, "2019-09-30": -0.102, "2019-06-30": -0.1863, "2019-03-31": "0.76100", "2018-12-31": 0.9486, "2018-09-30": -0.4401, "2018-06-30": 3.8838, "2018-03-31": "0.10500", "2017-12-31": 0.1449, "2017-09-30": 0.2278, "2017-06-30": 0.0269, "2017-03-31": "0.98150", "2016-12-31": -0.2359, "2016-09-30": 0.2158, "2016-06-30": -0.2786, "2016-03-31": "-0.62830", "2015-12-31": -0.3119, "2015-09-30": 0.3132, "2015-06-30": 0.5352, "2015-03-31": "-0.36000", "2014-12-31": 0.6, "2014-09-30": 0.0176, "2014-06-30": -0.2882, "2014-03-31": "-0.27600", "2013-12-31": -0.102, "2013-09-30": 0.5645, "2013-06-30": 0.2159, "2013-03-31": "-0.10380", "2012-12-31": 0.358, "2012-09-30": -0.2466, "2012-06-30": -0.0257, "2012-03-31": "-0.06700", "2011-12-31": -0.2285, "2011-09-30": -0.2319, "2011-06-30": -0.2627, "2011-03-31": "-0.40010", "2010-12-31": -0.2574, "2010-09-30": -0.2159, "2010-06-30": 0.051, "2010-03-31": "-0.21910", "2009-12-31": -0.3213, "2009-09-30": -0.3272, "2009-06-30": -0.1041, "2009-03-31": "-0.35270", "2008-12-31": -0.0658, "2008-09-30": -0.3618, "2008-06-30": 1.8424, "2008-03-31": "0.82730", "2007-12-31": 0.5473, "2007-09-30": 0.1522, "2007-06-30": -0.0163, "2007-03-31": "-0.25220", "2006-12-31": -0.1136, "2006-09-30": -0.1853, "2006-06-30": -0.194, "2006-03-31": "-0.22340", "2005-12-31": -0.2316, "2005-09-30": -0.0196, "2005-06-30": -0.3366, "2005-03-31": "-0.38300"}, "Free Cash Flow Per Share": {"2020-09-30": -0.1572, "2020-06-30": -0.3822, "2020-03-31": "-0.11950", "2019-12-31": 1.8922, "2019-09-30": -0.2117, "2019-06-30": -0.2152, "2019-03-31": "0.73820", "2018-12-31": 0.9361, "2018-09-30": -0.4593, "2018-06-30": 3.8327, "2018-03-31": "0.08630", "2017-12-31": 0.0823, "2017-09-30": 0.091, "2017-06-30": -0.0235, "2017-03-31": "0.95560", "2016-12-31": -0.2597, "2016-09-30": 0.2078, "2016-06-30": -0.3004, "2016-03-31": "-0.63350", "2015-12-31": -0.3322, "2015-09-30": 0.3001, "2015-06-30": 0.5117, "2015-03-31": "-0.36740", "2014-12-31": 0.5698, "2014-09-30": 0.0103, "2014-06-30": -0.3026, "2014-03-31": "-0.28800", "2013-12-31": -0.1064, "2013-09-30": 0.5603, "2013-06-30": 0.2126, "2013-03-31": "-0.10600", "2012-12-31": 0.3534, "2012-09-30": -0.2482, "2012-06-30": -0.0332, "2012-03-31": "-0.06810", "2011-12-31": -0.2412, "2011-09-30": -0.2614, "2011-06-30": -0.2969, "2011-03-31": "-0.42600", "2010-12-31": -0.2607, "2010-09-30": -0.2242, "2010-06-30": 0.0421, "2010-03-31": "-0.33030", "2009-12-31": -0.3394, "2009-09-30": -0.3416, "2009-06-30": -0.1761, "2009-03-31": "-0.38490", "2008-12-31": -0.1399, "2008-09-30": -0.3878, "2008-06-30": 1.8132, "2008-03-31": "0.81210", "2007-12-31": 0.5372, "2007-09-30": 0.1466, "2007-06-30": -0.0215, "2007-03-31": "-0.25870", "2006-12-31": -0.1126, "2006-09-30": -0.1943, "2006-06-30": -0.1984, "2006-03-31": "-0.22500", "2005-12-31": -0.1372, "2005-09-30": 0.0906, "2005-06-30": -0.323, "2005-03-31": "-0.38500"}}, "revenue": {"Ionis Pharmaceuticals Annual Revenue (Millions of US $)": {"2019": "$1,123", "2018": "$600", "2017": "$514", "2016": "$373", "2015": "$284", "2014": "$214", "2013": "$147", "2012": "$102", "2011": "$99", "2010": "$108", "2009": "$122", "2008": "$107", "2007": "$58", "2006": "$15", "2005": "$40"}, "Ionis Pharmaceuticals Quarterly Revenue (Millions of US $)": {"2020-09-30": "$160", "2020-06-30": "$146", "2020-03-31": "$133", "2019-12-31": "$494", "2019-09-30": "$168", "2019-06-30": "$164", "2019-03-31": "$297", "2018-12-31": "$192", "2018-09-30": "$145", "2018-06-30": "$118", "2018-03-31": "$144", "2017-12-31": "$168", "2017-09-30": "$118", "2017-06-30": "$112", "2017-03-31": "$116", "2016-12-31": "$187", "2016-09-30": "$111", "2016-06-30": "$38", "2016-03-31": "$37", "2015-12-31": "$52", "2015-09-30": "$49", "2015-06-30": "$120", "2015-03-31": "$63", "2014-12-31": "$85", "2014-09-30": "$44", "2014-06-30": "$57", "2014-03-31": "$28", "2013-12-31": "$42", "2013-09-30": "$24", "2013-06-30": "$38", "2013-03-31": "$43", "2012-12-31": "$20", "2012-09-30": "$12", "2012-06-30": "$47", "2012-03-31": "$23", "2011-12-31": "$32", "2011-09-30": "$21", "2011-06-30": "$25", "2011-03-31": "$21", "2010-12-31": "$26", "2010-09-30": "$29", "2010-06-30": "$24", "2010-03-31": "$30", "2009-12-31": "$32", "2009-09-30": "$27", "2009-06-30": "$31", "2009-03-31": "$32", "2008-12-31": "$30", "2008-09-30": "$29", "2008-06-30": "$30", "2008-03-31": "$18", "2007-12-31": "$13", "2007-09-30": "$39", "2007-06-30": "$4", "2007-03-31": "$2", "2006-12-31": "$2", "2006-09-30": "$3", "2006-06-30": "$4", "2006-03-31": "$5", "2005-12-31": "$15", "2005-09-30": "$7", "2005-06-30": "$11", "2005-03-31": "$7"}}, "gross-profit": {"Ionis Pharmaceuticals Annual Gross Profit (Millions of US $)": {"2019": "$1,118", "2018": "$598", "2017": "$514", "2016": "$373", "2015": "$284", "2014": "$214", "2013": "$147", "2012": "$102", "2011": "$99", "2010": "$108", "2009": "$122", "2008": "$107", "2007": "$58", "2006": "$15", "2005": "$40"}, "Ionis Pharmaceuticals Quarterly Gross Profit (Millions of US $)": {"2020-09-30": "$157", "2020-06-30": "$143", "2020-03-31": "$131", "2019-12-31": "$493", "2019-09-30": "$167", "2019-06-30": "$162", "2019-03-31": "$296", "2018-12-31": "$192", "2018-09-30": "$145", "2018-06-30": "$118", "2018-03-31": "$144", "2017-12-31": "$168", "2017-09-30": "$118", "2017-06-30": "$112", "2017-03-31": "$116", "2016-12-31": "$187", "2016-09-30": "$111", "2016-06-30": "$38", "2016-03-31": "$37", "2015-12-31": "$52", "2015-09-30": "$49", "2015-06-30": "$120", "2015-03-31": "$63", "2014-12-31": "$85", "2014-09-30": "$44", "2014-06-30": "$57", "2014-03-31": "$28", "2013-12-31": "$42", "2013-09-30": "$24", "2013-06-30": "$38", "2013-03-31": "$43", "2012-12-31": "$20", "2012-09-30": "$12", "2012-06-30": "$47", "2012-03-31": "$23", "2011-12-31": "$32", "2011-09-30": "$21", "2011-06-30": "$25", "2011-03-31": "$21", "2010-12-31": "$26", "2010-09-30": "$29", "2010-06-30": "$24", "2010-03-31": "$30", "2009-12-31": "$32", "2009-09-30": "$27", "2009-06-30": "$31", "2009-03-31": "$32", "2008-12-31": "$30", "2008-09-30": "$29", "2008-06-30": "$30", "2008-03-31": "$18", "2007-12-31": "$13", "2007-09-30": "$39", "2007-06-30": "$4", "2007-03-31": "$2", "2006-12-31": "$2", "2006-09-30": "$3", "2006-06-30": "$4", "2006-03-31": "$5", "2005-12-31": "$15", "2005-09-30": "$7", "2005-06-30": "$11", "2005-03-31": "$7"}}, "operating-income": {"Ionis Pharmaceuticals Annual Operating Income (Millions of US $)": {"2019": "$366", "2018": "$-61", "2017": "$31", "2016": "$-20", "2015": "$-76", "2014": "$-48", "2013": "$-52", "2012": "$-69", "2011": "$-71", "2010": "$-48", "2009": "$-28", "2008": "$-13", "2007": "$-33", "2006": "$-65", "2005": "$-57"}, "Ionis Pharmaceuticals Quarterly Operating Income (Millions of US $)": {"2020-09-30": "$-37", "2020-06-30": "$-52", "2020-03-31": "$-61", "2019-12-31": "$261", "2019-09-30": "$3", "2019-06-30": "$-19", "2019-03-31": "$122", "2018-12-31": "$11", "2018-09-30": "$-19", "2018-06-30": "$-50", "2018-03-31": "$-3", "2017-12-31": "$-6", "2017-09-30": "$11", "2017-06-30": "$6", "2017-03-31": "$19", "2016-12-31": "$67", "2016-09-30": "$16", "2016-06-30": "$-49", "2016-03-31": "$-55", "2015-12-31": "$-63", "2015-09-30": "$-48", "2015-06-30": "$45", "2015-03-31": "$-9", "2014-12-31": "$10", "2014-09-30": "$-21", "2014-06-30": "$-7", "2014-03-31": "$-30", "2013-12-31": "$-20", "2013-09-30": "$-26", "2013-06-30": "$-8", "2013-03-31": "$2", "2012-12-31": "$-26", "2012-09-30": "$-28", "2012-06-30": "$4", "2012-03-31": "$-18", "2011-12-31": "$-19", "2011-09-30": "$-22", "2011-06-30": "$-14", "2011-03-31": "$-16", "2010-12-31": "$-16", "2010-09-30": "$-9", "2010-06-30": "$-19", "2010-03-31": "$-5", "2009-12-31": "$-12", "2009-09-30": "$-10", "2009-06-30": "$-5", "2009-03-31": "$-1", "2008-12-31": "$-8", "2008-09-30": "$0", "2008-06-30": "$1", "2008-03-31": "$-6", "2007-12-31": "$-2", "2007-09-30": "$10", "2007-06-30": "$-20", "2007-03-31": "$-21", "2006-12-31": "$-14", "2006-09-30": "$-18", "2006-06-30": "$-17", "2006-03-31": "$-16", "2005-12-31": "$-9", "2005-09-30": "$-12", "2005-06-30": "$-13", "2005-03-31": "$-24"}}, "ebitda": {"Ionis Pharmaceuticals Annual EBITDA (Millions of US $)": {"2019": "$414", "2018": "$-15", "2017": "$82", "2016": "$27", "2015": "$-28", "2014": "$-15", "2013": "$-23", "2012": "$-38", "2011": "$-42", "2010": "$-26", "2009": "$-9", "2008": "$1", "2007": "$-21", "2006": "$-57", "2005": "$-46"}, "Ionis Pharmaceuticals Quarterly EBITDA (Millions of US $)": {"2020-09-30": "$-18", "2020-06-30": "$-35", "2020-03-31": "$-47", "2019-12-31": "$275", "2019-09-30": "$14", "2019-06-30": "$-8", "2019-03-31": "$132", "2018-12-31": "$22", "2018-09-30": "$-7", "2018-06-30": "$-38", "2018-03-31": "$9", "2017-12-31": "$5", "2017-09-30": "$24", "2017-06-30": "$21", "2017-03-31": "$33", "2016-12-31": "$79", "2016-09-30": "$28", "2016-06-30": "$-37", "2016-03-31": "$-43", "2015-12-31": "$-50", "2015-09-30": "$-36", "2015-06-30": "$56", "2015-03-31": "$2", "2014-12-31": "$20", "2014-09-30": "$-14", "2014-06-30": "$2", "2014-03-31": "$-23", "2013-12-31": "$-12", "2013-09-30": "$-18", "2013-06-30": "$-1", "2013-03-31": "$9", "2012-12-31": "$-26", "2012-09-30": "$-28", "2012-06-30": "$4", "2012-03-31": "$-18", "2011-12-31": "$-19", "2011-09-30": "$-22", "2011-06-30": "$-14", "2011-03-31": "$-16", "2010-12-31": "$-16", "2010-09-30": "$-9", "2010-06-30": "$-19", "2010-03-31": "$-5", "2009-12-31": "$-12", "2009-09-30": "$-10", "2009-06-30": "$-5", "2009-03-31": "$-1", "2008-12-31": "$-8", "2008-09-30": "$0", "2008-06-30": "$1", "2008-03-31": "$-6", "2007-12-31": "$-2", "2007-09-30": "$10", "2007-06-30": "$-20", "2007-03-31": "$-21", "2006-12-31": "$-14", "2006-09-30": "$-18", "2006-06-30": "$-17", "2006-03-31": "$-16", "2005-12-31": "$-9", "2005-09-30": "$-12", "2005-06-30": "$-13", "2005-03-31": "$-24"}}, "net-income": {"Ionis Pharmaceuticals Annual Net Income (Millions of US $)": {"2019": "$294", "2018": "$274", "2017": "$0", "2016": "$-60", "2015": "$-88", "2014": "$-39", "2013": "$-61", "2012": "$-65", "2011": "$-85", "2010": "$-61", "2009": "$155", "2008": "$-18", "2007": "$-142", "2006": "$-46", "2005": "$-72"}, "Ionis Pharmaceuticals Quarterly Net Income (Millions of US $)": {"2020-09-30": "$-31", "2020-06-30": "$-32", "2020-03-31": "$-48", "2019-12-31": "$184", "2019-09-30": "$26", "2019-06-30": "$-1", "2019-03-31": "$84", "2018-12-31": "$320", "2018-09-30": "$-5", "2018-06-30": "$-40", "2018-03-31": "$-1", "2017-12-31": "$-3", "2017-09-30": "$-3", "2017-06-30": "$-3", "2017-03-31": "$9", "2016-12-31": "$52", "2016-09-30": "$7", "2016-06-30": "$-57", "2016-03-31": "$-63", "2015-12-31": "$-71", "2015-09-30": "$-36", "2015-06-30": "$36", "2015-03-31": "$-17", "2014-12-31": "$31", "2014-09-30": "$-27", "2014-06-30": "$-12", "2014-03-31": "$-31", "2013-12-31": "$-24", "2013-09-30": "$-25", "2013-06-30": "$-10", "2013-03-31": "$-2", "2012-12-31": "$-3", "2012-09-30": "$-38", "2012-06-30": "$-1", "2012-03-31": "$-24", "2011-12-31": "$-20", "2011-09-30": "$-27", "2011-06-30": "$-18", "2011-03-31": "$-20", "2010-12-31": "$-14", "2010-09-30": "$-12", "2010-06-30": "$-25", "2010-03-31": "$-10", "2009-12-31": "$-17", "2009-09-30": "$-12", "2009-06-30": "$-3", "2009-03-31": "$186", "2008-12-31": "$-10", "2008-09-30": "$2", "2008-06-30": "$-4", "2008-03-31": "$-6", "2007-12-31": "$-12", "2007-09-30": "$-105", "2007-06-30": "$-11", "2007-03-31": "$-13", "2006-12-31": "$-14", "2006-09-30": "$-12", "2006-06-30": "$-2", "2006-03-31": "$-17", "2005-12-31": "$-8", "2005-09-30": "$-15", "2005-06-30": "$-20", "2005-03-31": "$-30"}}, "eps-earnings-per-share-diluted": {"Ionis Pharmaceuticals Annual EPS": {"2019": "$2.08", "2018": "$2.07", "2017": "$0.15", "2016": "$-0.50", "2015": "$-0.74", "2014": "$-0.33", "2013": "$-0.55", "2012": "$-0.65", "2011": "$-0.85", "2010": "$-0.62", "2009": "$1.58", "2008": "$-0.19", "2007": "$-1.69", "2006": "$-0.62", "2005": "$-1.15"}, "Ionis Pharmaceuticals Quarterly EPS": {"2020-09-30": "$-0.22", "2020-06-30": "$-0.23", "2020-03-31": "$-0.35", "2019-12-31": "$1.29", "2019-09-30": "$0.18", "2019-06-30": "$-0.01", "2019-03-31": "$0.62", "2018-12-31": "$2.40", "2018-09-30": "$-0.03", "2018-06-30": "$-0.29", "2018-03-31": "$-0.01", "2017-12-31": "$0.12", "2017-09-30": "$-0.02", "2017-06-30": "$-0.02", "2017-03-31": "$0.07", "2016-12-31": "$0.43", "2016-09-30": "$0.06", "2016-06-30": "$-0.47", "2016-03-31": "$-0.52", "2015-12-31": "$-0.59", "2015-09-30": "$-0.30", "2015-06-30": "$0.29", "2015-03-31": "$-0.14", "2014-12-31": "$0.27", "2014-09-30": "$-0.23", "2014-06-30": "$-0.10", "2014-03-31": "$-0.27", "2013-12-31": "$-0.23", "2013-09-30": "$-0.21", "2013-06-30": "$-0.09", "2013-03-31": "$-0.02", "2012-12-31": "$-0.03", "2012-09-30": "$-0.37", "2012-06-30": "$-0.01", "2012-03-31": "$-0.24", "2011-12-31": "$-0.20", "2011-09-30": "$-0.27", "2011-06-30": "$-0.18", "2011-03-31": "$-0.20", "2010-12-31": "$-0.14", "2010-09-30": "$-0.13", "2010-06-30": "$-0.25", "2010-03-31": "$-0.10", "2009-12-31": "$-0.18", "2009-09-30": "$-0.12", "2009-06-30": "$-0.03", "2009-03-31": "$1.91", "2008-12-31": "$-0.11", "2008-09-30": "$0.02", "2008-06-30": "$-0.04", "2008-03-31": "$-0.06", "2007-12-31": "$-0.15", "2007-09-30": "$-1.25", "2007-06-30": "$-0.13", "2007-03-31": "$-0.16", "2006-12-31": "$-0.19", "2006-09-30": "$-0.16", "2006-06-30": "$-0.03", "2006-03-31": "$-0.24", "2005-12-31": "$-0.05", "2005-09-30": "$-0.24", "2005-06-30": "$-0.34", "2005-03-31": "$-0.52"}}, "shares-outstanding": {"Ionis Pharmaceuticals Annual Shares Outstanding (Millions of Shares)": {"2019": "143", "2018": "134", "2017": "126", "2016": "121", "2015": "120", "2014": "118", "2013": "111", "2012": "101", "2011": "100", "2010": "99", "2009": "98", "2008": "95", "2007": "84", "2006": "74", "2005": "63"}, "Ionis Pharmaceuticals Quarterly Shares Outstanding (Millions of Shares)": {"2020-09-30": "140", "2020-06-30": "139", "2020-03-31": "139", "2019-12-31": "143", "2019-09-30": "143", "2019-06-30": "140", "2019-03-31": "142", "2018-12-31": "134", "2018-09-30": "137", "2018-06-30": "129", "2018-03-31": "125", "2017-12-31": "126", "2017-09-30": "124", "2017-06-30": "124", "2017-03-31": "125", "2016-12-31": "121", "2016-09-30": "123", "2016-06-30": "121", "2016-03-31": "121", "2015-12-31": "120", "2015-09-30": "120", "2015-06-30": "128", "2015-03-31": "119", "2014-12-31": "118", "2014-09-30": "118", "2014-06-30": "118", "2014-03-31": "117", "2013-12-31": "111", "2013-09-30": "115", "2013-06-30": "109", "2013-03-31": "102", "2012-12-31": "101", "2012-09-30": "101", "2012-06-30": "100", "2012-03-31": "100", "2011-12-31": "100", "2011-09-30": "100", "2011-06-30": "100", "2011-03-31": "100", "2010-12-31": "99", "2010-09-30": "99", "2010-06-30": "99", "2010-03-31": "99", "2009-12-31": "98", "2009-09-30": "98", "2009-06-30": "98", "2009-03-31": "98", "2008-12-31": "95", "2008-09-30": "100", "2008-06-30": "95", "2008-03-31": "91", "2007-12-31": "84", "2007-09-30": "84", "2007-06-30": "83", "2007-03-31": "82", "2006-12-31": "74", "2006-09-30": "74", "2006-06-30": "73", "2006-03-31": "72", "2005-12-31": "63", "2005-09-30": "64", "2005-06-30": "58", "2005-03-31": "58"}}, "total-assets": {"Ionis Pharmaceuticals Annual Total Assets (Millions of US $)": {"2019": "$3,233", "2018": "$2,668", "2017": "$1,323", "2016": "$912", "2015": "$948", "2014": "$956", "2013": "$847", "2012": "$546", "2011": "$485", "2010": "$550", "2009": "$657", "2008": "$573", "2007": "$259", "2006": "$256", "2005": "$166"}, "Ionis Pharmaceuticals Quarterly Total Assets (Millions of US $)": {"2020-09-30": "$3,096", "2020-06-30": "$3,079", "2020-03-31": "$3,091", "2019-12-31": "$3,233", "2019-09-30": "$2,895", "2019-06-30": "$2,878", "2019-03-31": "$2,836", "2018-12-31": "$2,668", "2018-09-30": "$2,248", "2018-06-30": "$2,247", "2018-03-31": "$1,300", "2017-12-31": "$1,323", "2017-09-30": "$1,253", "2017-06-30": "$1,091", "2017-03-31": "$1,084", "2016-12-31": "$912", "2016-09-30": "$844", "2016-06-30": "$811", "2016-03-31": "$876", "2015-12-31": "$948", "2015-09-30": "$988", "2015-06-30": "$976", "2015-03-31": "$955", "2014-12-31": "$956", "2014-09-30": "$794", "2014-06-30": "$818", "2014-03-31": "$835", "2013-12-31": "$847", "2013-09-30": "$882", "2013-06-30": "$789", "2013-03-31": "$553", "2012-12-31": "$546", "2012-09-30": "$486", "2012-06-30": "$472", "2012-03-31": "$471", "2011-12-31": "$485", "2011-09-30": "$506", "2011-06-30": "$530", "2011-03-31": "$506", "2010-12-31": "$550", "2010-09-30": "$576", "2010-06-30": "$606", "2010-03-31": "$600", "2009-12-31": "$657", "2009-09-30": "$681", "2009-06-30": "$709", "2009-03-31": "$725", "2008-12-31": "$573", "2008-09-30": "$585", "2008-06-30": "$609", "2008-03-31": "$405", "2007-12-31": "$259", "2007-09-30": "$213", "2007-06-30": "$263", "2007-03-31": "$350", "2006-12-31": "$256", "2006-09-30": "$188", "2006-06-30": "$202", "2006-03-31": "$151", "2005-12-31": "$166", "2005-09-30": "$177", "2005-06-30": "$147", "2005-03-31": "$176"}}, "cash-on-hand": {"Ionis Pharmaceuticals Annual Cash on Hand (Millions of US $)": {"2019": "$2,500", "2018": "$2,084", "2017": "$1,023", "2016": "$665", "2015": "$804", "2014": "$811", "2013": "$709", "2012": "$408", "2011": "$344", "2010": "$472", "2009": "$574", "2008": "$491", "2007": "$194", "2006": "$193", "2005": "$94"}, "Ionis Pharmaceuticals Quarterly Cash on Hand (Millions of US $)": {"2020-09-30": "$2,329", "2020-06-30": "$2,349", "2020-03-31": "$2,384", "2019-12-31": "$2,500", "2019-09-30": "$2,221", "2019-06-30": "$2,262", "2019-03-31": "$2,254", "2018-12-31": "$2,084", "2018-09-30": "$1,959", "2018-06-30": "$1,980", "2018-03-31": "$1,035", "2017-12-31": "$1,023", "2017-09-30": "$1,011", "2017-06-30": "$856", "2017-03-31": "$860", "2016-12-31": "$665", "2016-09-30": "$697", "2016-06-30": "$672", "2016-03-31": "$724", "2015-12-31": "$804", "2015-09-30": "$831", "2015-06-30": "$816", "2015-03-31": "$789", "2014-12-31": "$811", "2014-09-30": "$639", "2014-06-30": "$648", "2014-03-31": "$695", "2013-12-31": "$709", "2013-09-30": "$736", "2013-06-30": "$653", "2013-03-31": "$417", "2012-12-31": "$408", "2012-09-30": "$344", "2012-06-30": "$336", "2012-03-31": "$334", "2011-12-31": "$344", "2011-09-30": "$365", "2011-06-30": "$395", "2011-03-31": "$427", "2010-12-31": "$472", "2010-09-30": "$498", "2010-06-30": "$522", "2010-03-31": "$519", "2009-12-31": "$574", "2009-09-30": "$608", "2009-06-30": "$638", "2009-03-31": "$652", "2008-12-31": "$491", "2008-09-30": "$512", "2008-06-30": "$537", "2008-03-31": "$338", "2007-12-31": "$194", "2007-09-30": "$146", "2007-06-30": "$203", "2007-03-31": "$286", "2006-12-31": "$193", "2006-09-30": "$127", "2006-06-30": "$138", "2006-03-31": "$79", "2005-12-31": "$94", "2005-09-30": "$102", "2005-06-30": "$60", "2005-03-31": "$83"}}, "long-term-debt": {"Ionis Pharmaceuticals Annual Long Term Debt (Millions of US $)": {"2019": "$786", "2018": "$633", "2017": "$606", "2016": "$516", "2015": "$524", "2014": "$383", "2013": "$157", "2012": "$151", "2011": "$146", "2010": "$139", "2009": "$137", "2008": "$128", "2007": "$163", "2006": "$133", "2005": "$140"}, "Ionis Pharmaceuticals Quarterly Long Term Debt (Millions of US $)": {"2020-09-30": "$815", "2020-06-30": "$804", "2020-03-31": "$795", "2019-12-31": "$786", "2019-09-30": "$656", "2019-06-30": "$663", "2019-03-31": "$654", "2018-12-31": "$633", "2018-09-30": "$624", "2018-06-30": "$625", "2018-03-31": "$614", "2017-12-31": "$606", "2017-09-30": "$598", "2017-06-30": "$532", "2017-03-31": "$523", "2016-12-31": "$516", "2016-09-30": "$423", "2016-06-30": "$404", "2016-03-31": "$398", "2015-12-31": "$524", "2015-09-30": "$399", "2015-06-30": "$394", "2015-03-31": "$388", "2014-12-31": "$383", "2014-09-30": "$159", "2014-06-30": "$158", "2014-03-31": "$158", "2013-12-31": "$157", "2013-09-30": "$155", "2013-06-30": "$154", "2013-03-31": "$152", "2012-12-31": "$151", "2012-09-30": "$151", "2012-06-30": "$156", "2012-03-31": "$147", "2011-12-31": "$146", "2011-09-30": "$144", "2011-06-30": "$143", "2011-03-31": "$140", "2010-12-31": "$139", "2010-09-30": "$135", "2010-06-30": "$135", "2010-03-31": "$131", "2009-12-31": "$137", "2009-09-30": "$136", "2009-06-30": "$132", "2009-03-31": "$131", "2008-12-31": "$128", "2008-09-30": "$168", "2008-06-30": "$168", "2008-03-31": "$163", "2007-12-31": "$163", "2007-09-30": "$165", "2007-06-30": "$167", "2007-03-31": "$168", "2006-12-31": "$133", "2006-09-30": "$135", "2006-06-30": "$136", "2006-03-31": "$138", "2005-12-31": "$140", "2005-09-30": "$142", "2005-06-30": "$244", "2005-03-31": "$243"}}, "total-liabilities": {"Ionis Pharmaceuticals Annual Total Liabilities (Millions of US $)": {"2019": "$1,549", "2018": "$1,481", "2017": "$957", "2016": "$813", "2015": "$747", "2014": "$698", "2013": "$469", "2012": "$363", "2011": "$313", "2010": "$306", "2009": "$355", "2008": "$425", "2007": "$258", "2006": "$187", "2005": "$164"}, "Ionis Pharmaceuticals Quarterly Total Liabilities (Millions of US $)": {"2020-09-30": "$1,489", "2020-06-30": "$1,484", "2020-03-31": "$1,521", "2019-12-31": "$1,549", "2019-09-30": "$1,397", "2019-06-30": "$1,421", "2019-03-31": "$1,448", "2018-12-31": "$1,481", "2018-09-30": "$1,408", "2018-06-30": "$1,430", "2018-03-31": "$912", "2017-12-31": "$957", "2017-09-30": "$855", "2017-06-30": "$875", "2017-03-31": "$882", "2016-12-31": "$813", "2016-09-30": "$704", "2016-06-30": "$700", "2016-03-31": "$718", "2015-12-31": "$747", "2015-09-30": "$743", "2015-06-30": "$676", "2015-03-31": "$680", "2014-12-31": "$698", "2014-09-30": "$449", "2014-06-30": "$451", "2014-03-31": "$461", "2013-12-31": "$469", "2013-09-30": "$480", "2013-06-30": "$388", "2013-03-31": "$352", "2012-12-31": "$363", "2012-09-30": "$315", "2012-06-30": "$318", "2012-03-31": "$320", "2011-12-31": "$313", "2011-09-30": "$319", "2011-06-30": "$317", "2011-03-31": "$278", "2010-12-31": "$306", "2010-09-30": "$322", "2010-06-30": "$344", "2010-03-31": "$315", "2009-12-31": "$355", "2009-09-30": "$376", "2009-06-30": "$403", "2009-03-31": "$422", "2008-12-31": "$425", "2008-09-30": "$517", "2008-06-30": "$550", "2008-03-31": "$351", "2007-12-31": "$258", "2007-09-30": "$213", "2007-06-30": "$216", "2007-03-31": "$293", "2006-12-31": "$187", "2006-09-30": "$186", "2006-06-30": "$195", "2006-03-31": "$159", "2005-12-31": "$164", "2005-09-30": "$173", "2005-06-30": "$271", "2005-03-31": "$280"}}, "total-share-holder-equity": {"Ionis Pharmaceuticals Annual Share Holder Equity (Millions of US $)": {"2019": "$1,685", "2018": "$1,187", "2017": "$365", "2016": "$100", "2015": "$201", "2014": "$258", "2013": "$378", "2012": "$183", "2011": "$171", "2010": "$245", "2009": "$302", "2008": "$147", "2007": "$1", "2006": "$69", "2005": "$3"}, "Ionis Pharmaceuticals Quarterly Share Holder Equity (Millions of US $)": {"2020-09-30": "$1,606", "2020-06-30": "$1,595", "2020-03-31": "$1,570", "2019-12-31": "$1,685", "2019-09-30": "$1,498", "2019-06-30": "$1,457", "2019-03-31": "$1,387", "2018-12-31": "$1,187", "2018-09-30": "$840", "2018-06-30": "$817", "2018-03-31": "$387", "2017-12-31": "$365", "2017-09-30": "$398", "2017-06-30": "$216", "2017-03-31": "$202", "2016-12-31": "$100", "2016-09-30": "$140", "2016-06-30": "$111", "2016-03-31": "$158", "2015-12-31": "$201", "2015-09-30": "$245", "2015-06-30": "$300", "2015-03-31": "$276", "2014-12-31": "$258", "2014-09-30": "$345", "2014-06-30": "$367", "2014-03-31": "$374", "2013-12-31": "$378", "2013-09-30": "$401", "2013-06-30": "$401", "2013-03-31": "$201", "2012-12-31": "$183", "2012-09-30": "$170", "2012-06-30": "$154", "2012-03-31": "$151", "2011-12-31": "$171", "2011-09-30": "$187", "2011-06-30": "$212", "2011-03-31": "$228", "2010-12-31": "$245", "2010-09-30": "$254", "2010-06-30": "$262", "2010-03-31": "$284", "2009-12-31": "$302", "2009-09-30": "$305", "2009-06-30": "$306", "2009-03-31": "$303", "2008-12-31": "$147", "2008-09-30": "$68", "2008-06-30": "$59", "2008-03-31": "$55", "2007-12-31": "$1", "2007-09-30": "$0", "2007-06-30": "$47", "2007-03-31": "$57", "2006-12-31": "$69", "2006-09-30": "$2", "2006-06-30": "$7", "2006-03-31": "$-8", "2005-12-31": "$3", "2005-09-30": "$4", "2005-06-30": "$-124", "2005-03-31": "$-104"}}, "profit-margins": {"current": "7.82%"}, "gross margin": {"2020-09-30": "99.04%", "2020-06-30": "99.26%", "2020-03-31": "99.37%", "2019-12-31": "99.55%", "2019-09-30": "99.51%", "2019-06-30": "99.62%", "2019-03-31": "99.87%", "2018-12-31": "100.00%", "2018-09-30": "100.00%", "2018-06-30": "100.00%", "2018-03-31": "100.00%", "2017-12-31": "100.00%", "2017-09-30": "100.00%", "2017-06-30": "100.00%", "2017-03-31": "100.00%", "2016-12-31": "100.00%", "2016-09-30": "100.00%", "2016-06-30": "100.00%", "2016-03-31": "100.00%", "2015-12-31": "100.00%", "2015-09-30": "100.00%", "2015-06-30": "100.00%", "2015-03-31": "100.00%", "2014-12-31": "100.00%", "2014-09-30": "100.00%", "2014-06-30": "100.00%", "2014-03-31": "100.00%", "2013-12-31": "100.00%", "2013-09-30": "100.00%", "2013-06-30": "100.00%", "2013-03-31": "100.00%", "2012-12-31": "100.00%", "2012-09-30": "100.00%", "2012-06-30": "100.00%", "2012-03-31": "100.00%", "2011-12-31": "100.00%", "2011-09-30": "100.00%", "2011-06-30": "100.00%", "2011-03-31": "100.00%", "2010-12-31": "100.00%", "2010-09-30": "100.00%", "2010-06-30": "100.00%", "2010-03-31": "100.00%", "2009-12-31": "100.00%", "2009-09-30": "100.00%", "2009-06-30": "100.00%", "2009-03-31": "100.00%", "2008-12-31": "100.00%", "2008-09-30": "100.00%", "2008-06-30": "100.00%", "2008-03-31": "100.00%", "2007-12-31": "100.00%", "2007-09-30": "100.00%", "2007-06-30": "100.00%", "2007-03-31": "100.00%", "2006-12-31": "100.00%", "2006-09-30": "100.00%", "2006-06-30": "100.00%", "2006-03-31": "100.00%", "2005-12-31": "100.00%"}, "operating margin": {"2020-09-30": "11.90%", "2020-06-30": "16.05%", "2020-03-31": "19.19%", "2019-12-31": "32.68%", "2019-09-30": "14.25%", "2019-06-30": "11.90%", "2019-03-31": "8.51%", "2018-12-31": "-10.18%", "2018-09-30": "-13.57%", "2018-06-30": "-8.76%", "2018-03-31": "1.48%", "2017-12-31": "5.84%", "2017-09-30": "19.32%", "2017-06-30": "20.53%", "2017-03-31": "11.73%", "2016-12-31": "-5.63%", "2016-09-30": "-63.45%", "2016-06-30": "-122.16%", "2016-03-31": "-46.90%", "2015-12-31": "-26.41%", "2015-09-30": "-0.63%", "2015-06-30": "8.01%", "2015-03-31": "-10.84%", "2014-12-31": "-22.43%", "2014-09-30": "-45.61%", "2014-06-30": "-54.97%", "2014-03-31": "-63.64%", "2013-12-31": "-35.37%", "2013-09-30": "-46.40%", "2013-06-30": "-53.10%", "2013-03-31": "-39.34%", "2012-12-31": "-66.67%", "2012-09-30": "-53.51%", "2012-06-30": "-44.72%", "2012-03-31": "-72.28%", "2011-12-31": "-71.72%", "2011-09-30": "-73.12%", "2011-06-30": "-54.46%", "2011-03-31": "-60.00%", "2010-12-31": "-44.95%", "2010-09-30": "-39.13%", "2010-06-30": "-40.71%", "2010-03-31": "-26.67%", "2009-12-31": "-22.95%", "2009-09-30": "-20.00%", "2009-06-30": "-11.48%", "2009-03-31": "-6.61%", "2008-12-31": "-12.15%", "2008-09-30": "-7.78%", "2008-06-30": "3.00%", "2008-03-31": "-24.32%", "2007-12-31": "-56.90%", "2007-09-30": "-95.74%", "2007-06-30": "-663.64%", "2007-03-31": "-636.36%", "2006-12-31": "-464.29%", "2006-09-30": "-222.22%", "2006-06-30": "-174.19%", "2006-03-31": "-131.58%", "2005-12-31": "-145.00%"}, "ebitda margin": {"2020-09-30": "18.76%", "2020-06-30": "22.00%", "2020-03-31": "24.40%", "2019-12-31": "36.78%", "2019-09-30": "19.49%", "2019-06-30": "17.42%", "2019-03-31": "14.49%", "2018-12-31": "-2.34%", "2018-09-30": "-5.39%", "2018-06-30": "0.00%", "2018-03-31": "10.89%", "2017-12-31": "16.15%", "2017-09-30": "29.46%", "2017-06-30": "30.61%", "2017-03-31": "22.79%", "2016-12-31": "7.24%", "2016-09-30": "-42.86%", "2016-06-30": "-94.32%", "2016-03-31": "-28.29%", "2015-12-31": "-9.86%", "2015-09-30": "13.25%", "2015-06-30": "20.51%", "2015-03-31": "4.02%", "2014-12-31": "-7.01%", "2014-09-30": "-27.49%", "2014-06-30": "-33.77%", "2014-03-31": "-40.91%", "2013-12-31": "-14.97%", "2013-09-30": "-28.80%", "2013-06-30": "-40.71%", "2013-03-31": "-33.61%", "2012-12-31": "-66.67%", "2012-09-30": "-53.51%", "2012-06-30": "-44.72%", "2012-03-31": "-72.28%", "2011-12-31": "-71.72%", "2011-09-30": "-73.12%", "2011-06-30": "-54.46%", "2011-03-31": "-60.00%", "2010-12-31": "-44.95%", "2010-09-30": "-39.13%", "2010-06-30": "-40.71%", "2010-03-31": "-26.67%", "2009-12-31": "-22.95%", "2009-09-30": "-20.00%", "2009-06-30": "-11.48%", "2009-03-31": "-6.61%", "2008-12-31": "-12.15%", "2008-09-30": "-7.78%", "2008-06-30": "3.00%", "2008-03-31": "-24.32%", "2007-12-31": "-56.90%", "2007-09-30": "-95.74%", "2007-06-30": "-663.64%", "2007-03-31": "-636.36%", "2006-12-31": "-464.29%", "2006-09-30": "-222.22%", "2006-06-30": "-174.19%", "2006-03-31": "-131.58%", "2005-12-31": "-145.00%"}, "pre tax profit margin": {"2020-09-30": "9.86%", "2020-06-30": "14.45%", "2020-03-31": "17.00%", "2019-12-31": "30.90%", "2019-09-30": "14.62%", "2019-06-30": "12.03%", "2019-03-31": "7.58%", "2018-12-31": "-12.69%", "2018-09-30": "-17.91%", "2018-06-30": "-16.42%", "2018-03-31": "-6.83%", "2017-12-31": "-3.31%", "2017-09-30": "10.13%", "2017-06-30": "12.93%", "2017-03-31": "3.10%", "2016-12-31": "-15.55%", "2016-09-30": "-77.31%", "2016-06-30": "-128.98%", "2016-03-31": "-51.94%", "2015-12-31": "-31.34%", "2015-09-30": "-0.63%", "2015-06-30": "2.88%", "2015-03-31": "-15.26%", "2014-12-31": "-25.23%", "2014-09-30": "-54.97%", "2014-06-30": "-65.56%", "2014-03-31": "-75.00%", "2013-12-31": "-45.58%", "2013-09-30": "-43.20%", "2013-06-30": "-54.87%", "2013-03-31": "-42.62%", "2012-12-31": "-72.55%", "2012-09-30": "-72.81%", "2012-06-30": "-58.54%", "2012-03-31": "-88.12%", "2011-12-31": "-85.86%", "2011-09-30": "-84.95%", "2011-06-30": "-63.37%", "2011-03-31": "-71.00%", "2010-12-31": "-55.96%", "2010-09-30": "-53.91%", "2010-06-30": "-54.87%", "2010-03-31": "-34.17%", "2009-12-31": "-27.05%", "2009-09-30": "-22.50%", "2009-06-30": "-11.48%", "2009-03-31": "-8.26%", "2008-12-31": "-13.08%", "2008-09-30": "-13.33%", "2008-06-30": "-2.00%", "2008-03-31": "-28.38%", "2007-12-31": "-60.34%", "2007-09-30": "-40.43%", "2007-06-30": "-445.45%", "2007-03-31": "-418.18%", "2006-12-31": "-307.14%", "2006-09-30": "-222.22%", "2006-06-30": "-180.65%", "2006-03-31": "-157.89%", "2005-12-31": "-182.50%"}, "net profit margin": {"2020-09-30": "7.82%", "2020-06-30": "13.82%", "2020-03-31": "16.79%", "2019-12-31": "26.09%", "2019-09-30": "52.25%", "2019-06-30": "49.87%", "2019-03-31": "47.74%", "2018-12-31": "45.74%", "2018-09-30": "-8.52%", "2018-06-30": "-8.58%", "2018-03-31": "-1.85%", "2017-12-31": "0.00%", "2017-09-30": "10.32%", "2017-06-30": "12.36%", "2017-03-31": "2.43%", "2016-12-31": "-16.35%", "2016-09-30": "-77.31%", "2016-06-30": "-128.98%", "2016-03-31": "-51.94%", "2015-12-31": "-30.99%", "2015-09-30": "4.42%", "2015-06-30": "7.37%", "2015-03-31": "-10.04%", "2014-12-31": "-18.22%", "2014-09-30": "-54.97%", "2014-06-30": "-60.93%", "2014-03-31": "-68.18%", "2013-12-31": "-41.50%", "2013-09-30": "-32.00%", "2013-06-30": "-46.90%", "2013-03-31": "-36.07%", "2012-12-31": "-64.71%", "2012-09-30": "-72.81%", "2012-06-30": "-58.54%", "2012-03-31": "-88.12%", "2011-12-31": "-85.86%", "2011-09-30": "-84.95%", "2011-06-30": "-63.37%", "2011-03-31": "-71.00%", "2010-12-31": "-55.96%", "2010-09-30": "-55.65%", "2010-06-30": "-56.64%", "2010-03-31": "-35.00%", "2009-12-31": "126.23%", "2009-09-30": "134.17%", "2009-06-30": "143.44%", "2009-03-31": "143.80%", "2008-12-31": "-16.82%", "2008-09-30": "-22.22%", "2008-06-30": "-127.00%", "2008-03-31": "-181.08%", "2007-12-31": "-243.10%", "2007-09-30": "-304.26%", "2007-06-30": "-454.55%", "2007-03-31": "-372.73%", "2006-12-31": "-321.43%", "2006-09-30": "-144.44%", "2006-06-30": "-135.48%", "2006-03-31": "-157.89%", "2005-12-31": "-182.50%"}, "pe ratio": {"current": "82.45", "2021-02-05": "125.40", "2020-09-30": "98.85", "2020-06-30": "67.00", "2020-03-31": "42.98", "2019-12-31": "29.18", "2019-09-30": "19.97", "2019-06-30": "23.04", "2019-03-31": "32.34", "2018-12-31": "28.76", "2018-09-30": "0.00", "2018-06-30": "0.00", "2018-03-31": "0.00", "2017-12-31": "0.00", "2017-09-30": "338.00", "2017-06-30": "242.24", "2017-03-31": "0.00", "2016-12-31": "0.00", "2016-09-30": "0.00"}, "price sales": {"2021-02-05": "9.12", "2020-09-30": "7.19", "2020-06-30": "8.90", "2020-03-31": "7.00", "2019-12-31": "7.65", "2019-09-30": "10.20", "2019-06-30": "11.16", "2019-03-31": "14.74", "2018-12-31": "11.86", "2018-09-30": "11.57", "2018-06-30": "9.58", "2018-03-31": "10.16", "2017-12-31": "12.23", "2017-09-30": "11.72", "2017-06-30": "11.90", "2017-03-31": "10.91", "2016-12-31": "15.60", "2016-09-30": "18.75"}, "price book": {"current": "5.24", "2021-02-05": "5.24", "2020-09-30": "4.13", "2020-06-30": "5.16", "2020-03-31": "4.19", "2019-12-31": "5.03", "2019-09-30": "5.62", "2019-06-30": "6.19", "2019-03-31": "8.17", "2018-12-31": "6.28", "2018-09-30": "8.44", "2018-06-30": "6.99", "2018-03-31": "14.29", "2017-12-31": "17.21", "2017-09-30": "15.89", "2017-06-30": "29.30", "2017-03-31": "24.68", "2016-12-31": "58.44", "2016-09-30": "31.79", "2016-06-30": "25.31", "2016-03-31": "30.91", "2015-12-31": "37.12"}, "price fcf": {"2021-02-05": "", "2020-09-30": "$1.23", "2020-06-30": "$1.18", "2020-03-31": "$1.35", "2019-12-31": "$2.20", "2019-09-30": "$1.25", "2019-06-30": "$1.00", "2019-03-31": "$5.05", "2018-12-31": "$4.40", "2018-09-30": "$3.54", "2018-06-30": "$4.09", "2018-03-31": "$0.24", "2017-12-31": "$1.11", "2017-09-30": "$0.76", "2017-06-30": "$0.88", "2017-03-31": "$0.60", "2016-12-31": "$-0.99", "2016-09-30": "$-0.61"}, "net worth": {"value": "$8.42B"}, "current ratio": {"current": "10.37", "2020-09-30": "10.37", "2020-06-30": "10.94", "2020-03-31": "9.91", "2019-12-31": "9.97", "2019-09-30": "10.39", "2019-06-30": "10.01", "2019-03-31": "9.40", "2018-12-31": "7.88", "2018-09-30": "7.99", "2018-06-30": "8.38", "2018-03-31": "5.38", "2017-12-31": "4.80", "2017-09-30": "6.26", "2017-06-30": "5.03", "2017-03-31": "5.64", "2016-12-31": "5.96", "2016-09-30": "6.83", "2016-06-30": "6.28", "2016-03-31": "6.14", "2015-12-31": "5.62", "2015-09-30": "7.11", "2015-06-30": "8.38", "2015-03-31": "8.33", "2014-12-31": "7.25", "2014-09-30": "6.35", "2014-06-30": "7.00", "2014-03-31": "7.16", "2013-12-31": "7.52", "2013-09-30": "7.39", "2013-06-30": "7.69", "2013-03-31": "6.14", "2012-12-31": "5.70", "2012-09-30": "7.01", "2012-06-30": "6.36", "2012-03-31": "5.63", "2011-12-31": "4.73", "2011-09-30": "4.51", "2011-06-30": "4.47", "2011-03-31": "4.63", "2010-12-31": "4.56", "2010-09-30": "5.03", "2010-06-30": "5.10", "2010-03-31": "5.76", "2009-12-31": "5.35", "2009-09-30": "5.40", "2009-06-30": "5.06", "2009-03-31": "4.86", "2008-12-31": "4.16", "2008-09-30": "4.50", "2008-06-30": "4.37", "2008-03-31": "4.40", "2007-12-31": "3.37", "2007-09-30": "5.39", "2007-06-30": "8.37", "2007-03-31": "2.90", "2006-12-31": "8.20", "2006-09-30": "7.05", "2006-06-30": "7.31", "2006-03-31": "4.35", "2005-12-31": "4.45", "2005-09-30": "4.78", "2005-06-30": "2.78", "2005-03-31": "2.69"}, "quick ratio": {"2020-09-30": "10.28", "2020-06-30": "10.84", "2020-03-31": "9.83", "2019-12-31": "9.90", "2019-09-30": "10.31", "2019-06-30": "9.93", "2019-03-31": "9.36", "2018-12-31": "7.85", "2018-09-30": "7.96", "2018-06-30": "8.34", "2018-03-31": "5.33", "2017-12-31": "4.76", "2017-09-30": "6.21", "2017-06-30": "5.00", "2017-03-31": "5.60", "2016-12-31": "5.91", "2016-09-30": "6.75", "2016-06-30": "6.21", "2016-03-31": "6.08", "2015-12-31": "5.58", "2015-09-30": "7.05", "2015-06-30": "8.31", "2015-03-31": "8.26", "2014-12-31": "7.20", "2014-09-30": "6.28", "2014-06-30": "6.92", "2014-03-31": "7.09", "2013-12-31": "7.44", "2013-09-30": "7.32", "2013-06-30": "7.60", "2013-03-31": "6.06", "2012-12-31": "5.62", "2012-09-30": "6.88", "2012-06-30": "6.24", "2012-03-31": "5.55", "2011-12-31": "4.68", "2011-09-30": "4.48", "2011-06-30": "4.44", "2011-03-31": "4.61", "2010-12-31": "4.54", "2010-09-30": "5.01", "2010-06-30": "5.08", "2010-03-31": "5.73", "2009-12-31": "5.32", "2009-09-30": "5.37", "2009-06-30": "5.04", "2009-03-31": "4.85", "2008-12-31": "4.14", "2008-09-30": "4.45", "2008-06-30": "4.33", "2008-03-31": "4.35", "2007-12-31": "3.35", "2007-09-30": "5.32", "2007-06-30": "8.31", "2007-03-31": "2.89", "2006-12-31": "8.17", "2006-09-30": "7.01", "2006-06-30": "7.27", "2006-03-31": "4.32", "2005-12-31": "4.41", "2005-09-30": "4.74", "2005-06-30": "2.74", "2005-03-31": "2.61"}, "debt equity ratio": {"current": "0.51", "2020-09-30": "0.93", "2020-06-30": "0.93", "2020-03-31": "0.97", "2019-12-31": "0.92", "2019-09-30": "0.93", "2019-06-30": "0.98", "2019-03-31": "1.04", "2018-12-31": "1.25", "2018-09-30": "1.68", "2018-06-30": "1.75", "2018-03-31": "2.36", "2017-12-31": "2.62", "2017-09-30": "2.15", "2017-06-30": "4.06", "2017-03-31": "4.37", "2016-12-31": "8.17", "2016-09-30": "5.04", "2016-06-30": "6.29", "2016-03-31": "4.54", "2015-12-31": "3.72", "2015-09-30": "3.03", "2015-06-30": "2.25", "2015-03-31": "2.46", "2014-12-31": "2.71", "2014-09-30": "1.30", "2014-06-30": "1.23", "2014-03-31": "1.23", "2013-12-31": "1.24", "2013-09-30": "1.20", "2013-06-30": "0.97", "2013-03-31": "1.75", "2012-12-31": "1.99", "2012-09-30": "1.85", "2012-06-30": "2.06", "2012-03-31": "2.12", "2011-12-31": "1.83", "2011-09-30": "1.71", "2011-06-30": "1.50", "2011-03-31": "1.22", "2010-12-31": "1.25", "2010-09-30": "1.27", "2010-06-30": "1.31", "2010-03-31": "1.11", "2009-12-31": "1.18", "2009-09-30": "1.23", "2009-06-30": "1.32", "2009-03-31": "1.39", "2008-12-31": "2.89", "2008-09-30": "7.59", "2008-06-30": "9.33", "2008-03-31": "6.42", "2007-12-31": "295.86", "2007-09-30": "917.12", "2007-06-30": "4.57", "2007-03-31": "5.15", "2006-12-31": "2.73", "2006-09-30": "118.07", "2006-06-30": "29.08", "2006-03-31": "-19.48", "2005-12-31": "61.43", "2005-09-30": "42.91", "2005-06-30": "-2.18", "2005-03-31": "-2.69"}, "return on equity": {"2020-09-30": "4.52%", "2020-06-30": "8.19%", "2020-03-31": "10.37%", "2019-12-31": "19.45%", "2019-09-30": "31.04%", "2019-06-30": "32.68%", "2019-03-31": "33.94%", "2018-12-31": "33.92%", "2018-09-30": "-8.14%", "2018-06-30": "-9.56%", "2018-03-31": "-2.93%", "2017-12-31": "0.00%", "2017-09-30": "24.02%", "2017-06-30": "39.51%", "2017-03-31": "7.96%", "2016-12-31": "-47.94%", "2016-09-30": "-120.66%", "2016-06-30": "-126.99%", "2016-03-31": "-59.29%", "2015-12-31": "-34.44%", "2015-09-30": "5.19%", "2015-06-30": "7.80%", "2015-03-31": "-8.03%", "2014-12-31": "-11.61%", "2014-09-30": "-25.68%", "2014-06-30": "-24.21%", "2014-03-31": "-23.17%", "2013-12-31": "-17.67%", "2013-09-30": "-13.49%", "2013-06-30": "-22.20%", "2013-03-31": "-24.86%", "2012-12-31": "-40.12%", "2012-09-30": "-51.39%", "2012-06-30": "-43.44%", "2012-03-31": "-49.38%", "2011-12-31": "-42.61%", "2011-09-30": "-36.24%", "2011-06-30": "-27.26%", "2011-03-31": "-28.72%", "2010-12-31": "-23.35%", "2010-09-30": "-23.23%", "2010-06-30": "-22.20%", "2010-03-31": "-14.04%", "2009-12-31": "50.66%", "2009-09-30": "60.70%", "2009-06-30": "84.95%", "2009-03-31": "120.62%", "2008-12-31": "-21.88%", "2008-09-30": "-43.72%", "2008-06-30": "-441.74%", "2008-03-31": "-520.39%", "2007-12-31": "-537.14%", "2007-09-30": "-330.64%", "2007-06-30": "-114.29%", "2007-03-31": "-121.48%", "2006-12-31": "-257.14%", "2006-09-30": "-3900.00%", "2006-06-30": "-2800.00%", "2006-03-31": "192.00%", "2005-12-31": "132.13%"}, "return on assets": {"2020-09-30": "2.34%", "2020-06-30": "4.23%", "2020-03-31": "5.32%", "2019-12-31": "9.90%", "2019-09-30": "15.22%", "2019-06-30": "14.98%", "2019-03-31": "14.36%", "2018-12-31": "12.95%", "2018-09-30": "-2.75%", "2018-06-30": "-3.07%", "2018-03-31": "-0.81%", "2017-12-31": "0.00%", "2017-09-30": "5.07%", "2017-06-30": "6.61%", "2017-03-31": "1.21%", "2016-12-31": "-7.09%", "2016-09-30": "-21.16%", "2016-06-30": "-25.06%", "2016-03-31": "-14.15%", "2015-12-31": "-9.10%", "2015-09-30": "1.45%", "2015-06-30": "2.50%", "2015-03-31": "-2.84%", "2014-12-31": "-4.58%", "2014-09-30": "-11.41%", "2014-06-30": "-10.88%", "2014-03-31": "-10.74%", "2013-12-31": "-7.95%", "2013-09-30": "-5.78%", "2013-06-30": "-8.93%", "2013-03-31": "-8.56%", "2012-12-31": "-13.37%", "2012-09-30": "-17.35%", "2012-06-30": "-14.89%", "2012-03-31": "-17.87%", "2011-12-31": "-16.77%", "2011-09-30": "-15.11%", "2011-06-30": "-11.84%", "2011-03-31": "-12.69%", "2010-12-31": "-10.46%", "2010-09-30": "-10.50%", "2010-06-30": "-10.06%", "2010-03-31": "-6.35%", "2009-12-31": "22.22%", "2009-09-30": "23.96%", "2009-06-30": "27.01%", "2009-03-31": "27.93%", "2008-12-31": "-3.31%", "2008-09-30": "-4.31%", "2008-06-30": "-34.19%", "2008-03-31": "-47.02%", "2007-12-31": "-51.98%", "2007-09-30": "-52.87%", "2007-06-30": "-18.92%", "2007-03-31": "-16.47%", "2006-12-31": "-22.58%", "2006-09-30": "-22.07%", "2006-06-30": "-24.14%", "2006-03-31": "-37.44%", "2005-12-31": "-43.84%"}, "return on investments": {"2020-09-30": "4.60%", "2020-06-30": "6.43%", "2020-03-31": "8.08%", "2019-12-31": "16.71%", "2019-09-30": "5.75%", "2019-06-30": "5.10%", "2019-03-31": "3.78%", "2018-12-31": "-4.26%", "2018-09-30": "-6.40%", "2018-06-30": "-4.35%", "2018-03-31": "0.86%", "2017-12-31": "3.49%", "2017-09-30": "13.37%", "2017-06-30": "16.30%", "2017-03-31": "8.77%", "2016-12-31": "-3.73%", "2016-09-30": "-25.61%", "2016-06-30": "-35.25%", "2016-03-31": "-18.48%", "2015-12-31": "-11.00%", "2015-09-30": "-0.30%", "2015-06-30": "4.00%", "2015-03-31": "-4.63%", "2014-12-31": "-8.72%", "2014-09-30": "-14.89%", "2014-06-30": "-15.45%", "2014-03-31": "-15.41%", "2013-12-31": "-10.39%", "2013-09-30": "-12.89%", "2013-06-30": "-15.35%", "2013-03-31": "-14.57%", "2012-12-31": "-21.54%", "2012-09-30": "-19.58%", "2012-06-30": "-17.52%", "2012-03-31": "-22.44%", "2011-12-31": "-20.71%", "2011-09-30": "-18.93%", "2011-06-30": "-14.72%", "2011-03-31": "-15.61%", "2010-12-31": "-12.37%", "2010-09-30": "-10.97%", "2010-06-30": "-10.87%", "2010-03-31": "-7.38%", "2009-12-31": "-6.39%", "2009-09-30": "-6.05%", "2009-06-30": "-4.05%", "2009-03-31": "-2.73%", "2008-12-31": "-5.44%", "2008-09-30": "-3.31%", "2008-06-30": "1.55%", "2008-03-31": "-9.46%", "2007-12-31": "-17.19%", "2007-09-30": "-22.36%", "2007-06-30": "-37.63%", "2007-03-31": "-39.72%", "2006-12-31": "-42.62%", "2006-09-30": "-43.48%", "2006-06-30": "-38.43%", "2006-03-31": "-37.11%", "2005-12-31": "-42.34%"}, "return on tangible equity": {"2020-09-30": "4.60%", "2020-06-30": "8.33%", "2020-03-31": "10.55%", "2019-12-31": "19.79%", "2019-09-30": "31.62%", "2019-06-30": "33.36%", "2019-03-31": "34.73%", "2018-12-31": "34.94%", "2018-09-30": "-8.46%", "2018-06-30": "-10.02%", "2018-03-31": "-3.13%", "2017-12-31": "0.00%", "2017-09-30": "26.51%", "2017-06-30": "45.38%", "2017-03-31": "9.38%", "2016-12-31": "-57.28%", "2016-09-30": "-139.39%", "2016-06-30": "-143.22%", "2016-03-31": "-65.05%", "2015-12-31": "-37.37%", "2015-09-30": "5.59%", "2015-06-30": "8.35%", "2015-03-31": "-8.55%", "2014-12-31": "-12.31%", "2014-09-30": "-27.17%", "2014-06-30": "-25.64%", "2014-03-31": "-24.61%", "2013-12-31": "-19.00%", "2013-09-30": "-14.76%", "2013-06-30": "-24.85%", "2013-03-31": "-29.00%", "2012-12-31": "-47.40%", "2012-09-30": "-60.92%", "2012-06-30": "-51.52%", "2012-03-31": "-57.89%", "2011-12-31": "-49.28%", "2011-09-30": "-41.58%", "2011-06-30": "-30.99%", "2011-03-31": "-32.49%", "2010-12-31": "-26.26%", "2010-09-30": "-25.99%", "2010-06-30": "-24.76%", "2010-03-31": "-15.63%", "2009-12-31": "56.51%", "2009-09-30": "69.10%", "2009-06-30": "101.30%", "2009-03-31": "158.18%", "2008-12-31": "-38.30%", "2008-09-30": "-205.13%", "2008-06-30": "1638.71%", "2008-03-31": "1218.18%", "2007-12-31": "1311.63%", "2007-09-30": "-2600.00%", "2007-06-30": "-909.09%", "2007-03-31": "713.04%", "2006-12-31": "195.65%", "2006-09-30": "96.30%", "2006-06-30": "101.82%", "2006-03-31": "80.27%", "2005-12-31": "73.37%"}, "dividend yield history": {"last payout": "$0.00", "last yield": "0.00%"}}