{"ticker": "IPG", "price": {"title": "Interpublic Group Of Historical Annual Stock Price Data", "value": 24.48, "historical": {"2021": {"Average Stock Price": "24.8143", "Year Open": "23.1400", "Year High": "26.6100", "Year Low": "23.1400", "Year Close": "24.4800", "Annual % Change": "4.08%"}, "2020": {"Average Stock Price": "19.0994", "Year Open": "22.7100", "Year High": "25.0600", "Year Low": "12.5200", "Year Close": "23.5200", "Annual % Change": "1.82%"}, "2019": {"Average Stock Price": "22.0119", "Year Open": "20.2400", "Year High": "23.7700", "Year Low": "19.5700", "Year Close": "23.1000", "Annual % Change": "11.97%"}, "2018": {"Average Stock Price": "22.8652", "Year Open": "20.2500", "Year High": "25.3300", "Year Low": "19.7500", "Year Close": "20.6300", "Annual % Change": "2.33%"}, "2017": {"Average Stock Price": "22.5233", "Year Open": "23.5100", "Year High": "25.5700", "Year Low": "18.4500", "Year Close": "20.1600", "Annual % Change": "-13.88%"}, "2016": {"Average Stock Price": "22.8190", "Year Open": "22.8200", "Year High": "24.6000", "Year Low": "20.3000", "Year Close": "23.4100", "Annual % Change": "0.56%"}, "2015": {"Average Stock Price": "21.1044", "Year Open": "20.2500", "Year High": "23.6500", "Year Low": "18.2700", "Year Close": "23.2800", "Annual % Change": "12.08%"}, "2014": {"Average Stock Price": "18.4835", "Year Open": "17.6000", "Year High": "20.8300", "Year Low": "16.0500", "Year Close": "20.7700", "Annual % Change": "17.34%"}, "2013": {"Average Stock Price": "14.9101", "Year Open": "11.6300", "Year High": "17.7000", "Year Low": "11.6100", "Year Close": "17.7000", "Annual % Change": "60.62%"}, "2012": {"Average Stock Price": "10.8843", "Year Open": "10.1600", "Year High": "11.9700", "Year Low": "9.4500", "Year Close": "11.0200", "Annual % Change": "13.26%"}, "2011": {"Average Stock Price": "10.4486", "Year Open": "10.7600", "Year High": "13.2000", "Year Low": "6.9500", "Year Close": "9.7300", "Annual % Change": "-8.38%"}, "2010": {"Average Stock Price": "8.8271", "Year Open": "7.5300", "Year High": "11.1100", "Year Low": "6.3500", "Year Close": "10.6200", "Annual % Change": "43.90%"}, "2009": {"Average Stock Price": "5.5268", "Year Open": "4.2800", "Year High": "7.5900", "Year Low": "3.2000", "Year Close": "7.3800", "Annual % Change": "86.36%"}, "2008": {"Average Stock Price": "7.6115", "Year Open": "7.9000", "Year High": "10.3900", "Year Low": "2.6100", "Year Close": "3.9600", "Annual % Change": "-51.17%"}, "2007": {"Average Stock Price": "11.2474", "Year Open": "12.2400", "Year High": "13.8100", "Year Low": "8.1000", "Year Close": "8.1100", "Annual % Change": "-33.74%"}, "2006": {"Average Stock Price": "9.8563", "Year Open": "9.7300", "Year High": "12.3500", "Year Low": "7.8600", "Year Close": "12.2400", "Annual % Change": "26.84%"}, "2005": {"Average Stock Price": "11.9052", "Year Open": "13.4500", "Year High": "13.6800", "Year Low": "9.1400", "Year Close": "9.6500", "Annual % Change": "-27.99%"}, "2004": {"Average Stock Price": "13.7625", "Year Open": "15.5200", "Year High": "17.1900", "Year Low": "10.5100", "Year Close": "13.4000", "Annual % Change": "-14.10%"}, "2003": {"Average Stock Price": "12.9896", "Year Open": "14.6400", "Year High": "16.4100", "Year Low": "8.0100", "Year Close": "15.6000", "Annual % Change": "10.80%"}, "2002": {"Average Stock Price": "23.4323", "Year Open": "29.6500", "Year High": "34.8900", "Year Low": "11.2500", "Year Close": "14.0800", "Annual % Change": "-52.34%"}, "2001": {"Average Stock Price": "31.7983", "Year Open": "38.6300", "Year High": "47.1900", "Year Low": "19.3000", "Year Close": "29.5400", "Annual % Change": "-30.59%"}, "2000": {"Average Stock Price": "42.0174", "Year Open": "54.3100", "Year High": "55.5600", "Year Low": "33.0600", "Year Close": "42.5600", "Annual % Change": "-26.23%"}, "1999": {"Average Stock Price": "40.6355", "Year Open": "40.0000", "Year High": "58.0600", "Year Low": "34.5950", "Year Close": "57.6900", "Annual % Change": "44.68%"}, "1998": {"Average Stock Price": "29.4257", "Year Open": "24.9400", "Year High": "39.8750", "Year Low": "23.5000", "Year Close": "39.8750", "Annual % Change": "60.11%"}, "1997": {"Average Stock Price": "20.8482", "Year Open": "16.1267", "Year High": "26.3150", "Year Low": "16.1267", "Year Close": "24.9050", "Annual % Change": "57.30%"}, "1996": {"Average Stock Price": "15.3153", "Year Open": "14.3333", "Year High": "16.6667", "Year Low": "13.3333", "Year Close": "15.8333", "Annual % Change": "9.50%"}, "1995": {"Average Stock Price": "12.4009", "Year Open": "10.6267", "Year High": "14.4600", "Year Low": "10.6267", "Year Close": "14.4600", "Annual % Change": "35.56%"}, "1994": {"Average Stock Price": "10.6487", "Year Open": "10.8767", "Year High": "11.7933", "Year Low": "9.2933", "Year Close": "10.6667", "Annual % Change": "0.00%"}, "1993": {"Average Stock Price": "9.9762", "Year Open": "11.3767", "Year High": "11.8333", "Year Low": "7.9600", "Year Close": "10.6667", "Annual % Change": "-8.26%"}, "1992": {"Average Stock Price": "10.0339", "Year Open": "9.2700", "Year High": "11.9167", "Year Low": "8.7933", "Year Close": "11.6267", "Annual % Change": "21.85%"}, "1991": {"Average Stock Price": "7.4484", "Year Open": "5.7083", "Year High": "9.5417", "Year Low": "5.6250", "Year Close": "9.5417", "Annual % Change": "63.57%"}, "1990": {"Average Stock Price": "5.3797", "Year Open": "5.4800", "Year High": "6.2083", "Year Low": "4.8750", "Year Close": "5.8333", "Annual % Change": "7.29%"}, "1989": {"Average Stock Price": "5.1203", "Year Open": "4.0967", "Year High": "6.2700", "Year Low": "4.0556", "Year Close": "5.4367", "Annual % Change": "33.14%"}, "1988": {"Average Stock Price": "3.6581", "Year Open": "3.5422", "Year High": "4.0833", "Year Low": "3.2222", "Year Close": "4.0833", "Annual % Change": "15.75%"}}}, "market cap": {"value": "$10.25B"}, "income statement": {"Revenue": {"2019-12-31": "10221.30000", "2018-12-31": "9714.40000", "2017-12-31": "9047.60000", "2016-12-31": "9056.20000", "2015-12-31": "7613.80000", "2014-12-31": "7537.10000", "2013-12-31": "7122.30000", "2012-12-31": "6956.20000", "2011-12-31": "7014.60000", "2010-12-31": "6507.30000", "2009-12-31": "6007.40000", "2008-12-31": "6962.70000", "2007-12-31": "6554.20000", "2006-12-31": "6190.80000", "2005-12-31": "6274.30000"}, "Cost Of Goods Sold": {"2019-12-31": "8729.10000", "2018-12-31": "8336.20000", "2017-12-31": "7834.00000", "2016-12-31": "7821.00000", "2015-12-31": "6739.00000", "2014-12-31": "6748.70000", "2013-12-31": "6463.40000", "2012-12-31": "6279.10000", "2011-12-31": "6326.40000", "2010-12-31": "5958.60000", "2009-12-31": "5661.50000", "2008-12-31": "6355.90000", "2007-12-31": "6184.00000", "2006-12-31": "6023.10000", "2005-12-31": "6287.20000"}, "Gross Profit": {"2019-12-31": "1492.20000", "2018-12-31": "1378.20000", "2017-12-31": "1213.60000", "2016-12-31": "1235.20000", "2015-12-31": "874.79980", "2014-12-31": "788.39990", "2013-12-31": "658.89990", "2012-12-31": "677.10010", "2011-12-31": "688.20020", "2010-12-31": "548.69970", "2009-12-31": "345.89990", "2008-12-31": "606.80030", "2007-12-31": "370.20020", "2006-12-31": "167.69970", "2005-12-31": "-12.90040"}, "Research And Development Expenses": {"2019-12-31": "", "2018-12-31": "", "2017-12-31": "", "2016-12-31": "", "2015-12-31": "", "2014-12-31": "", "2013-12-31": "", "2012-12-31": "", "2011-12-31": "", "2010-12-31": "", "2009-12-31": "", "2008-12-31": "", "2007-12-31": "", "2006-12-31": "", "2005-12-31": ""}, "SG&A Expenses": {"2019-12-31": "93.80000", "2018-12-31": "166.50000", "2017-12-31": "118.50000", "2016-12-31": "138.60000", "2015-12-31": "", "2014-12-31": "", "2013-12-31": "", "2012-12-31": "", "2011-12-31": "", "2010-12-31": "", "2009-12-31": "", "2008-12-31": "", "2007-12-31": "", "2006-12-31": "", "2005-12-31": ""}, "Other Operating Income Or Expenses": {"2019-12-31": "", "2018-12-31": "", "2017-12-31": "", "2016-12-31": "", "2015-12-31": "", "2014-12-31": "", "2013-12-31": "", "2012-12-31": "", "2011-12-31": "", "2010-12-31": "", "2009-12-31": "", "2008-12-31": "", "2007-12-31": "", "2006-12-31": "-27.20000", "2005-12-31": "-98.60000"}, "Operating Expenses": {"2019-12-31": "9135.30000", "2018-12-31": "8705.60100", "2017-12-31": "8109.20000", "2016-12-31": "8119.80000", "2015-12-31": "6739.00000", "2014-12-31": "6748.70000", "2013-12-31": "6524.00000", "2012-12-31": "6277.90000", "2011-12-31": "6327.40000", "2010-12-31": "5958.60000", "2009-12-31": "5666.10000", "2008-12-31": "6373.00000", "2007-12-31": "6209.90000", "2006-12-31": "6084.80000", "2005-12-31": "6378.50000"}, "Operating Income": {"2019-12-31": "1086.00000", "2018-12-31": "1008.80000", "2017-12-31": "938.39940", "2016-12-31": "936.39990", "2015-12-31": "874.79980", "2014-12-31": "788.39990", "2013-12-31": "598.29980", "2012-12-31": "678.30030", "2011-12-31": "687.20020", "2010-12-31": "548.69970", "2009-12-31": "341.29980", "2008-12-31": "589.70020", "2007-12-31": "344.30030", "2006-12-31": "105.99950", "2005-12-31": "-104.20070"}, "Total Non-Operating Income/Expense": {"2019-12-31": "-207.70000", "2018-12-31": "-170.80000", "2017-12-31": "-97.60000", "2016-12-31": "-110.80000", "2015-12-31": "-112.60000", "2014-12-31": "-67.70000", "2013-12-31": "-130.30000", "2012-12-31": "-3.50000", "2011-12-31": "51.20000", "2010-12-31": "-98.10000", "2009-12-31": "-108.90000", "2008-12-31": "-118.20000", "2007-12-31": "-108.60000", "2006-12-31": "-111.00000", "2005-12-31": "-82.40000"}, "Pre-Tax Income": {"2019-12-31": "878.30000", "2018-12-31": "838.00000", "2017-12-31": "840.80000", "2016-12-31": "825.60000", "2015-12-31": "762.20000", "2014-12-31": "720.70000", "2013-12-31": "468.00000", "2012-12-31": "674.80000", "2011-12-31": "738.40000", "2010-12-31": "450.60000", "2009-12-31": "232.40000", "2008-12-31": "471.50000", "2007-12-31": "235.70000", "2006-12-31": "-5.00000", "2005-12-31": "-186.60000"}, "Income Taxes": {"2019-12-31": "204.80000", "2018-12-31": "199.20000", "2017-12-31": "271.30000", "2016-12-31": "196.90000", "2015-12-31": "282.80000", "2014-12-31": "216.50000", "2013-12-31": "181.20000", "2012-12-31": "213.30000", "2011-12-31": "190.20000", "2010-12-31": "171.30000", "2009-12-31": "90.10000", "2008-12-31": "156.60000", "2007-12-31": "58.90000", "2006-12-31": "18.70000", "2005-12-31": "81.90000"}, "Income After Taxes": {"2019-12-31": "673.50000", "2018-12-31": "638.80000", "2017-12-31": "569.50000", "2016-12-31": "628.70000", "2015-12-31": "479.40000", "2014-12-31": "504.20000", "2013-12-31": "286.80000", "2012-12-31": "461.50000", "2011-12-31": "548.20000", "2010-12-31": "279.30000", "2009-12-31": "142.30000", "2008-12-31": "314.90000", "2007-12-31": "176.80000", "2006-12-31": "-23.70000", "2005-12-31": "-268.50000"}, "Other Income": {"2019-12-31": "", "2018-12-31": "", "2017-12-31": "", "2016-12-31": "", "2015-12-31": "", "2014-12-31": "", "2013-12-31": "", "2012-12-31": "", "2011-12-31": "", "2010-12-31": "", "2009-12-31": "", "2008-12-31": "", "2007-12-31": "", "2006-12-31": "", "2005-12-31": ""}, "Income From Continuous Operations": {"2019-12-31": "673.90000", "2018-12-31": "637.70000", "2017-12-31": "570.40000", "2016-12-31": "628.99990", "2015-12-31": "480.50000", "2014-12-31": "505.40000", "2013-12-31": "288.90000", "2012-12-31": "464.60000", "2011-12-31": "551.50000", "2010-12-31": "281.20000", "2009-12-31": "143.40000", "2008-12-31": "318.00000", "2007-12-31": "184.30000", "2006-12-31": "-36.70000", "2005-12-31": "-271.90000"}, "Income From Discontinued Operations": {"2019-12-31": "", "2018-12-31": "", "2017-12-31": "", "2016-12-31": "", "2015-12-31": "", "2014-12-31": "", "2013-12-31": "", "2012-12-31": "", "2011-12-31": "", "2010-12-31": "", "2009-12-31": "", "2008-12-31": "", "2007-12-31": "", "2006-12-31": "5.00000", "2005-12-31": "9.00000"}, "Net Income": {"2019-12-31": "656.00000", "2018-12-31": "618.90000", "2017-12-31": "554.40000", "2016-12-31": "605.00000", "2015-12-31": "454.60000", "2014-12-31": "477.10000", "2013-12-31": "259.20000", "2012-12-31": "435.10000", "2011-12-31": "520.70000", "2010-12-31": "271.20000", "2009-12-31": "93.60000", "2008-12-31": "265.20000", "2007-12-31": "131.30000", "2006-12-31": "-79.30000", "2005-12-31": "-289.20000"}, "EBITDA": {"2019-12-31": "1454.00000", "2018-12-31": "1300.40000", "2017-12-31": "1183.29900", "2016-12-31": "1187.80000", "2015-12-31": "1107.90000", "2014-12-31": "1010.80000", "2013-12-31": "807.39980", "2012-12-31": "872.30030", "2011-12-31": "881.10020", "2010-12-31": "742.69970", "2009-12-31": "572.79980", "2008-12-31": "871.80020", "2007-12-31": "632.00030", "2006-12-31": "366.49950", "2005-12-31": "115.99930"}, "EBIT": {"2019-12-31": "1086.00000", "2018-12-31": "1008.80000", "2017-12-31": "938.39940", "2016-12-31": "936.39990", "2015-12-31": "874.79980", "2014-12-31": "788.39990", "2013-12-31": "598.29980", "2012-12-31": "678.30030", "2011-12-31": "687.20020", "2010-12-31": "548.69970", "2009-12-31": "341.29980", "2008-12-31": "589.70020", "2007-12-31": "344.30030", "2006-12-31": "105.99950", "2005-12-31": "-104.20070"}, "Basic Shares Outstanding": {"2019-12-31": "386.10000", "2018-12-31": "383.30000", "2017-12-31": "389.60000", "2016-12-31": "397.90000", "2015-12-31": "408.10000", "2014-12-31": "419.20000", "2013-12-31": "421.10000", "2012-12-31": "432.50000", "2011-12-31": "465.50000", "2010-12-31": "473.60000", "2009-12-31": "468.20000", "2008-12-31": "461.50000", "2007-12-31": "457.70000", "2006-12-31": "428.10000", "2005-12-31": "424.80000"}, "Shares Outstanding": {"2019-12-31": "391.20000", "2018-12-31": "389.00000", "2017-12-31": "397.30000", "2016-12-31": "408.00000", "2015-12-31": "415.70000", "2014-12-31": "425.40000", "2013-12-31": "429.60000", "2012-12-31": "481.40000", "2011-12-31": "540.60000", "2010-12-31": "542.10000", "2009-12-31": "508.10000", "2008-12-31": "518.30000", "2007-12-31": "503.10000", "2006-12-31": "428.10000", "2005-12-31": "424.80000"}, "Basic EPS": {"2019-12-31": "1.70000", "2018-12-31": "1.61000", "2017-12-31": "1.42000", "2016-12-31": "1.52000", "2015-12-31": "1.11000", "2014-12-31": "1.14000", "2013-12-31": "0.62000", "2012-12-31": "1.01000", "2011-12-31": "1.12000", "2010-12-31": "0.57000", "2009-12-31": "0.20000", "2008-12-31": "0.57000", "2007-12-31": "0.29000", "2006-12-31": "-0.19000", "2005-12-31": "-0.68000"}, "EPS - Earnings Per Share": {"2019-12-31": "1.68000", "2018-12-31": "1.59000", "2017-12-31": "1.40000", "2016-12-31": "1.48000", "2015-12-31": "1.09000", "2014-12-31": "1.12000", "2013-12-31": "0.61000", "2012-12-31": "0.94000", "2011-12-31": "0.99000", "2010-12-31": "0.47000", "2009-12-31": "0.19000", "2008-12-31": "0.52000", "2007-12-31": "0.26000", "2006-12-31": "-0.19000", "2005-12-31": "-0.68000"}}, "income statement, quarterly": {"Revenue": {"2020-09-30": "2125.50000", "2020-06-30": "2025.70000", "2020-03-31": "2359.80000", "2019-12-31": "2901.80000", "2019-09-30": "2438.10000", "2019-06-30": "2520.20000", "2019-03-31": "2361.20000", "2018-12-31": "2856.00000", "2018-09-30": "2297.50000", "2018-06-30": "2391.80000", "2018-03-31": "2169.10000", "2017-12-31": "2589.80000", "2017-09-30": "2208.20000", "2017-06-30": "2185.80000", "2017-03-31": "2063.80000", "2016-12-31": "3474.10000", "2016-09-30": "1922.20000", "2016-06-30": "1917.90000", "2016-03-31": "1742.00000", "2015-12-31": "2196.20000", "2015-09-30": "1865.50000", "2015-06-30": "1876.10000", "2015-03-31": "1676.00000", "2014-12-31": "2207.10000", "2014-09-30": "1841.10000", "2014-06-30": "1851.40000", "2014-03-31": "1637.50000", "2013-12-31": "2122.70000", "2013-09-30": "1700.40000", "2013-06-30": "1756.20000", "2013-03-31": "1543.00000", "2012-12-31": "2063.30000", "2012-09-30": "1670.40000", "2012-06-30": "1715.70000", "2012-03-31": "1506.80000", "2011-12-31": "2072.60000", "2011-09-30": "1726.50000", "2011-06-30": "1740.70000", "2011-03-31": "1474.80000", "2010-12-31": "2005.20000", "2010-09-30": "1553.40000", "2010-06-30": "1611.70000", "2010-03-31": "1337.00000", "2009-12-31": "1781.00000", "2009-09-30": "1426.70000", "2009-06-30": "1474.40000", "2009-03-31": "1325.30000", "2008-12-31": "1901.80000", "2008-09-30": "1740.00000", "2008-06-30": "1835.70000", "2008-03-31": "1485.20000", "2007-12-31": "1982.50000", "2007-09-30": "1559.90000", "2007-06-30": "1652.70000", "2007-03-31": "1359.10000", "2006-12-31": "1877.10000", "2006-09-30": "1453.80000", "2006-06-30": "1532.90000", "2006-03-31": "1327.00000", "2005-12-31": "1895.70000", "2005-09-30": "1439.70000", "2005-06-30": "1610.70000", "2005-03-31": "1328.20000"}, "Cost Of Goods Sold": {"2020-09-30": "1748.70000", "2020-06-30": "1795.40000", "2020-03-31": "2188.70000", "2019-12-31": "2320.60000", "2019-09-30": "2079.00000", "2019-06-30": "2162.80000", "2019-03-31": "2166.70000", "2018-12-31": "2247.00000", "2018-09-30": "1970.20000", "2018-06-30": "2069.80000", "2018-03-31": "2049.20000", "2017-12-31": "2085.20000", "2017-09-30": "1897.40000", "2017-06-30": "1898.50000", "2017-03-31": "1952.90000", "2016-12-31": "2694.20000", "2016-09-30": "1714.20000", "2016-06-30": "1693.60000", "2016-03-31": "1719.00000", "2015-12-31": "1736.90000", "2015-09-30": "1673.60000", "2015-06-30": "1660.30000", "2015-03-31": "1668.20000", "2014-12-31": "1774.10000", "2014-09-30": "1669.80000", "2014-06-30": "1655.60000", "2014-03-31": "1649.20000", "2013-12-31": "1737.70000", "2013-09-30": "1558.90000", "2013-06-30": "1581.40000", "2013-03-31": "1585.40000", "2012-12-31": "1654.60000", "2012-09-30": "1539.00000", "2012-06-30": "1539.30000", "2012-03-31": "1546.20000", "2011-12-31": "1687.10000", "2011-09-30": "1553.30000", "2011-06-30": "1566.70000", "2011-03-31": "1519.30000", "2010-12-31": "1676.80000", "2010-09-30": "1451.80000", "2010-06-30": "1433.90000", "2010-03-31": "1396.10000", "2009-12-31": "1507.70000", "2009-09-30": "1368.90000", "2009-06-30": "1377.50000", "2009-03-31": "1407.40000", "2008-12-31": "1565.30000", "2008-09-30": "1619.80000", "2008-06-30": "1631.00000", "2008-03-31": "1539.80000", "2007-12-31": "1684.20000", "2007-09-30": "1503.60000", "2007-06-30": "1512.30000", "2007-03-31": "1483.90000", "2006-12-31": "1660.50000", "2006-09-30": "1426.70000", "2006-06-30": "1449.70000", "2006-03-31": "1486.20000", "2005-12-31": "1744.60000", "2005-09-30": "1541.30000", "2005-06-30": "1497.10000", "2005-03-31": "1504.20000"}, "Gross Profit": {"2020-09-30": "376.79990", "2020-06-30": "230.29990", "2020-03-31": "171.10010", "2019-12-31": "581.20020", "2019-09-30": "359.10010", "2019-06-30": "357.39990", "2019-03-31": "194.50000", "2018-12-31": "609.00020", "2018-09-30": "327.29990", "2018-06-30": "322.00000", "2018-03-31": "119.90010", "2017-12-31": "504.59940", "2017-09-30": "310.80000", "2017-06-30": "287.30000", "2017-03-31": "110.90000", "2016-12-31": "779.90040", "2016-09-30": "208.00000", "2016-06-30": "224.30000", "2016-03-31": "23.00000", "2015-12-31": "459.29980", "2015-09-30": "191.90000", "2015-06-30": "215.79990", "2015-03-31": "7.80000", "2014-12-31": "432.99980", "2014-09-30": "171.29990", "2014-06-30": "195.80000", "2014-03-31": "-11.70000", "2013-12-31": "384.99990", "2013-09-30": "141.50000", "2013-06-30": "174.79990", "2013-03-31": "-42.40000", "2012-12-31": "408.70020", "2012-09-30": "131.40000", "2012-06-30": "176.39990", "2012-03-31": "-39.39990", "2011-12-31": "385.50050", "2011-09-30": "173.20000", "2011-06-30": "174.00000", "2011-03-31": "-44.50000", "2010-12-31": "328.40000", "2010-09-30": "101.60000", "2010-06-30": "177.79990", "2010-03-31": "-59.10000", "2009-12-31": "273.30020", "2009-09-30": "57.79990", "2009-06-30": "96.90000", "2009-03-31": "-82.10000", "2008-12-31": "336.50070", "2008-09-30": "120.20000", "2008-06-30": "204.70000", "2008-03-31": "-54.60010", "2007-12-31": "298.30050", "2007-09-30": "56.30010", "2007-06-30": "140.39990", "2007-03-31": "-124.80000", "2006-12-31": "216.59960", "2006-09-30": "27.10010", "2006-06-30": "83.20010", "2006-03-31": "-159.20000", "2005-12-31": "151.09940", "2005-09-30": "-101.60010", "2005-06-30": "113.60000", "2005-03-31": "-176.00000"}, "Research And Development Expenses": {"2020-09-30": "", "2020-06-30": "", "2020-03-31": "", "2019-12-31": "", "2019-09-30": "", "2019-06-30": "", "2019-03-31": "", "2018-12-31": "", "2018-09-30": "", "2018-06-30": "", "2018-03-31": "", "2017-12-31": "", "2017-09-30": "", "2017-06-30": "", "2017-03-31": "", "2016-12-31": "", "2016-09-30": "", "2016-06-30": "", "2016-03-31": "", "2015-12-31": "", "2015-09-30": "", "2015-06-30": "", "2015-03-31": "", "2014-12-31": "", "2014-09-30": "", "2014-06-30": "", "2014-03-31": "", "2013-12-31": "", "2013-09-30": "", "2013-06-30": "", "2013-03-31": "", "2012-12-31": "", "2012-09-30": "", "2012-06-30": "", "2012-03-31": "", "2011-12-31": "", "2011-09-30": "", "2011-06-30": "", "2011-03-31": "", "2010-12-31": "", "2010-09-30": "", "2010-06-30": "", "2010-03-31": "", "2009-12-31": "", "2009-09-30": "", "2009-06-30": "", "2009-03-31": "", "2008-12-31": "", "2008-09-30": "", "2008-06-30": "", "2008-03-31": "", "2007-12-31": "", "2007-09-30": "", "2007-06-30": "", "2007-03-31": "", "2006-12-31": "", "2006-09-30": "", "2006-06-30": "", "2006-03-31": "", "2005-12-31": "", "2005-09-30": "", "2005-06-30": "", "2005-03-31": ""}, "SG&A Expenses": {"2020-09-30": "9.90000", "2020-06-30": "4.10000", "2020-03-31": "22.40000", "2019-12-31": "24.50000", "2019-09-30": "9.80000", "2019-06-30": "18.10000", "2019-03-31": "41.40000", "2018-12-31": "81.00000", "2018-09-30": "21.60000", "2018-06-30": "28.80000", "2018-03-31": "35.10000", "2017-12-31": "49.40000", "2017-09-30": "13.60000", "2017-06-30": "20.30000", "2017-03-31": "35.20000", "2016-12-31": "", "2016-09-30": "", "2016-06-30": "", "2016-03-31": "", "2015-12-31": "", "2015-09-30": "", "2015-06-30": "", "2015-03-31": "", "2014-12-31": "", "2014-09-30": "", "2014-06-30": "", "2014-03-31": "", "2013-12-31": "", "2013-09-30": "", "2013-06-30": "", "2013-03-31": "", "2012-12-31": "", "2012-09-30": "", "2012-06-30": "", "2012-03-31": "", "2011-12-31": "", "2011-09-30": "", "2011-06-30": "", "2011-03-31": "", "2010-12-31": "", "2010-09-30": "", "2010-06-30": "", "2010-03-31": "", "2009-12-31": "", "2009-09-30": "", "2009-06-30": "", "2009-03-31": "", "2008-12-31": "", "2008-09-30": "", "2008-06-30": "", "2008-03-31": "", "2007-12-31": "", "2007-09-30": "", "2007-06-30": "", "2007-03-31": "", "2006-12-31": "", "2006-09-30": "", "2006-06-30": "", "2006-03-31": "", "2005-12-31": "", "2005-09-30": "", "2005-06-30": "", "2005-03-31": ""}, "Other Operating Income Or Expenses": {"2020-09-30": "", "2020-06-30": "", "2020-03-31": "", "2019-12-31": "", "2019-09-30": "", "2019-06-30": "", "2019-03-31": "", "2018-12-31": "", "2018-09-30": "", "2018-06-30": "", "2018-03-31": "", "2017-12-31": "", "2017-09-30": "", "2017-06-30": "", "2017-03-31": "", "2016-12-31": "", "2016-09-30": "", "2016-06-30": "", "2016-03-31": "", "2015-12-31": "", "2015-09-30": "", "2015-06-30": "", "2015-03-31": "", "2014-12-31": "", "2014-09-30": "", "2014-06-30": "", "2014-03-31": "", "2013-12-31": "", "2013-09-30": "", "2013-06-30": "", "2013-03-31": "", "2012-12-31": "", "2012-09-30": "", "2012-06-30": "", "2012-03-31": "", "2011-12-31": "", "2011-09-30": "", "2011-06-30": "", "2011-03-31": "", "2010-12-31": "", "2010-09-30": "", "2010-06-30": "", "2010-03-31": "", "2009-12-31": "", "2009-09-30": "", "2009-06-30": "", "2009-03-31": "", "2008-12-31": "", "2008-09-30": "", "2008-06-30": "", "2008-03-31": "", "2007-12-31": "", "2007-09-30": "", "2007-06-30": "", "2007-03-31": "", "2006-12-31": "", "2006-09-30": "", "2006-06-30": "", "2006-03-31": "", "2005-12-31": "-92.10000", "2005-09-30": "-6.50000", "2005-06-30": "", "2005-03-31": ""}, "Operating Expenses": {"2020-09-30": "1876.90000", "2020-06-30": "1985.20000", "2020-03-31": "2283.90000", "2019-12-31": "2410.50000", "2019-09-30": "2157.80000", "2019-06-30": "2256.00000", "2019-03-31": "2311.00000", "2018-12-31": "2396.90100", "2018-09-30": "2035.80000", "2018-06-30": "2142.60000", "2018-03-31": "2130.30000", "2017-12-31": "2166.80000", "2017-09-30": "1953.20000", "2017-06-30": "1960.10000", "2017-03-31": "2029.10000", "2016-12-31": "2993.00000", "2016-09-30": "1714.20000", "2016-06-30": "1693.60000", "2016-03-31": "1719.00000", "2015-12-31": "1736.90000", "2015-09-30": "1673.60000", "2015-06-30": "1660.30000", "2015-03-31": "1668.20000", "2014-12-31": "1774.10000", "2014-09-30": "1669.80000", "2014-06-30": "1655.60000", "2014-03-31": "1649.20000", "2013-12-31": "1798.30000", "2013-09-30": "1558.90000", "2013-06-30": "1581.40000", "2013-03-31": "1585.40000", "2012-12-31": "1653.40000", "2012-09-30": "1539.00000", "2012-06-30": "1539.30000", "2012-03-31": "1546.20000", "2011-12-31": "1687.30000", "2011-09-30": "1553.30000", "2011-06-30": "1566.70000", "2011-03-31": "1520.10000", "2010-12-31": "1674.50000", "2010-09-30": "1453.20000", "2010-06-30": "1434.50000", "2010-03-31": "1396.40000", "2009-12-31": "1513.00000", "2009-09-30": "1368.40000", "2009-06-30": "1377.50000", "2009-03-31": "1407.20000", "2008-12-31": "1571.20000", "2008-09-30": "1623.70000", "2008-06-30": "1635.10000", "2008-03-31": "1543.00000", "2007-12-31": "1710.70000", "2007-09-30": "1508.80000", "2007-06-30": "1507.10000", "2007-03-31": "1483.30000", "2006-12-31": "1709.30000", "2006-09-30": "1432.90000", "2006-06-30": "1456.00000", "2006-03-31": "1486.60000", "2005-12-31": "1838.10100", "2005-09-30": "1547.90000", "2005-06-30": "1495.20000", "2005-03-31": "1497.30000"}, "Operating Income": {"2020-09-30": "248.59990", "2020-06-30": "40.50000", "2020-03-31": "75.90020", "2019-12-31": "491.30000", "2019-09-30": "280.30000", "2019-06-30": "264.19970", "2019-03-31": "50.20000", "2018-12-31": "459.09990", "2018-09-30": "261.70000", "2018-06-30": "249.20000", "2018-03-31": "38.80010", "2017-12-31": "422.99930", "2017-09-30": "255.00010", "2017-06-30": "225.70000", "2017-03-31": "34.70010", "2016-12-31": "481.09960", "2016-09-30": "208.00000", "2016-06-30": "224.30000", "2016-03-31": "23.00000", "2015-12-31": "459.29980", "2015-09-30": "191.90000", "2015-06-30": "215.79990", "2015-03-31": "7.80000", "2014-12-31": "432.99980", "2014-09-30": "171.29990", "2014-06-30": "195.80000", "2014-03-31": "-11.70000", "2013-12-31": "324.39980", "2013-09-30": "141.50000", "2013-06-30": "174.79990", "2013-03-31": "-42.40000", "2012-12-31": "409.90040", "2012-09-30": "131.40000", "2012-06-30": "176.39990", "2012-03-31": "-39.39990", "2011-12-31": "385.30050", "2011-09-30": "173.20000", "2011-06-30": "174.00000", "2011-03-31": "-45.30010", "2010-12-31": "330.70010", "2010-09-30": "100.20000", "2010-06-30": "177.20000", "2010-03-31": "-59.40000", "2009-12-31": "268.00010", "2009-09-30": "58.29990", "2009-06-30": "96.90000", "2009-03-31": "-81.90000", "2008-12-31": "330.60060", "2008-09-30": "116.29990", "2008-06-30": "200.60000", "2008-03-31": "-57.80010", "2007-12-31": "271.80040", "2007-09-30": "51.10010", "2007-06-30": "145.59990", "2007-03-31": "-124.20010", "2006-12-31": "167.79970", "2006-09-30": "20.90020", "2006-06-30": "76.90000", "2006-03-31": "-159.60000", "2005-12-31": "57.59900", "2005-09-30": "-108.20010", "2005-06-30": "115.50000", "2005-03-31": "-169.10000"}, "Total Non-Operating Income/Expense": {"2020-09-30": "-56.00000", "2020-06-30": "-65.40000", "2020-03-31": "-55.90000", "2019-12-31": "-63.50000", "2019-09-30": "-47.60000", "2019-06-30": "-47.70000", "2019-03-31": "-48.90000", "2018-12-31": "-55.20000", "2018-09-30": "-37.60000", "2018-06-30": "-37.70000", "2018-03-31": "-40.30000", "2017-12-31": "-19.50000", "2017-09-30": "-26.80000", "2017-06-30": "-36.40000", "2017-03-31": "-14.90000", "2016-12-31": "-44.60000", "2016-09-30": "-11.70000", "2016-06-30": "-18.50000", "2016-03-31": "-36.00000", "2015-12-31": "-31.50000", "2015-09-30": "-52.90000", "2015-06-30": "-14.80000", "2015-03-31": "-13.40000", "2014-12-31": "-14.40000", "2014-09-30": "-13.80000", "2014-06-30": "-27.20000", "2014-03-31": "-12.30000", "2013-12-31": "-10.30000", "2013-09-30": "-64.50000", "2013-06-30": "-26.90000", "2013-03-31": "-28.60000", "2012-12-31": "66.90000", "2012-09-30": "-23.20000", "2012-06-30": "-21.30000", "2012-03-31": "-25.90000", "2011-12-31": "-14.90000", "2011-09-30": "113.90000", "2011-06-30": "-18.10000", "2011-03-31": "-29.70000", "2010-12-31": "-10.50000", "2010-09-30": "-31.00000", "2010-06-30": "-31.00000", "2010-03-31": "-25.60000", "2009-12-31": "-1.80000", "2009-09-30": "-29.20000", "2009-06-30": "-60.30000", "2009-03-31": "-17.60000", "2008-12-31": "-33.20000", "2008-09-30": "-30.90000", "2008-06-30": "-23.70000", "2008-03-31": "-30.40000", "2007-12-31": "-25.10000", "2007-09-30": "-34.70000", "2007-06-30": "-20.80000", "2007-03-31": "-28.00000", "2006-12-31": "-80.80000", "2006-09-30": "-9.30000", "2006-06-30": "-1.30000", "2006-03-31": "-19.60000", "2005-12-31": "-13.00000", "2005-09-30": "-27.10000", "2005-06-30": "-25.00000", "2005-03-31": "-17.30000"}, "Pre-Tax Income": {"2020-09-30": "192.60000", "2020-06-30": "-24.90000", "2020-03-31": "20.00000", "2019-12-31": "427.80000", "2019-09-30": "232.70000", "2019-06-30": "216.50000", "2019-03-31": "1.30000", "2018-12-31": "403.90000", "2018-09-30": "224.10000", "2018-06-30": "211.50000", "2018-03-31": "-1.50000", "2017-12-31": "403.50000", "2017-09-30": "228.20000", "2017-06-30": "189.30000", "2017-03-31": "19.80000", "2016-12-31": "436.50000", "2016-09-30": "196.30000", "2016-06-30": "205.80000", "2016-03-31": "-13.00000", "2015-12-31": "427.80000", "2015-09-30": "139.00000", "2015-06-30": "201.00000", "2015-03-31": "-5.60000", "2014-12-31": "418.60000", "2014-09-30": "157.50000", "2014-06-30": "168.60000", "2014-03-31": "-24.00000", "2013-12-31": "314.10000", "2013-09-30": "77.00000", "2013-06-30": "147.90000", "2013-03-31": "-71.00000", "2012-12-31": "476.80000", "2012-09-30": "108.20000", "2012-06-30": "155.10000", "2012-03-31": "-65.30000", "2011-12-31": "370.40000", "2011-09-30": "287.10000", "2011-06-30": "155.90000", "2011-03-31": "-75.00000", "2010-12-31": "320.20000", "2010-09-30": "69.20000", "2010-06-30": "146.20000", "2010-03-31": "-85.00000", "2009-12-31": "266.20000", "2009-09-30": "29.10000", "2009-06-30": "36.60000", "2009-03-31": "-99.50000", "2008-12-31": "297.40000", "2008-09-30": "85.40000", "2008-06-30": "176.90000", "2008-03-31": "-88.20000", "2007-12-31": "246.70000", "2007-09-30": "16.40000", "2007-06-30": "124.80000", "2007-03-31": "-152.20000", "2006-12-31": "87.00000", "2006-09-30": "11.60000", "2006-06-30": "75.60000", "2006-03-31": "-179.20000", "2005-12-31": "44.60000", "2005-09-30": "-135.30000", "2005-06-30": "90.50000", "2005-03-31": "-186.40000"}, "Income Taxes": {"2020-09-30": "-86.30000", "2020-06-30": "19.00000", "2020-03-31": "17.20000", "2019-12-31": "86.10000", "2019-09-30": "64.60000", "2019-06-30": "43.60000", "2019-03-31": "10.50000", "2018-12-31": "62.20000", "2018-09-30": "60.70000", "2018-06-30": "63.60000", "2018-03-31": "12.70000", "2017-12-31": "135.10000", "2017-09-30": "54.90000", "2017-06-30": "81.60000", "2017-03-31": "-0.30000", "2016-12-31": "105.00000", "2016-09-30": "63.80000", "2016-06-30": "43.70000", "2016-03-31": "-15.60000", "2015-12-31": "145.40000", "2015-09-30": "61.10000", "2015-06-30": "77.70000", "2015-03-31": "-1.40000", "2014-12-31": "87.90000", "2014-09-30": "65.00000", "2014-06-30": "65.30000", "2014-03-31": "-1.70000", "2013-12-31": "103.20000", "2013-09-30": "28.40000", "2013-06-30": "62.00000", "2013-03-31": "-12.40000", "2012-12-31": "140.50000", "2012-09-30": "41.90000", "2012-06-30": "50.10000", "2012-03-31": "-19.20000", "2011-12-31": "93.70000", "2011-09-30": "70.40000", "2011-06-30": "47.60000", "2011-03-31": "-21.50000", "2010-12-31": "98.90000", "2010-09-30": "24.40000", "2010-06-30": "63.30000", "2010-03-31": "-15.30000", "2009-12-31": "108.10000", "2009-09-30": "3.70000", "2009-06-30": "3.70000", "2009-03-31": "-25.40000", "2008-12-31": "65.70000", "2008-09-30": "35.50000", "2008-06-30": "79.10000", "2008-03-31": "-23.70000", "2007-12-31": "60.20000", "2007-09-30": "35.80000", "2007-06-30": "-11.40000", "2007-03-31": "-25.70000", "2006-12-31": "12.00000", "2006-09-30": "10.50000", "2006-06-30": "5.00000", "2006-03-31": "-8.80000", "2005-12-31": "77.40000", "2005-09-30": "-34.80000", "2005-06-30": "79.90000", "2005-03-31": "-40.60000"}, "Income After Taxes": {"2020-09-30": "278.90000", "2020-06-30": "-43.90000", "2020-03-31": "2.80000", "2019-12-31": "341.70000", "2019-09-30": "168.10000", "2019-06-30": "172.90000", "2019-03-31": "-9.20000", "2018-12-31": "341.70000", "2018-09-30": "163.40000", "2018-06-30": "147.90000", "2018-03-31": "-14.20000", "2017-12-31": "268.40000", "2017-09-30": "173.30000", "2017-06-30": "107.70000", "2017-03-31": "20.10000", "2016-12-31": "331.49990", "2016-09-30": "132.50000", "2016-06-30": "162.10000", "2016-03-31": "2.60000", "2015-12-31": "282.40000", "2015-09-30": "77.90000", "2015-06-30": "123.30000", "2015-03-31": "-4.20000", "2014-12-31": "330.70000", "2014-09-30": "92.50000", "2014-06-30": "103.30000", "2014-03-31": "-22.30000", "2013-12-31": "210.90000", "2013-09-30": "48.60000", "2013-06-30": "85.90000", "2013-03-31": "-58.60000", "2012-12-31": "336.30000", "2012-09-30": "66.30000", "2012-06-30": "105.00000", "2012-03-31": "-46.10000", "2011-12-31": "276.70000", "2011-09-30": "216.70000", "2011-06-30": "108.30000", "2011-03-31": "-53.50000", "2010-12-31": "221.30000", "2010-09-30": "44.80000", "2010-06-30": "82.90000", "2010-03-31": "-69.70000", "2009-12-31": "158.10000", "2009-09-30": "25.40000", "2009-06-30": "32.90000", "2009-03-31": "-74.10000", "2008-12-31": "231.70000", "2008-09-30": "49.90000", "2008-06-30": "97.80000", "2008-03-31": "-64.50000", "2007-12-31": "186.50000", "2007-09-30": "-19.40000", "2007-06-30": "136.20000", "2007-03-31": "-126.50000", "2006-12-31": "75.00000", "2006-09-30": "1.10000", "2006-06-30": "70.60000", "2006-03-31": "-170.40000", "2005-12-31": "-32.80000", "2005-09-30": "-100.50000", "2005-06-30": "10.60000", "2005-03-31": "-145.80000"}, "Other Income": {"2020-09-30": "", "2020-06-30": "", "2020-03-31": "", "2019-12-31": "", "2019-09-30": "", "2019-06-30": "", "2019-03-31": "", "2018-12-31": "", "2018-09-30": "", "2018-06-30": "", "2018-03-31": "", "2017-12-31": "", "2017-09-30": "", "2017-06-30": "", "2017-03-31": "", "2016-12-31": "", "2016-09-30": "", "2016-06-30": "", "2016-03-31": "", "2015-12-31": "", "2015-09-30": "", "2015-06-30": "", "2015-03-31": "", "2014-12-31": "", "2014-09-30": "", "2014-06-30": "", "2014-03-31": "", "2013-12-31": "", "2013-09-30": "", "2013-06-30": "", "2013-03-31": "", "2012-12-31": "", "2012-09-30": "", "2012-06-30": "", "2012-03-31": "", "2011-12-31": "", "2011-09-30": "", "2011-06-30": "", "2011-03-31": "", "2010-12-31": "", "2010-09-30": "", "2010-06-30": "", "2010-03-31": "", "2009-12-31": "", "2009-09-30": "", "2009-06-30": "", "2009-03-31": "", "2008-12-31": "", "2008-09-30": "", "2008-06-30": "", "2008-03-31": "", "2007-12-31": "", "2007-09-30": "", "2007-06-30": "", "2007-03-31": "", "2006-12-31": "", "2006-09-30": "", "2006-06-30": "", "2006-03-31": "", "2005-12-31": "", "2005-09-30": "", "2005-06-30": "", "2005-03-31": ""}, "Income From Continuous Operations": {"2020-09-30": "278.50000", "2020-06-30": "-43.90000", "2020-03-31": "2.60000", "2019-12-31": "342.20000", "2019-09-30": "168.40000", "2019-06-30": "172.80000", "2019-03-31": "-9.50000", "2018-12-31": "342.50000", "2018-09-30": "163.50000", "2018-06-30": "147.80000", "2018-03-31": "-16.10000", "2017-12-31": "269.20000", "2017-09-30": "172.30000", "2017-06-30": "107.60000", "2017-03-31": "21.30000", "2016-12-31": "333.39990", "2016-09-30": "132.70000", "2016-06-30": "160.20000", "2016-03-31": "2.70000", "2015-12-31": "282.90000", "2015-09-30": "78.00000", "2015-06-30": "123.80000", "2015-03-31": "-4.20000", "2014-12-31": "331.30000", "2014-09-30": "92.80000", "2014-06-30": "103.70000", "2014-03-31": "-22.40000", "2013-12-31": "212.10000", "2013-09-30": "49.20000", "2013-06-30": "86.10000", "2013-03-31": "-58.50000", "2012-12-31": "337.10000", "2012-09-30": "67.70000", "2012-06-30": "105.50000", "2012-03-31": "-45.70000", "2011-12-31": "278.30000", "2011-09-30": "217.50000", "2011-06-30": "108.90000", "2011-03-31": "-53.20000", "2010-12-31": "222.80000", "2010-09-30": "45.60000", "2010-06-30": "83.10000", "2010-03-31": "-70.30000", "2009-12-31": "159.70000", "2009-09-30": "25.90000", "2009-06-30": "31.40000", "2009-03-31": "-73.60000", "2008-12-31": "232.70000", "2008-09-30": "50.40000", "2008-06-30": "98.30000", "2008-03-31": "-63.40000", "2007-12-31": "195.10000", "2007-09-30": "-21.90000", "2007-06-30": "137.00000", "2007-03-31": "-125.90000", "2006-12-31": "69.10000", "2006-09-30": "-1.30000", "2006-06-30": "65.70000", "2006-03-31": "-170.20000", "2005-12-31": "-31.90000", "2005-09-30": "-102.80000", "2005-06-30": "9.20000", "2005-03-31": "-146.40000"}, "Income From Discontinued Operations": {"2020-09-30": "", "2020-06-30": "", "2020-03-31": "", "2019-12-31": "", "2019-09-30": "", "2019-06-30": "", "2019-03-31": "", "2018-12-31": "", "2018-09-30": "", "2018-06-30": "", "2018-03-31": "", "2017-12-31": "", "2017-09-30": "", "2017-06-30": "", "2017-03-31": "", "2016-12-31": "", "2016-09-30": "", "2016-06-30": "", "2016-03-31": "", "2015-12-31": "", "2015-09-30": "", "2015-06-30": "", "2015-03-31": "", "2014-12-31": "", "2014-09-30": "", "2014-06-30": "", "2014-03-31": "", "2013-12-31": "", "2013-09-30": "", "2013-06-30": "", "2013-03-31": "", "2012-12-31": "", "2012-09-30": "", "2012-06-30": "", "2012-03-31": "", "2011-12-31": "", "2011-09-30": "", "2011-06-30": "", "2011-03-31": "", "2010-12-31": "", "2010-09-30": "", "2010-06-30": "", "2010-03-31": "", "2009-12-31": "", "2009-09-30": "", "2009-06-30": "", "2009-03-31": "", "2008-12-31": "", "2008-09-30": "", "2008-06-30": "", "2008-03-31": "", "2007-12-31": "", "2007-09-30": "", "2007-06-30": "", "2007-03-31": "", "2006-12-31": "", "2006-09-30": "5.00000", "2006-06-30": "", "2006-03-31": "", "2005-12-31": "", "2005-09-30": "", "2005-06-30": "", "2005-03-31": ""}, "Net Income": {"2020-09-30": "279.70000", "2020-06-30": "-45.60000", "2020-03-31": "4.70000", "2019-12-31": "328.90000", "2019-09-30": "165.60000", "2019-06-30": "169.50000", "2019-03-31": "-8.00000", "2018-12-31": "326.20000", "2018-09-30": "161.00000", "2018-06-30": "145.80000", "2018-03-31": "-14.10000", "2017-12-31": "252.30000", "2017-09-30": "169.70000", "2017-06-30": "107.70000", "2017-03-31": "24.70000", "2016-12-31": "314.10000", "2016-09-30": "128.60000", "2016-06-30": "156.90000", "2016-03-31": "5.40000", "2015-12-31": "260.30000", "2015-09-30": "74.90000", "2015-06-30": "121.20000", "2015-03-31": "-1.80000", "2014-12-31": "308.90000", "2014-09-30": "89.70000", "2014-06-30": "99.40000", "2014-03-31": "-20.90000", "2013-12-31": "193.10000", "2013-09-30": "45.40000", "2013-06-30": "79.90000", "2013-03-31": "-59.20000", "2012-12-31": "313.30000", "2012-09-30": "68.70000", "2012-06-30": "99.00000", "2012-03-31": "-45.90000", "2011-12-31": "259.00000", "2011-09-30": "208.10000", "2011-06-30": "101.70000", "2011-03-31": "-48.10000", "2010-12-31": "195.00000", "2010-09-30": "42.40000", "2010-06-30": "105.30000", "2010-03-31": "-71.50000", "2009-12-31": "129.40000", "2009-09-30": "17.20000", "2009-06-30": "20.90000", "2009-03-31": "-73.90000", "2008-12-31": "208.10000", "2008-09-30": "38.70000", "2008-06-30": "88.10000", "2008-03-31": "-69.70000", "2007-12-31": "171.40000", "2007-09-30": "-28.80000", "2007-06-30": "121.50000", "2007-03-31": "-132.80000", "2006-12-31": "66.80000", "2006-09-30": "-8.20000", "2006-06-30": "44.20000", "2006-03-31": "-182.10000", "2005-12-31": "-33.50000", "2005-09-30": "-107.80000", "2005-06-30": "3.50000", "2005-03-31": "-151.40000"}, "EBITDA": {"2020-09-30": "343.49980", "2020-06-30": "129.20000", "2020-03-31": "174.20010", "2019-12-31": "580.90000", "2019-09-30": "365.90010", "2019-06-30": "355.39970", "2019-03-31": "151.80000", "2018-12-31": "552.79980", "2018-09-30": "320.90000", "2018-06-30": "310.49990", "2018-03-31": "116.20010", "2017-12-31": "479.39930", "2017-09-30": "312.40010", "2017-06-30": "284.70000", "2017-03-31": "106.80010", "2016-12-31": "551.79960", "2016-09-30": "268.20000", "2016-06-30": "282.30000", "2016-03-31": "85.50000", "2015-12-31": "522.19980", "2015-09-30": "247.90000", "2015-06-30": "273.09990", "2015-03-31": "64.70010", "2014-12-31": "492.09980", "2014-09-30": "225.39990", "2014-06-30": "248.40010", "2014-03-31": "44.90010", "2013-12-31": "377.29980", "2013-09-30": "191.40000", "2013-06-30": "225.99990", "2013-03-31": "12.70000", "2012-12-31": "457.10040", "2012-09-30": "178.10000", "2012-06-30": "226.89990", "2012-03-31": "10.20010", "2011-12-31": "433.90050", "2011-09-30": "219.70000", "2011-06-30": "223.40000", "2011-03-31": "4.09990", "2010-12-31": "377.70010", "2010-09-30": "148.30000", "2010-06-30": "225.99990", "2010-03-31": "-9.30000", "2009-12-31": "322.30010", "2009-09-30": "112.39990", "2009-06-30": "161.30000", "2009-03-31": "-23.20000", "2008-12-31": "396.70060", "2008-09-30": "189.29990", "2008-06-30": "273.70000", "2008-03-31": "12.10000", "2007-12-31": "353.20040", "2007-09-30": "125.20010", "2007-06-30": "207.39980", "2007-03-31": "-53.80010", "2006-12-31": "241.99970", "2006-09-30": "90.50020", "2006-06-30": "138.20000", "2006-03-31": "-104.20000", "2005-12-31": "118.49900", "2005-09-30": "-52.60010", "2005-06-30": "165.00000", "2005-03-31": "-114.90000"}, "EBIT": {"2020-09-30": "248.59990", "2020-06-30": "40.50000", "2020-03-31": "75.90020", "2019-12-31": "491.30030", "2019-09-30": "280.30000", "2019-06-30": "264.19970", "2019-03-31": "50.20000", "2018-12-31": "459.09990", "2018-09-30": "261.70000", "2018-06-30": "249.20000", "2018-03-31": "38.80010", "2017-12-31": "422.99930", "2017-09-30": "255.00010", "2017-06-30": "225.70000", "2017-03-31": "34.70010", "2016-12-31": "481.09990", "2016-09-30": "208.00000", "2016-06-30": "224.30000", "2016-03-31": "23.00000", "2015-12-31": "459.29980", "2015-09-30": "191.90000", "2015-06-30": "215.79990", "2015-03-31": "7.80000", "2014-12-31": "432.99990", "2014-09-30": "171.29990", "2014-06-30": "195.80000", "2014-03-31": "-11.70000", "2013-12-31": "324.39990", "2013-09-30": "141.50000", "2013-06-30": "174.79990", "2013-03-31": "-42.40000", "2012-12-31": "409.90030", "2012-09-30": "131.40000", "2012-06-30": "176.39990", "2012-03-31": "-39.39990", "2011-12-31": "385.30030", "2011-09-30": "173.20000", "2011-06-30": "174.00000", "2011-03-31": "-45.30010", "2010-12-31": "330.69980", "2010-09-30": "100.20000", "2010-06-30": "177.20000", "2010-03-31": "-59.40000", "2009-12-31": "267.99990", "2009-09-30": "58.29990", "2009-06-30": "96.90000", "2009-03-31": "-81.90000", "2008-12-31": "330.60030", "2008-09-30": "116.29990", "2008-06-30": "200.60000", "2008-03-31": "-57.80010", "2007-12-31": "271.80040", "2007-09-30": "51.10010", "2007-06-30": "145.59990", "2007-03-31": "-124.20010", "2006-12-31": "167.79930", "2006-09-30": "20.90020", "2006-06-30": "76.90000", "2006-03-31": "-159.60000", "2005-12-31": "57.59940", "2005-09-30": "-108.20010", "2005-06-30": "115.50000", "2005-03-31": "-169.10000"}, "Basic Shares Outstanding": {"2020-09-30": "389.60000", "2020-06-30": "389.40000", "2020-03-31": "387.70000", "2019-12-31": "386.10000", "2019-09-30": "386.70000", "2019-06-30": "386.20000", "2019-03-31": "384.50000", "2018-12-31": "383.30000", "2018-09-30": "382.60000", "2018-06-30": "383.60000", "2018-03-31": "383.40000", "2017-12-31": "389.60000", "2017-09-30": "389.50000", "2017-06-30": "392.30000", "2017-03-31": "391.70000", "2016-12-31": "397.90000", "2016-09-30": "397.70000", "2016-06-30": "400.10000", "2016-03-31": "400.60000", "2015-12-31": "408.10000", "2015-09-30": "407.60000", "2015-06-30": "410.50000", "2015-03-31": "411.10000", "2014-12-31": "419.20000", "2014-09-30": "419.20000", "2014-06-30": "421.10000", "2014-03-31": "422.80000", "2013-12-31": "421.10000", "2013-09-30": "419.70000", "2013-06-30": "425.10000", "2013-03-31": "414.20000", "2012-12-31": "432.50000", "2012-09-30": "431.30000", "2012-06-30": "437.40000", "2012-03-31": "437.60000", "2011-12-31": "465.50000", "2011-09-30": "464.70000", "2011-06-30": "473.10000", "2011-03-31": "476.00000", "2010-12-31": "473.60000", "2010-09-30": "474.70000", "2010-06-30": "473.00000", "2010-03-31": "471.30000", "2009-12-31": "468.20000", "2009-09-30": "470.50000", "2009-06-30": "467.10000", "2009-03-31": "464.00000", "2008-12-31": "461.50000", "2008-09-30": "462.80000", "2008-06-30": "460.50000", "2008-03-31": "459.20000", "2007-12-31": "457.70000", "2007-09-30": "458.60000", "2007-06-30": "457.30000", "2007-03-31": "456.00000", "2006-12-31": "428.10000", "2006-09-30": "427.20000", "2006-06-30": "426.60000", "2006-03-31": "426.00000", "2005-12-31": "424.80000", "2005-09-30": "425.30000", "2005-06-30": "424.80000", "2005-03-31": "423.80000"}, "Shares Outstanding": {"2020-09-30": "393.90000", "2020-06-30": "389.40000", "2020-03-31": "391.70000", "2019-12-31": "391.20000", "2019-09-30": "391.80000", "2019-06-30": "391.20000", "2019-03-31": "384.50000", "2018-12-31": "389.00000", "2018-09-30": "388.40000", "2018-06-30": "389.50000", "2018-03-31": "383.40000", "2017-12-31": "397.30000", "2017-09-30": "397.20000", "2017-06-30": "400.30000", "2017-03-31": "399.30000", "2016-12-31": "408.00000", "2016-09-30": "407.90000", "2016-06-30": "409.80000", "2016-03-31": "409.30000", "2015-12-31": "415.70000", "2015-09-30": "415.50000", "2015-06-30": "417.60000", "2015-03-31": "411.10000", "2014-12-31": "425.40000", "2014-09-30": "426.40000", "2014-06-30": "428.10000", "2014-03-31": "422.80000", "2013-12-31": "429.60000", "2013-09-30": "426.10000", "2013-06-30": "448.30000", "2013-03-31": "414.20000", "2012-12-31": "481.40000", "2012-09-30": "456.10000", "2012-06-30": "477.70000", "2012-03-31": "437.60000", "2011-12-31": "540.60000", "2011-09-30": "537.60000", "2011-06-30": "546.90000", "2011-03-31": "476.00000", "2010-12-31": "542.10000", "2010-09-30": "533.60000", "2010-06-30": "544.90000", "2010-03-31": "471.30000", "2009-12-31": "508.10000", "2009-09-30": "513.80000", "2009-06-30": "507.50000", "2009-03-31": "464.00000", "2008-12-31": "518.30000", "2008-09-30": "519.40000", "2008-06-30": "516.00000", "2008-03-31": "459.20000", "2007-12-31": "503.10000", "2007-09-30": "458.60000", "2007-06-30": "541.30000", "2007-03-31": "456.00000", "2006-12-31": "428.10000", "2006-09-30": "427.20000", "2006-06-30": "429.90000", "2006-03-31": "426.00000", "2005-12-31": "424.80000", "2005-09-30": "425.30000", "2005-06-30": "429.60000", "2005-03-31": "423.80000"}, "Basic EPS": {"2020-09-30": "0.72000", "2020-06-30": "-0.12000", "2020-03-31": "0.01000", "2019-12-31": "0.85000", "2019-09-30": "0.43000", "2019-06-30": "0.44000", "2019-03-31": "-0.02000", "2018-12-31": "0.85000", "2018-09-30": "0.42000", "2018-06-30": "0.38000", "2018-03-31": "-0.04000", "2017-12-31": "0.65000", "2017-09-30": "0.44000", "2017-06-30": "0.27000", "2017-03-31": "0.06000", "2016-12-31": "0.80000", "2016-09-30": "0.32000", "2016-06-30": "0.39000", "2016-03-31": "0.01000", "2015-12-31": "0.63000", "2015-09-30": "0.18000", "2015-06-30": "0.30000", "2015-03-31": "0.00000", "2014-12-31": "0.74000", "2014-09-30": "0.21000", "2014-06-30": "0.24000", "2014-03-31": "-0.05000", "2013-12-31": "0.46000", "2013-09-30": "0.11000", "2013-06-30": "0.19000", "2013-03-31": "-0.14000", "2012-12-31": "0.72000", "2012-09-30": "0.16000", "2012-06-30": "0.23000", "2012-03-31": "-0.10000", "2011-12-31": "0.56000", "2011-09-30": "0.45000", "2011-06-30": "0.21000", "2011-03-31": "-0.10000", "2010-12-31": "0.41000", "2010-09-30": "0.09000", "2010-06-30": "0.22000", "2010-03-31": "-0.15000", "2009-12-31": "0.28000", "2009-09-30": "0.04000", "2009-06-30": "0.04000", "2009-03-31": "-0.16000", "2008-12-31": "0.45000", "2008-09-30": "0.08000", "2008-06-30": "0.19000", "2008-03-31": "-0.15000", "2007-12-31": "0.37000", "2007-09-30": "-0.06000", "2007-06-30": "0.27000", "2007-03-31": "-0.29000", "2006-12-31": "0.16000", "2006-09-30": "-0.02000", "2006-06-30": "0.10000", "2006-03-31": "-0.43000", "2005-12-31": "-0.08000", "2005-09-30": "-0.25000", "2005-06-30": "0.01000", "2005-03-31": "-0.36000"}, "EPS - Earnings Per Share": {"2020-09-30": "0.71000", "2020-06-30": "-0.12000", "2020-03-31": "0.01000", "2019-12-31": "0.85000", "2019-09-30": "0.42000", "2019-06-30": "0.43000", "2019-03-31": "-0.02000", "2018-12-31": "0.85000", "2018-09-30": "0.41000", "2018-06-30": "0.37000", "2018-03-31": "-0.04000", "2017-12-31": "0.64000", "2017-09-30": "0.43000", "2017-06-30": "0.27000", "2017-03-31": "0.06000", "2016-12-31": "0.77000", "2016-09-30": "0.32000", "2016-06-30": "0.38000", "2016-03-31": "0.01000", "2015-12-31": "0.62000", "2015-09-30": "0.18000", "2015-06-30": "0.29000", "2015-03-31": "0.00000", "2014-12-31": "0.73000", "2014-09-30": "0.21000", "2014-06-30": "0.23000", "2014-03-31": "-0.05000", "2013-12-31": "0.46000", "2013-09-30": "0.11000", "2013-06-30": "0.18000", "2013-03-31": "-0.14000", "2012-12-31": "0.67000", "2012-09-30": "0.15000", "2012-06-30": "0.22000", "2012-03-31": "-0.10000", "2011-12-31": "0.50000", "2011-09-30": "0.40000", "2011-06-30": "0.19000", "2011-03-31": "-0.10000", "2010-12-31": "0.39000", "2010-09-30": "0.08000", "2010-06-30": "0.15000", "2010-03-31": "-0.15000", "2009-12-31": "0.28000", "2009-09-30": "0.03000", "2009-06-30": "0.04000", "2009-03-31": "-0.16000", "2008-12-31": "0.42000", "2008-09-30": "0.08000", "2008-06-30": "0.17000", "2008-03-31": "-0.15000", "2007-12-31": "0.37000", "2007-09-30": "-0.06000", "2007-06-30": "0.24000", "2007-03-31": "-0.29000", "2006-12-31": "0.16000", "2006-09-30": "-0.02000", "2006-06-30": "0.10000", "2006-03-31": "-0.43000", "2005-12-31": "-0.08000", "2005-09-30": "-0.25000", "2005-06-30": "0.01000", "2005-03-31": "-0.36000"}}, "balance sheet": {"Cash On Hand": {"2019-12-31": "1192.20000", "2018-12-31": "673.40000", "2017-12-31": "790.90000", "2016-12-31": "1097.60000", "2015-12-31": "1509.70000", "2014-12-31": "1667.20000", "2013-12-31": "1642.10000", "2012-12-31": "2590.80000", "2011-12-31": "2315.60000", "2010-12-31": "2689.40000", "2009-12-31": "2506.10000", "2008-12-31": "2274.90000", "2007-12-31": "2037.40000", "2006-12-31": "1957.10000", "2005-12-31": "2191.50000"}, "Receivables": {"2019-12-31": "7143.30000", "2018-12-31": "7027.20000", "2017-12-31": "6332.40000", "2016-12-31": "5907.80000", "2015-12-31": "5955.40000", "2014-12-31": "5800.80000", "2013-12-31": "6101.80000", "2012-12-31": "5815.40000", "2011-12-31": "5672.60000", "2010-12-31": "5534.70000", "2009-12-31": "4856.60000", "2008-12-31": "4846.00000", "2007-12-31": "5343.30000", "2006-12-31": "4956.30000", "2005-12-31": "4933.30000"}, "Inventory": {"2019-12-31": "", "2018-12-31": "", "2017-12-31": "", "2016-12-31": "", "2015-12-31": "", "2014-12-31": "", "2013-12-31": "", "2012-12-31": "", "2011-12-31": "", "2010-12-31": "", "2009-12-31": "", "2008-12-31": "", "2007-12-31": "", "2006-12-31": "", "2005-12-31": ""}, "Pre-Paid Expenses": {"2019-12-31": "", "2018-12-31": "", "2017-12-31": "", "2016-12-31": "", "2015-12-31": "", "2014-12-31": "", "2013-12-31": "", "2012-12-31": "", "2011-12-31": "", "2010-12-31": "", "2009-12-31": "", "2008-12-31": "", "2007-12-31": "", "2006-12-31": "", "2005-12-31": "188.30000"}, "Other Current Assets": {"2019-12-31": "435.20000", "2018-12-31": "482.30000", "2017-12-31": "352.20000", "2016-12-31": "432.60000", "2015-12-31": "228.00000", "2014-12-31": "342.20000", "2013-12-31": "340.10000", "2012-12-31": "332.10000", "2011-12-31": "364.00000", "2010-12-31": "229.40000", "2009-12-31": "275.00000", "2008-12-31": "366.70000", "2007-12-31": "305.10000", "2006-12-31": "295.40000", "2005-12-31": ""}, "Total Current Assets": {"2019-12-31": "8770.70000", "2018-12-31": "8182.90000", "2017-12-31": "7475.50000", "2016-12-31": "7438.00000", "2015-12-31": "7693.10000", "2014-12-31": "7810.20000", "2013-12-31": "8084.00000", "2012-12-31": "8738.30000", "2011-12-31": "8352.20000", "2010-12-31": "8453.50000", "2009-12-31": "7637.70000", "2008-12-31": "7487.60000", "2007-12-31": "7685.80000", "2006-12-31": "7208.80000", "2005-12-31": "7497.40000"}, "Property, Plant, And Equipment": {"2019-12-31": "778.10000", "2018-12-31": "790.90000", "2017-12-31": "650.40000", "2016-12-31": "622.00000", "2015-12-31": "567.20000", "2014-12-31": "548.20000", "2013-12-31": "540.00000", "2012-12-31": "504.80000", "2011-12-31": "459.80000", "2010-12-31": "454.30000", "2009-12-31": "490.10000", "2008-12-31": "561.50000", "2007-12-31": "620.00000", "2006-12-31": "624.00000", "2005-12-31": "650.00000"}, "Long-Term Investments": {"2019-12-31": "", "2018-12-31": "", "2017-12-31": "", "2016-12-31": "", "2015-12-31": "", "2014-12-31": "", "2013-12-31": "", "2012-12-31": "", "2011-12-31": "", "2010-12-31": "", "2009-12-31": "", "2008-12-31": "", "2007-12-31": "", "2006-12-31": "", "2005-12-31": "170.60000"}, "Goodwill And Intangible Assets": {"2019-12-31": "5908.70000", "2018-12-31": "5970.60000", "2017-12-31": "3961.10000", "2016-12-31": "3674.40000", "2015-12-31": "3608.50000", "2014-12-31": "3669.20000", "2013-12-31": "3629.00000", "2012-12-31": "3580.60000", "2011-12-31": "3444.30000", "2010-12-31": "3368.50000", "2009-12-31": "3321.00000", "2008-12-31": "3220.90000", "2007-12-31": "3231.60000", "2006-12-31": "3067.80000", "2005-12-31": "3030.90000"}, "Other Long-Term Assets": {"2019-12-31": "467.90000", "2018-12-31": "428.90000", "2017-12-31": "383.70000", "2016-12-31": "530.50000", "2015-12-31": "487.90000", "2014-12-31": "516.10000", "2013-12-31": "508.00000", "2012-12-31": "509.70000", "2011-12-31": "471.20000", "2010-12-31": "460.30000", "2009-12-31": "416.00000", "2008-12-31": "438.40000", "2007-12-31": "440.80000", "2006-12-31": "487.00000", "2005-12-31": "299.00000"}, "Total Long-Term Assets": {"2019-12-31": "8981.20000", "2018-12-31": "7437.39900", "2017-12-31": "5229.20000", "2016-12-31": "5047.20000", "2015-12-31": "4892.00000", "2014-12-31": "4926.40000", "2013-12-31": "4821.00000", "2012-12-31": "4755.60100", "2011-12-31": "4556.50000", "2010-12-31": "4617.30000", "2009-12-31": "4625.40000", "2008-12-31": "4637.60000", "2007-12-31": "4772.30000", "2006-12-31": "4655.30000", "2005-12-31": "4447.80000"}, "Total Assets": {"2019-12-31": "17751.90000", "2018-12-31": "15620.30000", "2017-12-31": "12704.70000", "2016-12-31": "12485.20000", "2015-12-31": "12585.10000", "2014-12-31": "12736.60000", "2013-12-31": "12905.00000", "2012-12-31": "13493.90000", "2011-12-31": "12908.70000", "2010-12-31": "13070.80000", "2009-12-31": "12263.10000", "2008-12-31": "12125.20000", "2007-12-31": "12458.10000", "2006-12-31": "11864.10000", "2005-12-31": "11945.20000"}, "Total Current Liabilities": {"2019-12-31": "9420.40000", "2018-12-31": "8123.90000", "2017-12-31": "7675.30000", "2016-12-31": "7706.00000", "2015-12-31": "7584.30000", "2014-12-31": "7463.30000", "2013-12-31": "8165.30000", "2012-12-31": "7701.70000", "2011-12-31": "8035.50000", "2010-12-31": "7740.90000", "2009-12-31": "6905.60000", "2008-12-31": "6877.00000", "2007-12-31": "7120.60000", "2006-12-31": "6633.70000", "2005-12-31": "6856.50000"}, "Long Term Debt": {"2019-12-31": "2771.90000", "2018-12-31": "3660.20000", "2017-12-31": "1285.60000", "2016-12-31": "1280.70000", "2015-12-31": "1610.30000", "2014-12-31": "1612.90000", "2013-12-31": "1129.80000", "2012-12-31": "2060.80000", "2011-12-31": "1210.90000", "2010-12-31": "1583.30000", "2009-12-31": "1638.00000", "2008-12-31": "1786.90000", "2007-12-31": "2044.10000", "2006-12-31": "2248.60000", "2005-12-31": "2183.00000"}, "Other Non-Current Liabilities": {"2019-12-31": "714.70000", "2018-12-31": "812.80000", "2017-12-31": "768.80000", "2016-12-31": "708.30000", "2015-12-31": "672.60000", "2014-12-31": "723.90000", "2013-12-31": "595.70000", "2012-12-31": "558.60000", "2011-12-31": "481.30000", "2010-12-31": "402.40000", "2009-12-31": "402.20000", "2008-12-31": "378.90000", "2007-12-31": "407.70000", "2006-12-31": "434.90000", "2005-12-31": "319.00000"}, "Total Long Term Liabilities": {"2019-12-31": "5505.90000", "2018-12-31": "5063.60000", "2017-12-31": "2783.10000", "2016-12-31": "2722.50000", "2015-12-31": "2999.00000", "2014-12-31": "3122.10000", "2013-12-31": "2488.90000", "2012-12-31": "3335.60000", "2011-12-31": "2375.90000", "2010-12-31": "2763.00000", "2009-12-31": "2821.20000", "2008-12-31": "3004.00000", "2007-12-31": "3005.30000", "2006-12-31": "3289.80000", "2005-12-31": "3143.40000"}, "Total Liabilities": {"2019-12-31": "14926.30000", "2018-12-31": "13187.50000", "2017-12-31": "10458.40000", "2016-12-31": "10428.50000", "2015-12-31": "10583.30000", "2014-12-31": "10585.40000", "2013-12-31": "10654.20000", "2012-12-31": "11037.30000", "2011-12-31": "10411.40000", "2010-12-31": "10503.90000", "2009-12-31": "9726.80000", "2008-12-31": "9881.00000", "2007-12-31": "10125.90000", "2006-12-31": "9923.50000", "2005-12-31": "9999.90000"}, "Common Stock Net": {"2019-12-31": "38.70000", "2018-12-31": "38.30000", "2017-12-31": "38.60000", "2016-12-31": "39.40000", "2015-12-31": "40.40000", "2014-12-31": "41.20000", "2013-12-31": "53.00000", "2012-12-31": "48.80000", "2011-12-31": "48.20000", "2010-12-31": "47.50000", "2009-12-31": "47.10000", "2008-12-31": "46.40000", "2007-12-31": "45.90000", "2006-12-31": "45.60000", "2005-12-31": "43.00000"}, "Retained Earnings (Accumulated Deficit)": {"2019-12-31": "2689.90000", "2018-12-31": "2400.10000", "2017-12-31": "2104.50000", "2016-12-31": "1804.30000", "2015-12-31": "1437.60000", "2014-12-31": "1183.30000", "2013-12-31": "864.50000", "2012-12-31": "738.30000", "2011-12-31": "405.10000", "2010-12-31": "-63.70000", "2009-12-31": "-324.80000", "2008-12-31": "-446.10000", "2007-12-31": "-741.10000", "2006-12-31": "-899.20000", "2005-12-31": "-841.10000"}, "Comprehensive Income": {"2019-12-31": "-930.00000", "2018-12-31": "-941.10000", "2017-12-31": "-827.80000", "2016-12-31": "-962.50000", "2015-12-31": "-845.60000", "2014-12-31": "-636.70000", "2013-12-31": "-411.20000", "2012-12-31": "-288.00000", "2011-12-31": "-225.70000", "2010-12-31": "-119.00000", "2009-12-31": "-176.60000", "2008-12-31": "-318.50000", "2007-12-31": "-118.60000", "2006-12-31": "-303.00000", "2005-12-31": "-276.00000"}, "Other Share Holders Equity": {"2019-12-31": "", "2018-12-31": "", "2017-12-31": "", "2016-12-31": "", "2015-12-31": "", "2014-12-31": "", "2013-12-31": "", "2012-12-31": "", "2011-12-31": "", "2010-12-31": "", "2009-12-31": "", "2008-12-31": "", "2007-12-31": "", "2006-12-31": "", "2005-12-31": ""}, "Share Holder Equity": {"2019-12-31": "2825.60000", "2018-12-31": "2432.80000", "2017-12-31": "2246.30000", "2016-12-31": "2056.70000", "2015-12-31": "2001.80000", "2014-12-31": "2151.20000", "2013-12-31": "2250.80000", "2012-12-31": "2456.60000", "2011-12-31": "2497.30000", "2010-12-31": "2566.90000", "2009-12-31": "2536.30000", "2008-12-31": "2244.20000", "2007-12-31": "2332.20000", "2006-12-31": "1940.60000", "2005-12-31": "1945.30000"}, "Total Liabilities And Share Holders Equity": {"2019-12-31": "17751.90000", "2018-12-31": "15620.30000", "2017-12-31": "12704.70000", "2016-12-31": "12485.20000", "2015-12-31": "12585.10000", "2014-12-31": "12736.60000", "2013-12-31": "12905.00000", "2012-12-31": "13493.90000", "2011-12-31": "12908.70000", "2010-12-31": "13070.80000", "2009-12-31": "12263.10000", "2008-12-31": "12125.20000", "2007-12-31": "12458.10000", "2006-12-31": "11864.10000", "2005-12-31": "11945.20000"}}, "balance sheet, quarterly": {"Cash On Hand": {"2020-09-30": "1628.00000", "2020-06-30": "1085.40000", "2020-03-31": "1554.00000", "2019-12-31": "1192.20000", "2019-09-30": "520.50000", "2019-06-30": "614.00000", "2019-03-31": "630.50000", "2018-12-31": "673.40000", "2018-09-30": "1860.20000", "2018-06-30": "493.20000", "2018-03-31": "597.30000", "2017-12-31": "790.90000", "2017-09-30": "704.90000", "2017-06-30": "660.80000", "2017-03-31": "778.10000", "2016-12-31": "1097.60000", "2016-09-30": "894.60000", "2016-06-30": "675.40000", "2016-03-31": "680.30000", "2015-12-31": "1509.70000", "2015-09-30": "881.20000", "2015-06-30": "855.60000", "2015-03-31": "741.20000", "2014-12-31": "1667.20000", "2014-09-30": "902.40000", "2014-06-30": "901.40000", "2014-03-31": "776.60000", "2013-12-31": "1642.10000", "2013-09-30": "1004.50000", "2013-06-30": "1618.50000", "2013-03-31": "1651.10000", "2012-12-31": "2590.80000", "2012-09-30": "1296.30000", "2012-06-30": "1650.70000", "2012-03-31": "1586.90000", "2011-12-31": "2315.60000", "2011-09-30": "1798.80000", "2011-06-30": "1824.00000", "2011-03-31": "1854.30000", "2010-12-31": "2689.40000", "2010-09-30": "1939.00000", "2010-06-30": "1942.40000", "2010-03-31": "1941.50000", "2009-12-31": "2506.10000", "2009-09-30": "1772.10000", "2009-06-30": "1771.40000", "2009-03-31": "1658.50000", "2008-12-31": "2274.90000", "2008-09-30": "1707.60000", "2008-06-30": "1856.00000", "2008-03-31": "1512.30000", "2007-12-31": "2037.40000", "2007-09-30": "1533.90000", "2007-06-30": "1480.70000", "2007-03-31": "1518.40000", "2006-12-31": "1957.10000", "2006-09-30": "1469.10000", "2006-06-30": "1578.30000", "2006-03-31": "1627.00000", "2005-12-31": "2191.50000", "2005-09-30": "1348.70000", "2005-06-30": "1583.30000", "2005-03-31": "1545.80000"}, "Receivables": {"2020-09-30": "5114.60000", "2020-06-30": "4610.30000", "2020-03-31": "5575.50000", "2019-12-31": "7143.30000", "2019-09-30": "6066.50000", "2019-06-30": "6367.10000", "2019-03-31": "6104.90000", "2018-12-31": "7027.20000", "2018-09-30": "6005.00000", "2018-06-30": "6193.50000", "2018-03-31": "5923.60000", "2017-12-31": "6332.40000", "2017-09-30": "5438.40000", "2017-06-30": "5482.90000", "2017-03-31": "5384.20000", "2016-12-31": "5907.80000", "2016-09-30": "5558.10000", "2016-06-30": "5655.40000", "2016-03-31": "5493.10000", "2015-12-31": "5955.40000", "2015-09-30": "5438.50000", "2015-06-30": "5429.10000", "2015-03-31": "5279.20000", "2014-12-31": "5800.80000", "2014-09-30": "5596.50000", "2014-06-30": "6070.90000", "2014-03-31": "5706.10000", "2013-12-31": "6101.80000", "2013-09-30": "5381.20000", "2013-06-30": "5593.70000", "2013-03-31": "5397.10000", "2012-12-31": "5815.40000", "2012-09-30": "5353.50000", "2012-06-30": "5245.40000", "2012-03-31": "5179.40000", "2011-12-31": "5672.60000", "2011-09-30": "5179.70000", "2011-06-30": "5509.60000", "2011-03-31": "5353.20000", "2010-12-31": "5534.70000", "2010-09-30": "5134.80000", "2010-06-30": "4956.00000", "2010-03-31": "4539.10000", "2009-12-31": "4856.60000", "2009-09-30": "4202.80000", "2009-06-30": "4227.30000", "2009-03-31": "4231.60000", "2008-12-31": "4846.00000", "2008-09-30": "5232.50000", "2008-06-30": "5224.90000", "2008-03-31": "5072.70000", "2007-12-31": "5343.30000", "2007-09-30": "5004.90000", "2007-06-30": "4984.70000", "2007-03-31": "4577.90000", "2006-12-31": "4956.30000", "2006-09-30": "4499.30000", "2006-06-30": "4773.10000", "2006-03-31": "4526.90000", "2005-12-31": "4933.30000", "2005-09-30": "4900.00000", "2005-06-30": "5366.10000", "2005-03-31": "5059.30000"}, "Inventory": {"2020-09-30": "", "2020-06-30": "", "2020-03-31": "", "2019-12-31": "", "2019-09-30": "", "2019-06-30": "", "2019-03-31": "", "2018-12-31": "", "2018-09-30": "", "2018-06-30": "", "2018-03-31": "", "2017-12-31": "", "2017-09-30": "", "2017-06-30": "", "2017-03-31": "", "2016-12-31": "", "2016-09-30": "", "2016-06-30": "", "2016-03-31": "", "2015-12-31": "", "2015-09-30": "", "2015-06-30": "", "2015-03-31": "", "2014-12-31": "", "2014-09-30": "", "2014-06-30": "", "2014-03-31": "", "2013-12-31": "", "2013-09-30": "", "2013-06-30": "", "2013-03-31": "", "2012-12-31": "", "2012-09-30": "", "2012-06-30": "", "2012-03-31": "", "2011-12-31": "", "2011-09-30": "", "2011-06-30": "", "2011-03-31": "", "2010-12-31": "", "2010-09-30": "", "2010-06-30": "", "2010-03-31": "", "2009-12-31": "", "2009-09-30": "", "2009-06-30": "", "2009-03-31": "", "2008-12-31": "", "2008-09-30": "", "2008-06-30": "", "2008-03-31": "", "2007-12-31": "", "2007-09-30": "", "2007-06-30": "", "2007-03-31": "", "2006-12-31": "", "2006-09-30": "", "2006-06-30": "", "2006-03-31": "", "2005-12-31": "", "2005-09-30": "", "2005-06-30": "", "2005-03-31": ""}, "Pre-Paid Expenses": {"2020-09-30": "", "2020-06-30": "", "2020-03-31": "", "2019-12-31": "", "2019-09-30": "", "2019-06-30": "", "2019-03-31": "", "2018-12-31": "", "2018-09-30": "", "2018-06-30": "", "2018-03-31": "", "2017-12-31": "", "2017-09-30": "", "2017-06-30": "", "2017-03-31": "", "2016-12-31": "", "2016-09-30": "", "2016-06-30": "", "2016-03-31": "", "2015-12-31": "", "2015-09-30": "", "2015-06-30": "", "2015-03-31": "", "2014-12-31": "", "2014-09-30": "", "2014-06-30": "", "2014-03-31": "", "2013-12-31": "", "2013-09-30": "", "2013-06-30": "", "2013-03-31": "", "2012-12-31": "", "2012-09-30": "", "2012-06-30": "", "2012-03-31": "", "2011-12-31": "", "2011-09-30": "", "2011-06-30": "", "2011-03-31": "", "2010-12-31": "", "2010-09-30": "", "2010-06-30": "", "2010-03-31": "", "2009-12-31": "", "2009-09-30": "", "2009-06-30": "", "2009-03-31": "379.20000", "2008-12-31": "", "2008-09-30": "301.50000", "2008-06-30": "343.20000", "2008-03-31": "357.50000", "2007-12-31": "", "2007-09-30": "331.20000", "2007-06-30": "339.60000", "2007-03-31": "246.40000", "2006-12-31": "", "2006-09-30": "194.20000", "2006-06-30": "217.50000", "2006-03-31": "219.70000", "2005-12-31": "188.30000", "2005-09-30": "147.20000", "2005-06-30": "142.60000", "2005-03-31": "160.80000"}, "Other Current Assets": {"2020-09-30": "541.70000", "2020-06-30": "518.60000", "2020-03-31": "467.20000", "2019-12-31": "435.20000", "2019-09-30": "463.00000", "2019-06-30": "494.30000", "2019-03-31": "511.60000", "2018-12-31": "482.30000", "2018-09-30": "465.30000", "2018-06-30": "458.90000", "2018-03-31": "442.60000", "2017-12-31": "352.20000", "2017-09-30": "320.50000", "2017-06-30": "342.80000", "2017-03-31": "427.20000", "2016-12-31": "432.60000", "2016-09-30": "280.50000", "2016-06-30": "294.60000", "2016-03-31": "312.60000", "2015-12-31": "228.00000", "2015-09-30": "349.10000", "2015-06-30": "352.70000", "2015-03-31": "367.10000", "2014-12-31": "342.20000", "2014-09-30": "402.00000", "2014-06-30": "429.30000", "2014-03-31": "399.20000", "2013-12-31": "340.10000", "2013-09-30": "377.10000", "2013-06-30": "391.90000", "2013-03-31": "400.00000", "2012-12-31": "332.10000", "2012-09-30": "324.70000", "2012-06-30": "341.20000", "2012-03-31": "346.20000", "2011-12-31": "364.00000", "2011-09-30": "250.80000", "2011-06-30": "260.10000", "2011-03-31": "266.60000", "2010-12-31": "229.40000", "2010-09-30": "242.00000", "2010-06-30": "282.40000", "2010-03-31": "296.10000", "2009-12-31": "275.00000", "2009-09-30": "307.30000", "2009-06-30": "355.70000", "2009-03-31": "", "2008-12-31": "366.70000", "2008-09-30": "", "2008-06-30": "", "2008-03-31": "", "2007-12-31": "305.10000", "2007-09-30": "", "2007-06-30": "", "2007-03-31": "", "2006-12-31": "295.40000", "2006-09-30": "", "2006-06-30": "", "2006-03-31": "", "2005-12-31": "", "2005-09-30": "", "2005-06-30": "", "2005-03-31": ""}, "Total Current Assets": {"2020-09-30": "7284.30000", "2020-06-30": "6214.30000", "2020-03-31": "7596.70000", "2019-12-31": "8770.70000", "2019-09-30": "7050.00000", "2019-06-30": "7475.40000", "2019-03-31": "7247.00000", "2018-12-31": "8182.90000", "2018-09-30": "8330.50000", "2018-06-30": "7145.60000", "2018-03-31": "6963.50000", "2017-12-31": "7475.50000", "2017-09-30": "6463.80000", "2017-06-30": "6486.50000", "2017-03-31": "6589.50000", "2016-12-31": "7438.00000", "2016-09-30": "6733.20000", "2016-06-30": "6625.40000", "2016-03-31": "6486.00000", "2015-12-31": "7693.10000", "2015-09-30": "6668.80000", "2015-06-30": "6637.40000", "2015-03-31": "6387.50000", "2014-12-31": "7810.20000", "2014-09-30": "6900.90000", "2014-06-30": "7401.60000", "2014-03-31": "6881.90000", "2013-12-31": "8084.00000", "2013-09-30": "6762.80000", "2013-06-30": "7604.10000", "2013-03-31": "7448.20000", "2012-12-31": "8738.30000", "2012-09-30": "6974.50000", "2012-06-30": "7237.30000", "2012-03-31": "7112.50000", "2011-12-31": "8352.20000", "2011-09-30": "7229.30000", "2011-06-30": "7593.70000", "2011-03-31": "7474.10000", "2010-12-31": "8453.50000", "2010-09-30": "7315.80000", "2010-06-30": "7180.80000", "2010-03-31": "6776.70000", "2009-12-31": "7637.70000", "2009-09-30": "6282.20000", "2009-06-30": "6354.40000", "2009-03-31": "6269.30000", "2008-12-31": "7487.60000", "2008-09-30": "7241.60000", "2008-06-30": "7424.10000", "2008-03-31": "6942.50000", "2007-12-31": "7685.80000", "2007-09-30": "6870.00000", "2007-06-30": "6805.00000", "2007-03-31": "6413.60000", "2006-12-31": "7208.80000", "2006-09-30": "6346.90000", "2006-06-30": "6753.20000", "2006-03-31": "6557.90000", "2005-12-31": "7497.40000", "2005-09-30": "6664.70000", "2005-06-30": "7360.80000", "2005-03-31": "7076.90000"}, "Property, Plant, And Equipment": {"2020-09-30": "709.80000", "2020-06-30": "717.80000", "2020-03-31": "752.80000", "2019-12-31": "778.10000", "2019-09-30": "758.20000", "2019-06-30": "767.10000", "2019-03-31": "767.10000", "2018-12-31": "790.90000", "2018-09-30": "602.90000", "2018-06-30": "602.00000", "2018-03-31": "634.20000", "2017-12-31": "650.40000", "2017-09-30": "637.50000", "2017-06-30": "635.00000", "2017-03-31": "616.30000", "2016-12-31": "622.00000", "2016-09-30": "581.60000", "2016-06-30": "569.70000", "2016-03-31": "565.10000", "2015-12-31": "567.20000", "2015-09-30": "519.20000", "2015-06-30": "526.40000", "2015-03-31": "523.30000", "2014-12-31": "548.20000", "2014-09-30": "530.20000", "2014-06-30": "537.10000", "2014-03-31": "534.30000", "2013-12-31": "540.00000", "2013-09-30": "490.50000", "2013-06-30": "475.90000", "2013-03-31": "485.60000", "2012-12-31": "504.80000", "2012-09-30": "466.70000", "2012-06-30": "447.00000", "2012-03-31": "451.10000", "2011-12-31": "459.80000", "2011-09-30": "441.50000", "2011-06-30": "450.80000", "2011-03-31": "445.50000", "2010-12-31": "454.30000", "2010-09-30": "441.10000", "2010-06-30": "440.40000", "2010-03-31": "460.60000", "2009-12-31": "490.10000", "2009-09-30": "503.20000", "2009-06-30": "521.80000", "2009-03-31": "529.50000", "2008-12-31": "561.50000", "2008-09-30": "571.80000", "2008-06-30": "598.60000", "2008-03-31": "616.80000", "2007-12-31": "620.00000", "2007-09-30": "615.60000", "2007-06-30": "618.80000", "2007-03-31": "605.60000", "2006-12-31": "624.00000", "2006-09-30": "608.00000", "2006-06-30": "611.70000", "2006-03-31": "625.60000", "2005-12-31": "650.00000", "2005-09-30": "673.70000", "2005-06-30": "682.50000", "2005-03-31": "703.30000"}, "Long-Term Investments": {"2020-09-30": "", "2020-06-30": "", "2020-03-31": "", "2019-12-31": "", "2019-09-30": "", "2019-06-30": "", "2019-03-31": "", "2018-12-31": "", "2018-09-30": "", "2018-06-30": "", "2018-03-31": "", "2017-12-31": "", "2017-09-30": "", "2017-06-30": "", "2017-03-31": "", "2016-12-31": "", "2016-09-30": "", "2016-06-30": "", "2016-03-31": "", "2015-12-31": "", "2015-09-30": "", "2015-06-30": "", "2015-03-31": "", "2014-12-31": "", "2014-09-30": "", "2014-06-30": "", "2014-03-31": "", "2013-12-31": "", "2013-09-30": "", "2013-06-30": "", "2013-03-31": "", "2012-12-31": "", "2012-09-30": "", "2012-06-30": "", "2012-03-31": "", "2011-12-31": "", "2011-09-30": "", "2011-06-30": "", "2011-03-31": "", "2010-12-31": "", "2010-09-30": "", "2010-06-30": "", "2010-03-31": "", "2009-12-31": "", "2009-09-30": "", "2009-06-30": "", "2009-03-31": "", "2008-12-31": "", "2008-09-30": "", "2008-06-30": "", "2008-03-31": "", "2007-12-31": "", "2007-09-30": "", "2007-06-30": "", "2007-03-31": "127.90000", "2006-12-31": "", "2006-09-30": "136.90000", "2006-06-30": "129.30000", "2006-03-31": "179.20000", "2005-12-31": "170.60000", "2005-09-30": "169.20000", "2005-06-30": "175.50000", "2005-03-31": "180.50000"}, "Goodwill And Intangible Assets": {"2020-09-30": "5824.70000", "2020-06-30": "5810.50000", "2020-03-31": "5817.20000", "2019-12-31": "5908.70000", "2019-09-30": "5879.70000", "2019-06-30": "5936.10000", "2019-03-31": "5959.70000", "2018-12-31": "5970.60000", "2018-09-30": "3784.70000", "2018-06-30": "3788.10000", "2018-03-31": "3839.70000", "2017-12-31": "3961.10000", "2017-09-30": "3799.90000", "2017-06-30": "3753.10000", "2017-03-31": "3703.50000", "2016-12-31": "3674.40000", "2016-09-30": "3715.30000", "2016-06-30": "3662.20000", "2016-03-31": "3681.80000", "2015-12-31": "3608.50000", "2015-09-30": "3591.30000", "2015-06-30": "3626.30000", "2015-03-31": "3595.00000", "2014-12-31": "3669.20000", "2014-09-30": "3686.40000", "2014-06-30": "3714.80000", "2014-03-31": "3663.10000", "2013-12-31": "3629.00000", "2013-09-30": "3609.30000", "2013-06-30": "3580.70000", "2013-03-31": "3588.90000", "2012-12-31": "3580.60000", "2012-09-30": "3574.30000", "2012-06-30": "3461.70000", "2012-03-31": "3463.00000", "2011-12-31": "3444.30000", "2011-09-30": "3405.40000", "2011-06-30": "3427.10000", "2011-03-31": "3407.70000", "2010-12-31": "3368.50000", "2010-09-30": "3350.40000", "2010-06-30": "3278.30000", "2010-03-31": "3306.10000", "2009-12-31": "3321.00000", "2009-09-30": "3310.20000", "2009-06-30": "3298.00000", "2009-03-31": "3243.00000", "2008-12-31": "3220.90000", "2008-09-30": "3325.00000", "2008-06-30": "3272.60000", "2008-03-31": "3265.40000", "2007-12-31": "3231.60000", "2007-09-30": "3196.00000", "2007-06-30": "3140.60000", "2007-03-31": "3077.10000", "2006-12-31": "3067.80000", "2006-09-30": "3081.90000", "2006-06-30": "3063.60000", "2006-03-31": "3034.80000", "2005-12-31": "3030.90000", "2005-09-30": "3166.00000", "2005-06-30": "3180.80000", "2005-03-31": "3177.70000"}, "Other Long-Term Assets": {"2020-09-30": "414.30000", "2020-06-30": "430.79990", "2020-03-31": "466.10000", "2019-12-31": "467.90000", "2019-09-30": "457.10000", "2019-06-30": "454.00000", "2019-03-31": "435.10000", "2018-12-31": "428.90000", "2018-09-30": "524.80000", "2018-06-30": "560.90000", "2018-03-31": "529.60000", "2017-12-31": "383.70000", "2017-09-30": "544.00000", "2017-06-30": "542.70000", "2017-03-31": "545.00000", "2016-12-31": "530.50000", "2016-09-30": "510.70000", "2016-06-30": "502.40000", "2016-03-31": "506.90000", "2015-12-31": "487.90000", "2015-09-30": "490.90000", "2015-06-30": "505.00000", "2015-03-31": "501.40000", "2014-12-31": "516.10000", "2014-09-30": "500.30000", "2014-06-30": "515.20000", "2014-03-31": "517.70000", "2013-12-31": "508.00000", "2013-09-30": "498.10000", "2013-06-30": "497.60000", "2013-03-31": "513.20000", "2012-12-31": "509.70000", "2012-09-30": "530.50000", "2012-06-30": "502.40000", "2012-03-31": "484.50000", "2011-12-31": "471.20000", "2011-09-30": "440.50000", "2011-06-30": "457.00000", "2011-03-31": "451.00000", "2010-12-31": "460.30000", "2010-09-30": "446.80000", "2010-06-30": "427.90000", "2010-03-31": "417.90000", "2009-12-31": "416.00000", "2009-09-30": "443.80000", "2009-06-30": "443.60000", "2009-03-31": "434.80000", "2008-12-31": "438.40000", "2008-09-30": "484.30000", "2008-06-30": "419.90000", "2008-03-31": "424.10000", "2007-12-31": "440.80000", "2007-09-30": "475.40000", "2007-06-30": "467.20000", "2007-03-31": "348.20000", "2006-12-31": "487.00000", "2006-09-30": "368.40000", "2006-06-30": "385.20000", "2006-03-31": "295.00000", "2005-12-31": "299.00000", "2005-09-30": "316.40000", "2005-06-30": "284.70000", "2005-03-31": "288.00000"}, "Total Long-Term Assets": {"2020-09-30": "8790.39900", "2020-06-30": "8682.60000", "2020-03-31": "8832.20000", "2019-12-31": "8981.20000", "2019-09-30": "8947.60000", "2019-06-30": "9051.50000", "2019-03-31": "8803.00000", "2018-12-31": "7437.39900", "2018-09-30": "5182.60000", "2018-06-30": "5212.00000", "2018-03-31": "5276.60000", "2017-12-31": "5229.20000", "2017-09-30": "5252.30000", "2017-06-30": "5191.70000", "2017-03-31": "5108.40000", "2016-12-31": "5047.20000", "2016-09-30": "5106.30000", "2016-06-30": "5008.50000", "2016-03-31": "5030.80000", "2015-12-31": "4892.00000", "2015-09-30": "4805.30000", "2015-06-30": "4861.90000", "2015-03-31": "4812.70000", "2014-12-31": "4926.40000", "2014-09-30": "4877.50000", "2014-06-30": "4938.10000", "2014-03-31": "4877.30000", "2013-12-31": "4821.00000", "2013-09-30": "4769.20000", "2013-06-30": "4732.60000", "2013-03-31": "4770.10000", "2012-12-31": "4755.60100", "2012-09-30": "4754.20000", "2012-06-30": "4614.30000", "2012-03-31": "4653.40000", "2011-12-31": "4556.50000", "2011-09-30": "4596.60000", "2011-06-30": "4707.90000", "2011-03-31": "4703.10000", "2010-12-31": "4617.30000", "2010-09-30": "4634.80000", "2010-06-30": "4523.80000", "2010-03-31": "4612.70000", "2009-12-31": "4625.40000", "2009-09-30": "4696.10000", "2009-06-30": "4710.70000", "2009-03-31": "4660.40000", "2008-12-31": "4637.60000", "2008-09-30": "4855.70000", "2008-06-30": "4782.90000", "2008-03-31": "4841.30000", "2007-12-31": "4772.30000", "2007-09-30": "4795.70000", "2007-06-30": "4761.10100", "2007-03-31": "4681.00000", "2006-12-31": "4655.30000", "2006-09-30": "4584.60000", "2006-06-30": "4560.90000", "2006-03-31": "4434.50000", "2005-12-31": "4447.80000", "2005-09-30": "4620.80000", "2005-06-30": "4568.90000", "2005-03-31": "4614.40000"}, "Total Assets": {"2020-09-30": "16074.70000", "2020-06-30": "14896.90000", "2020-03-31": "16428.90000", "2019-12-31": "17751.90000", "2019-09-30": "15997.60000", "2019-06-30": "16526.90000", "2019-03-31": "16050.00000", "2018-12-31": "15620.30000", "2018-09-30": "13513.10000", "2018-06-30": "12357.60000", "2018-03-31": "12240.10000", "2017-12-31": "12704.70000", "2017-09-30": "11716.10000", "2017-06-30": "11678.20000", "2017-03-31": "11697.90000", "2016-12-31": "12485.20000", "2016-09-30": "11839.50000", "2016-06-30": "11633.90000", "2016-03-31": "11516.80000", "2015-12-31": "12585.10000", "2015-09-30": "11474.10000", "2015-06-30": "11499.30000", "2015-03-31": "11200.20000", "2014-12-31": "12736.60000", "2014-09-30": "11778.40000", "2014-06-30": "12339.70000", "2014-03-31": "11759.20000", "2013-12-31": "12905.00000", "2013-09-30": "11532.00000", "2013-06-30": "12336.70000", "2013-03-31": "12218.30000", "2012-12-31": "13493.90000", "2012-09-30": "11728.70000", "2012-06-30": "11851.60000", "2012-03-31": "11765.90000", "2011-12-31": "12908.70000", "2011-09-30": "11825.90000", "2011-06-30": "12301.60000", "2011-03-31": "12177.20000", "2010-12-31": "13070.80000", "2010-09-30": "11950.60000", "2010-06-30": "11704.60000", "2010-03-31": "11389.40000", "2009-12-31": "12263.10000", "2009-09-30": "10978.30000", "2009-06-30": "11065.10000", "2009-03-31": "10929.70000", "2008-12-31": "12125.20000", "2008-09-30": "12097.30000", "2008-06-30": "12207.00000", "2008-03-31": "11783.80000", "2007-12-31": "12458.10000", "2007-09-30": "11665.70000", "2007-06-30": "11566.10000", "2007-03-31": "11094.60000", "2006-12-31": "11864.10000", "2006-09-30": "10931.50000", "2006-06-30": "11314.10000", "2006-03-31": "10992.40000", "2005-12-31": "11945.20000", "2005-09-30": "11285.50000", "2005-06-30": "11929.70000", "2005-03-31": "11691.30000"}, "Total Current Liabilities": {"2020-09-30": "7227.90000", "2020-06-30": "6366.50000", "2020-03-31": "7795.90000", "2019-12-31": "9420.40000", "2019-09-30": "7398.40000", "2019-06-30": "7731.30000", "2019-03-31": "7531.10000", "2018-12-31": "8123.90000", "2018-09-30": "6691.70000", "2018-06-30": "7585.30000", "2018-03-31": "7322.50000", "2017-12-31": "7675.30000", "2017-09-30": "6946.30000", "2017-06-30": "6946.20000", "2017-03-31": "6990.70000", "2016-12-31": "7706.00000", "2016-09-30": "6815.10000", "2016-06-30": "6682.30000", "2016-03-31": "6539.40000", "2015-12-31": "7584.30000", "2015-09-30": "6572.60000", "2015-06-30": "6433.60000", "2015-03-31": "6224.90000", "2014-12-31": "7463.30000", "2014-09-30": "6644.30000", "2014-06-30": "7138.20000", "2014-03-31": "7160.20000", "2013-12-31": "8165.30000", "2013-09-30": "6447.40000", "2013-06-30": "7220.40000", "2013-03-31": "6408.20000", "2012-12-31": "7701.70000", "2012-09-30": "6914.40000", "2012-06-30": "7015.20000", "2012-03-31": "6987.10000", "2011-12-31": "8035.50000", "2011-09-30": "7116.60000", "2011-06-30": "7512.70000", "2011-03-31": "7312.80000", "2010-12-31": "7740.90000", "2010-09-30": "6873.00000", "2010-06-30": "6735.70000", "2010-03-31": "6174.70000", "2009-12-31": "6905.60000", "2009-09-30": "5602.50000", "2009-06-30": "5722.50000", "2009-03-31": "5789.10000", "2008-12-31": "6877.00000", "2008-09-30": "6684.80000", "2008-06-30": "6780.80000", "2008-03-31": "6438.30000", "2007-12-31": "7120.60000", "2007-09-30": "6773.80000", "2007-06-30": "6721.50000", "2007-03-31": "6393.10000", "2006-12-31": "6633.70000", "2006-09-30": "5870.90000", "2006-06-30": "6223.10000", "2006-03-31": "6051.20000", "2005-12-31": "6856.50000", "2005-09-30": "6551.20000", "2005-06-30": "7403.10000", "2005-03-31": "7155.10000"}, "Long Term Debt": {"2020-09-30": "3411.30000", "2020-06-30": "3411.70000", "2020-03-31": "3410.90000", "2019-12-31": "2771.90000", "2019-09-30": "3367.10000", "2019-06-30": "3563.80000", "2019-03-31": "3663.70000", "2018-12-31": "3660.20000", "2018-09-30": "3261.40000", "2018-06-30": "1282.70000", "2018-03-31": "1288.20000", "2017-12-31": "1285.60000", "2017-09-30": "1285.00000", "2017-06-30": "1283.10000", "2017-03-31": "1281.90000", "2016-12-31": "1280.70000", "2016-09-30": "1583.30000", "2016-06-30": "1583.60000", "2016-03-31": "1609.90000", "2015-12-31": "1610.30000", "2015-09-30": "1621.30000", "2015-06-30": "1622.80000", "2015-03-31": "1620.60000", "2014-12-31": "1612.90000", "2014-09-30": "1626.80000", "2014-06-30": "1629.90000", "2014-03-31": "1130.70000", "2013-12-31": "1129.80000", "2013-09-30": "1481.00000", "2013-06-30": "1478.60000", "2013-03-31": "2071.60000", "2012-12-31": "2060.80000", "2012-09-30": "1263.10000", "2012-06-30": "1238.70000", "2012-03-31": "1239.70000", "2011-12-31": "1210.90000", "2011-09-30": "1166.20000", "2011-06-30": "1167.80000", "2011-03-31": "1165.90000", "2010-12-31": "1583.30000", "2010-09-30": "1588.90000", "2010-06-30": "1628.00000", "2010-03-31": "1634.50000", "2009-12-31": "1638.00000", "2009-09-30": "1866.90000", "2009-06-30": "1901.10000", "2009-03-31": "1781.90000", "2008-12-31": "1786.90000", "2008-09-30": "2043.10000", "2008-06-30": "2045.80000", "2008-03-31": "2050.30000", "2007-12-31": "2044.10000", "2007-09-30": "1841.20000", "2007-06-30": "1843.00000", "2007-03-31": "1846.10000", "2006-12-31": "2248.60000", "2006-09-30": "2183.80000", "2006-06-30": "2183.70000", "2006-03-31": "2183.10000", "2005-12-31": "2183.00000", "2005-09-30": "2184.00000", "2005-06-30": "1933.50000", "2005-03-31": "1923.90000"}, "Other Non-Current Liabilities": {"2020-09-30": "662.60000", "2020-06-30": "749.20000", "2020-03-31": "732.60000", "2019-12-31": "714.70000", "2019-09-30": "714.40000", "2019-06-30": "720.30000", "2019-03-31": "713.30000", "2018-12-31": "812.80000", "2018-09-30": "791.60000", "2018-06-30": "786.80000", "2018-03-31": "785.10000", "2017-12-31": "768.80000", "2017-09-30": "749.40000", "2017-06-30": "731.40000", "2017-03-31": "728.40000", "2016-12-31": "708.30000", "2016-09-30": "733.00000", "2016-06-30": "685.00000", "2016-03-31": "733.20000", "2015-12-31": "672.60000", "2015-09-30": "699.20000", "2015-06-30": "719.30000", "2015-03-31": "694.00000", "2014-12-31": "723.90000", "2014-09-30": "660.30000", "2014-06-30": "616.40000", "2014-03-31": "563.00000", "2013-12-31": "595.70000", "2013-09-30": "557.20000", "2013-06-30": "558.60000", "2013-03-31": "555.10000", "2012-12-31": "558.60000", "2012-09-30": "473.90000", "2012-06-30": "502.20000", "2012-03-31": "467.30000", "2011-12-31": "481.30000", "2011-09-30": "424.60000", "2011-06-30": "402.10000", "2011-03-31": "402.80000", "2010-12-31": "402.40000", "2010-09-30": "389.30000", "2010-06-30": "386.20000", "2010-03-31": "375.10000", "2009-12-31": "402.20000", "2009-09-30": "333.70000", "2009-06-30": "367.40000", "2009-03-31": "395.00000", "2008-12-31": "378.90000", "2008-09-30": "436.40000", "2008-06-30": "412.00000", "2008-03-31": "412.10000", "2007-12-31": "407.70000", "2007-09-30": "398.30000", "2007-06-30": "400.20000", "2007-03-31": "384.90000", "2006-12-31": "434.90000", "2006-09-30": "375.80000", "2006-06-30": "426.80000", "2006-03-31": "379.10000", "2005-12-31": "319.00000", "2005-09-30": "473.90000", "2005-06-30": "404.10000", "2005-03-31": "422.40000"}, "Total Long Term Liabilities": {"2020-09-30": "6086.20000", "2020-06-30": "6039.30000", "2020-03-31": "6057.80000", "2019-12-31": "5505.90000", "2019-09-30": "6096.10000", "2019-06-30": "6337.20000", "2019-03-31": "6164.30000", "2018-12-31": "5063.60000", "2018-09-30": "4651.20000", "2018-06-30": "2680.70000", "2018-03-31": "2777.30000", "2017-12-31": "2783.10000", "2017-09-30": "2729.60000", "2017-06-30": "2719.70000", "2017-03-31": "2710.80000", "2016-12-31": "2722.50000", "2016-09-30": "3048.90000", "2016-06-30": "2923.50000", "2016-03-31": "3003.50000", "2015-12-31": "2999.00000", "2015-09-30": "3009.90000", "2015-06-30": "3052.60000", "2015-03-31": "3030.60000", "2014-12-31": "3122.10000", "2014-09-30": "3018.20000", "2014-06-30": "2979.60000", "2014-03-31": "2427.70000", "2013-12-31": "2488.90000", "2013-09-30": "2751.10000", "2013-06-30": "2739.90000", "2013-03-31": "3327.70000", "2012-12-31": "3335.60000", "2012-09-30": "2387.80000", "2012-06-30": "2384.00000", "2012-03-31": "2350.70000", "2011-12-31": "2375.90000", "2011-09-30": "2295.80000", "2011-06-30": "2293.40000", "2011-03-31": "2331.60000", "2010-12-31": "2763.00000", "2010-09-30": "2746.10000", "2010-06-30": "2761.10000", "2010-03-31": "2750.20000", "2009-12-31": "2821.20000", "2009-09-30": "3022.40000", "2009-06-30": "3082.60000", "2009-03-31": "2992.50000", "2008-12-31": "3004.00000", "2008-09-30": "3001.40000", "2008-06-30": "3003.60000", "2008-03-31": "3018.10000", "2007-12-31": "3005.30000", "2007-09-30": "2837.60000", "2007-06-30": "2848.80000", "2007-03-31": "2872.50000", "2006-12-31": "3289.80000", "2006-09-30": "3188.60000", "2006-06-30": "3207.50000", "2006-03-31": "3150.60000", "2005-12-31": "3143.40000", "2005-09-30": "3241.60000", "2005-06-30": "2959.00000", "2005-03-31": "2968.40000"}, "Total Liabilities": {"2020-09-30": "13314.10000", "2020-06-30": "12405.80000", "2020-03-31": "13853.70000", "2019-12-31": "14926.30000", "2019-09-30": "13494.50000", "2019-06-30": "14068.50000", "2019-03-31": "13695.40000", "2018-12-31": "13187.50000", "2018-09-30": "11342.90000", "2018-06-30": "10266.00000", "2018-03-31": "10099.80000", "2017-12-31": "10458.40000", "2017-09-30": "9675.90000", "2017-06-30": "9665.90000", "2017-03-31": "9701.50000", "2016-12-31": "10428.50000", "2016-09-30": "9864.00000", "2016-06-30": "9605.80000", "2016-03-31": "9542.90000", "2015-12-31": "10583.30000", "2015-09-30": "9582.50000", "2015-06-30": "9486.20000", "2015-03-31": "9255.50000", "2014-12-31": "10585.40000", "2014-09-30": "9662.50000", "2014-06-30": "10117.80000", "2014-03-31": "9587.90000", "2013-12-31": "10654.20000", "2013-09-30": "9198.50000", "2013-06-30": "9960.30000", "2013-03-31": "9735.90000", "2012-12-31": "11037.30000", "2012-09-30": "9302.20000", "2012-06-30": "9399.20000", "2012-03-31": "9337.80000", "2011-12-31": "10411.40000", "2011-09-30": "9412.40000", "2011-06-30": "9806.10000", "2011-03-31": "9644.40000", "2010-12-31": "10503.90000", "2010-09-30": "9619.10000", "2010-06-30": "9496.80000", "2010-03-31": "8924.90000", "2009-12-31": "9726.80000", "2009-09-30": "8624.90000", "2009-06-30": "8805.10000", "2009-03-31": "8781.60000", "2008-12-31": "9881.00000", "2008-09-30": "9686.20000", "2008-06-30": "9784.40000", "2008-03-31": "9456.40000", "2007-12-31": "10125.90000", "2007-09-30": "9611.40000", "2007-06-30": "9570.30000", "2007-03-31": "9265.60000", "2006-12-31": "9923.50000", "2006-09-30": "9059.50000", "2006-06-30": "9430.60000", "2006-03-31": "9201.80000", "2005-12-31": "9999.90000", "2005-09-30": "9792.80000", "2005-06-30": "10362.10000", "2005-03-31": "10123.50000"}, "Common Stock Net": {"2020-09-30": "38.90000", "2020-06-30": "38.90000", "2020-03-31": "38.90000", "2019-12-31": "38.70000", "2019-09-30": "38.70000", "2019-06-30": "38.60000", "2019-03-31": "38.60000", "2018-12-31": "38.30000", "2018-09-30": "39.10000", "2018-06-30": "39.00000", "2018-03-31": "39.00000", "2017-12-31": "38.60000", "2017-09-30": "39.90000", "2017-06-30": "39.90000", "2017-03-31": "39.80000", "2016-12-31": "39.40000", "2016-09-30": "40.70000", "2016-06-30": "40.70000", "2016-03-31": "40.70000", "2015-12-31": "40.40000", "2015-09-30": "41.50000", "2015-06-30": "41.50000", "2015-03-31": "41.40000", "2014-12-31": "41.20000", "2014-09-30": "53.30000", "2014-06-30": "53.30000", "2014-03-31": "53.20000", "2013-12-31": "53.00000", "2013-09-30": "51.20000", "2013-06-30": "51.10000", "2013-03-31": "50.90000", "2012-12-31": "48.80000", "2012-09-30": "48.80000", "2012-06-30": "48.70000", "2012-03-31": "48.70000", "2011-12-31": "48.20000", "2011-09-30": "48.20000", "2011-06-30": "48.10000", "2011-03-31": "47.70000", "2010-12-31": "47.50000", "2010-09-30": "47.40000", "2010-06-30": "47.40000", "2010-03-31": "47.20000", "2009-12-31": "47.10000", "2009-09-30": "47.00000", "2009-06-30": "47.00000", "2009-03-31": "46.60000", "2008-12-31": "46.40000", "2008-09-30": "46.40000", "2008-06-30": "46.30000", "2008-03-31": "46.00000", "2007-12-31": "45.90000", "2007-09-30": "", "2007-06-30": "", "2007-03-31": "", "2006-12-31": "45.60000", "2006-09-30": "", "2006-06-30": "", "2006-03-31": "", "2005-12-31": "43.00000", "2005-09-30": "", "2005-06-30": "42.70000", "2005-03-31": "42.60000"}, "Retained Earnings (Accumulated Deficit)": {"2020-09-30": "2623.40000", "2020-06-30": "2444.30000", "2020-03-31": "2591.10000", "2019-12-31": "2689.90000", "2019-09-30": "2455.50000", "2019-06-30": "2381.80000", "2019-03-31": "2303.10000", "2018-12-31": "2400.10000", "2018-09-30": "2158.40000", "2018-06-30": "2076.70000", "2018-03-31": "2010.50000", "2017-12-31": "2104.50000", "2017-09-30": "1849.80000", "2017-06-30": "1774.90000", "2017-03-31": "1751.20000", "2016-12-31": "1804.30000", "2016-09-30": "1546.60000", "2016-06-30": "1475.30000", "2016-03-31": "1379.00000", "2015-12-31": "1437.60000", "2015-09-30": "1226.20000", "2015-06-30": "1201.80000", "2015-03-31": "1126.20000", "2014-12-31": "1183.30000", "2014-09-30": "915.20000", "2014-06-30": "865.50000", "2014-03-31": "805.00000", "2013-12-31": "864.50000", "2013-09-30": "710.40000", "2013-06-30": "696.50000", "2013-03-31": "648.70000", "2012-12-31": "738.30000", "2012-09-30": "450.90000", "2012-06-30": "408.20000", "2012-03-31": "335.70000", "2011-12-31": "405.10000", "2011-09-30": "176.20000", "2011-06-30": "-4.30000", "2011-03-31": "-108.90000", "2010-12-31": "-63.70000", "2010-09-30": "-261.60000", "2010-06-30": "-306.90000", "2010-03-31": "-389.40000", "2009-12-31": "-324.80000", "2009-09-30": "-461.20000", "2009-06-30": "-485.30000", "2009-03-31": "-513.10000", "2008-12-31": "-446.10000", "2008-09-30": "-663.10000", "2008-06-30": "-708.80000", "2008-03-31": "-803.90000", "2007-12-31": "-741.10000", "2007-09-30": "", "2007-06-30": "", "2007-03-31": "", "2006-12-31": "-899.20000", "2006-09-30": "", "2006-06-30": "", "2006-03-31": "", "2005-12-31": "-841.10000", "2005-09-30": "", "2005-06-30": "-707.60000", "2005-03-31": "-722.00000"}, "Comprehensive Income": {"2020-09-30": "-967.80000", "2020-06-30": "-1029.10000", "2020-03-31": "-1078.70000", "2019-12-31": "-930.00000", "2019-09-30": "-966.20000", "2019-06-30": "-917.90000", "2019-03-31": "-929.70000", "2018-12-31": "-941.10000", "2018-09-30": "-925.30000", "2018-06-30": "-903.40000", "2018-03-31": "-790.80000", "2017-12-31": "-827.80000", "2017-09-30": "-832.70000", "2017-06-30": "-874.20000", "2017-03-31": "-909.40000", "2016-12-31": "-962.50000", "2016-09-30": "-862.80000", "2016-06-30": "-797.30000", "2016-03-31": "-787.50000", "2015-12-31": "-845.60000", "2015-09-30": "-826.20000", "2015-06-30": "-735.80000", "2015-03-31": "-764.70000", "2014-12-31": "-636.70000", "2014-09-30": "-495.20000", "2014-06-30": "-383.10000", "2014-03-31": "-410.90000", "2013-12-31": "-411.20000", "2013-09-30": "-369.30000", "2013-06-30": "-395.40000", "2013-03-31": "-325.40000", "2012-12-31": "-288.00000", "2012-09-30": "-157.60000", "2012-06-30": "-168.30000", "2012-03-31": "-181.80000", "2011-12-31": "-225.70000", "2011-09-30": "-181.60000", "2011-06-30": "-46.60000", "2011-03-31": "-73.80000", "2010-12-31": "-119.00000", "2010-09-30": "-161.80000", "2010-06-30": "-240.80000", "2010-03-31": "-190.70000", "2009-12-31": "-176.60000", "2009-09-30": "-199.40000", "2009-06-30": "-263.90000", "2009-03-31": "-343.00000", "2008-12-31": "-318.50000", "2008-09-30": "-156.00000", "2008-06-30": "-82.40000", "2008-03-31": "-74.90000", "2007-12-31": "-118.60000", "2007-09-30": "", "2007-06-30": "", "2007-03-31": "", "2006-12-31": "-303.00000", "2006-09-30": "", "2006-06-30": "", "2006-03-31": "", "2005-12-31": "-276.00000", "2005-09-30": "", "2005-06-30": "-290.80000", "2005-03-31": "-264.10000"}, "Other Share Holders Equity": {"2020-09-30": "", "2020-06-30": "", "2020-03-31": "", "2019-12-31": "", "2019-09-30": "", "2019-06-30": "", "2019-03-31": "", "2018-12-31": "", "2018-09-30": "", "2018-06-30": "", "2018-03-31": "", "2017-12-31": "", "2017-09-30": "", "2017-06-30": "", "2017-03-31": "", "2016-12-31": "", "2016-09-30": "", "2016-06-30": "", "2016-03-31": "", "2015-12-31": "", "2015-09-30": "", "2015-06-30": "", "2015-03-31": "", "2014-12-31": "", "2014-09-30": "", "2014-06-30": "", "2014-03-31": "", "2013-12-31": "", "2013-09-30": "", "2013-06-30": "", "2013-03-31": "", "2012-12-31": "", "2012-09-30": "", "2012-06-30": "", "2012-03-31": "", "2011-12-31": "", "2011-09-30": "", "2011-06-30": "", "2011-03-31": "", "2010-12-31": "", "2010-09-30": "", "2010-06-30": "", "2010-03-31": "", "2009-12-31": "", "2009-09-30": "", "2009-06-30": "", "2009-03-31": "", "2008-12-31": "", "2008-09-30": "", "2008-06-30": "", "2008-03-31": "", "2007-12-31": "", "2007-09-30": "", "2007-06-30": "", "2007-03-31": "", "2006-12-31": "", "2006-09-30": "", "2006-06-30": "", "2006-03-31": "", "2005-12-31": "", "2005-09-30": "", "2005-06-30": "", "2005-03-31": ""}, "Share Holder Equity": {"2020-09-30": "2760.60000", "2020-06-30": "2491.10000", "2020-03-31": "2575.20000", "2019-12-31": "2825.60000", "2019-09-30": "2503.10000", "2019-06-30": "2458.40000", "2019-03-31": "2354.60000", "2018-12-31": "2432.80000", "2018-09-30": "2170.20000", "2018-06-30": "2091.60000", "2018-03-31": "2140.30000", "2017-12-31": "2246.30000", "2017-09-30": "2040.20000", "2017-06-30": "2012.30000", "2017-03-31": "1996.40000", "2016-12-31": "2056.70000", "2016-09-30": "1975.50000", "2016-06-30": "2028.10000", "2016-03-31": "1973.90000", "2015-12-31": "2001.80000", "2015-09-30": "1891.60000", "2015-06-30": "2013.10000", "2015-03-31": "1944.70000", "2014-12-31": "2151.20000", "2014-09-30": "2115.90000", "2014-06-30": "2221.90000", "2014-03-31": "2171.30000", "2013-12-31": "2250.80000", "2013-09-30": "2333.50000", "2013-06-30": "2376.40000", "2013-03-31": "2482.40000", "2012-12-31": "2456.60000", "2012-09-30": "2426.50000", "2012-06-30": "2452.40000", "2012-03-31": "2428.10000", "2011-12-31": "2497.30000", "2011-09-30": "2413.50000", "2011-06-30": "2495.50000", "2011-03-31": "2532.80000", "2010-12-31": "2566.90000", "2010-09-30": "2331.50000", "2010-06-30": "2207.80000", "2010-03-31": "2464.50000", "2009-12-31": "2536.30000", "2009-09-30": "2353.40000", "2009-06-30": "2260.00000", "2009-03-31": "2148.10000", "2008-12-31": "2244.20000", "2008-09-30": "2411.10000", "2008-06-30": "2422.60000", "2008-03-31": "2327.40000", "2007-12-31": "2332.20000", "2007-09-30": "2054.30000", "2007-06-30": "1995.80000", "2007-03-31": "1829.00000", "2006-12-31": "1940.60000", "2006-09-30": "1872.00000", "2006-06-30": "1883.50000", "2006-03-31": "1790.60000", "2005-12-31": "1945.30000", "2005-09-30": "1492.70000", "2005-06-30": "1567.60000", "2005-03-31": "1567.80000"}, "Total Liabilities And Share Holders Equity": {"2020-09-30": "16074.70000", "2020-06-30": "14896.90000", "2020-03-31": "16428.90000", "2019-12-31": "17751.90000", "2019-09-30": "15997.60000", "2019-06-30": "16526.90000", "2019-03-31": "16050.00000", "2018-12-31": "15620.30000", "2018-09-30": "13513.10000", "2018-06-30": "12357.60000", "2018-03-31": "12240.10000", "2017-12-31": "12704.70000", "2017-09-30": "11716.10000", "2017-06-30": "11678.20000", "2017-03-31": "11697.90000", "2016-12-31": "12485.20000", "2016-09-30": "11839.50000", "2016-06-30": "11633.90000", "2016-03-31": "11516.80000", "2015-12-31": "12585.10000", "2015-09-30": "11474.10000", "2015-06-30": "11499.30000", "2015-03-31": "11200.20000", "2014-12-31": "12736.60000", "2014-09-30": "11778.40000", "2014-06-30": "12339.70000", "2014-03-31": "11759.20000", "2013-12-31": "12905.00000", "2013-09-30": "11532.00000", "2013-06-30": "12336.70000", "2013-03-31": "12218.30000", "2012-12-31": "13493.90000", "2012-09-30": "11728.70000", "2012-06-30": "11851.60000", "2012-03-31": "11765.90000", "2011-12-31": "12908.70000", "2011-09-30": "11825.90000", "2011-06-30": "12301.60000", "2011-03-31": "12177.20000", "2010-12-31": "13070.80000", "2010-09-30": "11950.60000", "2010-06-30": "11704.60000", "2010-03-31": "11389.40000", "2009-12-31": "12263.10000", "2009-09-30": "10978.30000", "2009-06-30": "11065.10000", "2009-03-31": "10929.70000", "2008-12-31": "12125.20000", "2008-09-30": "12097.30000", "2008-06-30": "12207.00000", "2008-03-31": "11783.80000", "2007-12-31": "12458.10000", "2007-09-30": "11665.70000", "2007-06-30": "11566.10000", "2007-03-31": "11094.60000", "2006-12-31": "11864.10000", "2006-09-30": "10931.50000", "2006-06-30": "11314.10000", "2006-03-31": "10992.40000", "2005-12-31": "11945.20000", "2005-09-30": "11285.50000", "2005-06-30": "11929.70000", "2005-03-31": "11691.30000"}}, "cash flow statement": {"Net Income/Loss": {"2019-12-31": "673.90000", "2018-12-31": "637.70000", "2017-12-31": "570.40000", "2016-12-31": "629.00000", "2015-12-31": "480.50000", "2014-12-31": "505.40000", "2013-12-31": "288.90000", "2012-12-31": "464.60000", "2011-12-31": "551.50000", "2010-12-31": "281.20000", "2009-12-31": "143.40000", "2008-12-31": "318.00000", "2007-12-31": "184.30000", "2006-12-31": "-31.70000", "2005-12-31": "-262.90000"}, "Total Depreciation And Amortization - Cash Flow": {"2019-12-31": "368.00000", "2018-12-31": "291.60000", "2017-12-31": "244.90000", "2016-12-31": "251.40000", "2015-12-31": "233.10000", "2014-12-31": "222.40000", "2013-12-31": "209.10000", "2012-12-31": "194.00000", "2011-12-31": "193.90000", "2010-12-31": "194.00000", "2009-12-31": "231.50000", "2008-12-31": "282.10000", "2007-12-31": "287.70000", "2006-12-31": "260.50000", "2005-12-31": "220.20000"}, "Other Non-Cash Items": {"2019-12-31": "63.20000", "2018-12-31": "82.50000", "2017-12-31": "24.10000", "2016-12-31": "102.70000", "2015-12-31": "111.00000", "2014-12-31": "91.10000", "2013-12-31": "98.20000", "2012-12-31": "26.30000", "2011-12-31": "-37.90000", "2010-12-31": "66.70000", "2009-12-31": "133.60000", "2008-12-31": "68.90000", "2007-12-31": "11.70000", "2006-12-31": "27.10000", "2005-12-31": "141.40000"}, "Total Non-Cash Items": {"2019-12-31": "431.20000", "2018-12-31": "374.10000", "2017-12-31": "269.00000", "2016-12-31": "354.10000", "2015-12-31": "344.10000", "2014-12-31": "313.50000", "2013-12-31": "307.30000", "2012-12-31": "220.30000", "2011-12-31": "156.00000", "2010-12-31": "260.70000", "2009-12-31": "365.10000", "2008-12-31": "351.00000", "2007-12-31": "299.40000", "2006-12-31": "287.60000", "2005-12-31": "361.60000"}, "Change In Accounts Receivable": {"2019-12-31": "-149.90000", "2018-12-31": "-813.30000", "2017-12-31": "-127.90000", "2016-12-31": "-222.90000", "2015-12-31": "-236.10000", "2014-12-31": "-20.10000", "2013-12-31": "-157.10000", "2012-12-31": "-44.70000", "2011-12-31": "-219.20000", "2010-12-31": "-547.60000", "2009-12-31": "179.50000", "2008-12-31": "283.90000", "2007-12-31": "43.50000", "2006-12-31": "235.40000", "2005-12-31": "39.60000"}, "Change In Inventories": {"2019-12-31": "", "2018-12-31": "", "2017-12-31": "", "2016-12-31": "", "2015-12-31": "", "2014-12-31": "", "2013-12-31": "", "2012-12-31": "", "2011-12-31": "", "2010-12-31": "", "2009-12-31": "", "2008-12-31": "", "2007-12-31": "", "2006-12-31": "", "2005-12-31": ""}, "Change In Accounts Payable": {"2019-12-31": "546.00000", "2018-12-31": "428.70000", "2017-12-31": "336.40000", "2016-12-31": "-147.40000", "2015-12-31": "419.00000", "2014-12-31": "-159.20000", "2013-12-31": "417.70000", "2012-12-31": "-120.40000", "2011-12-31": "-62.90000", "2010-12-31": "867.40000", "2009-12-31": "230.00000", "2008-12-31": "6.80000", "2007-12-31": "-221.50000", "2006-12-31": "-370.00000", "2005-12-31": "-163.50000"}, "Change In Assets/Liabilities": {"2019-12-31": "-9.30000", "2018-12-31": "-39.10000", "2017-12-31": "62.50000", "2016-12-31": "-74.40000", "2015-12-31": "-307.90000", "2014-12-31": "-7.10000", "2013-12-31": "-248.70000", "2012-12-31": "-117.10000", "2011-12-31": "-184.00000", "2010-12-31": "-135.80000", "2009-12-31": "-27.20000", "2008-12-31": "24.30000", "2007-12-31": "-129.40000", "2006-12-31": "-97.70000", "2005-12-31": "-20.60000"}, "Total Change In Assets/Liabilities": {"2019-12-31": "414.20000", "2018-12-31": "-447.90000", "2017-12-31": "29.70000", "2016-12-31": "-505.80000", "2015-12-31": "-160.30000", "2014-12-31": "-146.60000", "2013-12-31": "-5.50000", "2012-12-31": "-340.00000", "2011-12-31": "-462.20000", "2010-12-31": "250.40000", "2009-12-31": "18.90000", "2008-12-31": "167.30000", "2007-12-31": "-185.60000", "2006-12-31": "-253.70000", "2005-12-31": "-133.40000"}, "Cash Flow From Operating Activities": {"2019-12-31": "1529.20000", "2018-12-31": "565.10000", "2017-12-31": "881.80000", "2016-12-31": "512.80000", "2015-12-31": "688.50000", "2014-12-31": "696.40000", "2013-12-31": "592.90000", "2012-12-31": "357.20000", "2011-12-31": "273.50000", "2010-12-31": "817.30000", "2009-12-31": "540.80000", "2008-12-31": "865.30000", "2007-12-31": "298.10000", "2006-12-31": "9.00000", "2005-12-31": "-20.20000"}, "Net Change In Property, Plant, And Equipment": {"2019-12-31": "-198.50000", "2018-12-31": "-177.10000", "2017-12-31": "-155.90000", "2016-12-31": "-200.70000", "2015-12-31": "-161.10000", "2014-12-31": "-148.70000", "2013-12-31": "-173.00000", "2012-12-31": "-169.20000", "2011-12-31": "-140.30000", "2010-12-31": "-96.30000", "2009-12-31": "-67.10000", "2008-12-31": "-138.40000", "2007-12-31": "-147.60000", "2006-12-31": "-127.80000", "2005-12-31": "-140.70000"}, "Net Change In Intangible Assets": {"2019-12-31": "", "2018-12-31": "", "2017-12-31": "", "2016-12-31": "", "2015-12-31": "", "2014-12-31": "", "2013-12-31": "", "2012-12-31": "", "2011-12-31": "", "2010-12-31": "", "2009-12-31": "", "2008-12-31": "", "2007-12-31": "", "2006-12-31": "", "2005-12-31": ""}, "Net Acquisitions/Divestitures": {"2019-12-31": "-0.60000", "2018-12-31": "-2309.80000", "2017-12-31": "-30.60000", "2016-12-31": "-52.00000", "2015-12-31": "-28.60000", "2014-12-31": "-67.80000", "2013-12-31": "-59.00000", "2012-12-31": "-38.30000", "2011-12-31": "-63.10000", "2010-12-31": "-61.90000", "2009-12-31": "-72.40000", "2008-12-31": "-78.10000", "2007-12-31": "-81.80000", "2006-12-31": "61.30000", "2005-12-31": "37.70000"}, "Net Change In Short-term Investments": {"2019-12-31": "", "2018-12-31": "", "2017-12-31": "", "2016-12-31": "", "2015-12-31": "", "2014-12-31": "", "2013-12-31": "10.80000", "2012-12-31": "-1.20000", "2011-12-31": "", "2010-12-31": "", "2009-12-31": "158.50000", "2008-12-31": "-154.30000", "2007-12-31": "-18.10000", "2006-12-31": "112.70000", "2005-12-31": "306.50000"}, "Net Change In Long-Term Investments": {"2019-12-31": "", "2018-12-31": "", "2017-12-31": "", "2016-12-31": "", "2015-12-31": "", "2014-12-31": "", "2013-12-31": "", "2012-12-31": "", "2011-12-31": "133.50000", "2010-12-31": "", "2009-12-31": "", "2008-12-31": "-35.60000", "2007-12-31": "-25.00000", "2006-12-31": "-36.40000", "2005-12-31": "-39.90000"}, "Net Change In Investments - Total": {"2019-12-31": "", "2018-12-31": "", "2017-12-31": "", "2016-12-31": "", "2015-12-31": "", "2014-12-31": "", "2013-12-31": "10.80000", "2012-12-31": "-1.20000", "2011-12-31": "133.50000", "2010-12-31": "", "2009-12-31": "158.50000", "2008-12-31": "-189.90000", "2007-12-31": "-43.10000", "2006-12-31": "76.30000", "2005-12-31": "266.60000"}, "Investing Activities - Other": {"2019-12-31": "37.40000", "2018-12-31": "-4.60000", "2017-12-31": "-9.70000", "2016-12-31": "-11.20000", "2015-12-31": "-10.00000", "2014-12-31": "17.60000", "2013-12-31": "-3.30000", "2012-12-31": "-1.50000", "2011-12-31": "11.10000", "2010-12-31": "49.70000", "2009-12-31": "10.40000", "2008-12-31": "2.10000", "2007-12-31": "4.70000", "2006-12-31": "1.80000", "2005-12-31": "2.80000"}, "Cash Flow From Investing Activities": {"2019-12-31": "-161.70000", "2018-12-31": "-2491.50000", "2017-12-31": "-196.20000", "2016-12-31": "-263.90000", "2015-12-31": "-199.70000", "2014-12-31": "-198.90000", "2013-12-31": "-224.50000", "2012-12-31": "-210.20000", "2011-12-31": "-58.80000", "2010-12-31": "-108.50000", "2009-12-31": "29.40000", "2008-12-31": "-404.30000", "2007-12-31": "-267.80000", "2006-12-31": "11.60000", "2005-12-31": "166.40000"}, "Net Long-Term Debt": {"2019-12-31": "-403.30000", "2018-12-31": "2389.40000", "2017-12-31": "-324.60000", "2016-12-31": "-1.80000", "2015-12-31": "-2.00000", "2014-12-31": "147.90000", "2013-12-31": "-602.40000", "2012-12-31": "643.10000", "2011-12-31": "-38.90000", "2010-12-31": "-217.30000", "2009-12-31": "-195.70000", "2008-12-31": "-201.80000", "2007-12-31": "", "2006-12-31": "-3.40000", "2005-12-31": "-4.70000"}, "Net Current Debt": {"2019-12-31": "-19.80000", "2018-12-31": "-17.50000", "2017-12-31": "3.00000", "2016-12-31": "-56.20000", "2015-12-31": "51.80000", "2014-12-31": "-66.30000", "2013-12-31": "5.40000", "2012-12-31": "12.60000", "2011-12-31": "42.50000", "2010-12-31": "17.40000", "2009-12-31": "", "2008-12-31": "-23.70000", "2007-12-31": "10.00000", "2006-12-31": "34.30000", "2005-12-31": "-35.90000"}, "Debt Issuance/Retirement Net - Total": {"2019-12-31": "-423.10000", "2018-12-31": "2371.90000", "2017-12-31": "-321.60000", "2016-12-31": "-58.00000", "2015-12-31": "49.80000", "2014-12-31": "81.60000", "2013-12-31": "-597.00000", "2012-12-31": "655.70000", "2011-12-31": "3.60000", "2010-12-31": "-199.90000", "2009-12-31": "-195.70000", "2008-12-31": "-225.50000", "2007-12-31": "10.00000", "2006-12-31": "30.90000", "2005-12-31": "-40.60000"}, "Net Common Equity Issued/Repurchased": {"2019-12-31": "4.30000", "2018-12-31": "-101.60000", "2017-12-31": "-287.00000", "2016-12-31": "-293.10000", "2015-12-31": "-271.70000", "2014-12-31": "-255.00000", "2013-12-31": "-434.40000", "2012-12-31": "-339.70000", "2011-12-31": "-388.80000", "2010-12-31": "", "2009-12-31": "", "2008-12-31": "", "2007-12-31": "", "2006-12-31": "", "2005-12-31": ""}, "Net Total Equity Issued/Repurchased": {"2019-12-31": "4.30000", "2018-12-31": "-101.60000", "2017-12-31": "-287.00000", "2016-12-31": "-293.10000", "2015-12-31": "-271.70000", "2014-12-31": "-255.00000", "2013-12-31": "-434.40000", "2012-12-31": "-339.70000", "2011-12-31": "-388.80000", "2010-12-31": "-265.90000", "2009-12-31": "", "2008-12-31": "", "2007-12-31": "", "2006-12-31": "", "2005-12-31": "508.00000"}, "Total Common And Preferred Stock Dividends Paid": {"2019-12-31": "-363.10000", "2018-12-31": "-322.10000", "2017-12-31": "-280.30000", "2016-12-31": "-238.40000", "2015-12-31": "-195.50000", "2014-12-31": "-159.00000", "2013-12-31": "-137.60000", "2012-12-31": "-115.00000", "2011-12-31": "-122.70000", "2010-12-31": "-19.60000", "2009-12-31": "-27.60000", "2008-12-31": "-27.60000", "2007-12-31": "-27.60000", "2006-12-31": "-47.00000", "2005-12-31": "-20.00000"}, "Financial Activities - Other": {"2019-12-31": "-61.10000", "2018-12-31": "-95.00000", "2017-12-31": "-116.00000", "2016-12-31": "-76.90000", "2015-12-31": "-73.50000", "2014-12-31": "-40.30000", "2013-12-31": "-43.30000", "2012-12-31": "-69.70000", "2011-12-31": "-33.10000", "2010-12-31": "-62.30000", "2009-12-31": "-43.70000", "2008-12-31": "-22.70000", "2007-12-31": "-19.70000", "2006-12-31": "-113.60000", "2005-12-31": "-37.30000"}, "Cash Flow From Financial Activities": {"2019-12-31": "-843.00000", "2018-12-31": "1853.20000", "2017-12-31": "-1004.90000", "2016-12-31": "-666.40000", "2015-12-31": "-490.90000", "2014-12-31": "-372.70000", "2013-12-31": "-1212.30000", "2012-12-31": "131.30000", "2011-12-31": "-541.00000", "2010-12-31": "-547.70000", "2009-12-31": "-267.00000", "2008-12-31": "-275.80000", "2007-12-31": "-37.30000", "2006-12-31": "-129.70000", "2005-12-31": "410.10000"}, "Net Cash Flow": {"2019-12-31": "518.50000", "2018-12-31": "-120.50000", "2017-12-31": "-302.50000", "2016-12-31": "-405.90000", "2015-12-31": "-158.30000", "2014-12-31": "23.80000", "2013-12-31": "-938.00000", "2012-12-31": "272.10000", "2011-12-31": "-373.00000", "2010-12-31": "180.50000", "2009-12-31": "388.00000", "2008-12-31": "92.30000", "2007-12-31": "59.20000", "2006-12-31": "-120.20000", "2005-12-31": "525.50000"}, "Stock-Based Compensation": {"2019-12-31": "", "2018-12-31": "", "2017-12-31": "", "2016-12-31": "", "2015-12-31": "", "2014-12-31": "", "2013-12-31": "", "2012-12-31": "", "2011-12-31": "", "2010-12-31": "", "2009-12-31": "", "2008-12-31": "", "2007-12-31": "", "2006-12-31": "", "2005-12-31": ""}, "Common Stock Dividends Paid": {"2019-12-31": "-363.10000", "2018-12-31": "-322.10000", "2017-12-31": "-280.30000", "2016-12-31": "-238.40000", "2015-12-31": "-195.50000", "2014-12-31": "-159.00000", "2013-12-31": "-126.00000", "2012-12-31": "-103.40000", "2011-12-31": "-111.10000", "2010-12-31": "0.00000", "2009-12-31": "0.00000", "2008-12-31": "", "2007-12-31": "", "2006-12-31": "", "2005-12-31": ""}}, "cash flow statement, quarterly": {"Net Income/Loss": {"2020-09-30": 278.5, "2020-06-30": -43.9, "2020-03-31": "2.60000", "2019-12-31": 342.2, "2019-09-30": 168.4, "2019-06-30": 172.8, "2019-03-31": "-9.50000", "2018-12-31": 342.5, "2018-09-30": 163.5, "2018-06-30": 147.8, "2018-03-31": "-16.10000", "2017-12-31": 269.2, "2017-09-30": 172.3, "2017-06-30": 107.6, "2017-03-31": "21.30000", "2016-12-31": 333.4, "2016-09-30": 132.7, "2016-06-30": 160.2, "2016-03-31": "2.70000", "2015-12-31": 282.9, "2015-09-30": 78, "2015-06-30": 123.8, "2015-03-31": "-4.20000", "2014-12-31": 331.3, "2014-09-30": 92.8, "2014-06-30": 103.7, "2014-03-31": "-22.40000", "2013-12-31": 212.1, "2013-09-30": 49.2, "2013-06-30": 86.1, "2013-03-31": "-58.50000", "2012-12-31": 337.1, "2012-09-30": 67.7, "2012-06-30": 105.5, "2012-03-31": "-45.70000", "2011-12-31": 278.3, "2011-09-30": 217.5, "2011-06-30": 108.9, "2011-03-31": "-53.20000", "2010-12-31": 222.8, "2010-09-30": 45.6, "2010-06-30": 83.1, "2010-03-31": "-70.30000", "2009-12-31": 159.7, "2009-09-30": 25.9, "2009-06-30": 31.4, "2009-03-31": "-73.60000", "2008-12-31": 232.7, "2008-09-30": 50.4, "2008-06-30": 98.3, "2008-03-31": "-63.40000", "2007-12-31": 195.1, "2007-09-30": -21.9, "2007-06-30": 137, "2007-03-31": "-125.90000", "2006-12-31": 69.1, "2006-09-30": 3.7, "2006-06-30": 65.7, "2006-03-31": "-170.20000", "2005-12-31": -22.9, "2005-09-30": -102.8, "2005-06-30": 9.2, "2005-03-31": "-146.40000"}, "Total Depreciation And Amortization - Cash Flow": {"2020-09-30": 94.9, "2020-06-30": 88.7, "2020-03-31": "98.30000", "2019-12-31": 89.6, "2019-09-30": 85.6, "2019-06-30": 91.2, "2019-03-31": "101.60000", "2018-12-31": 93.7, "2018-09-30": 59.2, "2018-06-30": 61.3, "2018-03-31": "77.40000", "2017-12-31": 56.4, "2017-09-30": 57.4, "2017-06-30": 59, "2017-03-31": "72.10000", "2016-12-31": 70.7, "2016-09-30": 60.2, "2016-06-30": 58, "2016-03-31": "62.50000", "2015-12-31": 62.9, "2015-09-30": 56, "2015-06-30": 57.3, "2015-03-31": "56.90000", "2014-12-31": 59.1, "2014-09-30": 54.1, "2014-06-30": 52.6, "2014-03-31": "56.60000", "2013-12-31": 52.9, "2013-09-30": 49.9, "2013-06-30": 51.2, "2013-03-31": "55.10000", "2012-12-31": 47.2, "2012-09-30": 46.7, "2012-06-30": 50.5, "2012-03-31": "49.60000", "2011-12-31": 48.6, "2011-09-30": 46.5, "2011-06-30": 49.4, "2011-03-31": "49.40000", "2010-12-31": 47, "2010-09-30": 48.1, "2010-06-30": 48.8, "2010-03-31": "50.10000", "2009-12-31": 54.3, "2009-09-30": 54.1, "2009-06-30": 64.4, "2009-03-31": "58.70000", "2008-12-31": 66.1, "2008-09-30": 73, "2008-06-30": 73.1, "2008-03-31": "69.90000", "2007-12-31": 81.4, "2007-09-30": 74.1, "2007-06-30": 61.8, "2007-03-31": "70.40000", "2006-12-31": 74.2, "2006-09-30": 69.6, "2006-06-30": 61.3, "2006-03-31": "55.40000", "2005-12-31": 60.9, "2005-09-30": 55.6, "2005-06-30": 49.5, "2005-03-31": "54.20000"}, "Other Non-Cash Items": {"2020-09-30": 58.8, "2020-06-30": 94.4, "2020-03-31": "34.70000", "2019-12-31": 25.8, "2019-09-30": 10.2, "2019-06-30": 46.2, "2019-03-31": "-19.00000", "2018-12-31": 46, "2018-09-30": 17.2, "2018-06-30": 13.6, "2018-03-31": "5.70000", "2017-12-31": -25.1, "2017-09-30": 18.9, "2017-06-30": 37.3, "2017-03-31": "-7.00000", "2016-12-31": 70.4, "2016-09-30": 8.9, "2016-06-30": 32, "2016-03-31": "-8.60000", "2015-12-31": 94.4, "2015-09-30": 9.4, "2015-06-30": 36.2, "2015-03-31": "-29.00000", "2014-12-31": 33.5, "2014-09-30": 44.7, "2014-06-30": 32, "2014-03-31": "-19.10000", "2013-12-31": 43.1, "2013-09-30": 62, "2013-06-30": 38.8, "2013-03-31": "-45.70000", "2012-12-31": 46, "2012-09-30": 14.6, "2012-06-30": 10.5, "2012-03-31": "-44.80000", "2011-12-31": 61.9, "2011-09-30": -69.4, "2011-06-30": 19.1, "2011-03-31": "-49.50000", "2010-12-31": 65.6, "2010-09-30": -10, "2010-06-30": 48.7, "2010-03-31": "-37.60000", "2009-12-31": 103.6, "2009-09-30": 23.9, "2009-06-30": 50.4, "2009-03-31": "-44.30000", "2008-12-31": 58.7, "2008-09-30": 16.2, "2008-06-30": 49.4, "2008-03-31": "-55.40000", "2007-12-31": 20.2, "2007-09-30": 41.7, "2007-06-30": -5.9, "2007-03-31": "-44.30000", "2006-12-31": 130.7, "2006-09-30": -23.4, "2006-06-30": -47.3, "2006-03-31": "-32.90000", "2005-12-31": 168.8, "2005-09-30": -50.4, "2005-06-30": 77.5, "2005-03-31": "-54.50000"}, "Total Non-Cash Items": {"2020-09-30": 153.7, "2020-06-30": 183.1, "2020-03-31": "133.00000", "2019-12-31": 115.4, "2019-09-30": 95.8, "2019-06-30": 137.4, "2019-03-31": "82.60000", "2018-12-31": 139.7, "2018-09-30": 76.4, "2018-06-30": 74.9, "2018-03-31": "83.10000", "2017-12-31": 31.3, "2017-09-30": 76.3, "2017-06-30": 96.3, "2017-03-31": "65.10000", "2016-12-31": 141.1, "2016-09-30": 69.1, "2016-06-30": 90, "2016-03-31": "53.90000", "2015-12-31": 157.3, "2015-09-30": 65.4, "2015-06-30": 93.5, "2015-03-31": "27.90000", "2014-12-31": 92.6, "2014-09-30": 98.8, "2014-06-30": 84.6, "2014-03-31": "37.50000", "2013-12-31": 96, "2013-09-30": 111.9, "2013-06-30": 90, "2013-03-31": "9.40000", "2012-12-31": 93.2, "2012-09-30": 61.3, "2012-06-30": 61, "2012-03-31": "4.80000", "2011-12-31": 110.5, "2011-09-30": -22.9, "2011-06-30": 68.5, "2011-03-31": "-0.10000", "2010-12-31": 112.6, "2010-09-30": 38.1, "2010-06-30": 97.5, "2010-03-31": "12.50000", "2009-12-31": 157.9, "2009-09-30": 78, "2009-06-30": 114.8, "2009-03-31": "14.40000", "2008-12-31": 124.8, "2008-09-30": 89.2, "2008-06-30": 122.5, "2008-03-31": "14.50000", "2007-12-31": 101.6, "2007-09-30": 115.8, "2007-06-30": 55.9, "2007-03-31": "26.10000", "2006-12-31": 204.9, "2006-09-30": 46.2, "2006-06-30": 14, "2006-03-31": "22.50000", "2005-12-31": 229.7, "2005-09-30": 5.2, "2005-06-30": 127, "2005-03-31": "-0.30000"}, "Change In Accounts Receivable": {"2020-09-30": -447.2, "2020-06-30": 987.3, "2020-03-31": "1302.80000", "2019-12-31": -1008.1, "2019-09-30": 190.3, "2019-06-30": -245.3, "2019-03-31": "913.20000", "2018-12-31": -953.9, "2018-09-30": 136.3, "2018-06-30": -450.2, "2018-03-31": "454.50000", "2017-12-31": -836.8, "2017-09-30": -60.8, "2017-06-30": -36.9, "2017-03-31": "806.60000", "2016-12-31": -889.2, "2016-09-30": 238.1, "2016-06-30": -258.3, "2016-03-31": "686.50000", "2015-12-31": -544.1, "2015-09-30": 23.9, "2015-06-30": -176.4, "2015-03-31": "460.50000", "2014-12-31": -643.1, "2014-09-30": 295.4, "2014-06-30": -230, "2014-03-31": "557.60000", "2013-12-31": -744, "2013-09-30": 256.4, "2013-06-30": -236.9, "2013-03-31": "567.40000", "2012-12-31": -654.9, "2012-09-30": -64.9, "2012-06-30": -67.2, "2012-03-31": "742.30000", "2011-12-31": -785, "2011-09-30": 314.8, "2011-06-30": -118.4, "2011-03-31": "369.40000", "2010-12-31": -464.9, "2010-09-30": 62, "2010-06-30": -416.3, "2010-03-31": "271.60000", "2009-12-31": -633.4, "2009-09-30": 210.6, "2009-06-30": 81.4, "2009-03-31": "520.90000", "2008-12-31": -181.5, "2008-09-30": 118.1, "2008-06-30": -151.8, "2008-03-31": "499.10000", "2007-12-31": -365.8, "2007-09-30": 261.5, "2007-06-30": -341.8, "2007-03-31": "489.60000", "2006-12-31": -455.4, "2006-09-30": 285.4, "2006-06-30": -44.8, "2006-03-31": "450.20000", "2005-12-31": -270.5, "2005-09-30": 397.8, "2005-06-30": -346.7, "2005-03-31": "259.00000"}, "Change In Inventories": {"2020-09-30": 0, "2020-06-30": 0, "2020-03-31": "", "2019-12-31": 0, "2019-09-30": 0, "2019-06-30": 0, "2019-03-31": "", "2018-12-31": 0, "2018-09-30": 0, "2018-06-30": 0, "2018-03-31": "", "2017-12-31": 0, "2017-09-30": 0, "2017-06-30": 0, "2017-03-31": "", "2016-12-31": 0, "2016-09-30": 0, "2016-06-30": 0, "2016-03-31": "", "2015-12-31": 0, "2015-09-30": 0, "2015-06-30": 0, "2015-03-31": "", "2014-12-31": 0, "2014-09-30": 0, "2014-06-30": 0, "2014-03-31": "", "2013-12-31": 0, "2013-09-30": 0, "2013-06-30": 0, "2013-03-31": "", "2012-12-31": 0, "2012-09-30": 0, "2012-06-30": 0, "2012-03-31": "", "2011-12-31": 0, "2011-09-30": 0, "2011-06-30": 0, "2011-03-31": "", "2010-12-31": 0, "2010-09-30": 0, "2010-06-30": 0, "2010-03-31": "", "2009-12-31": 0, "2009-09-30": 0, "2009-06-30": 0, "2009-03-31": "", "2008-12-31": 0, "2008-09-30": 0, "2008-06-30": 0, "2008-03-31": "", "2007-12-31": 0, "2007-09-30": 0, "2007-06-30": 0, "2007-03-31": "", "2006-12-31": 0, "2006-09-30": 0, "2006-06-30": 0, "2006-03-31": "", "2005-12-31": 0, "2005-09-30": 0, "2005-06-30": 0, "2005-03-31": ""}, "Change In Accounts Payable": {"2020-09-30": 716.7, "2020-06-30": -1264.5, "2020-03-31": "-1466.90000", "2019-12-31": 1498.7, "2019-09-30": -275.8, "2019-06-30": 284.4, "2019-03-31": "-961.30000", "2018-12-31": 1195.6, "2018-09-30": -187.6, "2018-06-30": 414.9, "2018-03-31": "-994.20000", "2017-12-31": 1298.1, "2017-09-30": -310.4, "2017-06-30": 75.2, "2017-03-31": "-726.50000", "2016-12-31": 541, "2016-09-30": 160.3, "2016-06-30": 136, "2016-03-31": "-984.70000", "2015-12-31": 957.7, "2015-09-30": 220.1, "2015-06-30": 171.1, "2015-03-31": "-929.90000", "2014-12-31": 856.5, "2014-09-30": -431.2, "2014-06-30": 321.1, "2014-03-31": "-905.60000", "2013-12-31": 1229.2, "2013-09-30": -238.1, "2013-06-30": 324.8, "2013-03-31": "-898.20000", "2012-12-31": 732.3, "2012-09-30": -230.5, "2012-06-30": 186.2, "2012-03-31": "-808.40000", "2011-12-31": 754.5, "2011-09-30": -231.9, "2011-06-30": 148.1, "2011-03-31": "-733.60000", "2010-12-31": 816.2, "2010-09-30": -88.1, "2010-06-30": 487.1, "2010-03-31": "-347.80000", "2009-12-31": 1093.4, "2009-09-30": -153.4, "2009-06-30": -97.5, "2009-03-31": "-612.50000", "2008-12-31": 332, "2008-09-30": -226.7, "2008-06-30": 157.5, "2008-03-31": "-256.00000", "2007-12-31": 202.8, "2007-09-30": -210.2, "2007-06-30": 133.3, "2007-03-31": "-347.40000", "2006-12-31": 516.3, "2006-09-30": -446.4, "2006-06-30": 54.4, "2006-03-31": "-494.30000", "2005-12-31": 94, "2005-09-30": -257.5, "2005-06-30": 0, "2005-03-31": ""}, "Change In Assets/Liabilities": {"2020-09-30": -69.6, "2020-06-30": -8.9, "2020-03-31": "-91.00000", "2019-12-31": 45, "2019-09-30": 27.8, "2019-06-30": -28, "2019-03-31": "-54.10000", "2018-12-31": 8.6, "2018-09-30": 50.7, "2018-06-30": 1, "2018-03-31": "-99.40000", "2017-12-31": 215.9, "2017-09-30": 104.7, "2017-06-30": 22, "2017-03-31": "-280.10000", "2016-12-31": 260.9, "2016-09-30": -118.3, "2016-06-30": 21.7, "2016-03-31": "-238.70000", "2015-12-31": -13.2, "2015-09-30": -195.1, "2015-06-30": 72.9, "2015-03-31": "-172.50000", "2014-12-31": 286.1, "2014-09-30": 51.9, "2014-06-30": -121.6, "2014-03-31": "-223.50000", "2013-12-31": 84.9, "2013-09-30": -19.9, "2013-06-30": -50.7, "2013-03-31": "-263.00000", "2012-12-31": 178.3, "2012-09-30": 42.6, "2012-06-30": -87, "2012-03-31": "-251.00000", "2011-12-31": 243.7, "2011-09-30": -218.5, "2011-06-30": -34.6, "2011-03-31": "-174.60000", "2010-12-31": 123, "2010-09-30": -45.7, "2010-06-30": -121.4, "2010-03-31": "-91.70000", "2009-12-31": 49.4, "2009-09-30": -104.6, "2009-06-30": 38.6, "2009-03-31": "-10.60000", "2008-12-31": 256.7, "2008-09-30": -92.9, "2008-06-30": -19.1, "2008-03-31": "-120.40000", "2007-12-31": 113.1, "2007-09-30": -179.2, "2007-06-30": 56.1, "2007-03-31": "-119.40000", "2006-12-31": 38.2, "2006-09-30": -21.1, "2006-06-30": -60.9, "2006-03-31": "-53.90000", "2005-12-31": 145.1, "2005-09-30": 89.3, "2005-06-30": -65.1, "2005-03-31": "-189.90000"}, "Total Change In Assets/Liabilities": {"2020-09-30": 248.0002, "2020-06-30": -236.7001, "2020-03-31": "-413.90000", "2019-12-31": 636.5, "2019-09-30": -38.9999, "2019-06-30": -3.6001, "2019-03-31": "-179.70000", "2018-12-31": 412.6001, "2018-09-30": -11.2001, "2018-06-30": -45.5999, "2018-03-31": "-803.70010", "2017-12-31": 723.7, "2017-09-30": -240.4, "2017-06-30": 11.3, "2017-03-31": "-464.90000", "2016-12-31": 59.5, "2016-09-30": 324, "2016-06-30": -153.6, "2016-03-31": "-735.70000", "2015-12-31": 475.4, "2015-09-30": 136.9, "2015-06-30": 42.6, "2015-03-31": "-815.20000", "2014-12-31": 646.5, "2014-09-30": -17.6, "2014-06-30": -30.7, "2014-03-31": "-744.80000", "2013-12-31": 705.6, "2013-09-30": -4.2, "2013-06-30": 18.7, "2013-03-31": "-725.60000", "2012-12-31": 369.9, "2012-09-30": -234.9, "2012-06-30": -7, "2012-03-31": "-468.00000", "2011-12-31": 316.3001, "2011-09-30": -39.0001, "2011-06-30": 19.1, "2011-03-31": "-758.60000", "2010-12-31": 644.8, "2010-09-30": -51.1, "2010-06-30": 165.3, "2010-03-31": "-508.60000", "2009-12-31": 418.1, "2009-09-30": 18, "2009-06-30": 73.6, "2009-03-31": "-490.80000", "2008-12-31": 339.6, "2008-09-30": -105.6, "2008-06-30": 174.3, "2008-03-31": "-241.00000", "2007-12-31": 212.6, "2007-09-30": 25.8, "2007-06-30": -135.6, "2007-03-31": "-288.40000", "2006-12-31": 322.1, "2006-09-30": -123.2, "2006-06-30": -67.6, "2006-03-31": "-385.00000", "2005-12-31": 145.2, "2005-09-30": -60.8, "2005-06-30": -31.3, "2005-03-31": "-186.50000"}, "Cash Flow From Operating Activities": {"2020-09-30": 689.3, "2020-06-30": -87.1, "2020-03-31": "-277.10000", "2019-12-31": 1105.6, "2019-09-30": 224.6, "2019-06-30": 292.5, "2019-03-31": "-93.50000", "2018-12-31": 891.8, "2018-09-30": 231, "2018-06-30": 172.2, "2018-03-31": "-729.90000", "2017-12-31": 1020.8, "2017-09-30": 14.1, "2017-06-30": 218.7, "2017-03-31": "-371.80000", "2016-12-31": 539.7, "2016-09-30": 526.9, "2016-06-30": 99.8, "2016-03-31": "-653.60000", "2015-12-31": 926.8, "2015-09-30": 281.8, "2015-06-30": 260.6, "2015-03-31": "-780.70000", "2014-12-31": 1077.4, "2014-09-30": 176.2, "2014-06-30": 168.5, "2014-03-31": "-725.70000", "2013-12-31": 1023.3, "2013-09-30": 161, "2013-06-30": 183.7, "2013-03-31": "-775.10000", "2012-12-31": 802.5, "2012-09-30": -104.7, "2012-06-30": 157.9, "2012-03-31": "-498.50000", "2011-12-31": 717.4, "2011-09-30": 157.8, "2011-06-30": 200, "2011-03-31": "-801.70000", "2010-12-31": 979.1, "2010-09-30": 40.4, "2010-06-30": 353.3, "2010-03-31": "-555.50000", "2009-12-31": 739.3, "2009-09-30": 124.9, "2009-06-30": 233.9, "2009-03-31": "-557.30000", "2008-12-31": 719.2, "2008-09-30": 34.2, "2008-06-30": 399.9, "2008-03-31": "-288.00000", "2007-12-31": 517.9, "2007-09-30": 118.9, "2007-06-30": 43.8, "2007-03-31": "-382.50000", "2006-12-31": 589.9, "2006-09-30": -69.5, "2006-06-30": 16.7, "2006-03-31": "-528.10000", "2005-12-31": 349.6, "2005-09-30": -138.2, "2005-06-30": 108.3, "2005-03-31": "-339.90000"}, "Net Change In Property, Plant, And Equipment": {"2020-09-30": -40.1, "2020-06-30": -27.3, "2020-03-31": "-44.60000", "2019-12-31": -64.7, "2019-09-30": -53.7, "2019-06-30": -47.3, "2019-03-31": "-32.80000", "2018-12-31": -71.4, "2018-09-30": -44.2, "2018-06-30": -38.7, "2018-03-31": "-22.80000", "2017-12-31": -47.2, "2017-09-30": -39.8, "2017-06-30": -44.1, "2017-03-31": "-24.80000", "2016-12-31": -86.2, "2016-09-30": -51.5, "2016-06-30": -36, "2016-03-31": "-27.00000", "2015-12-31": -80.4, "2015-09-30": -30.9, "2015-06-30": -29.6, "2015-03-31": "-20.20000", "2014-12-31": -54.3, "2014-09-30": -35.7, "2014-06-30": -32.1, "2014-03-31": "-26.60000", "2013-12-31": -81.4, "2013-09-30": -44.8, "2013-06-30": -29, "2013-03-31": "-17.80000", "2012-12-31": -69.9, "2012-09-30": -41.1, "2012-06-30": -35.8, "2012-03-31": "-22.40000", "2011-12-31": -57, "2011-09-30": -30.2, "2011-06-30": -36.2, "2011-03-31": "-16.90000", "2010-12-31": -46.6, "2010-09-30": -21.4, "2010-06-30": -18.9, "2010-03-31": "-9.40000", "2009-12-31": -23.4, "2009-09-30": -16, "2009-06-30": -16, "2009-03-31": "-11.70000", "2008-12-31": -55.6, "2008-09-30": -24, "2008-06-30": -26.9, "2008-03-31": "-31.90000", "2007-12-31": -51.2, "2007-09-30": -29.9, "2007-06-30": -38.5, "2007-03-31": "-28.00000", "2006-12-31": -58, "2006-09-30": -29.3, "2006-06-30": -21.8, "2006-03-31": "-18.70000", "2005-12-31": -43.7, "2005-09-30": -33, "2005-06-30": -32.2, "2005-03-31": "-31.80000"}, "Net Change In Intangible Assets": {"2020-09-30": 0, "2020-06-30": 0, "2020-03-31": "", "2019-12-31": 0, "2019-09-30": 0, "2019-06-30": 0, "2019-03-31": "", "2018-12-31": 0, "2018-09-30": 0, "2018-06-30": 0, "2018-03-31": "", "2017-12-31": 0, "2017-09-30": 0, "2017-06-30": 0, "2017-03-31": "", "2016-12-31": 0, "2016-09-30": 0, "2016-06-30": 0, "2016-03-31": "", "2015-12-31": 0, "2015-09-30": 0, "2015-06-30": 0, "2015-03-31": "", "2014-12-31": 0, "2014-09-30": 0, "2014-06-30": 0, "2014-03-31": "", "2013-12-31": 0, "2013-09-30": 0, "2013-06-30": 0, "2013-03-31": "", "2012-12-31": 0, "2012-09-30": 0, "2012-06-30": 0, "2012-03-31": "", "2011-12-31": 0, "2011-09-30": 0, "2011-06-30": 0, "2011-03-31": "", "2010-12-31": 0, "2010-09-30": 0, "2010-06-30": 0, "2010-03-31": "", "2009-12-31": 0, "2009-09-30": 0, "2009-06-30": 0, "2009-03-31": "", "2008-12-31": 0, "2008-09-30": 0, "2008-06-30": 0, "2008-03-31": "", "2007-12-31": 0, "2007-09-30": 0, "2007-06-30": 0, "2007-03-31": "", "2006-12-31": 0, "2006-09-30": 0, "2006-06-30": 0, "2006-03-31": "", "2005-12-31": 0, "2005-09-30": 0, "2005-06-30": 0, "2005-03-31": ""}, "Net Acquisitions/Divestitures": {"2020-09-30": 0, "2020-06-30": -1.2, "2020-03-31": "-1.30000", "2019-12-31": 0, "2019-09-30": 0, "2019-06-30": -0.6, "2019-03-31": "", "2018-12-31": -2297.8, "2018-09-30": -3.5, "2018-06-30": -8.3, "2018-03-31": "-0.20000", "2017-12-31": -8, "2017-09-30": -10, "2017-06-30": -9.3, "2017-03-31": "-3.30000", "2016-12-31": -4.1, "2016-09-30": -13.6, "2016-06-30": -7.3, "2016-03-31": "-27.00000", "2015-12-31": -22.7, "2015-09-30": -5.9, "2015-06-30": 0, "2015-03-31": "", "2014-12-31": -20.8, "2014-09-30": -6.7, "2014-06-30": -18.2, "2014-03-31": "-22.10000", "2013-12-31": -14.1, "2013-09-30": 0.2, "2013-06-30": -10.2, "2013-03-31": "-34.90000", "2012-12-31": 90.2, "2012-09-30": -89.5, "2012-06-30": -36.9, "2012-03-31": "-2.10000", "2011-12-31": -12.8, "2011-09-30": -18.7, "2011-06-30": -31.9, "2011-03-31": "0.30000", "2010-12-31": 1.1, "2010-09-30": -84.9, "2010-06-30": -2.6, "2010-03-31": "24.50000", "2009-12-31": -6.2, "2009-09-30": -33.8, "2009-06-30": -18.8, "2009-03-31": "-13.60000", "2008-12-31": 22.9, "2008-09-30": -74.7, "2008-06-30": -9.2, "2008-03-31": "-17.10000", "2007-12-31": 12.1, "2007-09-30": -13.6, "2007-06-30": -83.6, "2007-03-31": "3.30000", "2006-12-31": -12.4, "2006-09-30": 79.4, "2006-06-30": -4.9, "2006-03-31": "-0.80000", "2005-12-31": 108.6, "2005-09-30": -28, "2005-06-30": -32.2, "2005-03-31": "-10.70000"}, "Net Change In Short-term Investments": {"2020-09-30": 0, "2020-06-30": 0, "2020-03-31": "", "2019-12-31": 0, "2019-09-30": 0, "2019-06-30": 0, "2019-03-31": "", "2018-12-31": 0, "2018-09-30": 0, "2018-06-30": 0, "2018-03-31": "", "2017-12-31": 0, "2017-09-30": 0, "2017-06-30": 0, "2017-03-31": "", "2016-12-31": 0, "2016-09-30": 0, "2016-06-30": 0, "2016-03-31": "", "2015-12-31": 0, "2015-09-30": 0, "2015-06-30": 0, "2015-03-31": "", "2014-12-31": 0.5, "2014-09-30": -0.5, "2014-06-30": 0, "2014-03-31": "", "2013-12-31": 0, "2013-09-30": -0.8, "2013-06-30": 0.5, "2013-03-31": "11.10000", "2012-12-31": -0.4, "2012-09-30": -0.5, "2012-06-30": 0, "2012-03-31": "-0.30000", "2011-12-31": 0, "2011-09-30": 0, "2011-06-30": 0, "2011-03-31": "", "2010-12-31": 0, "2010-09-30": 0, "2010-06-30": 0, "2010-03-31": "", "2009-12-31": 0.6, "2009-09-30": 0.5, "2009-06-30": 6.7, "2009-03-31": "150.70000", "2008-12-31": -150.7, "2008-09-30": -0.5, "2008-06-30": -3.6, "2008-03-31": "0.50000", "2007-12-31": 75.4, "2007-09-30": 164.8, "2007-06-30": -208.3, "2007-03-31": "-50.00000", "2006-12-31": 204.2, "2006-09-30": 237.1, "2006-06-30": -24.3, "2006-03-31": "-304.30000", "2005-12-31": -111.7, "2005-09-30": -1.1, "2005-06-30": 20.3, "2005-03-31": "399.00000"}, "Net Change In Long-Term Investments": {"2020-09-30": 0, "2020-06-30": 0, "2020-03-31": "", "2019-12-31": 0, "2019-09-30": 0, "2019-06-30": 0, "2019-03-31": "", "2018-12-31": 0, "2018-09-30": 0, "2018-06-30": 0, "2018-03-31": "", "2017-12-31": 0, "2017-09-30": 0, "2017-06-30": 0, "2017-03-31": "", "2016-12-31": 0, "2016-09-30": 0, "2016-06-30": 0, "2016-03-31": "", "2015-12-31": 0, "2015-09-30": 0, "2015-06-30": 0, "2015-03-31": "", "2014-12-31": 0, "2014-09-30": 0, "2014-06-30": 0, "2014-03-31": "", "2013-12-31": 0, "2013-09-30": 0, "2013-06-30": 0, "2013-03-31": "", "2012-12-31": 0, "2012-09-30": 0, "2012-06-30": 0, "2012-03-31": "", "2011-12-31": 0, "2011-09-30": 133.5, "2011-06-30": 0, "2011-03-31": "", "2010-12-31": 0, "2010-09-30": 0, "2010-06-30": 0, "2010-03-31": "", "2009-12-31": 0, "2009-09-30": 0, "2009-06-30": 0, "2009-03-31": "", "2008-12-31": -35.6, "2008-09-30": 0, "2008-06-30": 0, "2008-03-31": "", "2007-12-31": -8.1, "2007-09-30": -28.6, "2007-06-30": 21.3, "2007-03-31": "-9.60000", "2006-12-31": -2.3, "2006-09-30": -78.2, "2006-06-30": 42.3, "2006-03-31": "1.80000", "2005-12-31": -69.3, "2005-09-30": 7.4, "2005-06-30": 14.9, "2005-03-31": "7.10000"}, "Net Change In Investments - Total": {"2020-09-30": 0, "2020-06-30": 0, "2020-03-31": "", "2019-12-31": 0, "2019-09-30": 0, "2019-06-30": 0, "2019-03-31": "", "2018-12-31": 0, "2018-09-30": 0, "2018-06-30": 0, "2018-03-31": "", "2017-12-31": 0, "2017-09-30": 0, "2017-06-30": 0, "2017-03-31": "", "2016-12-31": 0, "2016-09-30": 0, "2016-06-30": 0, "2016-03-31": "", "2015-12-31": 0, "2015-09-30": 0, "2015-06-30": 0, "2015-03-31": "", "2014-12-31": 0.5, "2014-09-30": -0.5, "2014-06-30": 0, "2014-03-31": "", "2013-12-31": 0, "2013-09-30": -0.8, "2013-06-30": 0.5, "2013-03-31": "11.10000", "2012-12-31": -0.4, "2012-09-30": -0.5, "2012-06-30": 0, "2012-03-31": "-0.30000", "2011-12-31": 0, "2011-09-30": 133.5, "2011-06-30": 0, "2011-03-31": "", "2010-12-31": 0, "2010-09-30": 0, "2010-06-30": 0, "2010-03-31": "", "2009-12-31": 0.6, "2009-09-30": 0.5, "2009-06-30": 6.7, "2009-03-31": "150.70000", "2008-12-31": -186.3, "2008-09-30": -0.5, "2008-06-30": -3.6, "2008-03-31": "0.50000", "2007-12-31": 67.3, "2007-09-30": 136.2, "2007-06-30": -187, "2007-03-31": "-59.60000", "2006-12-31": 201.9, "2006-09-30": 158.9, "2006-06-30": 18, "2006-03-31": "-302.50000", "2005-12-31": -181, "2005-09-30": 6.3, "2005-06-30": 35.2, "2005-03-31": "406.10000"}, "Investing Activities - Other": {"2020-09-30": 0.9, "2020-06-30": -4, "2020-03-31": "-14.90000", "2019-12-31": 23.7, "2019-09-30": 10.9, "2019-06-30": 0.7, "2019-03-31": "2.10000", "2018-12-31": -5.7, "2018-09-30": -11.3, "2018-06-30": 12.5, "2018-03-31": "-0.10000", "2017-12-31": -0.5, "2017-09-30": 5.3, "2017-06-30": -9.4, "2017-03-31": "-5.10000", "2016-12-31": -6.1, "2016-09-30": -0.2, "2016-06-30": 0.6, "2016-03-31": "-5.50000", "2015-12-31": -6.1, "2015-09-30": -3.8, "2015-06-30": -0.3, "2015-03-31": "0.20000", "2014-12-31": 17.6, "2014-09-30": 0.1, "2014-06-30": -1.7, "2014-03-31": "1.60000", "2013-12-31": -0.9, "2013-09-30": -0.3, "2013-06-30": -3.9, "2013-03-31": "1.80000", "2012-12-31": -0.8, "2012-09-30": -0.6, "2012-06-30": -3.6, "2012-03-31": "3.50000", "2011-12-31": 1.9, "2011-09-30": 9, "2011-06-30": 0.4, "2011-03-31": "-0.20000", "2010-12-31": 20.6, "2010-09-30": 32, "2010-06-30": -0.8, "2010-03-31": "-2.10000", "2009-12-31": 11.1, "2009-09-30": -0.1, "2009-06-30": -1, "2009-03-31": "0.40000", "2008-12-31": 13, "2008-09-30": -14.4, "2008-06-30": 2, "2008-03-31": "1.50000", "2007-12-31": 0.4, "2007-09-30": 0, "2007-06-30": 4.1, "2007-03-31": "0.20000", "2006-12-31": 0.8, "2006-09-30": 1, "2006-06-30": 0, "2006-03-31": "", "2005-12-31": 2.8, "2005-09-30": 0, "2005-06-30": 0, "2005-03-31": ""}, "Cash Flow From Investing Activities": {"2020-09-30": -39.2, "2020-06-30": -32.5, "2020-03-31": "-60.80000", "2019-12-31": -41, "2019-09-30": -42.8, "2019-06-30": -47.2, "2019-03-31": "-30.70000", "2018-12-31": -2374.9, "2018-09-30": -59, "2018-06-30": -34.5, "2018-03-31": "-23.10000", "2017-12-31": -55.7, "2017-09-30": -44.5, "2017-06-30": -62.8, "2017-03-31": "-33.20000", "2016-12-31": -96.4, "2016-09-30": -65.3, "2016-06-30": -42.7, "2016-03-31": "-59.50000", "2015-12-31": -109.2, "2015-09-30": -40.6, "2015-06-30": -29.9, "2015-03-31": "-20.00000", "2014-12-31": -57, "2014-09-30": -42.8, "2014-06-30": -52, "2014-03-31": "-47.10000", "2013-12-31": -96.4, "2013-09-30": -45.7, "2013-06-30": -42.6, "2013-03-31": "-39.80000", "2012-12-31": 19.1, "2012-09-30": -131.7, "2012-06-30": -76.3, "2012-03-31": "-21.30000", "2011-12-31": -67.9, "2011-09-30": 93.6, "2011-06-30": -67.7, "2011-03-31": "-16.80000", "2010-12-31": -24.9, "2010-09-30": -74.3, "2010-06-30": -22.3, "2010-03-31": "13.00000", "2009-12-31": -17.9, "2009-09-30": -49.4, "2009-06-30": -29.1, "2009-03-31": "125.80000", "2008-12-31": -206, "2008-09-30": -113.6, "2008-06-30": -37.7, "2008-03-31": "-47.00000", "2007-12-31": 28.6, "2007-09-30": 92.7, "2007-06-30": -305, "2007-03-31": "-84.10000", "2006-12-31": 132.3, "2006-09-30": 210, "2006-06-30": -8.7, "2006-03-31": "-322.00000", "2005-12-31": -113.3, "2005-09-30": -54.7, "2005-06-30": -29.2, "2005-03-31": "363.60000"}, "Net Long-Term Debt": {"2020-09-30": -0.4, "2020-06-30": -0.1, "2020-03-31": "646.20000", "2019-12-31": -103.1, "2019-09-30": -200.1, "2019-06-30": -100.1, "2019-03-31": "", "2018-12-31": 400.1, "2018-09-30": 1994, "2018-06-30": -4.7, "2018-03-31": "", "2017-12-31": -301, "2017-09-30": 0, "2017-06-30": -23.6, "2017-03-31": "", "2016-12-31": -0.7, "2016-09-30": -0.1, "2016-06-30": -1, "2016-03-31": "", "2015-12-31": -2, "2015-09-30": 0, "2015-06-30": 0, "2015-03-31": "", "2014-12-31": -1.1, "2014-09-30": 0, "2014-06-30": 149, "2014-03-31": "", "2013-12-31": -1.2, "2013-09-30": -600, "2013-06-30": -1.2, "2013-03-31": "", "2012-12-31": 797.3, "2012-09-30": -0.5, "2012-06-30": -0.4, "2012-03-31": "-153.30000", "2011-12-31": -0.6, "2011-09-30": -36.8, "2011-06-30": -0.7, "2011-03-31": "-0.80000", "2010-12-31": -193.1, "2010-09-30": -2.8, "2010-06-30": -21.4, "2010-03-31": "", "2009-12-31": -12.7, "2009-09-30": -72.4, "2009-06-30": -110.6, "2009-03-31": "", "2008-12-31": -11, "2008-09-30": 0, "2008-06-30": 0, "2008-03-31": "-190.80000", "2007-12-31": 0, "2007-09-30": 0, "2007-06-30": 0, "2007-03-31": "", "2006-12-31": -3.4, "2006-09-30": 0, "2006-06-30": 0.1, "2006-03-31": "-0.10000", "2005-12-31": 0.1, "2005-09-30": -6.2, "2005-06-30": -0.2, "2005-03-31": "1.60000"}, "Net Current Debt": {"2020-09-30": -0.6, "2020-06-30": -245.3, "2020-03-31": "247.80000", "2019-12-31": -192.9, "2019-09-30": 40.8, "2019-06-30": -68.7, "2019-03-31": "201.00000", "2018-12-31": -12.9, "2018-09-30": -673.9, "2018-06-30": -49.5, "2018-03-31": "718.80000", "2017-12-31": -426.9, "2017-09-30": 276.4, "2017-06-30": -71.3, "2017-03-31": "224.80000", "2016-12-31": -22.3, "2016-09-30": -88.9, "2016-06-30": 74.7, "2016-03-31": "-19.70000", "2015-12-31": 22.4, "2015-09-30": -25.5, "2015-06-30": 20.6, "2015-03-31": "34.30000", "2014-12-31": -21.9, "2014-09-30": 8.4, "2014-06-30": -46.1, "2014-03-31": "-6.70000", "2013-12-31": -7.9, "2013-09-30": -5.8, "2013-06-30": 30.5, "2013-03-31": "-11.40000", "2012-12-31": -32.9, "2012-09-30": 17, "2012-06-30": 24.7, "2012-03-31": "3.80000", "2011-12-31": -5.5, "2011-09-30": 23.3, "2011-06-30": 29.7, "2011-03-31": "-5.00000", "2010-12-31": -8.5, "2010-09-30": 22.3, "2010-06-30": 11.4, "2010-03-31": "-7.80000", "2009-12-31": 12.1, "2009-09-30": -25.9, "2009-06-30": 13.8, "2009-03-31": "", "2008-12-31": -0.4, "2008-09-30": -4.9, "2008-06-30": -18.4, "2008-03-31": "", "2007-12-31": 19.3, "2007-09-30": -16.4, "2007-06-30": 27.1, "2007-03-31": "-20.00000", "2006-12-31": 20, "2006-09-30": 12.5, "2006-06-30": 10.7, "2006-03-31": "-8.90000", "2005-12-31": -10.3, "2005-09-30": -13.5, "2005-06-30": -20.9, "2005-03-31": "8.80000"}, "Debt Issuance/Retirement Net - Total": {"2020-09-30": -1, "2020-06-30": -245.4, "2020-03-31": "894.00000", "2019-12-31": -296, "2019-09-30": -159.3, "2019-06-30": -168.8, "2019-03-31": "201.00000", "2018-12-31": 387.2, "2018-09-30": 1320.1, "2018-06-30": -54.2, "2018-03-31": "718.80000", "2017-12-31": -727.9, "2017-09-30": 276.4, "2017-06-30": -94.9, "2017-03-31": "224.80000", "2016-12-31": -23, "2016-09-30": -89, "2016-06-30": 73.7, "2016-03-31": "-19.70000", "2015-12-31": 20.4, "2015-09-30": -25.5, "2015-06-30": 20.6, "2015-03-31": "34.30000", "2014-12-31": -23, "2014-09-30": 8.4, "2014-06-30": 102.9, "2014-03-31": "-6.70000", "2013-12-31": -9.1, "2013-09-30": -605.8, "2013-06-30": 29.3, "2013-03-31": "-11.40000", "2012-12-31": 764.4, "2012-09-30": 16.5, "2012-06-30": 24.3, "2012-03-31": "-149.50000", "2011-12-31": -6.1, "2011-09-30": -13.5, "2011-06-30": 29, "2011-03-31": "-5.80000", "2010-12-31": -201.6, "2010-09-30": 19.5, "2010-06-30": -10, "2010-03-31": "-7.80000", "2009-12-31": -0.6, "2009-09-30": -98.3, "2009-06-30": -96.8, "2009-03-31": "", "2008-12-31": -11.4, "2008-09-30": -4.9, "2008-06-30": -18.4, "2008-03-31": "-190.80000", "2007-12-31": 19.3, "2007-09-30": -16.4, "2007-06-30": 27.1, "2007-03-31": "-20.00000", "2006-12-31": 16.6, "2006-09-30": 12.5, "2006-06-30": 10.8, "2006-03-31": "-9.00000", "2005-12-31": -10.2, "2005-09-30": -19.7, "2005-06-30": -21.1, "2005-03-31": "10.40000"}, "Net Common Equity Issued/Repurchased": {"2020-09-30": 0, "2020-06-30": 0, "2020-03-31": "", "2019-12-31": 0.1, "2019-09-30": 3.6, "2019-06-30": 0, "2019-03-31": "0.60000", "2018-12-31": 6.4, "2018-09-30": -0.5, "2018-06-30": -59.5, "2018-03-31": "-48.00000", "2017-12-31": -83.1, "2017-09-30": -100.7, "2017-06-30": -56.4, "2017-03-31": "-46.80000", "2016-12-31": -110, "2016-09-30": -80.4, "2016-06-30": -52.9, "2016-03-31": "-49.80000", "2015-12-31": -111.2, "2015-09-30": -69.1, "2015-06-30": -49.3, "2015-03-31": "-42.10000", "2014-12-31": -118.8, "2014-09-30": -49.6, "2014-06-30": -47.9, "2014-03-31": "-38.70000", "2013-12-31": -197.2, "2013-09-30": -88.1, "2013-06-30": -91.4, "2013-03-31": "-57.70000", "2012-12-31": -146.8, "2012-09-30": -82.5, "2012-06-30": -62.8, "2012-03-31": "-47.60000", "2011-12-31": -131.7, "2011-09-30": -129.8, "2011-06-30": -125.2, "2011-03-31": "-2.10000", "2010-12-31": -1, "2010-09-30": 1, "2010-06-30": 0, "2010-03-31": "", "2009-12-31": 0, "2009-09-30": 15.8, "2009-06-30": -15.8, "2009-03-31": "", "2008-12-31": 0, "2008-09-30": 0.8, "2008-06-30": -0.8, "2008-03-31": "", "2007-12-31": 0, "2007-09-30": 0, "2007-06-30": 0, "2007-03-31": "", "2006-12-31": 0, "2006-09-30": 0, "2006-06-30": 0, "2006-03-31": "", "2005-12-31": -0.2, "2005-09-30": -4.7, "2005-06-30": 4.6, "2005-03-31": "0.30000"}, "Net Total Equity Issued/Repurchased": {"2020-09-30": 0, "2020-06-30": 0, "2020-03-31": "", "2019-12-31": 0.1, "2019-09-30": 3.6, "2019-06-30": 0, "2019-03-31": "0.60000", "2018-12-31": 6.4, "2018-09-30": -0.5, "2018-06-30": -59.5, "2018-03-31": "-48.00000", "2017-12-31": -83.1, "2017-09-30": -100.7, "2017-06-30": -56.4, "2017-03-31": "-46.80000", "2016-12-31": -110, "2016-09-30": -80.4, "2016-06-30": -52.9, "2016-03-31": "-49.80000", "2015-12-31": -111.2, "2015-09-30": -69.1, "2015-06-30": -49.3, "2015-03-31": "-42.10000", "2014-12-31": -118.8, "2014-09-30": -49.6, "2014-06-30": -47.9, "2014-03-31": "-38.70000", "2013-12-31": -197.2, "2013-09-30": -88.1, "2013-06-30": -91.4, "2013-03-31": "-57.70000", "2012-12-31": -146.8, "2012-09-30": -82.5, "2012-06-30": -62.8, "2012-03-31": "-47.60000", "2011-12-31": -131.7, "2011-09-30": -129.8, "2011-06-30": -125.2, "2011-03-31": "-2.10000", "2010-12-31": -1, "2010-09-30": 1, "2010-06-30": -265.9, "2010-03-31": "", "2009-12-31": 0, "2009-09-30": 15.8, "2009-06-30": -15.8, "2009-03-31": "", "2008-12-31": 0, "2008-09-30": 0.8, "2008-06-30": -0.8, "2008-03-31": "", "2007-12-31": 0, "2007-09-30": 0, "2007-06-30": 0, "2007-03-31": "", "2006-12-31": 0, "2006-09-30": 0, "2006-06-30": 0, "2006-03-31": "", "2005-12-31": 507.8, "2005-09-30": -4.7, "2005-06-30": 4.6, "2005-03-31": "0.30000"}, "Total Common And Preferred Stock Dividends Paid": {"2020-09-30": -99.4, "2020-06-30": -99.2, "2020-03-31": "-100.00000", "2019-12-31": -90.9, "2019-09-30": -90.8, "2019-06-30": -90.8, "2019-03-31": "-90.60000", "2018-12-31": -80.5, "2018-09-30": -80.4, "2018-06-30": -80.4, "2018-03-31": "-80.80000", "2017-12-31": -69.1, "2017-09-30": -69.8, "2017-06-30": -70.5, "2017-03-31": "-70.90000", "2016-12-31": -58.8, "2016-09-30": -59.5, "2016-06-30": -60.2, "2016-03-31": "-59.90000", "2015-12-31": -48.3, "2015-09-30": -48.7, "2015-06-30": -49.2, "2015-03-31": "-49.30000", "2014-12-31": -39.1, "2014-09-30": -39.8, "2014-06-30": -39.9, "2014-03-31": "-40.20000", "2013-12-31": -34.8, "2013-09-30": -34.3, "2013-06-30": -34.6, "2013-03-31": "-33.90000", "2012-12-31": -28.2, "2012-09-30": -28.7, "2012-06-30": -29, "2012-03-31": "-29.10000", "2011-12-31": -29.6, "2011-09-30": -30.5, "2011-06-30": -31.2, "2011-03-31": "-31.40000", "2010-12-31": -2.9, "2010-09-30": -2.9, "2010-06-30": -6.9, "2010-03-31": "-6.90000", "2009-12-31": -6.9, "2009-09-30": -6.9, "2009-06-30": -6.9, "2009-03-31": "-6.90000", "2008-12-31": -6.9, "2008-09-30": -6.9, "2008-06-30": -6.9, "2008-03-31": "-6.90000", "2007-12-31": -6.9, "2007-09-30": -6.9, "2007-06-30": -6.9, "2007-03-31": "-6.90000", "2006-12-31": -11.9, "2006-09-30": -12, "2006-06-30": -23.1, "2006-03-31": "", "2005-12-31": -5, "2005-09-30": -5, "2005-06-30": -5, "2005-03-31": "-5.00000"}, "Financial Activities - Other": {"2020-09-30": -15, "2020-06-30": -22.1, "2020-03-31": "-49.60000", "2019-12-31": -11.2, "2019-09-30": -6.8, "2019-06-30": -18.8, "2019-03-31": "-24.30000", "2018-12-31": -10.5, "2018-09-30": -29.6, "2018-06-30": -23.1, "2018-03-31": "-31.80000", "2017-12-31": -11.7, "2017-09-30": -19.6, "2017-06-30": -42, "2017-03-31": "-42.70000", "2016-12-31": -7.7, "2016-09-30": -11, "2016-06-30": -33.3, "2016-03-31": "-24.90000", "2015-12-31": -22.8, "2015-09-30": -8.7, "2015-06-30": -31.8, "2015-03-31": "-10.20000", "2014-12-31": -17, "2014-09-30": -4.5, "2014-06-30": -13.7, "2014-03-31": "-5.10000", "2013-12-31": -15.6, "2013-09-30": -1.4, "2013-06-30": -25.2, "2013-03-31": "-1.10000", "2012-12-31": -18.4, "2012-09-30": -3.9, "2012-06-30": -44.6, "2012-03-31": "-2.80000", "2011-12-31": 49.1, "2011-09-30": -28.2, "2011-06-30": -47.9, "2011-03-31": "-6.10000", "2010-12-31": -14.5, "2010-09-30": -29.4, "2010-06-30": -16.9, "2010-03-31": "-1.50000", "2009-12-31": 3.1, "2009-09-30": -23.2, "2009-06-30": -14.6, "2009-03-31": "-9.00000", "2008-12-31": 5.6, "2008-09-30": -13.1, "2008-06-30": -5.8, "2008-03-31": "-9.40000", "2007-12-31": -6.8, "2007-09-30": -3.1, "2007-06-30": -6, "2007-03-31": "-3.80000", "2006-12-31": -19, "2006-09-30": -7, "2006-06-30": -69.4, "2006-03-31": "-18.20000", "2005-12-31": -1, "2005-09-30": -15.7, "2005-06-30": -9.6, "2005-03-31": "-11.00000"}, "Cash Flow From Financial Activities": {"2020-09-30": -115.4, "2020-06-30": -366.7, "2020-03-31": "744.40000", "2019-12-31": -398, "2019-09-30": -253.3, "2019-06-30": -278.4, "2019-03-31": "86.70000", "2018-12-31": 302.6, "2018-09-30": 1209.6, "2018-06-30": -217.2, "2018-03-31": "558.20000", "2017-12-31": -891.8, "2017-09-30": 86.3, "2017-06-30": -263.8, "2017-03-31": "64.40000", "2016-12-31": -199.5, "2016-09-30": -239.9, "2016-06-30": -72.7, "2016-03-31": "-154.30000", "2015-12-31": -161.9, "2015-09-30": -152, "2015-06-30": -109.7, "2015-03-31": "-67.30000", "2014-12-31": -197.9, "2014-09-30": -85.5, "2014-06-30": 1.4, "2014-03-31": "-90.70000", "2013-12-31": -256.7, "2013-09-30": -729.6, "2013-06-30": -121.9, "2013-03-31": "-104.10000", "2012-12-31": 571, "2012-09-30": -98.6, "2012-06-30": -112.1, "2012-03-31": "-229.00000", "2011-12-31": -118.3, "2011-09-30": -202, "2011-06-30": -175.3, "2011-03-31": "-45.40000", "2010-12-31": -220, "2010-09-30": -11.8, "2010-06-30": -299.7, "2010-03-31": "-16.20000", "2009-12-31": -4.4, "2009-09-30": -112.6, "2009-06-30": -134.1, "2009-03-31": "-15.90000", "2008-12-31": -12.7, "2008-09-30": -24.1, "2008-06-30": -31.9, "2008-03-31": "-207.10000", "2007-12-31": 5.6, "2007-09-30": -26.4, "2007-06-30": 14.2, "2007-03-31": "-30.70000", "2006-12-31": -14.3, "2006-09-30": -6.5, "2006-06-30": -81.7, "2006-03-31": "-27.20000", "2005-12-31": 491.6, "2005-09-30": -45.1, "2005-06-30": -31.1, "2005-03-31": "-5.30000"}, "Net Cash Flow": {"2020-09-30": 543.3, "2020-06-30": -468.5, "2020-03-31": "359.80000", "2019-12-31": 671.7, "2019-09-30": -92.9, "2019-06-30": -16.4, "2019-03-31": "-43.90000", "2018-12-31": -1192.5, "2018-09-30": 1373.8, "2018-06-30": -104.1, "2018-03-31": "-197.70000", "2017-12-31": 89.7, "2017-09-30": 48.1, "2017-06-30": -119.7, "2017-03-31": "-320.60000", "2016-12-31": 204.7, "2016-09-30": 219.8, "2016-06-30": 0.3, "2016-03-31": "-830.70000", "2015-12-31": 628, "2015-09-30": 25.4, "2015-06-30": 114.6, "2015-03-31": "-926.30000", "2014-12-31": 764.6, "2014-09-30": 0.9, "2014-06-30": 124.1, "2014-03-31": "-865.80000", "2013-12-31": 637.5, "2013-09-30": -614.6, "2013-06-30": -31.8, "2013-03-31": "-929.10000", "2012-12-31": 1387.5, "2012-09-30": -314.7, "2012-06-30": -71.1, "2012-03-31": "-729.60000", "2011-12-31": 517.7, "2011-09-30": -24.8, "2011-06-30": -30.4, "2011-03-31": "-835.50000", "2010-12-31": 748, "2010-09-30": -2.2, "2010-06-30": 1.1, "2010-03-31": "-566.40000", "2009-12-31": 733.7, "2009-09-30": 1, "2009-06-30": 118.5, "2009-03-31": "-465.20000", "2008-12-31": 417.4, "2008-09-30": -141.2, "2008-06-30": 339.8, "2008-03-31": "-523.70000", "2007-12-31": 584.8, "2007-09-30": 209.6, "2007-06-30": -246.4, "2007-03-31": "-488.80000", "2006-12-31": 692.2, "2006-09-30": 127.9, "2006-06-30": -71.4, "2006-03-31": "-868.90000", "2005-12-31": 724.1, "2005-09-30": -236.2, "2005-06-30": 38.5, "2005-03-31": "-0.90000"}, "Stock-Based Compensation": {"2020-09-30": 0, "2020-06-30": 0, "2020-03-31": "", "2019-12-31": 0, "2019-09-30": 0, "2019-06-30": 0, "2019-03-31": "", "2018-12-31": 0, "2018-09-30": 0, "2018-06-30": 0, "2018-03-31": "", "2017-12-31": 0, "2017-09-30": 0, "2017-06-30": 0, "2017-03-31": "", "2016-12-31": 0, "2016-09-30": 0, "2016-06-30": 0, "2016-03-31": "", "2015-12-31": 0, "2015-09-30": 0, "2015-06-30": 0, "2015-03-31": "", "2014-12-31": 0, "2014-09-30": 0, "2014-06-30": 0, "2014-03-31": "", "2013-12-31": 0, "2013-09-30": 0, "2013-06-30": 0, "2013-03-31": "", "2012-12-31": 0, "2012-09-30": 0, "2012-06-30": 0, "2012-03-31": "", "2011-12-31": 0, "2011-09-30": 0, "2011-06-30": 0, "2011-03-31": "", "2010-12-31": 0, "2010-09-30": 0, "2010-06-30": 0, "2010-03-31": "", "2009-12-31": 0, "2009-09-30": 0, "2009-06-30": 0, "2009-03-31": "", "2008-12-31": 0, "2008-09-30": 0, "2008-06-30": 0, "2008-03-31": "", "2007-12-31": 0, "2007-09-30": 0, "2007-06-30": 0, "2007-03-31": "", "2006-12-31": 0, "2006-09-30": 0, "2006-06-30": 0, "2006-03-31": "", "2005-12-31": 0, "2005-09-30": 0, "2005-06-30": 0, "2005-03-31": ""}, "Common Stock Dividends Paid": {"2020-09-30": -99.4, "2020-06-30": -99.2, "2020-03-31": "-100.00000", "2019-12-31": -90.9, "2019-09-30": -90.8, "2019-06-30": -90.8, "2019-03-31": "-90.60000", "2018-12-31": -80.5, "2018-09-30": -80.4, "2018-06-30": -80.4, "2018-03-31": "-80.80000", "2017-12-31": -69.1, "2017-09-30": -69.8, "2017-06-30": -70.5, "2017-03-31": "-70.90000", "2016-12-31": -58.8, "2016-09-30": -59.5, "2016-06-30": -60.2, "2016-03-31": "-59.90000", "2015-12-31": -48.3, "2015-09-30": -48.7, "2015-06-30": -49.2, "2015-03-31": "-49.30000", "2014-12-31": -39.1, "2014-09-30": -39.8, "2014-06-30": -39.9, "2014-03-31": "-40.20000", "2013-12-31": -31.9, "2013-09-30": -31.4, "2013-06-30": -31.7, "2013-03-31": "-31.00000", "2012-12-31": -25.3, "2012-09-30": -25.8, "2012-06-30": -26.1, "2012-03-31": "-26.20000", "2011-12-31": -26.7, "2011-09-30": -27.6, "2011-06-30": -28.3, "2011-03-31": "-28.50000", "2010-12-31": 0, "2010-09-30": 0, "2010-06-30": 0, "2010-03-31": "0.00000", "2009-12-31": 0, "2009-09-30": 0, "2009-06-30": 0, "2009-03-31": "", "2008-12-31": 0, "2008-09-30": 0, "2008-06-30": 0, "2008-03-31": "", "2007-12-31": 0, "2007-09-30": 0, "2007-06-30": 0, "2007-03-31": "", "2006-12-31": 0, "2006-09-30": 0, "2006-06-30": 0, "2006-03-31": "", "2005-12-31": 0, "2005-09-30": 0, "2005-06-30": 0, "2005-03-31": ""}}, "financial ratios": {"Current Ratio": {"2019-12-31": "0.93100", "2018-12-31": "1.00730", "2017-12-31": "0.97400", "2016-12-31": "0.96520", "2015-12-31": "1.01430", "2014-12-31": "1.04650", "2013-12-31": "0.99000", "2012-12-31": "1.13460", "2011-12-31": "1.03940", "2010-12-31": "1.09210", "2009-12-31": "1.10600", "2008-12-31": "1.08880", "2007-12-31": "1.07940", "2006-12-31": "1.08670", "2005-12-31": "1.09350"}, "Long-term Debt / Capital": {"2019-12-31": "0.49520", "2018-12-31": "0.60070", "2017-12-31": "0.36400", "2016-12-31": "0.38370", "2015-12-31": "0.44580", "2014-12-31": "0.42850", "2013-12-31": "0.33420", "2012-12-31": "0.45620", "2011-12-31": "0.32650", "2010-12-31": "0.38150", "2009-12-31": "0.39240", "2008-12-31": "0.44330", "2007-12-31": "0.46710", "2006-12-31": "0.53680", "2005-12-31": "0.52880"}, "Debt/Equity Ratio": {"2019-12-31": "1.17720", "2018-12-31": "1.53490", "2017-12-31": "0.61100", "2016-12-31": "0.82190", "2015-12-31": "0.87180", "2014-12-31": "0.80060", "2013-12-31": "0.73860", "2012-12-31": "0.99710", "2011-12-31": "0.70840", "2010-12-31": "0.67670", "2009-12-31": "0.76750", "2008-12-31": "0.94450", "2007-12-31": "1.00730", "2006-12-31": "1.20140", "2005-12-31": "1.15140"}, "Gross Margin": {"2019-12-31": "14.59890", "2018-12-31": "14.18720", "2017-12-31": "13.41350", "2016-12-31": "13.63930", "2015-12-31": "11.48970", "2014-12-31": "10.46030", "2013-12-31": "9.25120", "2012-12-31": "9.73380", "2011-12-31": "9.81100", "2010-12-31": "8.43210", "2009-12-31": "5.75790", "2008-12-31": "8.71500", "2007-12-31": "5.64830", "2006-12-31": "2.70890", "2005-12-31": "-0.20560"}, "Operating Margin": {"2019-12-31": "10.62490", "2018-12-31": "10.38460", "2017-12-31": "10.37180", "2016-12-31": "10.33990", "2015-12-31": "11.48970", "2014-12-31": "10.46030", "2013-12-31": "8.40040", "2012-12-31": "9.75100", "2011-12-31": "9.79670", "2010-12-31": "8.43210", "2009-12-31": "5.68130", "2008-12-31": "8.46940", "2007-12-31": "5.25310", "2006-12-31": "1.71220", "2005-12-31": "-1.66080"}, "EBIT Margin": {"2019-12-31": "10.62490", "2018-12-31": "10.38460", "2017-12-31": "10.37180", "2016-12-31": "10.33990", "2015-12-31": "11.48970", "2014-12-31": "10.46030", "2013-12-31": "8.40040", "2012-12-31": "9.75100", "2011-12-31": "9.79670", "2010-12-31": "8.43210", "2009-12-31": "5.68130", "2008-12-31": "8.46940", "2007-12-31": "5.25310", "2006-12-31": "1.71220", "2005-12-31": "-1.66080"}, "EBITDA Margin": {"2019-12-31": "14.22520", "2018-12-31": "13.38630", "2017-12-31": "13.07860", "2016-12-31": "13.11590", "2015-12-31": "14.55120", "2014-12-31": "13.41100", "2013-12-31": "11.33620", "2012-12-31": "12.53990", "2011-12-31": "12.56100", "2010-12-31": "11.41330", "2009-12-31": "9.53490", "2008-12-31": "12.52100", "2007-12-31": "9.64270", "2006-12-31": "5.92010", "2005-12-31": "1.84880"}, "Pre-Tax Profit Margin": {"2019-12-31": "8.59280", "2018-12-31": "8.62640", "2017-12-31": "9.29310", "2016-12-31": "9.11640", "2015-12-31": "10.01080", "2014-12-31": "9.56200", "2013-12-31": "6.57090", "2012-12-31": "9.70070", "2011-12-31": "10.52660", "2010-12-31": "6.92450", "2009-12-31": "3.86860", "2008-12-31": "6.77180", "2007-12-31": "3.59620", "2006-12-31": "-0.08080", "2005-12-31": "-2.97400"}, "Net Profit Margin": {"2019-12-31": "6.41800", "2018-12-31": "6.37100", "2017-12-31": "6.12760", "2016-12-31": "6.68050", "2015-12-31": "5.97070", "2014-12-31": "6.33000", "2013-12-31": "3.63930", "2012-12-31": "6.25490", "2011-12-31": "7.42310", "2010-12-31": "4.16760", "2009-12-31": "1.55810", "2008-12-31": "3.80890", "2007-12-31": "2.00330", "2006-12-31": "-1.28090", "2005-12-31": "-4.60930"}, "Asset Turnover": {"2019-12-31": "0.57580", "2018-12-31": "0.62190", "2017-12-31": "0.71210", "2016-12-31": "0.72540", "2015-12-31": "0.60500", "2014-12-31": "0.59180", "2013-12-31": "0.55190", "2012-12-31": "0.51550", "2011-12-31": "0.54340", "2010-12-31": "0.49790", "2009-12-31": "0.48990", "2008-12-31": "0.57420", "2007-12-31": "0.52610", "2006-12-31": "0.52180", "2005-12-31": "0.52530"}, "Inventory Turnover Ratio": {"2019-12-31": "", "2018-12-31": "", "2017-12-31": "", "2016-12-31": "", "2015-12-31": "", "2014-12-31": "", "2013-12-31": "", "2012-12-31": "", "2011-12-31": "", "2010-12-31": "", "2009-12-31": "", "2008-12-31": "", "2007-12-31": "", "2006-12-31": "", "2005-12-31": ""}, "Receiveable Turnover": {"2019-12-31": "1.43090", "2018-12-31": "1.38240", "2017-12-31": "1.42880", "2016-12-31": "1.53290", "2015-12-31": "1.27850", "2014-12-31": "1.29930", "2013-12-31": "1.16720", "2012-12-31": "1.19620", "2011-12-31": "1.23660", "2010-12-31": "1.17570", "2009-12-31": "1.23700", "2008-12-31": "1.43680", "2007-12-31": "1.22660", "2006-12-31": "1.24910", "2005-12-31": "1.27180"}, "Days Sales In Receivables": {"2019-12-31": "255.08540", "2018-12-31": "264.03360", "2017-12-31": "255.46290", "2016-12-31": "238.10730", "2015-12-31": "285.49750", "2014-12-31": "280.91600", "2013-12-31": "312.70190", "2012-12-31": "305.14090", "2011-12-31": "295.16990", "2010-12-31": "310.44600", "2009-12-31": "295.07930", "2008-12-31": "254.03790", "2007-12-31": "297.56560", "2006-12-31": "292.21580", "2005-12-31": "286.98890"}, "ROE - Return On Equity": {"2019-12-31": "23.84980", "2018-12-31": "26.21260", "2017-12-31": "25.39290", "2016-12-31": "30.58300", "2015-12-31": "24.00340", "2014-12-31": "23.49390", "2013-12-31": "12.83540", "2012-12-31": "20.78650", "2011-12-31": "24.23320", "2010-12-31": "11.98940", "2009-12-31": "7.12970", "2008-12-31": "18.49700", "2007-12-31": "10.19810", "2006-12-31": "-2.59250", "2005-12-31": "-25.97940"}, "Return On Tangible Equity": {"2019-12-31": "-21.85790", "2018-12-31": "-18.02530", "2017-12-31": "-33.26340", "2016-12-31": "-38.88240", "2015-12-31": "-29.90600", "2014-12-31": "-33.29380", "2013-12-31": "-20.96210", "2012-12-31": "-41.33450", "2011-12-31": "-58.23650", "2010-12-31": "-35.07980", "2009-12-31": "-18.27450", "2008-12-31": "-32.55860", "2007-12-31": "-20.49140", "2006-12-31": "3.25590", "2005-12-31": "25.04610"}, "ROA - Return On Assets": {"2019-12-31": "3.79620", "2018-12-31": "4.08250", "2017-12-31": "4.48970", "2016-12-31": "5.03800", "2015-12-31": "3.81800", "2014-12-31": "3.96810", "2013-12-31": "2.23870", "2012-12-31": "3.44300", "2011-12-31": "4.27230", "2010-12-31": "2.15140", "2009-12-31": "1.16940", "2008-12-31": "2.62260", "2007-12-31": "1.47940", "2006-12-31": "-0.30930", "2005-12-31": "-2.27620"}, "ROI - Return On Investment": {"2019-12-31": "12.03930", "2018-12-31": "10.46610", "2017-12-31": "16.15000", "2016-12-31": "18.84700", "2015-12-31": "13.30250", "2014-12-31": "13.42690", "2013-12-31": "8.54580", "2012-12-31": "10.28470", "2011-12-31": "14.87240", "2010-12-31": "6.77560", "2009-12-31": "3.43530", "2008-12-31": "7.88870", "2007-12-31": "4.21130", "2006-12-31": "-0.87610", "2005-12-31": "-6.58620"}, "Book Value Per Share": {"2019-12-31": "7.30130", "2018-12-31": "6.34200", "2017-12-31": "5.86200", "2016-12-31": "5.25200", "2015-12-31": "4.98830", "2014-12-31": "5.19860", "2013-12-31": "5.30220", "2012-12-31": "5.88410", "2011-12-31": "5.55570", "2010-12-31": "5.24820", "2009-12-31": "5.21770", "2008-12-31": "4.70880", "2007-12-31": "4.94950", "2006-12-31": "4.14130", "2005-12-31": "4.52500"}, "Operating Cash Flow Per Share": {"2019-12-31": 2.4563, "2018-12-31": -0.7668, "2017-12-31": 0.9626, "2016-12-31": -0.3993, "2015-12-31": 0.0192, "2014-12-31": 0.2569, "2013-12-31": 0.6381, "2012-12-31": 0.2361, "2011-12-31": -1.0018, "2010-12-31": 0.4433, "2009-12-31": -0.6051, "2008-12-31": 1.077, "2007-12-31": 0.5715, "2006-12-31": 0.0686, "2005-12-31": -0.0476}, "Free Cash Flow Per Share": {"2019-12-31": 2.4042, "2018-12-31": -0.8297, "2017-12-31": 1.0621, "2016-12-31": -0.5037, "2015-12-31": -0.0188, "2014-12-31": 0.3101, "2013-12-31": 0.5869, "2012-12-31": 0.1441, "2011-12-31": -1.0836, "2010-12-31": 0.3977, "2009-12-31": -0.4702, "2008-12-31": 1.1034, "2007-12-31": 0.5766, "2006-12-31": 0.1013, "2005-12-31": -0.3788}}, "financial ratios, quarterly": {"Current Ratio": {"2020-09-30": "1.00780", "2020-06-30": "0.97610", "2020-03-31": "0.97440", "2019-12-31": "0.93100", "2019-09-30": "0.95290", "2019-06-30": "0.96690", "2019-03-31": "0.96230", "2018-12-31": "1.00730", "2018-09-30": "1.24490", "2018-06-30": "0.94200", "2018-03-31": "0.95100", "2017-12-31": "0.97400", "2017-09-30": "0.93050", "2017-06-30": "0.93380", "2017-03-31": "0.94260", "2016-12-31": "0.96520", "2016-09-30": "0.98800", "2016-06-30": "0.99150", "2016-03-31": "0.99180", "2015-12-31": "1.01430", "2015-09-30": "1.01460", "2015-06-30": "1.03170", "2015-03-31": "1.02610", "2014-12-31": "1.04650", "2014-09-30": "1.03860", "2014-06-30": "1.03690", "2014-03-31": "0.96110", "2013-12-31": "0.99000", "2013-09-30": "1.04890", "2013-06-30": "1.05310", "2013-03-31": "1.16230", "2012-12-31": "1.13460", "2012-09-30": "1.00870", "2012-06-30": "1.03170", "2012-03-31": "1.01790", "2011-12-31": "1.03940", "2011-09-30": "1.01580", "2011-06-30": "1.01080", "2011-03-31": "1.02210", "2010-12-31": "1.09210", "2010-09-30": "1.06440", "2010-06-30": "1.06610", "2010-03-31": "1.09750", "2009-12-31": "1.10600", "2009-09-30": "1.12130", "2009-06-30": "1.11040", "2009-03-31": "1.08290", "2008-12-31": "1.08880", "2008-09-30": "1.08330", "2008-06-30": "1.09490", "2008-03-31": "1.07830", "2007-12-31": "1.07940", "2007-09-30": "1.01420", "2007-06-30": "1.01240", "2007-03-31": "1.00320", "2006-12-31": "1.08670", "2006-09-30": "1.08110", "2006-06-30": "1.08520", "2006-03-31": "1.08370", "2005-12-31": "1.09350", "2005-09-30": "1.01730", "2005-06-30": "0.99430", "2005-03-31": "0.98910"}, "Long-term Debt / Capital": {"2020-09-30": "0.55270", "2020-06-30": "0.57800", "2020-03-31": "0.56980", "2019-12-31": "0.49520", "2019-09-30": "0.57360", "2019-06-30": "0.59180", "2019-03-31": "0.60880", "2018-12-31": "0.60070", "2018-09-30": "0.60040", "2018-06-30": "0.38010", "2018-03-31": "0.37570", "2017-12-31": "0.36400", "2017-09-30": "0.38640", "2017-06-30": "0.38940", "2017-03-31": "0.39100", "2016-12-31": "0.38370", "2016-09-30": "0.44490", "2016-06-30": "0.43850", "2016-03-31": "0.44920", "2015-12-31": "0.44580", "2015-09-30": "0.46150", "2015-06-30": "0.44630", "2015-03-31": "0.45450", "2014-12-31": "0.42850", "2014-09-30": "0.43470", "2014-06-30": "0.42320", "2014-03-31": "0.34240", "2013-12-31": "0.33420", "2013-09-30": "0.38830", "2013-06-30": "0.38360", "2013-03-31": "0.45490", "2012-12-31": "0.45620", "2012-09-30": "0.34230", "2012-06-30": "0.33560", "2012-03-31": "0.33800", "2011-12-31": "0.32650", "2011-09-30": "0.32580", "2011-06-30": "0.31880", "2011-03-31": "0.31520", "2010-12-31": "0.38150", "2010-09-30": "0.40530", "2010-06-30": "0.42440", "2010-03-31": "0.39880", "2009-12-31": "0.39240", "2009-09-30": "0.44240", "2009-06-30": "0.45690", "2009-03-31": "0.45340", "2008-12-31": "0.44330", "2008-09-30": "0.45870", "2008-06-30": "0.45780", "2008-03-31": "0.46840", "2007-12-31": "0.46710", "2007-09-30": "0.47260", "2007-06-30": "0.48010", "2007-03-31": "0.50230", "2006-12-31": "0.53680", "2006-09-30": "0.53840", "2006-06-30": "0.53690", "2006-03-31": "0.54940", "2005-12-31": "0.52880", "2005-09-30": "0.59400", "2005-06-30": "0.55230", "2005-03-31": "0.55100"}, "Debt/Equity Ratio": {"2020-09-30": "1.43600", "2020-06-30": "1.59230", "2020-03-31": "1.64010", "2019-12-31": "1.17720", "2019-09-30": "1.44430", "2019-06-30": "1.53400", "2019-03-31": "1.67170", "2018-12-31": "1.53490", "2018-09-30": "1.54090", "2018-06-30": "0.97550", "2018-03-31": "0.97640", "2017-12-31": "0.61100", "2017-09-30": "1.02870", "2017-06-30": "0.90570", "2017-03-31": "0.96010", "2016-12-31": "0.82190", "2016-09-30": "0.88120", "2016-06-30": "0.89730", "2016-03-31": "0.88330", "2015-12-31": "0.87180", "2015-09-30": "0.92600", "2015-06-30": "0.88560", "2015-03-31": "0.90410", "2014-12-31": "0.80060", "2014-09-30": "0.83050", "2014-06-30": "0.79140", "2014-03-31": "0.76220", "2013-12-31": "0.73860", "2013-09-30": "0.71540", "2013-06-30": "0.95080", "2013-03-31": "0.89960", "2012-12-31": "0.99710", "2012-09-30": "0.69260", "2012-06-30": "0.66600", "2012-03-31": "0.66760", "2011-12-31": "0.70840", "2011-09-30": "0.71460", "2011-06-30": "0.70780", "2011-03-31": "0.68480", "2010-12-31": "0.67670", "2010-09-30": "0.83390", "2010-06-30": "0.86690", "2010-03-31": "0.78570", "2009-12-31": "0.76750", "2009-09-30": "0.83080", "2009-06-30": "0.90190", "2009-03-31": "0.98180", "2008-12-31": "0.94450", "2008-09-30": "0.88130", "2008-06-30": "0.88240", "2008-03-31": "0.92530", "2007-12-31": "1.00730", "2007-09-30": "1.12770", "2007-06-30": "1.16910", "2007-03-31": "1.26310", "2006-12-31": "1.20140", "2006-09-30": "1.20060", "2006-06-30": "1.18890", "2006-03-31": "1.24670", "2005-12-31": "1.15140", "2005-09-30": "1.50780", "2005-06-30": "1.44560", "2005-03-31": "1.44220"}, "Gross Margin": {"2020-09-30": "17.72760", "2020-06-30": "11.36890", "2020-03-31": "7.25060", "2019-12-31": "20.02900", "2019-09-30": "14.72870", "2019-06-30": "14.18140", "2019-03-31": "8.23730", "2018-12-31": "21.32350", "2018-09-30": "14.24590", "2018-06-30": "13.46270", "2018-03-31": "5.52760", "2017-12-31": "19.48410", "2017-09-30": "14.07480", "2017-06-30": "13.14390", "2017-03-31": "5.37360", "2016-12-31": "22.44900", "2016-09-30": "10.82090", "2016-06-30": "11.69510", "2016-03-31": "1.32030", "2015-12-31": "20.91340", "2015-09-30": "10.28680", "2015-06-30": "11.50260", "2015-03-31": "0.46540", "2014-12-31": "19.61850", "2014-09-30": "9.30420", "2014-06-30": "10.57580", "2014-03-31": "-0.71450", "2013-12-31": "18.13730", "2013-09-30": "8.32160", "2013-06-30": "9.95330", "2013-03-31": "-2.74790", "2012-12-31": "19.80810", "2012-09-30": "7.86640", "2012-06-30": "10.28150", "2012-03-31": "-2.61480", "2011-12-31": "18.59980", "2011-09-30": "10.03190", "2011-06-30": "9.99600", "2011-03-31": "-3.01740", "2010-12-31": "16.37740", "2010-09-30": "6.54050", "2010-06-30": "11.03180", "2010-03-31": "-4.42030", "2009-12-31": "15.34530", "2009-09-30": "4.05130", "2009-06-30": "6.57220", "2009-03-31": "-6.19480", "2008-12-31": "17.69380", "2008-09-30": "6.90800", "2008-06-30": "11.15110", "2008-03-31": "-3.67630", "2007-12-31": "15.04670", "2007-09-30": "3.60920", "2007-06-30": "8.49520", "2007-03-31": "-9.18260", "2006-12-31": "11.53910", "2006-09-30": "1.86410", "2006-06-30": "5.42760", "2006-03-31": "-11.99700", "2005-12-31": "7.97070", "2005-09-30": "-7.05700", "2005-06-30": "7.05280", "2005-03-31": "-13.25100"}, "Operating Margin": {"2020-09-30": "11.69610", "2020-06-30": "1.99930", "2020-03-31": "3.21640", "2019-12-31": "16.93090", "2019-09-30": "11.49670", "2019-06-30": "10.48330", "2019-03-31": "2.12600", "2018-12-31": "16.07490", "2018-09-30": "11.39060", "2018-06-30": "10.41890", "2018-03-31": "1.78880", "2017-12-31": "16.33330", "2017-09-30": "11.54790", "2017-06-30": "10.32570", "2017-03-31": "1.68140", "2016-12-31": "13.84820", "2016-09-30": "10.82090", "2016-06-30": "11.69510", "2016-03-31": "1.32030", "2015-12-31": "20.91340", "2015-09-30": "10.28680", "2015-06-30": "11.50260", "2015-03-31": "0.46540", "2014-12-31": "19.61850", "2014-09-30": "9.30420", "2014-06-30": "10.57580", "2014-03-31": "-0.71450", "2013-12-31": "15.28240", "2013-09-30": "8.32160", "2013-06-30": "9.95330", "2013-03-31": "-2.74790", "2012-12-31": "19.86630", "2012-09-30": "7.86640", "2012-06-30": "10.28150", "2012-03-31": "-2.61480", "2011-12-31": "18.59020", "2011-09-30": "10.03190", "2011-06-30": "9.99600", "2011-03-31": "-3.07160", "2010-12-31": "16.49210", "2010-09-30": "6.45040", "2010-06-30": "10.99460", "2010-03-31": "-4.44280", "2009-12-31": "15.04770", "2009-09-30": "4.08630", "2009-06-30": "6.57220", "2009-03-31": "-6.17970", "2008-12-31": "17.38360", "2008-09-30": "6.68390", "2008-06-30": "10.92770", "2008-03-31": "-3.89170", "2007-12-31": "13.71000", "2007-09-30": "3.27590", "2007-06-30": "8.80980", "2007-03-31": "-9.13840", "2006-12-31": "8.93930", "2006-09-30": "1.43760", "2006-06-30": "5.01660", "2006-03-31": "-12.02710", "2005-12-31": "3.03840", "2005-09-30": "-7.51550", "2005-06-30": "7.17080", "2005-03-31": "-12.73150"}, "EBIT Margin": {"2020-09-30": "11.69610", "2020-06-30": "1.99930", "2020-03-31": "3.21640", "2019-12-31": "16.93090", "2019-09-30": "11.49670", "2019-06-30": "10.48330", "2019-03-31": "2.12600", "2018-12-31": "16.07490", "2018-09-30": "11.39060", "2018-06-30": "10.41890", "2018-03-31": "1.78880", "2017-12-31": "16.33330", "2017-09-30": "11.54790", "2017-06-30": "10.32570", "2017-03-31": "1.68140", "2016-12-31": "13.84820", "2016-09-30": "10.82090", "2016-06-30": "11.69510", "2016-03-31": "1.32030", "2015-12-31": "20.91340", "2015-09-30": "10.28680", "2015-06-30": "11.50260", "2015-03-31": "0.46540", "2014-12-31": "19.61850", "2014-09-30": "9.30420", "2014-06-30": "10.57580", "2014-03-31": "-0.71450", "2013-12-31": "15.28240", "2013-09-30": "8.32160", "2013-06-30": "9.95330", "2013-03-31": "-2.74790", "2012-12-31": "19.86630", "2012-09-30": "7.86640", "2012-06-30": "10.28150", "2012-03-31": "-2.61480", "2011-12-31": "18.59020", "2011-09-30": "10.03190", "2011-06-30": "9.99600", "2011-03-31": "-3.07160", "2010-12-31": "16.49210", "2010-09-30": "6.45040", "2010-06-30": "10.99460", "2010-03-31": "-4.44280", "2009-12-31": "15.04770", "2009-09-30": "4.08630", "2009-06-30": "6.57220", "2009-03-31": "-6.17970", "2008-12-31": "17.38360", "2008-09-30": "6.68390", "2008-06-30": "10.92770", "2008-03-31": "-3.89170", "2007-12-31": "13.71000", "2007-09-30": "3.27590", "2007-06-30": "8.80980", "2007-03-31": "-9.13840", "2006-12-31": "8.93930", "2006-09-30": "1.43760", "2006-06-30": "5.01660", "2006-03-31": "-12.02710", "2005-12-31": "3.03840", "2005-09-30": "-7.51550", "2005-06-30": "7.17080", "2005-03-31": "-12.73150"}, "EBITDA Margin": {"2020-09-30": "", "2020-06-30": "", "2020-03-31": "", "2019-12-31": "", "2019-09-30": "", "2019-06-30": "", "2019-03-31": "", "2018-12-31": "", "2018-09-30": "", "2018-06-30": "", "2018-03-31": "", "2017-12-31": "", "2017-09-30": "", "2017-06-30": "", "2017-03-31": "", "2016-12-31": "", "2016-09-30": "", "2016-06-30": "", "2016-03-31": "", "2015-12-31": "", "2015-09-30": "", "2015-06-30": "", "2015-03-31": "", "2014-12-31": "", "2014-09-30": "", "2014-06-30": "", "2014-03-31": "", "2013-12-31": "", "2013-09-30": "", "2013-06-30": "", "2013-03-31": "", "2012-12-31": "", "2012-09-30": "", "2012-06-30": "", "2012-03-31": "", "2011-12-31": "", "2011-09-30": "", "2011-06-30": "", "2011-03-31": "", "2010-12-31": "", "2010-09-30": "", "2010-06-30": "", "2010-03-31": "", "2009-12-31": "", "2009-09-30": "", "2009-06-30": "", "2009-03-31": "", "2008-12-31": "", "2008-09-30": "", "2008-06-30": "", "2008-03-31": "", "2007-12-31": "", "2007-09-30": "", "2007-06-30": "", "2007-03-31": "", "2006-12-31": "", "2006-09-30": "", "2006-06-30": "", "2006-03-31": "", "2005-12-31": "", "2005-09-30": "", "2005-06-30": "", "2005-03-31": ""}, "Pre-Tax Profit Margin": {"2020-09-30": "9.06140", "2020-06-30": "-1.22920", "2020-03-31": "0.84750", "2019-12-31": "14.74260", "2019-09-30": "9.54430", "2019-06-30": "8.59060", "2019-03-31": "0.05510", "2018-12-31": "14.14220", "2018-09-30": "9.75410", "2018-06-30": "8.84270", "2018-03-31": "-0.06920", "2017-12-31": "15.58040", "2017-09-30": "10.33420", "2017-06-30": "8.66040", "2017-03-31": "0.95940", "2016-12-31": "12.56440", "2016-09-30": "10.21230", "2016-06-30": "10.73050", "2016-03-31": "-0.74630", "2015-12-31": "19.47910", "2015-09-30": "7.45110", "2015-06-30": "10.71370", "2015-03-31": "-0.33410", "2014-12-31": "18.96610", "2014-09-30": "8.55470", "2014-06-30": "9.10660", "2014-03-31": "-1.46560", "2013-12-31": "14.79720", "2013-09-30": "4.52830", "2013-06-30": "8.42160", "2013-03-31": "-4.60140", "2012-12-31": "23.10860", "2012-09-30": "6.47750", "2012-06-30": "9.04000", "2012-03-31": "-4.33370", "2011-12-31": "17.87130", "2011-09-30": "16.62900", "2011-06-30": "8.95620", "2011-03-31": "-5.08540", "2010-12-31": "15.96850", "2010-09-30": "4.45470", "2010-06-30": "9.07120", "2010-03-31": "-6.35750", "2009-12-31": "14.94670", "2009-09-30": "2.03970", "2009-06-30": "2.48240", "2009-03-31": "-7.50770", "2008-12-31": "15.63780", "2008-09-30": "4.90800", "2008-06-30": "9.63670", "2008-03-31": "-5.93860", "2007-12-31": "12.44390", "2007-09-30": "1.05130", "2007-06-30": "7.55130", "2007-03-31": "-11.19860", "2006-12-31": "4.63480", "2006-09-30": "0.79790", "2006-06-30": "4.93180", "2006-03-31": "-13.50410", "2005-12-31": "2.35270", "2005-09-30": "-9.39780", "2005-06-30": "5.61870", "2005-03-31": "-14.03400"}, "Net Profit Margin": {"2020-09-30": "13.15930", "2020-06-30": "-2.25110", "2020-03-31": "0.19920", "2019-12-31": "11.33430", "2019-09-30": "6.79220", "2019-06-30": "6.72570", "2019-03-31": "-0.33880", "2018-12-31": "11.42160", "2018-09-30": "7.00760", "2018-06-30": "6.09580", "2018-03-31": "-0.65000", "2017-12-31": "9.74210", "2017-09-30": "7.68500", "2017-06-30": "4.92730", "2017-03-31": "1.19680", "2016-12-31": "9.04120", "2016-09-30": "6.69030", "2016-06-30": "8.18080", "2016-03-31": "0.31000", "2015-12-31": "11.85230", "2015-09-30": "4.01500", "2015-06-30": "6.46020", "2015-03-31": "-0.10740", "2014-12-31": "13.99570", "2014-09-30": "4.87210", "2014-06-30": "5.36890", "2014-03-31": "-1.27630", "2013-12-31": "9.09690", "2013-09-30": "2.67000", "2013-06-30": "4.54960", "2013-03-31": "-3.83670", "2012-12-31": "15.18440", "2012-09-30": "4.11280", "2012-06-30": "5.77020", "2012-03-31": "-3.04620", "2011-12-31": "12.49640", "2011-09-30": "12.05330", "2011-06-30": "5.84250", "2011-03-31": "-3.26150", "2010-12-31": "9.72470", "2010-09-30": "2.72950", "2010-06-30": "6.53350", "2010-03-31": "-5.34780", "2009-12-31": "7.26560", "2009-09-30": "1.20560", "2009-06-30": "1.41750", "2009-03-31": "-5.57610", "2008-12-31": "10.94230", "2008-09-30": "2.22410", "2008-06-30": "4.79930", "2008-03-31": "-4.69300", "2007-12-31": "8.64560", "2007-09-30": "-1.84630", "2007-06-30": "7.35160", "2007-03-31": "-9.77120", "2006-12-31": "3.55870", "2006-09-30": "-0.56400", "2006-06-30": "2.88340", "2006-03-31": "-13.72270", "2005-12-31": "-1.76720", "2005-09-30": "-7.48770", "2005-06-30": "0.21730", "2005-03-31": "-11.39890"}, "Asset Turnover": {"2020-09-30": "0.13220", "2020-06-30": "0.13600", "2020-03-31": "0.14360", "2019-12-31": "0.16350", "2019-09-30": "0.15240", "2019-06-30": "0.15250", "2019-03-31": "0.14710", "2018-12-31": "0.18280", "2018-09-30": "0.17000", "2018-06-30": "0.19350", "2018-03-31": "0.17720", "2017-12-31": "0.20380", "2017-09-30": "0.18850", "2017-06-30": "0.18720", "2017-03-31": "0.17640", "2016-12-31": "0.27830", "2016-09-30": "0.16240", "2016-06-30": "0.16490", "2016-03-31": "0.15130", "2015-12-31": "0.17450", "2015-09-30": "0.16260", "2015-06-30": "0.16310", "2015-03-31": "0.14960", "2014-12-31": "0.17330", "2014-09-30": "0.15630", "2014-06-30": "0.15000", "2014-03-31": "0.13930", "2013-12-31": "0.16450", "2013-09-30": "0.14750", "2013-06-30": "0.14240", "2013-03-31": "0.12630", "2012-12-31": "0.15290", "2012-09-30": "0.14240", "2012-06-30": "0.14480", "2012-03-31": "0.12810", "2011-12-31": "0.16060", "2011-09-30": "0.14600", "2011-06-30": "0.14150", "2011-03-31": "0.12110", "2010-12-31": "0.15340", "2010-09-30": "0.13000", "2010-06-30": "0.13770", "2010-03-31": "0.11740", "2009-12-31": "0.14520", "2009-09-30": "0.13000", "2009-06-30": "0.13320", "2009-03-31": "0.12130", "2008-12-31": "0.15680", "2008-09-30": "0.14380", "2008-06-30": "0.15040", "2008-03-31": "0.12600", "2007-12-31": "0.15910", "2007-09-30": "0.13370", "2007-06-30": "0.14290", "2007-03-31": "0.12250", "2006-12-31": "0.15820", "2006-09-30": "0.13300", "2006-06-30": "0.13550", "2006-03-31": "0.12070", "2005-12-31": "0.15870", "2005-09-30": "0.12760", "2005-06-30": "0.13500", "2005-03-31": "0.11360"}, "Inventory Turnover Ratio": {"2020-09-30": "", "2020-06-30": "", "2020-03-31": "", "2019-12-31": "", "2019-09-30": "", "2019-06-30": "", "2019-03-31": "", "2018-12-31": "", "2018-09-30": "", "2018-06-30": "", "2018-03-31": "", "2017-12-31": "", "2017-09-30": "", "2017-06-30": "", "2017-03-31": "", "2016-12-31": "", "2016-09-30": "", "2016-06-30": "", "2016-03-31": "", "2015-12-31": "", "2015-09-30": "", "2015-06-30": "", "2015-03-31": "", "2014-12-31": "", "2014-09-30": "", "2014-06-30": "", "2014-03-31": "", "2013-12-31": "", "2013-09-30": "", "2013-06-30": "", "2013-03-31": "", "2012-12-31": "", "2012-09-30": "", "2012-06-30": "", "2012-03-31": "", "2011-12-31": "", "2011-09-30": "", "2011-06-30": "", "2011-03-31": "", "2010-12-31": "", "2010-09-30": "", "2010-06-30": "", "2010-03-31": "", "2009-12-31": "", "2009-09-30": "", "2009-06-30": "", "2009-03-31": "", "2008-12-31": "", "2008-09-30": "", "2008-06-30": "", "2008-03-31": "", "2007-12-31": "", "2007-09-30": "", "2007-06-30": "", "2007-03-31": "", "2006-12-31": "", "2006-09-30": "", "2006-06-30": "", "2006-03-31": "", "2005-12-31": "", "2005-09-30": "", "2005-06-30": "", "2005-03-31": ""}, "Receiveable Turnover": {"2020-09-30": "0.41560", "2020-06-30": "0.43940", "2020-03-31": "0.42320", "2019-12-31": "0.40620", "2019-09-30": "0.40190", "2019-06-30": "0.39580", "2019-03-31": "0.38680", "2018-12-31": "0.40640", "2018-09-30": "0.38260", "2018-06-30": "0.38620", "2018-03-31": "0.36620", "2017-12-31": "0.40900", "2017-09-30": "0.40600", "2017-06-30": "0.39870", "2017-03-31": "0.38330", "2016-12-31": "0.58810", "2016-09-30": "0.34580", "2016-06-30": "0.33910", "2016-03-31": "0.31710", "2015-12-31": "0.36880", "2015-09-30": "0.34300", "2015-06-30": "0.34560", "2015-03-31": "0.31750", "2014-12-31": "0.38050", "2014-09-30": "0.32900", "2014-06-30": "0.30500", "2014-03-31": "0.28700", "2013-12-31": "0.34790", "2013-09-30": "0.31600", "2013-06-30": "0.31400", "2013-03-31": "0.28590", "2012-12-31": "0.35480", "2012-09-30": "0.31200", "2012-06-30": "0.32710", "2012-03-31": "0.29090", "2011-12-31": "0.36540", "2011-09-30": "0.33330", "2011-06-30": "0.31590", "2011-03-31": "0.27550", "2010-12-31": "0.36230", "2010-09-30": "0.30250", "2010-06-30": "0.32520", "2010-03-31": "0.29460", "2009-12-31": "0.36670", "2009-09-30": "0.33950", "2009-06-30": "0.34880", "2009-03-31": "0.31320", "2008-12-31": "0.39240", "2008-09-30": "0.33250", "2008-06-30": "0.35130", "2008-03-31": "0.29280", "2007-12-31": "0.37100", "2007-09-30": "0.31170", "2007-06-30": "0.33160", "2007-03-31": "0.29690", "2006-12-31": "0.37870", "2006-09-30": "0.32310", "2006-06-30": "0.32120", "2006-03-31": "0.29310", "2005-12-31": "0.38430", "2005-09-30": "0.29380", "2005-06-30": "0.30020", "2005-03-31": "0.26250"}, "Days Sales In Receivables": {"2020-09-30": "216.56740", "2020-06-30": "204.83140", "2020-03-31": "212.64300", "2019-12-31": "221.55110", "2019-09-30": "223.93870", "2019-06-30": "227.37840", "2019-03-31": "232.69570", "2018-12-31": "221.44530", "2018-09-30": "235.23390", "2018-06-30": "233.05250", "2018-03-31": "245.78120", "2017-12-31": "220.06180", "2017-09-30": "221.65390", "2017-06-30": "225.75760", "2017-03-31": "234.79890", "2016-12-31": "153.04740", "2016-09-30": "260.23770", "2016-06-30": "265.38710", "2016-03-31": "283.79960", "2015-12-31": "244.05160", "2015-09-30": "262.37740", "2015-06-30": "260.44400", "2015-03-31": "283.48930", "2014-12-31": "236.54210", "2014-09-30": "273.57830", "2014-06-30": "295.11770", "2014-03-31": "313.61770", "2013-12-31": "258.70920", "2013-09-30": "284.82000", "2013-06-30": "286.66040", "2013-03-31": "314.80170", "2012-12-31": "253.66450", "2012-09-30": "288.44290", "2012-06-30": "275.15650", "2012-03-31": "309.36160", "2011-12-31": "246.32540", "2011-09-30": "270.01040", "2011-06-30": "284.86470", "2011-03-31": "326.68020", "2010-12-31": "248.41560", "2010-09-30": "297.49710", "2010-06-30": "276.75130", "2010-03-31": "305.54900", "2009-12-31": "245.42050", "2009-09-30": "265.12370", "2009-06-30": "258.04190", "2009-03-31": "287.36430", "2008-12-31": "229.33010", "2008-09-30": "270.64650", "2008-06-30": "256.16440", "2008-03-31": "307.39500", "2007-12-31": "242.57100", "2007-09-30": "288.76270", "2007-06-30": "271.44850", "2007-03-31": "303.14990", "2006-12-31": "237.63620", "2006-09-30": "278.53690", "2006-06-30": "280.23940", "2006-03-31": "307.02410", "2005-12-31": "234.21270", "2005-09-30": "306.31380", "2005-06-30": "299.83800", "2005-03-31": "342.82260"}, "ROE - Return On Equity": {"2020-09-30": "10.08840", "2020-06-30": "-1.76230", "2020-03-31": "0.10100", "2019-12-31": "12.11070", "2019-09-30": "6.72770", "2019-06-30": "7.02900", "2019-03-31": "-0.40350", "2018-12-31": "14.07840", "2018-09-30": "7.53390", "2018-06-30": "7.06640", "2018-03-31": "-0.75220", "2017-12-31": "11.98420", "2017-09-30": "8.44530", "2017-06-30": "5.34710", "2017-03-31": "1.06690", "2016-12-31": "16.21040", "2016-09-30": "6.71730", "2016-06-30": "7.89900", "2016-03-31": "0.13680", "2015-12-31": "14.13230", "2015-09-30": "4.12350", "2015-06-30": "6.14970", "2015-03-31": "-0.21600", "2014-12-31": "15.40070", "2014-09-30": "4.38580", "2014-06-30": "4.66720", "2014-03-31": "-1.03160", "2013-12-31": "9.42330", "2013-09-30": "2.32950", "2013-06-30": "3.99550", "2013-03-31": "-2.58750", "2012-12-31": "15.08210", "2012-09-30": "3.07030", "2012-06-30": "4.72900", "2012-03-31": "-2.07110", "2011-12-31": "12.22870", "2011-09-30": "9.92240", "2011-06-30": "4.78890", "2011-03-31": "-2.30170", "2010-12-31": "9.49940", "2010-09-30": "2.16110", "2010-06-30": "4.18370", "2010-03-31": "-3.62460", "2009-12-31": "7.94010", "2009-09-30": "1.41650", "2009-06-30": "1.80980", "2009-03-31": "-4.53450", "2008-12-31": "13.53540", "2008-09-30": "2.67220", "2008-06-30": "5.18020", "2008-03-31": "-3.51750", "2007-12-31": "10.79570", "2007-09-30": "", "2007-06-30": "", "2007-03-31": "", "2006-12-31": "4.88130", "2006-09-30": "", "2006-06-30": "", "2006-03-31": "", "2005-12-31": "-3.04800", "2005-09-30": "", "2005-06-30": "0.77060", "2005-03-31": "-12.26030"}, "Return On Tangible Equity": {"2020-09-30": "-9.08910", "2020-06-30": "1.32250", "2020-03-31": "-0.08020", "2019-12-31": "-11.09920", "2019-09-30": "-4.98730", "2019-06-30": "-4.96880", "2019-03-31": "0.26350", "2018-12-31": "-9.68120", "2018-09-30": "-10.12700", "2018-06-30": "-8.71210", "2018-03-31": "0.94740", "2017-12-31": "-15.69860", "2017-09-30": "-9.79140", "2017-06-30": "-6.18110", "2017-03-31": "-1.24770", "2016-12-31": "-20.60950", "2016-09-30": "-7.62730", "2016-06-30": "-9.80360", "2016-03-31": "-0.15810", "2015-12-31": "-17.60750", "2015-09-30": "-4.58900", "2015-06-30": "-7.67420", "2015-03-31": "0.25450", "2014-12-31": "-21.82480", "2014-09-30": "-5.90890", "2014-06-30": "-6.94620", "2014-03-31": "1.50150", "2013-12-31": "-15.38960", "2013-09-30": "-3.85640", "2013-06-30": "-7.14940", "2013-03-31": "5.28690", "2012-12-31": "-29.99110", "2012-09-30": "-5.89820", "2012-06-30": "-10.45280", "2012-03-31": "4.41590", "2011-12-31": "-29.38750", "2011-09-30": "-21.92760", "2011-06-30": "-11.68960", "2011-03-31": "6.08070", "2010-12-31": "-27.79440", "2010-09-30": "-4.47540", "2010-06-30": "-7.76270", "2010-03-31": "8.35310", "2009-12-31": "-20.35170", "2009-09-30": "-2.70690", "2009-06-30": "-3.02500", "2009-03-31": "6.72210", "2008-12-31": "-23.82510", "2008-09-30": "-5.51480", "2008-06-30": "-11.56470", "2008-03-31": "6.75910", "2007-12-31": "-21.69220", "2007-09-30": "1.91820", "2007-06-30": "-11.96720", "2007-03-31": "10.08730", "2006-12-31": "-6.13020", "2006-09-30": "0.10740", "2006-06-30": "-5.56730", "2006-03-31": "13.67950", "2005-12-31": "2.93850", "2005-09-30": "6.14350", "2005-06-30": "-0.57030", "2005-03-31": "9.09370"}, "ROA - Return On Assets": {"2020-09-30": "1.73250", "2020-06-30": "-0.29470", "2020-03-31": "0.01580", "2019-12-31": "1.92770", "2019-09-30": "1.05270", "2019-06-30": "1.04560", "2019-03-31": "-0.05920", "2018-12-31": "2.19270", "2018-09-30": "1.20990", "2018-06-30": "1.19600", "2018-03-31": "-0.13150", "2017-12-31": "2.11890", "2017-09-30": "1.47060", "2017-06-30": "0.92140", "2017-03-31": "0.18210", "2016-12-31": "2.67040", "2016-09-30": "1.12080", "2016-06-30": "1.37700", "2016-03-31": "0.02340", "2015-12-31": "2.24790", "2015-09-30": "0.67980", "2015-06-30": "1.07660", "2015-03-31": "-0.03750", "2014-12-31": "2.60120", "2014-09-30": "0.78790", "2014-06-30": "0.84040", "2014-03-31": "-0.19050", "2013-12-31": "1.64350", "2013-09-30": "0.42660", "2013-06-30": "0.69790", "2013-03-31": "-0.47880", "2012-12-31": "2.49820", "2012-09-30": "0.57720", "2012-06-30": "0.89020", "2012-03-31": "-0.38840", "2011-12-31": "2.15590", "2011-09-30": "1.83920", "2011-06-30": "0.88530", "2011-03-31": "-0.43690", "2010-12-31": "1.70460", "2010-09-30": "0.38160", "2010-06-30": "0.71000", "2010-03-31": "-0.61720", "2009-12-31": "1.30230", "2009-09-30": "0.23590", "2009-06-30": "0.28380", "2009-03-31": "-0.67340", "2008-12-31": "1.91910", "2008-09-30": "0.41660", "2008-06-30": "0.80530", "2008-03-31": "-0.53800", "2007-12-31": "1.56600", "2007-09-30": "-0.18770", "2007-06-30": "1.18450", "2007-03-31": "-1.13480", "2006-12-31": "0.58240", "2006-09-30": "-0.01190", "2006-06-30": "0.58070", "2006-03-31": "-1.54830", "2005-12-31": "-0.26710", "2005-09-30": "-0.91090", "2005-06-30": "0.07710", "2005-03-31": "-1.25220"}, "ROI - Return On Investment": {"2020-09-30": "4.51240", "2020-06-30": "-0.74370", "2020-03-31": "0.04340", "2019-12-31": "6.11340", "2019-09-30": "2.86870", "2019-06-30": "2.86940", "2019-03-31": "-0.15790", "2018-12-31": "5.62120", "2018-09-30": "3.01020", "2018-06-30": "4.38020", "2018-03-31": "-0.46960", "2017-12-31": "7.62200", "2017-09-30": "5.18160", "2017-06-30": "3.26520", "2017-03-31": "0.64970", "2016-12-31": "9.98980", "2016-09-30": "3.72880", "2016-06-30": "4.43560", "2016-03-31": "0.07530", "2015-12-31": "7.83200", "2015-09-30": "2.22040", "2015-06-30": "3.40490", "2015-03-31": "-0.11780", "2014-12-31": "8.80160", "2014-09-30": "2.47950", "2014-06-30": "2.69220", "2014-03-31": "-0.67840", "2013-12-31": "6.27400", "2013-09-30": "1.28980", "2013-06-30": "2.23350", "2013-03-31": "-1.28460", "2012-12-31": "7.46230", "2012-09-30": "1.83490", "2012-06-30": "2.85820", "2012-03-31": "-1.24600", "2011-12-31": "7.50500", "2011-09-30": "6.07590", "2011-06-30": "2.97270", "2011-03-31": "-1.43830", "2010-12-31": "5.36840", "2010-09-30": "1.16310", "2010-06-30": "2.16640", "2010-03-31": "-1.71510", "2009-12-31": "3.82580", "2009-09-30": "0.61370", "2009-06-30": "0.75460", "2009-03-31": "-1.87280", "2008-12-31": "5.77260", "2008-09-30": "1.13150", "2008-06-30": "2.19990", "2008-03-31": "-1.44820", "2007-12-31": "4.45810", "2007-09-30": "-0.56220", "2007-06-30": "3.56880", "2007-03-31": "-3.42580", "2006-12-31": "1.64950", "2006-09-30": "-0.03210", "2006-06-30": "1.61540", "2006-03-31": "-4.28320", "2005-12-31": "-0.77270", "2005-09-30": "-2.79600", "2005-06-30": "0.26280", "2005-03-31": "-4.19280"}, "Book Value Per Share": {"2020-09-30": "7.08390", "2020-06-30": "6.39400", "2020-03-31": "6.61160", "2019-12-31": "7.30130", "2019-09-30": "6.46960", "2019-06-30": "6.36230", "2019-03-31": "6.09680", "2018-12-31": "6.34200", "2018-09-30": "5.64640", "2018-06-30": "5.44990", "2018-03-31": "5.55170", "2017-12-31": "5.86200", "2017-09-30": "5.25000", "2017-06-30": "5.11690", "2017-03-31": "5.05280", "2016-12-31": "5.25200", "2016-09-30": "4.81480", "2016-06-30": "4.94540", "2016-03-31": "4.82380", "2015-12-31": "4.98830", "2015-09-30": "4.65510", "2015-06-30": "4.90520", "2015-03-31": "4.70940", "2014-12-31": "5.19860", "2014-09-30": "5.05920", "2014-06-30": "5.27270", "2014-03-31": "5.12520", "2013-12-31": "5.30220", "2013-09-30": "5.60610", "2013-06-30": "5.62930", "2013-03-31": "5.79460", "2012-12-31": "5.88410", "2012-09-30": "4.93190", "2012-06-30": "4.98560", "2012-03-31": "5.48050", "2011-12-31": "5.55570", "2011-09-30": "", "2011-06-30": "", "2011-03-31": "", "2010-12-31": "5.24820", "2010-09-30": "", "2010-06-30": "", "2010-03-31": "", "2009-12-31": "5.21770", "2009-09-30": "", "2009-06-30": "", "2009-03-31": "", "2008-12-31": "4.70880", "2008-09-30": "", "2008-06-30": "", "2008-03-31": "", "2007-12-31": "4.94950", "2007-09-30": "", "2007-06-30": "", "2007-03-31": "", "2006-12-31": "4.14130", "2006-09-30": "", "2006-06-30": "", "2006-03-31": "", "2005-12-31": "4.52500", "2005-09-30": "", "2005-06-30": "", "2005-03-31": ""}, "Operating Cash Flow Per Share": {"2020-09-30": 1.7606, "2020-06-30": -0.2279, "2020-03-31": "-0.70740", "2019-12-31": 2.8278, "2019-09-30": 0.5725, "2019-06-30": 0.7519, "2019-03-31": "-0.24320", "2018-12-31": 2.2938, "2018-09-30": 0.5907, "2018-06-30": 0.472, "2018-03-31": "-1.90380", "2017-12-31": 2.5694, "2017-09-30": 0.0326, "2017-06-30": 0.5486, "2017-03-31": "-0.93110", "2016-12-31": 1.3228, "2016-09-30": 1.2855, "2016-06-30": 0.2455, "2016-03-31": "-1.59690", "2015-12-31": 2.2297, "2015-09-30": 0.672, "2015-06-30": 0.6536, "2015-03-31": "-1.89910", "2014-12-31": 2.5305, "2014-09-30": 0.4081, "2014-06-30": 0.4148, "2014-03-31": "-1.71640", "2013-12-31": 2.3902, "2013-09-30": 0.3091, "2013-06-30": 0.5521, "2013-03-31": "-1.87130", "2012-12-31": 1.7183, "2012-09-30": -0.2633, "2012-06-30": 0.4262, "2012-03-31": "-1.13920", "2011-12-31": 1.3316, "2011-09-30": 0.2745, "2011-06-30": 0.584, "2011-03-31": "-1.68420", "2010-12-31": 1.8109, "2010-09-30": 0.0679, "2010-06-30": 0.8076, "2010-03-31": "-1.17870", "2009-12-31": 1.4507, "2009-09-30": 0.2509, "2009-06-30": 0.5639, "2009-03-31": "-1.20110", "2008-12-31": 1.3882, "2008-09-30": 0.0644, "2008-06-30": 0.8441, "2008-03-31": "-0.62720", "2007-12-31": 1.0718, "2007-09-30": 0.1464, "2007-06-30": 0.2131, "2007-03-31": "-0.83880", "2006-12-31": 1.3808, "2006-09-30": -0.1702, "2006-06-30": 0.0501, "2006-03-31": "-1.23970", "2005-12-31": 0.8219, "2005-09-30": -0.3304, "2005-06-30": 0.2629, "2005-03-31": "-0.80200"}, "Free Cash Flow Per Share": {"2020-09-30": 1.6609, "2020-06-30": -0.2986, "2020-03-31": "-0.82130", "2019-12-31": 2.6619, "2019-09-30": 0.4358, "2019-06-30": 0.6324, "2019-03-31": "-0.32850", "2018-12-31": 2.1107, "2018-09-30": 0.4764, "2018-06-30": 0.3735, "2018-03-31": "-1.96320", "2017-12-31": 2.4507, "2017-09-30": -0.069, "2017-06-30": 0.4386, "2017-03-31": "-0.99320", "2016-12-31": 1.1117, "2016-09-30": 1.1584, "2016-06-30": 0.1577, "2016-03-31": "-1.66280", "2015-12-31": 2.0364, "2015-09-30": 0.597, "2015-06-30": 0.5835, "2015-03-31": "-1.94820", "2014-12-31": 2.4024, "2014-09-30": 0.3238, "2014-06-30": 0.3406, "2014-03-31": "-1.77930", "2013-12-31": 2.2025, "2013-09-30": 0.1985, "2013-06-30": 0.4907, "2013-03-31": "-1.91430", "2012-12-31": 1.5845, "2012-09-30": -0.3592, "2012-06-30": 0.3556, "2012-03-31": "-1.19040", "2011-12-31": 1.2271, "2011-09-30": 0.2166, "2011-06-30": 0.5224, "2011-03-31": "-1.71970", "2010-12-31": 1.7264, "2010-09-30": 0.0266, "2010-06-30": 0.7756, "2010-03-31": "-1.19860", "2009-12-31": 1.4037, "2009-09-30": 0.2204, "2009-06-30": 0.5345, "2009-03-31": "-1.22630", "2008-12-31": 1.2806, "2008-09-30": 0.019, "2008-06-30": 0.7995, "2008-03-31": "-0.69660", "2007-12-31": 0.9886, "2007-09-30": 0.0591, "2007-06-30": 0.1516, "2007-03-31": "-0.90020", "2006-12-31": 1.2457, "2006-09-30": -0.2394, "2006-06-30": -0.0002, "2006-03-31": "-1.28360", "2005-12-31": 0.7188, "2005-09-30": -0.4095, "2005-06-30": 0.189, "2005-03-31": "-0.87710"}}, "revenue": {"Interpublic Group Of Annual Revenue (Millions of US $)": {"2019": "$10,221", "2018": "$9,714", "2017": "$9,048", "2016": "$9,056", "2015": "$7,614", "2014": "$7,537", "2013": "$7,122", "2012": "$6,956", "2011": "$7,015", "2010": "$6,507", "2009": "$6,007", "2008": "$6,963", "2007": "$6,554", "2006": "$6,191", "2005": "$6,274"}, "Interpublic Group Of Quarterly Revenue (Millions of US $)": {"2020-09-30": "$2,126", "2020-06-30": "$2,026", "2020-03-31": "$2,360", "2019-12-31": "$2,902", "2019-09-30": "$2,438", "2019-06-30": "$2,520", "2019-03-31": "$2,361", "2018-12-31": "$2,856", "2018-09-30": "$2,298", "2018-06-30": "$2,392", "2018-03-31": "$2,169", "2017-12-31": "$2,590", "2017-09-30": "$2,208", "2017-06-30": "$2,186", "2017-03-31": "$2,064", "2016-12-31": "$3,474", "2016-09-30": "$1,922", "2016-06-30": "$1,918", "2016-03-31": "$1,742", "2015-12-31": "$2,196", "2015-09-30": "$1,866", "2015-06-30": "$1,876", "2015-03-31": "$1,676", "2014-12-31": "$2,207", "2014-09-30": "$1,841", "2014-06-30": "$1,851", "2014-03-31": "$1,638", "2013-12-31": "$2,123", "2013-09-30": "$1,700", "2013-06-30": "$1,756", "2013-03-31": "$1,543", "2012-12-31": "$2,063", "2012-09-30": "$1,670", "2012-06-30": "$1,716", "2012-03-31": "$1,507", "2011-12-31": "$2,073", "2011-09-30": "$1,727", "2011-06-30": "$1,741", "2011-03-31": "$1,475", "2010-12-31": "$2,005", "2010-09-30": "$1,553", "2010-06-30": "$1,612", "2010-03-31": "$1,337", "2009-12-31": "$1,781", "2009-09-30": "$1,427", "2009-06-30": "$1,474", "2009-03-31": "$1,325", "2008-12-31": "$1,902", "2008-09-30": "$1,740", "2008-06-30": "$1,836", "2008-03-31": "$1,485", "2007-12-31": "$1,983", "2007-09-30": "$1,560", "2007-06-30": "$1,653", "2007-03-31": "$1,359", "2006-12-31": "$1,877", "2006-09-30": "$1,454", "2006-06-30": "$1,533", "2006-03-31": "$1,327", "2005-12-31": "$1,896", "2005-09-30": "$1,440", "2005-06-30": "$1,611", "2005-03-31": "$1,328"}}, "gross-profit": {"Interpublic Group Of Annual Gross Profit (Millions of US $)": {"2019": "$1,492", "2018": "$1,378", "2017": "$1,214", "2016": "$1,235", "2015": "$875", "2014": "$788", "2013": "$659", "2012": "$677", "2011": "$688", "2010": "$549", "2009": "$346", "2008": "$607", "2007": "$370", "2006": "$168", "2005": "$-13"}, "Interpublic Group Of Quarterly Gross Profit (Millions of US $)": {"2020-09-30": "$377", "2020-06-30": "$230", "2020-03-31": "$171", "2019-12-31": "$581", "2019-09-30": "$359", "2019-06-30": "$357", "2019-03-31": "$195", "2018-12-31": "$609", "2018-09-30": "$327", "2018-06-30": "$322", "2018-03-31": "$120", "2017-12-31": "$505", "2017-09-30": "$311", "2017-06-30": "$287", "2017-03-31": "$111", "2016-12-31": "$780", "2016-09-30": "$208", "2016-06-30": "$224", "2016-03-31": "$23", "2015-12-31": "$459", "2015-09-30": "$192", "2015-06-30": "$216", "2015-03-31": "$8", "2014-12-31": "$433", "2014-09-30": "$171", "2014-06-30": "$196", "2014-03-31": "$-12", "2013-12-31": "$385", "2013-09-30": "$142", "2013-06-30": "$175", "2013-03-31": "$-42", "2012-12-31": "$409", "2012-09-30": "$131", "2012-06-30": "$176", "2012-03-31": "$-39", "2011-12-31": "$386", "2011-09-30": "$173", "2011-06-30": "$174", "2011-03-31": "$-45", "2010-12-31": "$328", "2010-09-30": "$102", "2010-06-30": "$178", "2010-03-31": "$-59", "2009-12-31": "$273", "2009-09-30": "$58", "2009-06-30": "$97", "2009-03-31": "$-82", "2008-12-31": "$337", "2008-09-30": "$120", "2008-06-30": "$205", "2008-03-31": "$-55", "2007-12-31": "$298", "2007-09-30": "$56", "2007-06-30": "$140", "2007-03-31": "$-125", "2006-12-31": "$217", "2006-09-30": "$27", "2006-06-30": "$83", "2006-03-31": "$-159", "2005-12-31": "$151", "2005-09-30": "$-102", "2005-06-30": "$114", "2005-03-31": "$-176"}}, "operating-income": {"Interpublic Group Of Annual Operating Income (Millions of US $)": {"2019": "$1,086", "2018": "$1,009", "2017": "$938", "2016": "$936", "2015": "$875", "2014": "$788", "2013": "$598", "2012": "$678", "2011": "$687", "2010": "$549", "2009": "$341", "2008": "$590", "2007": "$344", "2006": "$106", "2005": "$-104"}, "Interpublic Group Of Quarterly Operating Income (Millions of US $)": {"2020-09-30": "$249", "2020-06-30": "$41", "2020-03-31": "$76", "2019-12-31": "$491", "2019-09-30": "$280", "2019-06-30": "$264", "2019-03-31": "$50", "2018-12-31": "$459", "2018-09-30": "$262", "2018-06-30": "$249", "2018-03-31": "$39", "2017-12-31": "$423", "2017-09-30": "$255", "2017-06-30": "$226", "2017-03-31": "$35", "2016-12-31": "$481", "2016-09-30": "$208", "2016-06-30": "$224", "2016-03-31": "$23", "2015-12-31": "$459", "2015-09-30": "$192", "2015-06-30": "$216", "2015-03-31": "$8", "2014-12-31": "$433", "2014-09-30": "$171", "2014-06-30": "$196", "2014-03-31": "$-12", "2013-12-31": "$324", "2013-09-30": "$142", "2013-06-30": "$175", "2013-03-31": "$-42", "2012-12-31": "$410", "2012-09-30": "$131", "2012-06-30": "$176", "2012-03-31": "$-39", "2011-12-31": "$385", "2011-09-30": "$173", "2011-06-30": "$174", "2011-03-31": "$-45", "2010-12-31": "$331", "2010-09-30": "$100", "2010-06-30": "$177", "2010-03-31": "$-59", "2009-12-31": "$268", "2009-09-30": "$58", "2009-06-30": "$97", "2009-03-31": "$-82", "2008-12-31": "$331", "2008-09-30": "$116", "2008-06-30": "$201", "2008-03-31": "$-58", "2007-12-31": "$272", "2007-09-30": "$51", "2007-06-30": "$146", "2007-03-31": "$-124", "2006-12-31": "$168", "2006-09-30": "$21", "2006-06-30": "$77", "2006-03-31": "$-160", "2005-12-31": "$58", "2005-09-30": "$-108", "2005-06-30": "$116", "2005-03-31": "$-169"}}, "ebitda": {"Interpublic Group Of Annual EBITDA (Millions of US $)": {"2019": "$1,454", "2018": "$1,300", "2017": "$1,183", "2016": "$1,188", "2015": "$1,108", "2014": "$1,011", "2013": "$807", "2012": "$872", "2011": "$881", "2010": "$743", "2009": "$573", "2008": "$872", "2007": "$632", "2006": "$367", "2005": "$116"}, "Interpublic Group Of Quarterly EBITDA (Millions of US $)": {"2020-09-30": "$344", "2020-06-30": "$129", "2020-03-31": "$174", "2019-12-31": "$581", "2019-09-30": "$366", "2019-06-30": "$355", "2019-03-31": "$152", "2018-12-31": "$553", "2018-09-30": "$321", "2018-06-30": "$311", "2018-03-31": "$116", "2017-12-31": "$479", "2017-09-30": "$312", "2017-06-30": "$285", "2017-03-31": "$107", "2016-12-31": "$552", "2016-09-30": "$268", "2016-06-30": "$282", "2016-03-31": "$86", "2015-12-31": "$522", "2015-09-30": "$248", "2015-06-30": "$273", "2015-03-31": "$65", "2014-12-31": "$492", "2014-09-30": "$225", "2014-06-30": "$248", "2014-03-31": "$45", "2013-12-31": "$377", "2013-09-30": "$191", "2013-06-30": "$226", "2013-03-31": "$13", "2012-12-31": "$457", "2012-09-30": "$178", "2012-06-30": "$227", "2012-03-31": "$10", "2011-12-31": "$434", "2011-09-30": "$220", "2011-06-30": "$223", "2011-03-31": "$4", "2010-12-31": "$378", "2010-09-30": "$148", "2010-06-30": "$226", "2010-03-31": "$-9", "2009-12-31": "$322", "2009-09-30": "$112", "2009-06-30": "$161", "2009-03-31": "$-23", "2008-12-31": "$397", "2008-09-30": "$189", "2008-06-30": "$274", "2008-03-31": "$12", "2007-12-31": "$353", "2007-09-30": "$125", "2007-06-30": "$207", "2007-03-31": "$-54", "2006-12-31": "$242", "2006-09-30": "$91", "2006-06-30": "$138", "2006-03-31": "$-104", "2005-12-31": "$118", "2005-09-30": "$-53", "2005-06-30": "$165", "2005-03-31": "$-115"}}, "net-income": {"Interpublic Group Of Annual Net Income (Millions of US $)": {"2019": "$656", "2018": "$619", "2017": "$554", "2016": "$605", "2015": "$455", "2014": "$477", "2013": "$259", "2012": "$435", "2011": "$521", "2010": "$271", "2009": "$94", "2008": "$265", "2007": "$131", "2006": "$-79", "2005": "$-289"}, "Interpublic Group Of Quarterly Net Income (Millions of US $)": {"2020-09-30": "$280", "2020-06-30": "$-46", "2020-03-31": "$5", "2019-12-31": "$329", "2019-09-30": "$166", "2019-06-30": "$170", "2019-03-31": "$-8", "2018-12-31": "$326", "2018-09-30": "$161", "2018-06-30": "$146", "2018-03-31": "$-14", "2017-12-31": "$252", "2017-09-30": "$170", "2017-06-30": "$108", "2017-03-31": "$25", "2016-12-31": "$314", "2016-09-30": "$129", "2016-06-30": "$157", "2016-03-31": "$5", "2015-12-31": "$260", "2015-09-30": "$75", "2015-06-30": "$121", "2015-03-31": "$-2", "2014-12-31": "$309", "2014-09-30": "$90", "2014-06-30": "$99", "2014-03-31": "$-21", "2013-12-31": "$193", "2013-09-30": "$45", "2013-06-30": "$80", "2013-03-31": "$-59", "2012-12-31": "$313", "2012-09-30": "$69", "2012-06-30": "$99", "2012-03-31": "$-46", "2011-12-31": "$259", "2011-09-30": "$208", "2011-06-30": "$102", "2011-03-31": "$-48", "2010-12-31": "$195", "2010-09-30": "$42", "2010-06-30": "$105", "2010-03-31": "$-72", "2009-12-31": "$129", "2009-09-30": "$17", "2009-06-30": "$21", "2009-03-31": "$-74", "2008-12-31": "$208", "2008-09-30": "$39", "2008-06-30": "$88", "2008-03-31": "$-70", "2007-12-31": "$171", "2007-09-30": "$-29", "2007-06-30": "$122", "2007-03-31": "$-133", "2006-12-31": "$67", "2006-09-30": "$-8", "2006-06-30": "$44", "2006-03-31": "$-182", "2005-12-31": "$-34", "2005-09-30": "$-108", "2005-06-30": "$4", "2005-03-31": "$-151"}}, "eps-earnings-per-share-diluted": {"Interpublic Group Of Annual EPS": {"2019": "$1.68", "2018": "$1.59", "2017": "$1.40", "2016": "$1.48", "2015": "$1.09", "2014": "$1.12", "2013": "$0.61", "2012": "$0.94", "2011": "$0.99", "2010": "$0.47", "2009": "$0.19", "2008": "$0.52", "2007": "$0.26", "2006": "$-0.19", "2005": "$-0.68"}, "Interpublic Group Of Quarterly EPS": {"2020-09-30": "$0.71", "2020-06-30": "$-0.12", "2020-03-31": "$0.01", "2019-12-31": "$0.85", "2019-09-30": "$0.42", "2019-06-30": "$0.43", "2019-03-31": "$-0.02", "2018-12-31": "$0.85", "2018-09-30": "$0.41", "2018-06-30": "$0.37", "2018-03-31": "$-0.04", "2017-12-31": "$0.64", "2017-09-30": "$0.43", "2017-06-30": "$0.27", "2017-03-31": "$0.06", "2016-12-31": "$0.77", "2016-09-30": "$0.32", "2016-06-30": "$0.38", "2016-03-31": "$0.01", "2015-12-31": "$0.62", "2015-09-30": "$0.18", "2015-06-30": "$0.29", "2015-03-31": "$0.00", "2014-12-31": "$0.73", "2014-09-30": "$0.21", "2014-06-30": "$0.23", "2014-03-31": "$-0.05", "2013-12-31": "$0.46", "2013-09-30": "$0.11", "2013-06-30": "$0.18", "2013-03-31": "$-0.14", "2012-12-31": "$0.67", "2012-09-30": "$0.15", "2012-06-30": "$0.22", "2012-03-31": "$-0.10", "2011-12-31": "$0.50", "2011-09-30": "$0.40", "2011-06-30": "$0.19", "2011-03-31": "$-0.10", "2010-12-31": "$0.39", "2010-09-30": "$0.08", "2010-06-30": "$0.15", "2010-03-31": "$-0.15", "2009-12-31": "$0.28", "2009-09-30": "$0.03", "2009-06-30": "$0.04", "2009-03-31": "$-0.16", "2008-12-31": "$0.42", "2008-09-30": "$0.08", "2008-06-30": "$0.17", "2008-03-31": "$-0.15", "2007-12-31": "$0.37", "2007-09-30": "$-0.06", "2007-06-30": "$0.24", "2007-03-31": "$-0.29", "2006-12-31": "$0.16", "2006-09-30": "$-0.02", "2006-06-30": "$0.10", "2006-03-31": "$-0.43", "2005-12-31": "$-0.08", "2005-09-30": "$-0.25", "2005-06-30": "$0.01", "2005-03-31": "$-0.36"}}, "shares-outstanding": {"Interpublic Group Of Annual Shares Outstanding (Millions of Shares)": {"2019": "391", "2018": "389", "2017": "397", "2016": "408", "2015": "416", "2014": "425", "2013": "430", "2012": "481", "2011": "541", "2010": "542", "2009": "508", "2008": "518", "2007": "503", "2006": "428", "2005": "425"}, "Interpublic Group Of Quarterly Shares Outstanding (Millions of Shares)": {"2020-09-30": "394", "2020-06-30": "389", "2020-03-31": "392", "2019-12-31": "391", "2019-09-30": "392", "2019-06-30": "391", "2019-03-31": "385", "2018-12-31": "389", "2018-09-30": "388", "2018-06-30": "390", "2018-03-31": "383", "2017-12-31": "397", "2017-09-30": "397", "2017-06-30": "400", "2017-03-31": "399", "2016-12-31": "408", "2016-09-30": "408", "2016-06-30": "410", "2016-03-31": "409", "2015-12-31": "416", "2015-09-30": "416", "2015-06-30": "418", "2015-03-31": "411", "2014-12-31": "425", "2014-09-30": "426", "2014-06-30": "428", "2014-03-31": "423", "2013-12-31": "430", "2013-09-30": "426", "2013-06-30": "448", "2013-03-31": "414", "2012-12-31": "481", "2012-09-30": "456", "2012-06-30": "478", "2012-03-31": "438", "2011-12-31": "541", "2011-09-30": "538", "2011-06-30": "547", "2011-03-31": "476", "2010-12-31": "542", "2010-09-30": "534", "2010-06-30": "545", "2010-03-31": "471", "2009-12-31": "508", "2009-09-30": "514", "2009-06-30": "508", "2009-03-31": "464", "2008-12-31": "518", "2008-09-30": "519", "2008-06-30": "516", "2008-03-31": "459", "2007-12-31": "503", "2007-09-30": "459", "2007-06-30": "541", "2007-03-31": "456", "2006-12-31": "428", "2006-09-30": "427", "2006-06-30": "430", "2006-03-31": "426", "2005-12-31": "425", "2005-09-30": "425", "2005-06-30": "430", "2005-03-31": "424"}}, "total-assets": {"Interpublic Group Of Annual Total Assets (Millions of US $)": {"2019": "$17,752", "2018": "$15,620", "2017": "$12,705", "2016": "$12,485", "2015": "$12,585", "2014": "$12,737", "2013": "$12,905", "2012": "$13,494", "2011": "$12,909", "2010": "$13,071", "2009": "$12,263", "2008": "$12,125", "2007": "$12,458", "2006": "$11,864", "2005": "$11,945"}, "Interpublic Group Of Quarterly Total Assets (Millions of US $)": {"2020-09-30": "$16,075", "2020-06-30": "$14,897", "2020-03-31": "$16,429", "2019-12-31": "$17,752", "2019-09-30": "$15,998", "2019-06-30": "$16,527", "2019-03-31": "$16,050", "2018-12-31": "$15,620", "2018-09-30": "$13,513", "2018-06-30": "$12,358", "2018-03-31": "$12,240", "2017-12-31": "$12,705", "2017-09-30": "$11,716", "2017-06-30": "$11,678", "2017-03-31": "$11,698", "2016-12-31": "$12,485", "2016-09-30": "$11,840", "2016-06-30": "$11,634", "2016-03-31": "$11,517", "2015-12-31": "$12,585", "2015-09-30": "$11,474", "2015-06-30": "$11,499", "2015-03-31": "$11,200", "2014-12-31": "$12,737", "2014-09-30": "$11,778", "2014-06-30": "$12,340", "2014-03-31": "$11,759", "2013-12-31": "$12,905", "2013-09-30": "$11,532", "2013-06-30": "$12,337", "2013-03-31": "$12,218", "2012-12-31": "$13,494", "2012-09-30": "$11,729", "2012-06-30": "$11,852", "2012-03-31": "$11,766", "2011-12-31": "$12,909", "2011-09-30": "$11,826", "2011-06-30": "$12,302", "2011-03-31": "$12,177", "2010-12-31": "$13,071", "2010-09-30": "$11,951", "2010-06-30": "$11,705", "2010-03-31": "$11,389", "2009-12-31": "$12,263", "2009-09-30": "$10,978", "2009-06-30": "$11,065", "2009-03-31": "$10,930", "2008-12-31": "$12,125", "2008-09-30": "$12,097", "2008-06-30": "$12,207", "2008-03-31": "$11,784", "2007-12-31": "$12,458", "2007-09-30": "$11,666", "2007-06-30": "$11,566", "2007-03-31": "$11,095", "2006-12-31": "$11,864", "2006-09-30": "$10,932", "2006-06-30": "$11,314", "2006-03-31": "$10,992", "2005-12-31": "$11,945", "2005-09-30": "$11,286", "2005-06-30": "$11,930", "2005-03-31": "$11,691"}}, "cash-on-hand": {"Interpublic Group Of Annual Cash on Hand (Millions of US $)": {"2019": "$1,192", "2018": "$673", "2017": "$791", "2016": "$1,098", "2015": "$1,510", "2014": "$1,667", "2013": "$1,642", "2012": "$2,591", "2011": "$2,316", "2010": "$2,689", "2009": "$2,506", "2008": "$2,275", "2007": "$2,037", "2006": "$1,957", "2005": "$2,192"}, "Interpublic Group Of Quarterly Cash on Hand (Millions of US $)": {"2020-09-30": "$1,628", "2020-06-30": "$1,085", "2020-03-31": "$1,554", "2019-12-31": "$1,192", "2019-09-30": "$521", "2019-06-30": "$614", "2019-03-31": "$631", "2018-12-31": "$673", "2018-09-30": "$1,860", "2018-06-30": "$493", "2018-03-31": "$597", "2017-12-31": "$791", "2017-09-30": "$705", "2017-06-30": "$661", "2017-03-31": "$778", "2016-12-31": "$1,098", "2016-09-30": "$895", "2016-06-30": "$675", "2016-03-31": "$680", "2015-12-31": "$1,510", "2015-09-30": "$881", "2015-06-30": "$856", "2015-03-31": "$741", "2014-12-31": "$1,667", "2014-09-30": "$902", "2014-06-30": "$901", "2014-03-31": "$777", "2013-12-31": "$1,642", "2013-09-30": "$1,005", "2013-06-30": "$1,619", "2013-03-31": "$1,651", "2012-12-31": "$2,591", "2012-09-30": "$1,296", "2012-06-30": "$1,651", "2012-03-31": "$1,587", "2011-12-31": "$2,316", "2011-09-30": "$1,799", "2011-06-30": "$1,824", "2011-03-31": "$1,854", "2010-12-31": "$2,689", "2010-09-30": "$1,939", "2010-06-30": "$1,942", "2010-03-31": "$1,942", "2009-12-31": "$2,506", "2009-09-30": "$1,772", "2009-06-30": "$1,771", "2009-03-31": "$1,659", "2008-12-31": "$2,275", "2008-09-30": "$1,708", "2008-06-30": "$1,856", "2008-03-31": "$1,512", "2007-12-31": "$2,037", "2007-09-30": "$1,534", "2007-06-30": "$1,481", "2007-03-31": "$1,518", "2006-12-31": "$1,957", "2006-09-30": "$1,469", "2006-06-30": "$1,578", "2006-03-31": "$1,627", "2005-12-31": "$2,192", "2005-09-30": "$1,349", "2005-06-30": "$1,583", "2005-03-31": "$1,546"}}, "long-term-debt": {"Interpublic Group Of Annual Long Term Debt (Millions of US $)": {"2019": "$2,772", "2018": "$3,660", "2017": "$1,286", "2016": "$1,281", "2015": "$1,610", "2014": "$1,613", "2013": "$1,130", "2012": "$2,061", "2011": "$1,211", "2010": "$1,583", "2009": "$1,638", "2008": "$1,787", "2007": "$2,044", "2006": "$2,249", "2005": "$2,183"}, "Interpublic Group Of Quarterly Long Term Debt (Millions of US $)": {"2020-09-30": "$3,411", "2020-06-30": "$3,412", "2020-03-31": "$3,411", "2019-12-31": "$2,772", "2019-09-30": "$3,367", "2019-06-30": "$3,564", "2019-03-31": "$3,664", "2018-12-31": "$3,660", "2018-09-30": "$3,261", "2018-06-30": "$1,283", "2018-03-31": "$1,288", "2017-12-31": "$1,286", "2017-09-30": "$1,285", "2017-06-30": "$1,283", "2017-03-31": "$1,282", "2016-12-31": "$1,281", "2016-09-30": "$1,583", "2016-06-30": "$1,584", "2016-03-31": "$1,610", "2015-12-31": "$1,610", "2015-09-30": "$1,621", "2015-06-30": "$1,623", "2015-03-31": "$1,621", "2014-12-31": "$1,613", "2014-09-30": "$1,627", "2014-06-30": "$1,630", "2014-03-31": "$1,131", "2013-12-31": "$1,130", "2013-09-30": "$1,481", "2013-06-30": "$1,479", "2013-03-31": "$2,072", "2012-12-31": "$2,061", "2012-09-30": "$1,263", "2012-06-30": "$1,239", "2012-03-31": "$1,240", "2011-12-31": "$1,211", "2011-09-30": "$1,166", "2011-06-30": "$1,168", "2011-03-31": "$1,166", "2010-12-31": "$1,583", "2010-09-30": "$1,589", "2010-06-30": "$1,628", "2010-03-31": "$1,635", "2009-12-31": "$1,638", "2009-09-30": "$1,867", "2009-06-30": "$1,901", "2009-03-31": "$1,782", "2008-12-31": "$1,787", "2008-09-30": "$2,043", "2008-06-30": "$2,046", "2008-03-31": "$2,050", "2007-12-31": "$2,044", "2007-09-30": "$1,841", "2007-06-30": "$1,843", "2007-03-31": "$1,846", "2006-12-31": "$2,249", "2006-09-30": "$2,184", "2006-06-30": "$2,184", "2006-03-31": "$2,183", "2005-12-31": "$2,183", "2005-09-30": "$2,184", "2005-06-30": "$1,934", "2005-03-31": "$1,924"}}, "total-liabilities": {"Interpublic Group Of Annual Total Liabilities (Millions of US $)": {"2019": "$14,926", "2018": "$13,188", "2017": "$10,458", "2016": "$10,429", "2015": "$10,583", "2014": "$10,585", "2013": "$10,654", "2012": "$11,037", "2011": "$10,411", "2010": "$10,504", "2009": "$9,727", "2008": "$9,881", "2007": "$10,126", "2006": "$9,924", "2005": "$10,000"}, "Interpublic Group Of Quarterly Total Liabilities (Millions of US $)": {"2020-09-30": "$13,314", "2020-06-30": "$12,406", "2020-03-31": "$13,854", "2019-12-31": "$14,926", "2019-09-30": "$13,495", "2019-06-30": "$14,069", "2019-03-31": "$13,695", "2018-12-31": "$13,188", "2018-09-30": "$11,343", "2018-06-30": "$10,266", "2018-03-31": "$10,100", "2017-12-31": "$10,458", "2017-09-30": "$9,676", "2017-06-30": "$9,666", "2017-03-31": "$9,702", "2016-12-31": "$10,429", "2016-09-30": "$9,864", "2016-06-30": "$9,606", "2016-03-31": "$9,543", "2015-12-31": "$10,583", "2015-09-30": "$9,583", "2015-06-30": "$9,486", "2015-03-31": "$9,256", "2014-12-31": "$10,585", "2014-09-30": "$9,663", "2014-06-30": "$10,118", "2014-03-31": "$9,588", "2013-12-31": "$10,654", "2013-09-30": "$9,199", "2013-06-30": "$9,960", "2013-03-31": "$9,736", "2012-12-31": "$11,037", "2012-09-30": "$9,302", "2012-06-30": "$9,399", "2012-03-31": "$9,338", "2011-12-31": "$10,411", "2011-09-30": "$9,412", "2011-06-30": "$9,806", "2011-03-31": "$9,644", "2010-12-31": "$10,504", "2010-09-30": "$9,619", "2010-06-30": "$9,497", "2010-03-31": "$8,925", "2009-12-31": "$9,727", "2009-09-30": "$8,625", "2009-06-30": "$8,805", "2009-03-31": "$8,782", "2008-12-31": "$9,881", "2008-09-30": "$9,686", "2008-06-30": "$9,784", "2008-03-31": "$9,456", "2007-12-31": "$10,126", "2007-09-30": "$9,611", "2007-06-30": "$9,570", "2007-03-31": "$9,266", "2006-12-31": "$9,924", "2006-09-30": "$9,060", "2006-06-30": "$9,431", "2006-03-31": "$9,202", "2005-12-31": "$10,000", "2005-09-30": "$9,793", "2005-06-30": "$10,362", "2005-03-31": "$10,124"}}, "total-share-holder-equity": {"Interpublic Group Of Annual Share Holder Equity (Millions of US $)": {"2019": "$2,826", "2018": "$2,433", "2017": "$2,246", "2016": "$2,057", "2015": "$2,002", "2014": "$2,151", "2013": "$2,251", "2012": "$2,457", "2011": "$2,497", "2010": "$2,567", "2009": "$2,536", "2008": "$2,244", "2007": "$2,332", "2006": "$1,941", "2005": "$1,945"}, "Interpublic Group Of Quarterly Share Holder Equity (Millions of US $)": {"2020-09-30": "$2,761", "2020-06-30": "$2,491", "2020-03-31": "$2,575", "2019-12-31": "$2,826", "2019-09-30": "$2,503", "2019-06-30": "$2,458", "2019-03-31": "$2,355", "2018-12-31": "$2,433", "2018-09-30": "$2,170", "2018-06-30": "$2,092", "2018-03-31": "$2,140", "2017-12-31": "$2,246", "2017-09-30": "$2,040", "2017-06-30": "$2,012", "2017-03-31": "$1,996", "2016-12-31": "$2,057", "2016-09-30": "$1,976", "2016-06-30": "$2,028", "2016-03-31": "$1,974", "2015-12-31": "$2,002", "2015-09-30": "$1,892", "2015-06-30": "$2,013", "2015-03-31": "$1,945", "2014-12-31": "$2,151", "2014-09-30": "$2,116", "2014-06-30": "$2,222", "2014-03-31": "$2,171", "2013-12-31": "$2,251", "2013-09-30": "$2,334", "2013-06-30": "$2,376", "2013-03-31": "$2,482", "2012-12-31": "$2,457", "2012-09-30": "$2,427", "2012-06-30": "$2,452", "2012-03-31": "$2,428", "2011-12-31": "$2,497", "2011-09-30": "$2,414", "2011-06-30": "$2,496", "2011-03-31": "$2,533", "2010-12-31": "$2,567", "2010-09-30": "$2,332", "2010-06-30": "$2,208", "2010-03-31": "$2,465", "2009-12-31": "$2,536", "2009-09-30": "$2,353", "2009-06-30": "$2,260", "2009-03-31": "$2,148", "2008-12-31": "$2,244", "2008-09-30": "$2,411", "2008-06-30": "$2,423", "2008-03-31": "$2,327", "2007-12-31": "$2,332", "2007-09-30": "$2,054", "2007-06-30": "$1,996", "2007-03-31": "$1,829", "2006-12-31": "$1,941", "2006-09-30": "$1,872", "2006-06-30": "$1,884", "2006-03-31": "$1,791", "2005-12-31": "$1,945", "2005-09-30": "$1,493", "2005-06-30": "$1,568", "2005-03-31": "$1,568"}}, "profit-margins": {"current": "6.03%"}, "gross margin": {"2020-09-30": "14.44%", "2020-06-30": "13.79%", "2020-03-31": "14.36%", "2019-12-31": "14.60%", "2019-09-30": "14.94%", "2019-06-30": "14.83%", "2019-03-31": "14.67%", "2018-12-31": "14.18%", "2018-09-30": "13.48%", "2018-06-30": "13.44%", "2018-03-31": "13.36%", "2017-12-31": "13.42%", "2017-09-30": "14.99%", "2017-06-30": "14.37%", "2017-03-31": "14.11%", "2016-12-31": "13.64%", "2016-09-30": "11.75%", "2016-06-30": "11.63%", "2016-03-31": "11.59%", "2015-12-31": "11.49%", "2015-09-30": "11.13%", "2015-06-30": "10.89%", "2015-03-31": "10.67%", "2014-12-31": "10.46%", "2014-09-30": "9.93%", "2014-06-30": "9.72%", "2014-03-31": "9.56%", "2013-12-31": "9.27%", "2013-09-30": "9.69%", "2013-06-30": "9.57%", "2013-03-31": "9.64%", "2012-12-31": "9.73%", "2012-09-30": "9.39%", "2012-06-30": "9.91%", "2012-03-31": "9.85%", "2011-12-31": "9.81%", "2011-09-30": "9.07%", "2011-06-30": "8.25%", "2011-03-31": "8.47%", "2010-12-31": "8.44%", "2010-09-30": "7.86%", "2010-06-30": "7.31%", "2010-03-31": "6.13%", "2009-12-31": "5.76%", "2009-09-30": "6.69%", "2009-06-30": "7.33%", "2009-03-31": "8.53%", "2008-12-31": "8.72%", "2008-09-30": "8.06%", "2008-06-30": "7.34%", "2008-03-31": "6.57%", "2007-12-31": "5.63%", "2007-09-30": "4.47%", "2007-06-30": "4.08%", "2007-03-31": "3.25%", "2006-12-31": "2.71%", "2006-09-30": "1.64%", "2006-06-30": "-0.44%", "2006-03-31": "0.06%", "2005-12-31": "-0.21%"}, "operating margin": {"2020-09-30": "9.10%", "2020-06-30": "9.13%", "2020-03-31": "10.87%", "2019-12-31": "10.62%", "2019-09-30": "10.35%", "2019-06-30": "10.31%", "2019-03-31": "10.30%", "2018-12-31": "10.39%", "2018-09-30": "10.30%", "2018-06-30": "10.32%", "2018-03-31": "10.30%", "2017-12-31": "10.38%", "2017-09-30": "10.04%", "2017-06-30": "9.85%", "2017-03-31": "10.11%", "2016-12-31": "10.34%", "2016-09-30": "11.75%", "2016-06-30": "11.63%", "2016-03-31": "11.59%", "2015-12-31": "11.49%", "2015-09-30": "11.13%", "2015-06-30": "10.89%", "2015-03-31": "10.67%", "2014-12-31": "10.46%", "2014-09-30": "9.11%", "2014-06-30": "8.89%", "2014-03-31": "8.72%", "2013-12-31": "8.41%", "2013-09-30": "9.70%", "2013-06-30": "9.58%", "2013-03-31": "9.65%", "2012-12-31": "9.75%", "2012-09-30": "9.37%", "2012-06-30": "9.90%", "2012-03-31": "9.83%", "2011-12-31": "9.79%", "2011-09-30": "9.11%", "2011-06-30": "8.27%", "2011-03-31": "8.47%", "2010-12-31": "8.44%", "2010-09-30": "7.74%", "2010-06-30": "7.21%", "2010-03-31": "6.05%", "2009-12-31": "5.68%", "2009-09-30": "6.59%", "2009-06-30": "7.17%", "2009-03-31": "8.32%", "2008-12-31": "8.47%", "2008-09-30": "7.54%", "2008-06-30": "6.79%", "2008-03-31": "6.15%", "2007-12-31": "5.26%", "2007-09-30": "3.74%", "2007-06-30": "3.33%", "2007-03-31": "2.28%", "2006-12-31": "1.71%", "2006-09-30": "-0.06%", "2006-06-30": "-2.15%", "2006-03-31": "-1.50%", "2005-12-31": "-1.64%"}, "ebitda margin": {"2020-09-30": "13.03%", "2020-06-30": "12.85%", "2020-03-31": "14.44%", "2019-12-31": "14.23%", "2019-09-30": "14.01%", "2019-06-30": "13.76%", "2019-03-31": "13.49%", "2018-12-31": "13.38%", "2018-09-30": "12.97%", "2018-06-30": "13.00%", "2018-03-31": "13.02%", "2017-12-31": "13.07%", "2017-09-30": "12.65%", "2017-06-30": "12.56%", "2017-03-31": "12.89%", "2016-12-31": "13.12%", "2016-09-30": "14.89%", "2016-06-30": "14.74%", "2016-03-31": "14.70%", "2015-12-31": "14.55%", "2015-09-30": "14.14%", "2015-06-30": "13.88%", "2015-03-31": "13.60%", "2014-12-31": "13.40%", "2014-09-30": "12.01%", "2014-06-30": "11.78%", "2014-03-31": "11.63%", "2013-12-31": "11.33%", "2013-09-30": "12.56%", "2013-06-30": "12.43%", "2013-03-31": "12.51%", "2012-12-31": "12.54%", "2012-09-30": "12.19%", "2012-06-30": "12.69%", "2012-03-31": "12.59%", "2011-12-31": "12.56%", "2011-09-30": "11.87%", "2011-06-30": "11.12%", "2011-03-31": "11.38%", "2010-12-31": "11.42%", "2010-09-30": "10.93%", "2010-06-30": "10.57%", "2010-03-31": "9.74%", "2009-12-31": "9.52%", "2009-09-30": "10.56%", "2009-06-30": "11.24%", "2009-03-31": "12.30%", "2008-12-31": "12.52%", "2008-09-30": "11.75%", "2008-06-30": "11.13%", "2008-03-31": "10.43%", "2007-12-31": "9.63%", "2007-09-30": "8.06%", "2007-06-30": "7.66%", "2007-03-31": "6.70%", "2006-12-31": "5.93%", "2006-09-30": "3.91%", "2006-06-30": "1.60%", "2006-03-31": "2.01%", "2005-12-31": "1.83%"}, "pre tax profit margin": {"2020-09-30": "6.54%", "2020-06-30": "6.74%", "2020-03-31": "8.79%", "2019-12-31": "8.60%", "2019-09-30": "8.40%", "2019-06-30": "8.43%", "2019-03-31": "8.49%", "2018-12-31": "8.63%", "2018-09-30": "8.87%", "2018-06-30": "9.00%", "2018-03-31": "8.95%", "2017-12-31": "9.29%", "2017-09-30": "8.80%", "2017-06-30": "8.73%", "2017-03-31": "9.16%", "2016-12-31": "9.12%", "2016-09-30": "10.50%", "2016-06-30": "9.84%", "2016-03-31": "9.83%", "2015-12-31": "10.01%", "2015-09-30": "9.88%", "2015-06-30": "10.16%", "2015-03-31": "9.77%", "2014-12-31": "9.58%", "2014-09-30": "8.28%", "2014-06-30": "7.33%", "2014-03-31": "7.14%", "2013-12-31": "6.57%", "2013-09-30": "8.94%", "2013-06-30": "9.41%", "2013-03-31": "9.57%", "2012-12-31": "9.70%", "2012-09-30": "8.15%", "2012-06-30": "10.64%", "2012-03-31": "10.61%", "2011-12-31": "10.52%", "2011-09-30": "9.90%", "2011-06-30": "6.94%", "2011-03-31": "6.92%", "2010-12-31": "6.92%", "2010-09-30": "6.30%", "2010-06-30": "5.78%", "2010-03-31": "4.10%", "2009-12-31": "3.86%", "2009-09-30": "4.29%", "2009-06-30": "4.95%", "2009-03-31": "6.75%", "2008-12-31": "6.76%", "2008-09-30": "5.98%", "2008-06-30": "5.13%", "2008-03-31": "4.49%", "2007-12-31": "3.60%", "2007-09-30": "1.18%", "2007-06-30": "1.14%", "2007-03-31": "0.37%", "2006-12-31": "-0.06%", "2006-09-30": "-0.74%", "2006-06-30": "-3.11%", "2006-03-31": "-2.84%", "2005-12-31": "-2.95%"}, "net profit margin": {"2020-09-30": "6.03%", "2020-06-30": "4.67%", "2020-03-31": "6.56%", "2019-12-31": "6.43%", "2019-09-30": "6.43%", "2019-06-30": "6.47%", "2019-03-31": "6.31%", "2018-12-31": "6.37%", "2018-09-30": "5.77%", "2018-06-30": "5.92%", "2018-03-31": "5.64%", "2017-12-31": "6.13%", "2017-09-30": "6.21%", "2017-06-30": "5.97%", "2017-03-31": "6.66%", "2016-12-31": "6.68%", "2016-09-30": "7.08%", "2016-06-30": "6.44%", "2016-03-31": "6.00%", "2015-12-31": "5.96%", "2015-09-30": "6.60%", "2015-06-30": "6.82%", "2015-03-31": "6.55%", "2014-12-31": "6.33%", "2014-09-30": "4.84%", "2014-06-30": "4.32%", "2014-03-31": "4.12%", "2013-12-31": "3.64%", "2013-09-30": "5.37%", "2013-06-30": "5.73%", "2013-03-31": "6.04%", "2012-12-31": "6.25%", "2012-09-30": "5.47%", "2012-06-30": "7.40%", "2012-03-31": "7.42%", "2011-12-31": "7.43%", "2011-09-30": "6.58%", "2011-06-30": "4.30%", "2011-03-31": "4.42%", "2010-12-31": "4.15%", "2010-09-30": "3.25%", "2010-06-30": "2.91%", "2010-03-31": "1.58%", "2009-12-31": "1.55%", "2009-09-30": "2.81%", "2009-06-30": "3.01%", "2009-03-31": "3.84%", "2008-12-31": "3.81%", "2008-09-30": "3.24%", "2008-06-30": "2.33%", "2008-03-31": "2.90%", "2007-12-31": "2.00%", "2007-09-30": "0.42%", "2007-06-30": "0.76%", "2007-03-31": "-0.48%", "2006-12-31": "-1.28%", "2006-09-30": "-2.90%", "2006-06-30": "-4.52%", "2006-03-31": "-5.10%", "2005-12-31": "-4.61%"}, "pe ratio": {"current": "15.02", "2021-02-11": "17.00", "2020-09-30": "11.45", "2020-06-30": "14.54", "2020-03-31": "9.15", "2019-12-31": "13.13", "2019-09-30": "12.13", "2019-06-30": "12.63", "2019-03-31": "12.06", "2018-12-31": "11.87", "2018-09-30": "13.29", "2018-06-30": "13.86", "2018-03-31": "14.76", "2017-12-31": "12.02", "2017-09-30": "12.54", "2017-06-30": "15.24", "2017-03-31": "13.73", "2016-12-31": "13.33", "2016-09-30": "14.07", "2016-06-30": "16.13", "2016-03-31": "17.22", "2015-12-31": "17.50", "2015-09-30": "13.11", "2015-06-30": "12.81", "2015-03-31": "15.36", "2014-12-31": "14.99", "2014-09-30": "17.76", "2014-06-30": "21.40", "2014-03-31": "20.08", "2013-12-31": "23.77", "2013-09-30": "16.33", "2013-06-30": "13.13", "2013-03-31": "11.18", "2012-12-31": "9.01", "2012-09-30": "11.30", "2012-06-30": "8.25", "2012-03-31": "8.89", "2011-12-31": "7.54", "2011-09-30": "6.39", "2011-06-30": "17.67", "2011-03-31": "19.11", "2010-12-31": "17.90", "2010-09-30": "23.25", "2010-06-30": "19.58", "2010-03-31": "38.56", "2009-12-31": "36.49", "2009-09-30": "18.59", "2009-06-30": "10.70", "2009-03-31": "6.37", "2008-12-31": "5.99", "2008-09-30": "14.02", "2008-06-30": "23.62", "2008-03-31": "18.34", "2007-12-31": "30.07", "2007-09-30": "0.00", "2007-06-30": "169.09", "2007-03-31": "0.00", "2006-12-31": "0.00"}, "price sales": {"2021-02-11": "1.02", "2020-09-30": "0.69", "2020-06-30": "0.67", "2020-03-31": "0.60", "2019-12-31": "0.84", "2019-09-30": "0.77", "2019-06-30": "0.81", "2019-03-31": "0.76", "2018-12-31": "0.75", "2018-09-30": "0.85", "2018-06-30": "0.88", "2018-03-31": "0.88", "2017-12-31": "0.78", "2017-09-30": "0.73", "2017-06-30": "0.89", "2017-03-31": "0.91", "2016-12-31": "0.90", "2016-09-30": "1.00", "2016-06-30": "1.03", "2016-03-31": "1.03", "2015-12-31": "1.05", "2015-09-30": "0.86", "2015-06-30": "0.87", "2015-03-31": "1.00", "2014-12-31": "0.95", "2014-09-30": "0.84", "2014-06-30": "0.91", "2014-03-31": "0.82", "2013-12-31": "0.85", "2013-09-30": "0.85", "2013-06-30": "0.73", "2013-03-31": "0.67", "2012-12-31": "0.57", "2012-09-30": "0.59", "2012-06-30": "0.59", "2012-03-31": "0.64", "2011-12-31": "0.55", "2011-09-30": "0.41", "2011-06-30": "0.73", "2011-03-31": "0.74", "2010-12-31": "0.63", "2010-09-30": "0.61", "2010-06-30": "0.44", "2010-03-31": "0.51", "2009-12-31": "0.45", "2009-09-30": "0.46", "2009-06-30": "0.29", "2009-03-31": "0.23", "2008-12-31": "0.21", "2008-09-30": "0.41", "2008-06-30": "0.45", "2008-03-31": "0.46", "2007-12-31": "0.45", "2007-09-30": "0.56", "2007-06-30": "0.61", "2007-03-31": "0.64", "2006-12-31": "0.63"}, "price book": {"current": "3.71", "2021-02-11": "3.46", "2020-09-30": "2.33", "2020-06-30": "2.62", "2020-03-31": "2.35", "2019-12-31": "3.00", "2019-09-30": "3.13", "2019-06-30": "3.30", "2019-03-31": "3.16", "2018-12-31": "2.96", "2018-09-30": "3.65", "2018-06-30": "3.84", "2018-03-31": "3.67", "2017-12-31": "3.01", "2017-09-30": "3.44", "2017-06-30": "4.14", "2017-03-31": "4.16", "2016-12-31": "3.78", "2016-09-30": "3.91", "2016-06-30": "3.91", "2016-03-31": "3.96", "2015-12-31": "3.86", "2015-09-30": "3.38", "2015-06-30": "3.21", "2015-03-31": "3.82", "2014-12-31": "3.23", "2014-09-30": "2.91", "2014-06-30": "2.96", "2014-03-31": "2.66", "2013-12-31": "2.65", "2013-09-30": "2.42", "2013-06-30": "2.03", "2013-03-31": "1.76", "2012-12-31": "1.45", "2012-09-30": "1.74", "2012-06-30": "1.67", "2012-03-31": "1.59", "2011-12-31": "1.33", "2011-09-30": "0.00", "2011-06-30": "0.00", "2011-03-31": "0.00", "2010-12-31": "1.50", "2010-09-30": "0.00", "2010-06-30": "0.00", "2010-03-31": "0.00", "2009-12-31": "1.05", "2009-09-30": "0.00", "2009-06-30": "0.00", "2009-03-31": "0.00", "2008-12-31": "0.62", "2008-09-30": "0.00", "2008-06-30": "0.00", "2008-03-31": "0.00", "2007-12-31": "1.22", "2007-09-30": "0.00", "2007-06-30": "0.00", "2007-03-31": "0.00", "2006-12-31": "2.19", "2006-09-30": "0.00", "2006-06-30": "0.00", "2006-03-31": "0.00"}, "price fcf": {"2021-02-11": "", "2020-09-30": "$3.20", "2020-06-30": "$1.98", "2020-03-31": "$2.91", "2019-12-31": "$3.40", "2019-09-30": "$2.85", "2019-06-30": "$2.89", "2019-03-31": "$2.63", "2018-12-31": "$1.00", "2018-09-30": "$1.34", "2018-06-30": "$0.79", "2018-03-31": "$0.86", "2017-12-31": "$1.83", "2017-09-30": "$0.49", "2017-06-30": "$1.72", "2017-03-31": "$1.43", "2016-12-31": "$0.77", "2016-09-30": "$1.69", "2016-06-30": "$1.13", "2016-03-31": "$1.55", "2015-12-31": "$1.27", "2015-09-30": "$1.63", "2015-06-30": "$1.36", "2015-03-31": "$1.12", "2014-12-31": "$1.29", "2014-09-30": "$1.09", "2014-06-30": "$0.96", "2014-03-31": "$1.11", "2013-12-31": "$0.98", "2013-09-30": "$0.36", "2013-06-30": "$-0.20", "2013-03-31": "$-0.33", "2012-12-31": "$0.39", "2012-09-30": "$0.03", "2012-06-30": "$0.61", "2012-03-31": "$0.78", "2011-12-31": "$0.25", "2011-09-30": "$0.75", "2011-06-30": "$0.56", "2011-03-31": "$0.81", "2010-12-31": "$1.33", "2010-09-30": "$1.01", "2010-06-30": "$1.20", "2010-03-31": "$0.96", "2009-12-31": "$0.93", "2009-09-30": "$0.81", "2009-06-30": "$0.61", "2009-03-31": "$0.87", "2008-12-31": "$1.40", "2008-09-30": "$1.11", "2008-06-30": "$1.15", "2008-03-31": "$0.50", "2007-12-31": "$0.30", "2007-09-30": "$0.56", "2007-06-30": "$0.26", "2007-03-31": "$0.11", "2006-12-31": "$-0.28"}, "net worth": {"value": "$10.25B"}, "current ratio": {"current": "1.01", "2020-09-30": "1.01", "2020-06-30": "0.98", "2020-03-31": "0.97", "2019-12-31": "0.93", "2019-09-30": "0.95", "2019-06-30": "0.97", "2019-03-31": "0.96", "2018-12-31": "1.01", "2018-09-30": "1.25", "2018-06-30": "0.94", "2018-03-31": "0.95", "2017-12-31": "0.97", "2017-09-30": "0.93", "2017-06-30": "0.93", "2017-03-31": "0.94", "2016-12-31": "0.97", "2016-09-30": "0.99", "2016-06-30": "0.99", "2016-03-31": "0.99", "2015-12-31": "1.01", "2015-09-30": "1.02", "2015-06-30": "1.03", "2015-03-31": "1.03", "2014-12-31": "1.05", "2014-09-30": "1.04", "2014-06-30": "1.04", "2014-03-31": "0.96", "2013-12-31": "0.99", "2013-09-30": "1.05", "2013-06-30": "1.05", "2013-03-31": "1.16", "2012-12-31": "1.14", "2012-09-30": "1.01", "2012-06-30": "1.03", "2012-03-31": "1.02", "2011-12-31": "1.04", "2011-09-30": "1.02", "2011-06-30": "1.01", "2011-03-31": "1.02", "2010-12-31": "1.09", "2010-09-30": "1.06", "2010-06-30": "1.07", "2010-03-31": "1.10", "2009-12-31": "1.11", "2009-09-30": "1.12", "2009-06-30": "1.11", "2009-03-31": "1.08", "2008-12-31": "1.09", "2008-09-30": "1.08", "2008-06-30": "1.10", "2008-03-31": "1.08", "2007-12-31": "1.08", "2007-09-30": "1.01", "2007-06-30": "1.01", "2007-03-31": "1.00", "2006-12-31": "1.09", "2006-09-30": "1.08", "2006-06-30": "1.09", "2006-03-31": "1.08", "2005-12-31": "1.09", "2005-09-30": "1.02", "2005-06-30": "0.99", "2005-03-31": "0.99"}, "quick ratio": {"2020-09-30": "0.00", "2020-06-30": "0.00", "2020-03-31": "0.00", "2019-12-31": "0.00", "2019-09-30": "0.00", "2019-06-30": "0.00", "2019-03-31": "0.00", "2018-12-31": "0.00", "2018-09-30": "0.00", "2018-06-30": "0.00", "2018-03-31": "0.00", "2017-12-31": "0.00", "2017-09-30": "0.00", "2017-06-30": "0.00", "2017-03-31": "0.00", "2016-12-31": "0.00", "2016-09-30": "0.00", "2016-06-30": "0.00", "2016-03-31": "0.00", "2015-12-31": "0.00", "2015-09-30": "0.00", "2015-06-30": "0.00", "2015-03-31": "0.00", "2014-12-31": "0.00", "2014-09-30": "0.00", "2014-06-30": "0.00", "2014-03-31": "0.00", "2013-12-31": "0.00", "2013-09-30": "0.00", "2013-06-30": "0.00", "2013-03-31": "0.00", "2012-12-31": "0.00", "2012-09-30": "0.00", "2012-06-30": "0.00", "2012-03-31": "0.00", "2011-12-31": "0.00", "2011-09-30": "0.00", "2011-06-30": "0.00", "2011-03-31": "0.00", "2010-12-31": "0.00", "2010-09-30": "0.00", "2010-06-30": "0.00", "2010-03-31": "0.00", "2009-12-31": "0.00", "2009-09-30": "0.00", "2009-06-30": "0.00", "2009-03-31": "0.00", "2008-12-31": "0.00", "2008-09-30": "0.00", "2008-06-30": "0.00", "2008-03-31": "0.00", "2007-12-31": "0.00", "2007-09-30": "0.00", "2007-06-30": "0.00", "2007-03-31": "0.00", "2006-12-31": "0.00", "2006-09-30": "0.00", "2006-06-30": "0.00", "2006-03-31": "0.00", "2005-12-31": "0.00", "2005-09-30": "0.00", "2005-06-30": "0.00", "2005-03-31": "0.00"}, "debt equity ratio": {"current": "1.24", "2020-09-30": "4.82", "2020-06-30": "4.98", "2020-03-31": "5.38", "2019-12-31": "5.28", "2019-09-30": "5.39", "2019-06-30": "5.72", "2019-03-31": "5.82", "2018-12-31": "5.42", "2018-09-30": "5.23", "2018-06-30": "4.91", "2018-03-31": "4.72", "2017-12-31": "4.66", "2017-09-30": "4.74", "2017-06-30": "4.80", "2017-03-31": "4.86", "2016-12-31": "5.07", "2016-09-30": "4.99", "2016-06-30": "4.74", "2016-03-31": "4.84", "2015-12-31": "5.29", "2015-09-30": "5.07", "2015-06-30": "4.71", "2015-03-31": "4.76", "2014-12-31": "4.92", "2014-09-30": "4.57", "2014-06-30": "4.55", "2014-03-31": "4.42", "2013-12-31": "4.73", "2013-09-30": "3.94", "2013-06-30": "4.19", "2013-03-31": "3.92", "2012-12-31": "4.49", "2012-09-30": "3.83", "2012-06-30": "3.83", "2012-03-31": "3.85", "2011-12-31": "4.17", "2011-09-30": "3.90", "2011-06-30": "3.93", "2011-03-31": "3.81", "2010-12-31": "4.09", "2010-09-30": "4.13", "2010-06-30": "4.30", "2010-03-31": "3.62", "2009-12-31": "3.84", "2009-09-30": "3.67", "2009-06-30": "3.90", "2009-03-31": "4.09", "2008-12-31": "4.40", "2008-09-30": "4.02", "2008-06-30": "4.04", "2008-03-31": "4.06", "2007-12-31": "4.34", "2007-09-30": "4.68", "2007-06-30": "4.80", "2007-03-31": "5.07", "2006-12-31": "5.11", "2006-09-30": "4.84", "2006-06-30": "5.01", "2006-03-31": "5.14", "2005-12-31": "5.14", "2005-09-30": "6.56", "2005-06-30": "6.61", "2005-03-31": "6.46"}, "return on equity": {"2020-09-30": "21.33%", "2020-06-30": "17.47%", "2020-03-31": "25.86%", "2019-12-31": "25.91%", "2019-09-30": "26.83%", "2019-06-30": "27.57%", "2019-03-31": "27.62%", "2018-12-31": "28.02%", "2018-09-30": "25.21%", "2018-06-30": "26.02%", "2018-03-31": "24.46%", "2017-12-31": "26.77%", "2017-09-30": "30.45%", "2017-06-30": "28.65%", "2017-03-31": "31.03%", "2016-12-31": "30.12%", "2016-09-30": "27.62%", "2016-06-30": "25.18%", "2016-03-31": "23.40%", "2015-12-31": "23.13%", "2015-09-30": "25.15%", "2015-06-30": "25.19%", "2015-03-31": "23.52%", "2014-12-31": "22.03%", "2014-09-30": "16.48%", "2014-06-30": "14.08%", "2014-03-31": "13.01%", "2013-12-31": "10.97%", "2013-09-30": "15.71%", "2013-06-30": "16.55%", "2013-03-31": "17.19%", "2012-12-31": "17.82%", "2012-09-30": "15.54%", "2012-06-30": "21.24%", "2012-03-31": "21.27%", "2011-12-31": "20.97%", "2011-09-30": "18.26%", "2011-06-30": "11.72%", "2011-03-31": "12.20%", "2010-12-31": "11.28%", "2010-09-30": "8.55%", "2010-06-30": "7.49%", "2010-03-31": "3.95%", "2009-12-31": "4.00%", "2009-09-30": "7.64%", "2009-06-30": "8.56%", "2009-03-31": "11.32%", "2008-12-31": "11.27%", "2008-09-30": "9.61%", "2008-06-30": "7.01%", "2008-03-31": "8.91%", "2007-12-31": "6.38%", "2007-09-30": "1.38%", "2007-06-30": "2.51%", "2007-03-31": "-1.59%", "2006-12-31": "-4.22%", "2006-09-30": "-9.61%", "2006-06-30": "-15.75%", "2006-03-31": "-18.83%", "2005-12-31": "-17.58%"}, "return on assets": {"2020-09-30": "3.49%", "2020-06-30": "2.79%", "2020-03-31": "4.02%", "2019-12-31": "3.96%", "2019-09-30": "4.08%", "2019-06-30": "4.21%", "2019-03-31": "4.34%", "2018-12-31": "4.61%", "2018-09-30": "4.29%", "2018-06-30": "4.52%", "2018-03-31": "4.27%", "2017-12-31": "4.64%", "2017-09-30": "5.19%", "2017-06-30": "4.83%", "2017-03-31": "5.25%", "2016-12-31": "5.10%", "2016-09-30": "4.63%", "2016-06-30": "4.21%", "2016-03-31": "3.92%", "2015-12-31": "3.88%", "2015-09-30": "4.29%", "2015-06-30": "4.39%", "2015-03-31": "4.13%", "2014-12-31": "3.92%", "2014-09-30": "2.96%", "2014-06-30": "2.60%", "2014-03-31": "2.45%", "2013-12-31": "2.11%", "2013-09-30": "3.06%", "2013-06-30": "3.24%", "2013-03-31": "3.42%", "2012-12-31": "3.56%", "2012-09-30": "3.16%", "2012-06-30": "4.30%", "2012-03-31": "4.29%", "2011-12-31": "4.23%", "2011-09-30": "3.70%", "2011-06-30": "2.35%", "2011-03-31": "2.40%", "2010-12-31": "2.24%", "2010-09-30": "1.72%", "2010-06-30": "1.55%", "2010-03-31": "0.83%", "2009-12-31": "0.82%", "2009-09-30": "1.53%", "2009-06-30": "1.68%", "2009-03-31": "2.20%", "2008-12-31": "2.20%", "2008-09-30": "1.88%", "2008-06-30": "1.33%", "2008-03-31": "1.63%", "2007-12-31": "1.12%", "2007-09-30": "0.23%", "2007-06-30": "0.42%", "2007-03-31": "-0.27%", "2006-12-31": "-0.70%", "2006-09-30": "-1.59%", "2006-06-30": "-2.46%", "2006-03-31": "-2.77%", "2005-12-31": "-2.47%"}, "return on investments": {"2020-09-30": "14.49%", "2020-06-30": "15.21%", "2020-03-31": "18.93%", "2019-12-31": "18.46%", "2019-09-30": "17.55%", "2019-06-30": "17.57%", "2019-03-31": "19.51%", "2018-12-31": "22.02%", "2018-09-30": "24.68%", "2018-06-30": "28.29%", "2018-03-31": "27.77%", "2017-12-31": "27.97%", "2017-09-30": "30.13%", "2017-06-30": "28.21%", "2017-03-31": "27.51%", "2016-12-31": "26.57%", "2016-09-30": "25.45%", "2016-06-30": "25.08%", "2016-03-31": "24.82%", "2015-12-31": "24.43%", "2015-09-30": "23.46%", "2015-06-30": "22.52%", "2015-03-31": "21.66%", "2014-12-31": "21.50%", "2014-09-30": "19.02%", "2014-06-30": "18.12%", "2014-03-31": "17.53%", "2013-12-31": "15.35%", "2013-09-30": "16.37%", "2013-06-30": "16.23%", "2013-03-31": "16.41%", "2012-12-31": "17.42%", "2012-09-30": "17.70%", "2012-06-30": "18.98%", "2012-03-31": "18.96%", "2011-12-31": "18.76%", "2011-09-30": "16.78%", "2011-06-30": "14.52%", "2011-03-31": "14.43%", "2010-12-31": "13.72%", "2010-09-30": "12.13%", "2010-06-30": "10.88%", "2010-03-31": "8.74%", "2009-12-31": "8.27%", "2009-09-30": "9.89%", "2009-06-30": "11.15%", "2009-03-31": "13.41%", "2008-12-31": "13.62%", "2008-09-30": "12.02%", "2008-06-30": "10.89%", "2008-03-31": "9.97%", "2007-12-31": "8.74%", "2007-09-30": "6.18%", "2007-06-30": "5.36%", "2007-03-31": "3.55%", "2006-12-31": "2.60%", "2006-09-30": "-0.10%", "2006-06-30": "-3.36%", "2006-03-31": "-2.46%", "2005-12-31": "-2.78%"}, "return on tangible equity": {"2020-09-30": "-17.88%", "2020-06-30": "-13.95%", "2020-03-31": "-20.33%", "2019-12-31": "-19.40%", "2019-09-30": "-18.69%", "2019-06-30": "-21.22%", "2019-03-31": "-23.91%", "2018-12-31": "-28.96%", "2018-09-30": "-32.41%", "2018-06-30": "-32.25%", "2018-03-31": "-29.85%", "2017-12-31": "-32.07%", "2017-09-30": "-36.16%", "2017-06-30": "-33.85%", "2017-03-31": "-37.32%", "2016-12-31": "-36.12%", "2016-09-30": "-32.95%", "2016-06-30": "-29.90%", "2016-03-31": "-27.82%", "2015-12-31": "-27.64%", "2015-09-30": "-31.04%", "2015-06-30": "-32.62%", "2015-03-31": "-31.84%", "2014-12-31": "-31.41%", "2014-09-30": "-24.33%", "2014-06-30": "-22.42%", "2014-03-31": "-22.21%", "2013-12-31": "-20.87%", "2013-09-30": "-32.18%", "2013-06-30": "-35.17%", "2013-03-31": "-38.47%", "2012-12-31": "-40.32%", "2012-09-30": "-36.82%", "2012-06-30": "-52.22%", "2012-03-31": "-53.56%", "2011-12-31": "-55.63%", "2011-09-30": "-50.76%", "2011-06-30": "-32.08%", "2011-03-31": "-31.22%", "2010-12-31": "-28.92%", "2010-09-30": "-21.95%", "2010-06-30": "-19.59%", "2010-03-31": "-10.49%", "2009-12-31": "-9.60%", "2009-09-30": "-16.92%", "2009-06-30": "-19.28%", "2009-03-31": "-27.22%", "2008-12-31": "-28.81%", "2008-09-30": "-25.33%", "2008-06-30": "-16.71%", "2008-03-31": "-18.82%", "2007-12-31": "-11.82%", "2007-09-30": "-2.32%", "2007-06-30": "-4.06%", "2007-03-31": "2.52%", "2006-12-31": "6.64%", "2006-09-30": "15.25%", "2006-06-30": "21.61%", "2006-03-31": "22.79%", "2005-12-31": "19.32%"}, "dividend yield history": {"last payout": "$1.02", "last yield": "3.88%"}}