{"ticker": "IPGP", "price": {"title": "IPG Photonics Historical Annual Stock Price Data", "value": 249.73, "historical": {"2020": {"Average Stock Price": "159.9322", "Year Open": "146.4800", "Year High": "225.0500", "Year Low": "102.7400", "Year Close": "223.7900", "Annual % Change": "54.42%"}, "2019": {"Average Stock Price": "141.0512", "Year Open": "114.7600", "Year High": "181.6300", "Year Low": "108.6000", "Year Close": "144.9200", "Annual % Change": "27.92%"}, "2018": {"Average Stock Price": "200.0828", "Year Open": "222.3400", "Year High": "263.3400", "Year Low": "105.6500", "Year Close": "113.2900", "Annual % Change": "-47.09%"}, "2017": {"Average Stock Price": "156.6097", "Year Open": "98.7800", "Year High": "246.2800", "Year Low": "95.1500", "Year Close": "214.1300", "Annual % Change": "116.93%"}, "2016": {"Average Stock Price": "87.4023", "Year Open": "85.8400", "Year High": "102.6900", "Year Low": "76.0700", "Year Close": "98.7100", "Annual % Change": "10.71%"}, "2015": {"Average Stock Price": "87.6981", "Year Open": "73.9800", "Year High": "100.0000", "Year Low": "71.0200", "Year Close": "89.1600", "Annual % Change": "19.01%"}, "2014": {"Average Stock Price": "69.0328", "Year Open": "76.1600", "Year High": "76.6500", "Year Low": "61.6200", "Year Close": "74.9200", "Annual % Change": "-3.47%"}, "2013": {"Average Stock Price": "63.0088", "Year Open": "68.1400", "Year High": "78.1600", "Year Low": "53.7600", "Year Close": "77.6100", "Annual % Change": "16.44%"}, "2012": {"Average Stock Price": "53.1929", "Year Open": "35.3300", "Year High": "66.6500", "Year Low": "35.3300", "Year Close": "66.6500", "Annual % Change": "96.78%"}, "2011": {"Average Stock Price": "53.9525", "Year Open": "32.0300", "Year High": "75.8800", "Year Low": "30.1100", "Year Close": "33.8700", "Annual % Change": "7.12%"}, "2010": {"Average Stock Price": "19.8330", "Year Open": "17.3700", "Year High": "32.7900", "Year Low": "13.6200", "Year Close": "31.6200", "Annual % Change": "89.00%"}, "2009": {"Average Stock Price": "11.7866", "Year Open": "13.3900", "Year High": "17.3500", "Year Low": "6.8300", "Year Close": "16.7300", "Annual % Change": "26.93%"}, "2008": {"Average Stock Price": "17.1268", "Year Open": "19.6000", "Year High": "21.7900", "Year Low": "11.0700", "Year Close": "13.1800", "Annual % Change": "-34.07%"}, "2007": {"Average Stock Price": "20.6845", "Year Open": "24.0900", "Year High": "27.4700", "Year Low": "17.6800", "Year Close": "19.9900", "Annual % Change": "-16.71%"}, "2006": {"Average Stock Price": "24.3458", "Year Open": "25.6000", "Year High": "25.6000", "Year Low": "23.1000", "Year Close": "24.0000", "Annual % Change": "0.00%"}}}, "market cap": {"value": "$12.95B"}, "income statement": {"Revenue": {"2019-12-31": "1314.58100", "2018-12-31": "1459.87400", "2017-12-31": "1408.88900", "2016-12-31": "1006.17300", "2015-12-31": "901.26500", "2014-12-31": "769.83200", "2013-12-31": "648.03400", "2012-12-31": "562.52800", "2011-12-31": "474.48200", "2010-12-31": "299.25600", "2009-12-31": "185.89400", "2008-12-31": "229.07600", "2007-12-31": "188.67700", "2006-12-31": "143.22500", "2005-12-31": "96.38500"}, "Cost Of Goods Sold": {"2019-12-31": "708.37200", "2018-12-31": "659.60600", "2017-12-31": "611.97800", "2016-12-31": "453.93300", "2015-12-31": "409.38800", "2014-12-31": "353.31400", "2013-12-31": "308.13600", "2012-12-31": "257.80100", "2011-12-31": "217.22700", "2010-12-31": "152.79800", "2009-12-31": "121.62600", "2008-12-31": "121.77600", "2007-12-31": "103.69500", "2006-12-31": "79.93100", "2005-12-31": "62.48100"}, "Gross Profit": {"2019-12-31": "606.20900", "2018-12-31": "800.26800", "2017-12-31": "796.91100", "2016-12-31": "552.24000", "2015-12-31": "491.87700", "2014-12-31": "416.51800", "2013-12-31": "339.89800", "2012-12-31": "304.72700", "2011-12-31": "257.25500", "2010-12-31": "146.45800", "2009-12-31": "64.26800", "2008-12-31": "107.30000", "2007-12-31": "84.98200", "2006-12-31": "63.29400", "2005-12-31": "33.90400"}, "Research And Development Expenses": {"2019-12-31": "129.99700", "2018-12-31": "122.76900", "2017-12-31": "100.87000", "2016-12-31": "78.55200", "2015-12-31": "63.33400", "2014-12-31": "53.40300", "2013-12-31": "41.66000", "2012-12-31": "31.40100", "2011-12-31": "25.42200", "2010-12-31": "19.16000", "2009-12-31": "18.54300", "2008-12-31": "15.80400", "2007-12-31": "9.52700", "2006-12-31": "6.54400", "2005-12-31": "5.78800"}, "SG&A Expenses": {"2019-12-31": "185.34200", "2018-12-31": "160.24400", "2017-12-31": "130.46900", "2016-12-31": "104.87900", "2015-12-31": "89.06000", "2014-12-31": "85.97500", "2013-12-31": "77.55500", "2012-12-31": "63.07600", "2011-12-31": "59.17300", "2010-12-31": "47.74500", "2009-12-31": "35.64600", "2008-12-31": "37.09800", "2007-12-31": "30.30600", "2006-12-31": "20.74400", "2005-12-31": "13.83400"}, "Other Operating Income Or Expenses": {"2019-12-31": "-19.95700", "2018-12-31": "6.15000", "2017-12-31": "-14.46000", "2016-12-31": "-4.49600", "2015-12-31": "2.56000", "2014-12-31": "6.61800", "2013-12-31": "-2.53600", "2012-12-31": "-1.36200", "2011-12-31": "2.86200", "2010-12-31": "0.84800", "2009-12-31": "-1.02200", "2008-12-31": "2.79800", "2007-12-31": "1.17500", "2006-12-31": "", "2005-12-31": ""}, "Operating Expenses": {"2019-12-31": "1080.78800", "2018-12-31": "936.46900", "2017-12-31": "857.77700", "2016-12-31": "641.86000", "2015-12-31": "559.22200", "2014-12-31": "486.07400", "2013-12-31": "429.88700", "2012-12-31": "353.64000", "2011-12-31": "298.96000", "2010-12-31": "218.85500", "2009-12-31": "176.83700", "2008-12-31": "171.88000", "2007-12-31": "142.35300", "2006-12-31": "107.21900", "2005-12-31": "82.10300"}, "Operating Income": {"2019-12-31": "233.79300", "2018-12-31": "523.40500", "2017-12-31": "551.11200", "2016-12-31": "364.31300", "2015-12-31": "342.04300", "2014-12-31": "283.75800", "2013-12-31": "218.14700", "2012-12-31": "208.88800", "2011-12-31": "175.52200", "2010-12-31": "80.40100", "2009-12-31": "9.05700", "2008-12-31": "57.19600", "2007-12-31": "46.32400", "2006-12-31": "36.00600", "2005-12-31": "14.28200"}, "Total Non-Operating Income/Expense": {"2019-12-31": "14.58300", "2018-12-31": "10.99000", "2017-12-31": "0.75900", "2016-12-31": "2.25200", "2015-12-31": "-0.42600", "2014-12-31": "0.71600", "2013-12-31": "0.15400", "2012-12-31": "0.32700", "2011-12-31": "-0.93800", "2010-12-31": "-1.14900", "2009-12-31": "-1.28800", "2008-12-31": "-0.63200", "2007-12-31": "1.28600", "2006-12-31": "-7.88700", "2005-12-31": "-2.34900"}, "Pre-Tax Income": {"2019-12-31": "248.37600", "2018-12-31": "534.39500", "2017-12-31": "551.87100", "2016-12-31": "366.56500", "2015-12-31": "341.61700", "2014-12-31": "284.47400", "2013-12-31": "218.30100", "2012-12-31": "209.21500", "2011-12-31": "174.58400", "2010-12-31": "79.25200", "2009-12-31": "7.76900", "2008-12-31": "56.56400", "2007-12-31": "47.61000", "2006-12-31": "28.11900", "2005-12-31": "11.93300"}, "Income Taxes": {"2019-12-31": "68.11500", "2018-12-31": "130.22600", "2017-12-31": "204.28300", "2016-12-31": "105.84900", "2015-12-31": "99.59000", "2014-12-31": "84.02900", "2013-12-31": "62.52100", "2012-12-31": "61.47100", "2011-12-31": "53.57500", "2010-12-31": "24.90000", "2009-12-31": "2.48500", "2008-12-31": "18.11100", "2007-12-31": "15.52200", "2006-12-31": "-2.99500", "2005-12-31": "4.08000"}, "Income After Taxes": {"2019-12-31": "180.26100", "2018-12-31": "404.16900", "2017-12-31": "347.58800", "2016-12-31": "260.71600", "2015-12-31": "242.02700", "2014-12-31": "200.44500", "2013-12-31": "155.78000", "2012-12-31": "147.74400", "2011-12-31": "121.00900", "2010-12-31": "54.35200", "2009-12-31": "5.28400", "2008-12-31": "38.45300", "2007-12-31": "32.08800", "2006-12-31": "31.11400", "2005-12-31": "7.85300"}, "Other Income": {"2019-12-31": "", "2018-12-31": "", "2017-12-31": "", "2016-12-31": "", "2015-12-31": "", "2014-12-31": "", "2013-12-31": "", "2012-12-31": "", "2011-12-31": "", "2010-12-31": "", "2009-12-31": "", "2008-12-31": "", "2007-12-31": "", "2006-12-31": "", "2005-12-31": ""}, "Income From Continuous Operations": {"2019-12-31": "180.26100", "2018-12-31": "404.16900", "2017-12-31": "347.58800", "2016-12-31": "260.71600", "2015-12-31": "242.02700", "2014-12-31": "200.44500", "2013-12-31": "155.78000", "2012-12-31": "147.74400", "2011-12-31": "121.00900", "2010-12-31": "54.35200", "2009-12-31": "5.28400", "2008-12-31": "38.45300", "2007-12-31": "32.08800", "2006-12-31": "29.23300", "2005-12-31": "7.42700"}, "Income From Discontinued Operations": {"2019-12-31": "", "2018-12-31": "", "2017-12-31": "", "2016-12-31": "", "2015-12-31": "", "2014-12-31": "", "2013-12-31": "", "2012-12-31": "", "2011-12-31": "", "2010-12-31": "", "2009-12-31": "", "2008-12-31": "", "2007-12-31": "", "2006-12-31": "", "2005-12-31": ""}, "Net Income": {"2019-12-31": "180.23400", "2018-12-31": "404.02700", "2017-12-31": "347.61400", "2016-12-31": "260.75200", "2015-12-31": "242.15400", "2014-12-31": "200.44500", "2013-12-31": "155.78000", "2012-12-31": "145.00400", "2011-12-31": "117.75900", "2010-12-31": "53.99100", "2009-12-31": "5.41900", "2008-12-31": "36.65400", "2007-12-31": "29.89500", "2006-12-31": "8.97200", "2005-12-31": "5.07600"}, "EBITDA": {"2019-12-31": "367.18100", "2018-12-31": "603.67600", "2017-12-31": "615.68000", "2016-12-31": "415.78800", "2015-12-31": "384.45800", "2014-12-31": "319.37000", "2013-12-31": "249.67100", "2012-12-31": "235.03200", "2011-12-31": "199.48400", "2010-12-31": "102.24600", "2009-12-31": "28.22900", "2008-12-31": "73.03000", "2007-12-31": "58.62800", "2006-12-31": "45.11100", "2005-12-31": "22.37400"}, "EBIT": {"2019-12-31": "233.79300", "2018-12-31": "523.40500", "2017-12-31": "551.11200", "2016-12-31": "364.31300", "2015-12-31": "342.04300", "2014-12-31": "283.75800", "2013-12-31": "218.14700", "2012-12-31": "208.88800", "2011-12-31": "175.52200", "2010-12-31": "80.40100", "2009-12-31": "9.05700", "2008-12-31": "57.19600", "2007-12-31": "46.32400", "2006-12-31": "36.00600", "2005-12-31": "14.28200"}, "Basic Shares Outstanding": {"2019-12-31": "53.06100", "2018-12-31": "53.52200", "2017-12-31": "53.49500", "2016-12-31": "53.06800", "2015-12-31": "52.67600", "2014-12-31": "52.10400", "2013-12-31": "51.54800", "2012-12-31": "50.47700", "2011-12-31": "47.36500", "2010-12-31": "46.42400", "2009-12-31": "45.48900", "2008-12-31": "44.50700", "2007-12-31": "43.26900", "2006-12-31": "27.89600", "2005-12-31": "26.23200"}, "Shares Outstanding": {"2019-12-31": "53.83900", "2018-12-31": "54.72600", "2017-12-31": "54.69900", "2016-12-31": "53.79700", "2015-12-31": "53.42700", "2014-12-31": "52.82400", "2013-12-31": "52.37500", "2012-12-31": "51.53600", "2011-12-31": "48.68500", "2010-12-31": "47.59400", "2009-12-31": "46.59500", "2008-12-31": "46.22300", "2007-12-31": "45.74900", "2006-12-31": "33.00500", "2005-12-31": "30.16700"}, "Basic EPS": {"2019-12-31": "3.40000", "2018-12-31": "7.55000", "2017-12-31": "6.50000", "2016-12-31": "4.91000", "2015-12-31": "4.60000", "2014-12-31": "3.85000", "2013-12-31": "3.02000", "2012-12-31": "2.87000", "2011-12-31": "2.48000", "2010-12-31": "1.16000", "2009-12-31": "0.12000", "2008-12-31": "0.82000", "2007-12-31": "0.69000", "2006-12-31": "0.27000", "2005-12-31": "0.16000"}, "EPS - Earnings Per Share": {"2019-12-31": "3.35000", "2018-12-31": "7.38000", "2017-12-31": "6.36000", "2016-12-31": "4.85000", "2015-12-31": "4.53000", "2014-12-31": "3.79000", "2013-12-31": "2.97000", "2012-12-31": "2.81000", "2011-12-31": "2.41000", "2010-12-31": "1.13000", "2009-12-31": "0.12000", "2008-12-31": "0.79000", "2007-12-31": "0.65000", "2006-12-31": "0.26000", "2005-12-31": "0.16000"}}, "income statement, quarterly": {"Revenue": {"2020-09-30": "318.44100", "2020-06-30": "296.41100", "2020-03-31": "249.24200", "2019-12-31": "306.62710", "2019-09-30": "329.13800", "2019-06-30": "363.76900", "2019-03-31": "315.04700", "2018-12-31": "330.05100", "2018-09-30": "356.34600", "2018-06-30": "413.61300", "2018-03-31": "359.86400", "2017-12-31": "361.05510", "2017-09-30": "392.61500", "2017-06-30": "369.37300", "2017-03-31": "285.84600", "2016-12-31": "280.12100", "2016-09-30": "266.01700", "2016-06-30": "252.78700", "2016-03-31": "207.24800", "2015-12-31": "223.62600", "2015-09-30": "243.54100", "2015-06-30": "235.13800", "2015-03-31": "198.96000", "2014-12-31": "207.40200", "2014-09-30": "199.65100", "2014-06-30": "192.20400", "2014-03-31": "170.57500", "2013-12-31": "165.85900", "2013-09-30": "172.15200", "2013-06-30": "168.17100", "2013-03-31": "141.85200", "2012-12-31": "145.03000", "2012-09-30": "156.37900", "2012-06-30": "137.92700", "2012-03-31": "123.19200", "2011-12-31": "123.52400", "2011-09-30": "129.06400", "2011-06-30": "121.93600", "2011-03-31": "99.95800", "2010-12-31": "100.98500", "2010-09-30": "79.80900", "2010-06-30": "67.25800", "2010-03-31": "51.20400", "2009-12-31": "54.29300", "2009-09-30": "45.80800", "2009-06-30": "40.38500", "2009-03-31": "45.40800", "2008-12-31": "58.19400", "2008-09-30": "62.01200", "2008-06-30": "55.99400", "2008-03-31": "52.87600", "2007-12-31": "55.06700", "2007-09-30": "47.90500", "2007-06-30": "43.95200", "2007-03-31": "41.75300", "2006-12-31": "42.10000", "2006-09-30": "36.20100", "2006-06-30": "32.18400", "2006-03-31": "32.74300"}, "Cost Of Goods Sold": {"2020-09-30": "165.64900", "2020-06-30": "159.96200", "2020-03-31": "146.36600", "2019-12-31": "182.42410", "2019-09-30": "176.28000", "2019-06-30": "183.53200", "2019-03-31": "166.13600", "2018-12-31": "163.30400", "2018-09-30": "161.16200", "2018-06-30": "178.63800", "2018-03-31": "156.50200", "2017-12-31": "152.26200", "2017-09-30": "168.06000", "2017-06-30": "163.07700", "2017-03-31": "128.57900", "2016-12-31": "124.78500", "2016-09-30": "121.22600", "2016-06-30": "115.08400", "2016-03-31": "92.83800", "2015-12-31": "101.58300", "2015-09-30": "110.23700", "2015-06-30": "106.43500", "2015-03-31": "91.13300", "2014-12-31": "93.48500", "2014-09-30": "90.56100", "2014-06-30": "87.97700", "2014-03-31": "81.29100", "2013-12-31": "84.33700", "2013-09-30": "79.33900", "2013-06-30": "78.24900", "2013-03-31": "66.21100", "2012-12-31": "69.85600", "2012-09-30": "70.42000", "2012-06-30": "63.01700", "2012-03-31": "54.50800", "2011-12-31": "57.10000", "2011-09-30": "58.60500", "2011-06-30": "55.23000", "2011-03-31": "46.29200", "2010-12-31": "45.46600", "2010-09-30": "39.87800", "2010-06-30": "36.79700", "2010-03-31": "30.65700", "2009-12-31": "34.38100", "2009-09-30": "29.08500", "2009-06-30": "28.61300", "2009-03-31": "29.54700", "2008-12-31": "31.66300", "2008-09-30": "32.59000", "2008-06-30": "29.04700", "2008-03-31": "28.47600", "2007-12-31": "31.44000", "2007-09-30": "26.20000", "2007-06-30": "23.63300", "2007-03-31": "22.42200", "2006-12-31": "21.94800", "2006-09-30": "18.86400", "2006-06-30": "18.84100", "2006-03-31": "20.27800"}, "Gross Profit": {"2020-09-30": "152.79200", "2020-06-30": "136.44900", "2020-03-31": "102.87600", "2019-12-31": "124.20300", "2019-09-30": "152.85800", "2019-06-30": "180.23700", "2019-03-31": "148.91100", "2018-12-31": "166.74700", "2018-09-30": "195.18400", "2018-06-30": "234.97500", "2018-03-31": "203.36200", "2017-12-31": "208.79300", "2017-09-30": "224.55500", "2017-06-30": "206.29600", "2017-03-31": "157.26700", "2016-12-31": "155.33600", "2016-09-30": "144.79100", "2016-06-30": "137.70300", "2016-03-31": "114.41000", "2015-12-31": "122.04300", "2015-09-30": "133.30400", "2015-06-30": "128.70300", "2015-03-31": "107.82700", "2014-12-31": "113.91700", "2014-09-30": "109.09000", "2014-06-30": "104.22700", "2014-03-31": "89.28400", "2013-12-31": "81.52200", "2013-09-30": "92.81300", "2013-06-30": "89.92200", "2013-03-31": "75.64100", "2012-12-31": "75.17400", "2012-09-30": "85.95900", "2012-06-30": "74.91000", "2012-03-31": "68.68400", "2011-12-31": "66.42400", "2011-09-30": "70.45900", "2011-06-30": "66.70600", "2011-03-31": "53.66600", "2010-12-31": "55.51900", "2010-09-30": "39.93100", "2010-06-30": "30.46100", "2010-03-31": "20.54700", "2009-12-31": "19.91200", "2009-09-30": "16.72300", "2009-06-30": "11.77200", "2009-03-31": "15.86100", "2008-12-31": "26.53100", "2008-09-30": "29.42200", "2008-06-30": "26.94700", "2008-03-31": "24.40000", "2007-12-31": "23.62700", "2007-09-30": "21.70500", "2007-06-30": "20.31900", "2007-03-31": "19.33100", "2006-12-31": "20.15200", "2006-09-30": "17.33700", "2006-06-30": "13.34300", "2006-03-31": "12.46500"}, "Research And Development Expenses": {"2020-09-30": "31.71000", "2020-06-30": "31.58400", "2020-03-31": "31.83800", "2019-12-31": "30.46900", "2019-09-30": "32.16000", "2019-06-30": "34.87200", "2019-03-31": "32.49600", "2018-12-31": "31.50100", "2018-09-30": "30.90900", "2018-06-30": "31.81300", "2018-03-31": "28.54600", "2017-12-31": "26.58900", "2017-09-30": "25.54100", "2017-06-30": "25.96000", "2017-03-31": "22.78000", "2016-12-31": "22.10800", "2016-09-30": "20.54300", "2016-06-30": "18.41200", "2016-03-31": "17.48900", "2015-12-31": "17.76900", "2015-09-30": "16.22100", "2015-06-30": "15.11400", "2015-03-31": "14.23000", "2014-12-31": "13.81000", "2014-09-30": "13.44700", "2014-06-30": "13.36200", "2014-03-31": "12.78400", "2013-12-31": "10.87800", "2013-09-30": "11.50100", "2013-06-30": "10.48300", "2013-03-31": "8.79800", "2012-12-31": "9.27000", "2012-09-30": "7.76200", "2012-06-30": "7.22900", "2012-03-31": "7.14000", "2011-12-31": "6.58000", "2011-09-30": "6.50100", "2011-06-30": "6.61000", "2011-03-31": "5.73100", "2010-12-31": "5.29200", "2010-09-30": "4.98100", "2010-06-30": "4.72900", "2010-03-31": "4.15800", "2009-12-31": "5.09800", "2009-09-30": "4.56900", "2009-06-30": "4.73400", "2009-03-31": "4.14200", "2008-12-31": "4.35300", "2008-09-30": "4.13000", "2008-06-30": "4.44700", "2008-03-31": "2.87400", "2007-12-31": "2.65600", "2007-09-30": "2.35400", "2007-06-30": "2.38800", "2007-03-31": "2.12900", "2006-12-31": "2.23000", "2006-09-30": "1.69200", "2006-06-30": "1.38700", "2006-03-31": "1.23500"}, "SG&A Expenses": {"2020-09-30": "46.37000", "2020-06-30": "43.72500", "2020-03-31": "45.80700", "2019-12-31": "43.90900", "2019-09-30": "45.74500", "2019-06-30": "49.20100", "2019-03-31": "46.48700", "2018-12-31": "43.85600", "2018-09-30": "38.72400", "2018-06-30": "38.65300", "2018-03-31": "39.01100", "2017-12-31": "35.03000", "2017-09-30": "34.87500", "2017-06-30": "32.01100", "2017-03-31": "28.55300", "2016-12-31": "29.84700", "2016-09-30": "27.25700", "2016-06-30": "25.84000", "2016-03-31": "21.93500", "2015-12-31": "23.35800", "2015-09-30": "22.39600", "2015-06-30": "22.97900", "2015-03-31": "20.32700", "2014-12-31": "23.05500", "2014-09-30": "21.66800", "2014-06-30": "21.17100", "2014-03-31": "20.08100", "2013-12-31": "20.22700", "2013-09-30": "19.97600", "2013-06-30": "19.67400", "2013-03-31": "17.67800", "2012-12-31": "17.01100", "2012-09-30": "16.39400", "2012-06-30": "14.59000", "2012-03-31": "15.08100", "2011-12-31": "15.22300", "2011-09-30": "16.65300", "2011-06-30": "14.18000", "2011-03-31": "13.11700", "2010-12-31": "11.93600", "2010-09-30": "12.32700", "2010-06-30": "12.31600", "2010-03-31": "11.16600", "2009-12-31": "10.09700", "2009-09-30": "8.54600", "2009-06-30": "8.82400", "2009-03-31": "8.17900", "2008-12-31": "8.27400", "2008-09-30": "9.79700", "2008-06-30": "9.46800", "2008-03-31": "9.55900", "2007-12-31": "9.79400", "2007-09-30": "6.53700", "2007-06-30": "7.82500", "2007-03-31": "6.15000", "2006-12-31": "7.28100", "2006-09-30": "5.30700", "2006-06-30": "4.41700", "2006-03-31": "3.73900"}, "Other Operating Income Or Expenses": {"2020-09-30": "11.29000", "2020-06-30": "-13.93100", "2020-03-31": "19.56500", "2019-12-31": "-12.46200", "2019-09-30": "-0.80800", "2019-06-30": "-5.07400", "2019-03-31": "-1.61300", "2018-12-31": "4.66100", "2018-09-30": "-1.68800", "2018-06-30": "-2.11800", "2018-03-31": "5.29500", "2017-12-31": "1.09300", "2017-09-30": "-3.91700", "2017-06-30": "-7.18300", "2017-03-31": "-4.45300", "2016-12-31": "1.82000", "2016-09-30": "-2.90500", "2016-06-30": "1.55600", "2016-03-31": "-4.96700", "2015-12-31": "2.10000", "2015-09-30": "-5.12500", "2015-06-30": "-3.16700", "2015-03-31": "8.75200", "2014-12-31": "2.57900", "2014-09-30": "3.61400", "2014-06-30": "-0.94500", "2014-03-31": "1.37000", "2013-12-31": "-1.56400", "2013-09-30": "-1.56300", "2013-06-30": "0.11000", "2013-03-31": "0.48100", "2012-12-31": "-1.63400", "2012-09-30": "-1.79600", "2012-06-30": "3.35400", "2012-03-31": "-1.28600", "2011-12-31": "1.44900", "2011-09-30": "1.92700", "2011-06-30": "0.20600", "2011-03-31": "-0.72000", "2010-12-31": "0.52300", "2010-09-30": "-2.07800", "2010-06-30": "2.29500", "2010-03-31": "0.10800", "2009-12-31": "-0.04700", "2009-09-30": "0.04000", "2009-06-30": "0.50000", "2009-03-31": "-1.51500", "2008-12-31": "0.89000", "2008-09-30": "1.59400", "2008-06-30": "-0.25900", "2008-03-31": "0.57300", "2007-12-31": "", "2007-09-30": "", "2007-06-30": "", "2007-03-31": "", "2006-12-31": "", "2006-09-30": "", "2006-06-30": "", "2006-03-31": ""}, "Operating Expenses": {"2020-09-30": "277.02800", "2020-06-30": "249.20200", "2020-03-31": "204.44600", "2019-12-31": "306.38410", "2019-09-30": "254.99300", "2019-06-30": "272.67900", "2019-03-31": "246.73200", "2018-12-31": "234.00000", "2018-09-30": "232.48300", "2018-06-30": "251.22200", "2018-03-31": "218.76400", "2017-12-31": "212.78810", "2017-09-30": "232.39300", "2017-06-30": "228.23100", "2017-03-31": "184.36500", "2016-12-31": "174.92000", "2016-09-30": "171.93100", "2016-06-30": "157.78000", "2016-03-31": "137.22900", "2015-12-31": "140.61000", "2015-09-30": "153.97900", "2015-06-30": "147.69500", "2015-03-31": "116.93800", "2014-12-31": "127.77100", "2014-09-30": "122.06200", "2014-06-30": "123.45500", "2014-03-31": "112.78600", "2013-12-31": "117.00600", "2013-09-30": "112.37900", "2013-06-30": "108.29600", "2013-03-31": "92.20600", "2012-12-31": "97.77100", "2012-09-30": "96.37200", "2012-06-30": "81.48200", "2012-03-31": "78.01500", "2011-12-31": "77.45400", "2011-09-30": "79.83200", "2011-06-30": "75.81400", "2011-03-31": "65.86000", "2010-12-31": "62.17100", "2010-09-30": "59.26400", "2010-06-30": "51.54700", "2010-03-31": "45.87300", "2009-12-31": "49.62300", "2009-09-30": "42.16000", "2009-06-30": "41.67100", "2009-03-31": "43.38300", "2008-12-31": "43.40000", "2008-09-30": "44.92300", "2008-06-30": "43.22100", "2008-03-31": "40.33600", "2007-12-31": "42.71500", "2007-09-30": "35.09100", "2007-06-30": "33.84600", "2007-03-31": "30.70100", "2006-12-31": "31.45900", "2006-09-30": "25.86300", "2006-06-30": "24.64500", "2006-03-31": "25.25200"}, "Operating Income": {"2020-09-30": "41.41300", "2020-06-30": "47.20900", "2020-03-31": "44.79600", "2019-12-31": "0.24300", "2019-09-30": "74.14500", "2019-06-30": "91.09000", "2019-03-31": "68.31500", "2018-12-31": "96.05110", "2018-09-30": "123.86300", "2018-06-30": "162.39100", "2018-03-31": "141.10000", "2017-12-31": "148.26700", "2017-09-30": "160.22200", "2017-06-30": "141.14200", "2017-03-31": "101.48100", "2016-12-31": "105.20100", "2016-09-30": "94.08600", "2016-06-30": "95.00700", "2016-03-31": "70.01900", "2015-12-31": "83.01600", "2015-09-30": "89.56200", "2015-06-30": "87.44300", "2015-03-31": "82.02200", "2014-12-31": "79.63100", "2014-09-30": "77.58900", "2014-06-30": "68.74900", "2014-03-31": "57.78900", "2013-12-31": "48.85300", "2013-09-30": "59.77300", "2013-06-30": "59.87500", "2013-03-31": "49.64600", "2012-12-31": "47.25900", "2012-09-30": "60.00700", "2012-06-30": "56.44500", "2012-03-31": "45.17700", "2011-12-31": "46.07000", "2011-09-30": "49.23200", "2011-06-30": "46.12200", "2011-03-31": "34.09800", "2010-12-31": "38.81400", "2010-09-30": "20.54500", "2010-06-30": "15.71100", "2010-03-31": "5.33100", "2009-12-31": "4.67000", "2009-09-30": "3.64800", "2009-06-30": "-1.28600", "2009-03-31": "2.02500", "2008-12-31": "14.79400", "2008-09-30": "17.08900", "2008-06-30": "12.77300", "2008-03-31": "12.54000", "2007-12-31": "12.35200", "2007-09-30": "12.81400", "2007-06-30": "10.10600", "2007-03-31": "11.05200", "2006-12-31": "10.64100", "2006-09-30": "10.33800", "2006-06-30": "7.53900", "2006-03-31": "7.49100"}, "Total Non-Operating Income/Expense": {"2020-09-30": "1.10900", "2020-06-30": "2.30500", "2020-03-31": "3.26400", "2019-12-31": "2.71700", "2019-09-30": "3.21400", "2019-06-30": "4.70900", "2019-03-31": "3.94300", "2018-12-31": "4.81400", "2018-09-30": "4.30700", "2018-06-30": "1.11500", "2018-03-31": "0.75400", "2017-12-31": "0.15500", "2017-09-30": "0.33400", "2017-06-30": "0.49100", "2017-03-31": "-0.22100", "2016-12-31": "1.07500", "2016-09-30": "0.56700", "2016-06-30": "0.41100", "2016-03-31": "0.19900", "2015-12-31": "-0.46800", "2015-09-30": "0.09200", "2015-06-30": "0.04900", "2015-03-31": "-0.09900", "2014-12-31": "0.12400", "2014-09-30": "0.15800", "2014-06-30": "0.23900", "2014-03-31": "0.19500", "2013-12-31": "0.13000", "2013-09-30": "0.28100", "2013-06-30": "-0.27400", "2013-03-31": "0.01700", "2012-12-31": "0.76700", "2012-09-30": "0.26000", "2012-06-30": "0.52300", "2012-03-31": "-1.22300", "2011-12-31": "0.11200", "2011-09-30": "-0.06400", "2011-06-30": "-0.78800", "2011-03-31": "-0.19800", "2010-12-31": "0.01400", "2010-09-30": "-0.67200", "2010-06-30": "-0.21700", "2010-03-31": "-0.27400", "2009-12-31": "-0.00600", "2009-09-30": "-0.34100", "2009-06-30": "-0.40300", "2009-03-31": "-0.53800", "2008-12-31": "-0.59300", "2008-09-30": "-0.29700", "2008-06-30": "0.30600", "2008-03-31": "-0.04800", "2007-12-31": "0.23000", "2007-09-30": "0.50700", "2007-06-30": "0.10900", "2007-03-31": "0.44000", "2006-12-31": "-2.62300", "2006-09-30": "-2.34800", "2006-06-30": "-0.70700", "2006-03-31": "-2.20900"}, "Pre-Tax Income": {"2020-09-30": "42.52200", "2020-06-30": "49.51400", "2020-03-31": "48.06000", "2019-12-31": "2.96000", "2019-09-30": "77.35900", "2019-06-30": "95.79900", "2019-03-31": "72.25800", "2018-12-31": "100.86500", "2018-09-30": "128.17000", "2018-06-30": "163.50600", "2018-03-31": "141.85400", "2017-12-31": "148.42200", "2017-09-30": "160.55600", "2017-06-30": "141.63300", "2017-03-31": "101.26000", "2016-12-31": "106.27600", "2016-09-30": "94.65300", "2016-06-30": "95.41800", "2016-03-31": "70.21800", "2015-12-31": "82.54800", "2015-09-30": "89.65400", "2015-06-30": "87.49200", "2015-03-31": "81.92300", "2014-12-31": "79.75500", "2014-09-30": "77.74700", "2014-06-30": "68.98800", "2014-03-31": "57.98400", "2013-12-31": "48.98300", "2013-09-30": "60.05400", "2013-06-30": "59.60100", "2013-03-31": "49.66300", "2012-12-31": "48.02600", "2012-09-30": "60.26700", "2012-06-30": "56.96800", "2012-03-31": "43.95400", "2011-12-31": "46.18200", "2011-09-30": "49.16800", "2011-06-30": "45.33400", "2011-03-31": "33.90000", "2010-12-31": "38.82800", "2010-09-30": "19.87300", "2010-06-30": "15.49400", "2010-03-31": "5.05700", "2009-12-31": "4.66400", "2009-09-30": "3.30700", "2009-06-30": "-1.68900", "2009-03-31": "1.48700", "2008-12-31": "14.20100", "2008-09-30": "16.79200", "2008-06-30": "13.07900", "2008-03-31": "12.49200", "2007-12-31": "12.58200", "2007-09-30": "13.32100", "2007-06-30": "10.21500", "2007-03-31": "11.49200", "2006-12-31": "42.10000", "2006-09-30": "7.99000", "2006-06-30": "6.83200", "2006-03-31": "5.28200"}, "Income Taxes": {"2020-09-30": "6.99200", "2020-06-30": "11.14800", "2020-03-31": "11.29400", "2019-12-31": "7.26300", "2019-09-30": "20.23200", "2019-06-30": "23.27800", "2019-03-31": "17.34200", "2018-12-31": "25.39900", "2018-09-30": "27.41800", "2018-06-30": "41.88900", "2018-03-31": "35.52000", "2017-12-31": "95.46600", "2017-09-30": "44.95900", "2017-06-30": "37.53000", "2017-03-31": "26.32800", "2016-12-31": "31.14600", "2016-09-30": "25.42600", "2016-06-30": "28.38700", "2016-03-31": "20.89000", "2015-12-31": "21.86800", "2015-09-30": "26.89700", "2015-06-30": "26.24800", "2015-03-31": "24.57700", "2014-12-31": "23.32400", "2014-09-30": "22.54700", "2014-06-30": "20.70500", "2014-03-31": "17.45300", "2013-12-31": "12.38800", "2013-09-30": "17.71600", "2013-06-30": "17.88100", "2013-03-31": "14.53600", "2012-12-31": "13.11400", "2012-09-30": "17.83200", "2012-06-30": "17.11900", "2012-03-31": "13.40600", "2011-12-31": "14.32700", "2011-09-30": "14.89900", "2011-06-30": "13.82700", "2011-03-31": "10.52200", "2010-12-31": "11.56000", "2010-09-30": "6.55800", "2010-06-30": "5.14900", "2010-03-31": "1.63300", "2009-12-31": "1.50700", "2009-09-30": "1.04100", "2009-06-30": "-0.52400", "2009-03-31": "0.46100", "2008-12-31": "4.74600", "2008-09-30": "5.31000", "2008-06-30": "4.05800", "2008-03-31": "3.99700", "2007-12-31": "3.89900", "2007-09-30": "3.50500", "2007-06-30": "3.61100", "2007-03-31": "4.50700", "2006-12-31": "-9.59200", "2006-09-30": "2.73100", "2006-06-30": "1.93900", "2006-03-31": "1.92700"}, "Income After Taxes": {"2020-09-30": "35.53000", "2020-06-30": "38.36600", "2020-03-31": "36.76600", "2019-12-31": "-4.30300", "2019-09-30": "57.12700", "2019-06-30": "72.52100", "2019-03-31": "54.91600", "2018-12-31": "75.46600", "2018-09-30": "100.75200", "2018-06-30": "121.61700", "2018-03-31": "106.33400", "2017-12-31": "52.95600", "2017-09-30": "115.59700", "2017-06-30": "104.10300", "2017-03-31": "74.93200", "2016-12-31": "75.13000", "2016-09-30": "69.22700", "2016-06-30": "67.03100", "2016-03-31": "49.32800", "2015-12-31": "60.68000", "2015-09-30": "62.75700", "2015-06-30": "61.24400", "2015-03-31": "57.34600", "2014-12-31": "56.43100", "2014-09-30": "55.20000", "2014-06-30": "48.28300", "2014-03-31": "40.53100", "2013-12-31": "36.59500", "2013-09-30": "42.33800", "2013-06-30": "41.72000", "2013-03-31": "35.12700", "2012-12-31": "34.91200", "2012-09-30": "42.43500", "2012-06-30": "39.84900", "2012-03-31": "30.54800", "2011-12-31": "31.85500", "2011-09-30": "34.26900", "2011-06-30": "31.50700", "2011-03-31": "23.37800", "2010-12-31": "27.26800", "2010-09-30": "13.31500", "2010-06-30": "10.34500", "2010-03-31": "3.42400", "2009-12-31": "3.15700", "2009-09-30": "2.26600", "2009-06-30": "-1.16500", "2009-03-31": "1.02600", "2008-12-31": "9.45500", "2008-09-30": "11.48200", "2008-06-30": "9.02100", "2008-03-31": "8.49500", "2007-12-31": "8.68300", "2007-09-30": "9.81600", "2007-06-30": "6.60400", "2007-03-31": "6.98500", "2006-12-31": "42.10000", "2006-09-30": "5.25900", "2006-06-30": "4.89300", "2006-03-31": "3.35500"}, "Other Income": {"2020-09-30": "", "2020-06-30": "", "2020-03-31": "", "2019-12-31": "", "2019-09-30": "", "2019-06-30": "", "2019-03-31": "", "2018-12-31": "", "2018-09-30": "", "2018-06-30": "", "2018-03-31": "", "2017-12-31": "", "2017-09-30": "", "2017-06-30": "", "2017-03-31": "", "2016-12-31": "", "2016-09-30": "", "2016-06-30": "", "2016-03-31": "", "2015-12-31": "", "2015-09-30": "", "2015-06-30": "", "2015-03-31": "", "2014-12-31": "", "2014-09-30": "", "2014-06-30": "", "2014-03-31": "", "2013-12-31": "", "2013-09-30": "", "2013-06-30": "", "2013-03-31": "", "2012-12-31": "", "2012-09-30": "", "2012-06-30": "", "2012-03-31": "", "2011-12-31": "", "2011-09-30": "", "2011-06-30": "", "2011-03-31": "", "2010-12-31": "", "2010-09-30": "", "2010-06-30": "", "2010-03-31": "", "2009-12-31": "", "2009-09-30": "", "2009-06-30": "", "2009-03-31": "", "2008-12-31": "", "2008-09-30": "", "2008-06-30": "", "2008-03-31": "", "2007-12-31": "", "2007-09-30": "", "2007-06-30": "", "2007-03-31": "", "2006-12-31": "", "2006-09-30": "", "2006-06-30": "", "2006-03-31": ""}, "Income From Continuous Operations": {"2020-09-30": "35.53000", "2020-06-30": "38.36600", "2020-03-31": "36.76600", "2019-12-31": "-4.30300", "2019-09-30": "57.12700", "2019-06-30": "72.52100", "2019-03-31": "54.91600", "2018-12-31": "75.46600", "2018-09-30": "100.75200", "2018-06-30": "121.61700", "2018-03-31": "106.33400", "2017-12-31": "52.95600", "2017-09-30": "115.59700", "2017-06-30": "104.10300", "2017-03-31": "74.93200", "2016-12-31": "75.13000", "2016-09-30": "69.22700", "2016-06-30": "67.03100", "2016-03-31": "49.32800", "2015-12-31": "60.68000", "2015-09-30": "62.75700", "2015-06-30": "61.24400", "2015-03-31": "57.34600", "2014-12-31": "56.43100", "2014-09-30": "55.20000", "2014-06-30": "48.28300", "2014-03-31": "40.53100", "2013-12-31": "36.59500", "2013-09-30": "42.33800", "2013-06-30": "41.72000", "2013-03-31": "35.12700", "2012-12-31": "34.91200", "2012-09-30": "42.43500", "2012-06-30": "39.84900", "2012-03-31": "30.54800", "2011-12-31": "31.85500", "2011-09-30": "34.26900", "2011-06-30": "31.50700", "2011-03-31": "23.37800", "2010-12-31": "27.26800", "2010-09-30": "13.31500", "2010-06-30": "10.34500", "2010-03-31": "3.42400", "2009-12-31": "3.15700", "2009-09-30": "2.26600", "2009-06-30": "-1.16500", "2009-03-31": "1.02600", "2008-12-31": "9.45500", "2008-09-30": "11.48200", "2008-06-30": "9.02100", "2008-03-31": "8.49500", "2007-12-31": "10.53000", "2007-09-30": "8.55700", "2007-06-30": "6.38800", "2007-03-31": "6.61300", "2006-12-31": "16.60000", "2006-09-30": "4.74700", "2006-06-30": "4.78300", "2006-03-31": "3.06700"}, "Income From Discontinued Operations": {"2020-09-30": "", "2020-06-30": "", "2020-03-31": "", "2019-12-31": "", "2019-09-30": "", "2019-06-30": "", "2019-03-31": "", "2018-12-31": "", "2018-09-30": "", "2018-06-30": "", "2018-03-31": "", "2017-12-31": "", "2017-09-30": "", "2017-06-30": "", "2017-03-31": "", "2016-12-31": "", "2016-09-30": "", "2016-06-30": "", "2016-03-31": "", "2015-12-31": "", "2015-09-30": "", "2015-06-30": "", "2015-03-31": "", "2014-12-31": "", "2014-09-30": "", "2014-06-30": "", "2014-03-31": "", "2013-12-31": "", "2013-09-30": "", "2013-06-30": "", "2013-03-31": "", "2012-12-31": "", "2012-09-30": "", "2012-06-30": "", "2012-03-31": "", "2011-12-31": "", "2011-09-30": "", "2011-06-30": "", "2011-03-31": "", "2010-12-31": "", "2010-09-30": "", "2010-06-30": "", "2010-03-31": "", "2009-12-31": "", "2009-09-30": "", "2009-06-30": "", "2009-03-31": "", "2008-12-31": "", "2008-09-30": "", "2008-06-30": "", "2008-03-31": "", "2007-12-31": "", "2007-09-30": "", "2007-06-30": "", "2007-03-31": "", "2006-12-31": "0.00000", "2006-09-30": "", "2006-06-30": "", "2006-03-31": ""}, "Net Income": {"2020-09-30": "35.60400", "2020-06-30": "38.22600", "2020-03-31": "36.40300", "2019-12-31": "-4.45000", "2019-09-30": "57.25300", "2019-06-30": "72.27200", "2019-03-31": "55.15900", "2018-12-31": "75.55900", "2018-09-30": "100.51700", "2018-06-30": "121.61700", "2018-03-31": "106.33400", "2017-12-31": "52.95600", "2017-09-30": "115.59700", "2017-06-30": "104.11600", "2017-03-31": "74.94500", "2016-12-31": "75.13300", "2016-09-30": "69.23500", "2016-06-30": "67.05800", "2016-03-31": "49.32600", "2015-12-31": "60.70500", "2015-09-30": "62.79100", "2015-06-30": "61.29900", "2015-03-31": "57.35900", "2014-12-31": "56.43100", "2014-09-30": "55.20000", "2014-06-30": "48.28300", "2014-03-31": "40.53100", "2013-12-31": "36.59500", "2013-09-30": "42.33800", "2013-06-30": "41.72000", "2013-03-31": "35.12700", "2012-12-31": "34.91200", "2012-09-30": "42.43500", "2012-06-30": "37.74200", "2012-03-31": "29.91500", "2011-12-31": "31.57300", "2011-09-30": "32.38200", "2011-06-30": "30.73600", "2011-03-31": "23.06800", "2010-12-31": "27.06200", "2010-09-30": "13.22600", "2010-06-30": "10.30600", "2010-03-31": "3.39700", "2009-12-31": "3.12200", "2009-09-30": "2.25500", "2009-06-30": "-1.22900", "2009-03-31": "1.27100", "2008-12-31": "9.06000", "2008-09-30": "10.89300", "2008-06-30": "8.55200", "2008-03-31": "8.14900", "2007-12-31": "8.33700", "2007-09-30": "8.55700", "2007-06-30": "6.38800", "2007-03-31": "6.61300", "2006-12-31": "16.60000", "2006-09-30": "4.74700", "2006-06-30": "4.78300", "2006-03-31": "3.06700"}, "EBITDA": {"2020-09-30": "109.16900", "2020-06-30": "71.13100", "2020-03-31": "68.89500", "2019-12-31": "61.10000", "2019-09-30": "99.19000", "2019-06-30": "115.77400", "2019-03-31": "91.11700", "2018-12-31": "117.42810", "2018-09-30": "144.03000", "2018-06-30": "181.89500", "2018-03-31": "160.32300", "2017-12-31": "166.41900", "2017-09-30": "176.92400", "2017-06-30": "156.35200", "2017-03-31": "115.98500", "2016-12-31": "119.03000", "2016-09-30": "108.07900", "2016-06-30": "107.26600", "2016-03-31": "81.41300", "2015-12-31": "94.35200", "2015-09-30": "100.46500", "2015-06-30": "97.87600", "2015-03-31": "91.76500", "2014-12-31": "88.83400", "2014-09-30": "86.91000", "2014-06-30": "77.73500", "2014-03-31": "65.89100", "2013-12-31": "56.96300", "2013-09-30": "68.30200", "2013-06-30": "67.54300", "2013-03-31": "56.86300", "2012-12-31": "54.23500", "2012-09-30": "66.81700", "2012-06-30": "62.58800", "2012-03-31": "51.39200", "2011-12-31": "51.85000", "2011-09-30": "55.45900", "2011-06-30": "52.41900", "2011-03-31": "39.75600", "2010-12-31": "44.56100", "2010-09-30": "26.12900", "2010-06-30": "20.99900", "2010-03-31": "10.55700", "2009-12-31": "9.81800", "2009-09-30": "8.62900", "2009-06-30": "3.37700", "2009-03-31": "6.40500", "2008-12-31": "19.52700", "2008-09-30": "20.66500", "2008-06-30": "16.68900", "2008-03-31": "16.14900", "2007-12-31": "16.10100", "2007-09-30": "15.95900", "2007-06-30": "12.79100", "2007-03-31": "13.77700", "2006-12-31": "14.07700", "2006-09-30": "12.24800", "2006-06-30": "9.47600", "2006-03-31": "9.30800"}, "EBIT": {"2020-09-30": "41.41300", "2020-06-30": "47.20900", "2020-03-31": "44.79600", "2019-12-31": "0.24300", "2019-09-30": "74.14500", "2019-06-30": "91.09000", "2019-03-31": "68.31500", "2018-12-31": "96.05100", "2018-09-30": "123.86300", "2018-06-30": "162.39100", "2018-03-31": "141.10000", "2017-12-31": "148.26700", "2017-09-30": "160.22200", "2017-06-30": "141.14200", "2017-03-31": "101.48100", "2016-12-31": "105.20100", "2016-09-30": "94.08600", "2016-06-30": "95.00700", "2016-03-31": "70.01900", "2015-12-31": "83.01600", "2015-09-30": "89.56200", "2015-06-30": "87.44300", "2015-03-31": "82.02200", "2014-12-31": "79.63100", "2014-09-30": "77.58900", "2014-06-30": "68.74900", "2014-03-31": "57.78900", "2013-12-31": "48.85300", "2013-09-30": "59.77300", "2013-06-30": "59.87500", "2013-03-31": "49.64600", "2012-12-31": "47.25900", "2012-09-30": "60.00700", "2012-06-30": "56.44500", "2012-03-31": "45.17700", "2011-12-31": "46.07000", "2011-09-30": "49.23200", "2011-06-30": "46.12200", "2011-03-31": "34.09800", "2010-12-31": "38.81400", "2010-09-30": "20.54500", "2010-06-30": "15.71100", "2010-03-31": "5.33100", "2009-12-31": "4.67000", "2009-09-30": "3.64800", "2009-06-30": "-1.28600", "2009-03-31": "2.02500", "2008-12-31": "14.79400", "2008-09-30": "17.08900", "2008-06-30": "12.77300", "2008-03-31": "12.54000", "2007-12-31": "12.35200", "2007-09-30": "12.81400", "2007-06-30": "10.10600", "2007-03-31": "11.05200", "2006-12-31": "42.10000", "2006-09-30": "10.33800", "2006-06-30": "7.53900", "2006-03-31": "7.49100"}, "Basic Shares Outstanding": {"2020-09-30": "53.09800", "2020-06-30": "53.04000", "2020-03-31": "53.07500", "2019-12-31": "53.06100", "2019-09-30": "52.92800", "2019-06-30": "53.04200", "2019-03-31": "53.00100", "2018-12-31": "53.52200", "2018-09-30": "53.57100", "2018-06-30": "53.66200", "2018-03-31": "53.69400", "2017-12-31": "53.49500", "2017-09-30": "53.44000", "2017-06-30": "53.38000", "2017-03-31": "53.36800", "2016-12-31": "53.06800", "2016-09-30": "53.07100", "2016-06-30": "53.06500", "2016-03-31": "52.89800", "2015-12-31": "52.67600", "2015-09-30": "52.67500", "2015-06-30": "52.65700", "2015-03-31": "52.48600", "2014-12-31": "52.10400", "2014-09-30": "52.08800", "2014-06-30": "52.06800", "2014-03-31": "51.97000", "2013-12-31": "51.54800", "2013-09-30": "51.49500", "2013-06-30": "51.46200", "2013-03-31": "51.40700", "2012-12-31": "50.47700", "2012-09-30": "51.09000", "2012-06-30": "50.98900", "2012-03-31": "48.44600", "2011-12-31": "47.36500", "2011-09-30": "47.48300", "2011-06-30": "47.31000", "2011-03-31": "47.09900", "2010-12-31": "46.42400", "2010-09-30": "46.53300", "2010-06-30": "46.22000", "2010-03-31": "46.09800", "2009-12-31": "45.48900", "2009-09-30": "45.57300", "2009-06-30": "45.43100", "2009-03-31": "45.09400", "2008-12-31": "44.50700", "2008-09-30": "44.68500", "2008-06-30": "44.35500", "2008-03-31": "44.09500", "2007-12-31": "43.26900", "2007-09-30": "43.36200", "2007-06-30": "42.97400", "2007-03-31": "42.90900", "2006-12-31": "30.39900", "2006-09-30": "27.30400", "2006-06-30": "27.07400", "2006-03-31": "26.77100"}, "Shares Outstanding": {"2020-09-30": "53.66400", "2020-06-30": "53.53000", "2020-03-31": "53.67600", "2019-12-31": "53.83900", "2019-09-30": "53.62200", "2019-06-30": "53.84800", "2019-03-31": "53.87400", "2018-12-31": "54.72600", "2018-09-30": "54.69600", "2018-06-30": "54.99200", "2018-03-31": "55.18200", "2017-12-31": "54.69900", "2017-09-30": "54.69800", "2017-06-30": "54.47100", "2017-03-31": "54.37000", "2016-12-31": "53.79700", "2016-09-30": "53.76100", "2016-06-30": "53.78800", "2016-03-31": "53.62100", "2015-12-31": "53.42700", "2015-09-30": "53.39200", "2015-06-30": "53.44200", "2015-03-31": "53.26700", "2014-12-31": "52.82400", "2014-09-30": "52.79200", "2014-06-30": "52.76900", "2014-03-31": "52.72400", "2013-12-31": "52.37500", "2013-09-30": "52.36700", "2013-06-30": "52.38500", "2013-03-31": "52.35000", "2012-12-31": "51.53600", "2012-09-30": "52.10200", "2012-06-30": "52.07100", "2012-03-31": "49.58200", "2011-12-31": "48.68500", "2011-09-30": "48.74700", "2011-06-30": "48.61000", "2011-03-31": "48.69000", "2010-12-31": "47.59400", "2010-09-30": "47.70000", "2010-06-30": "47.33300", "2010-03-31": "47.19100", "2009-12-31": "46.59500", "2009-09-30": "46.69500", "2009-06-30": "45.43100", "2009-03-31": "46.15200", "2008-12-31": "46.22300", "2008-09-30": "46.37500", "2008-06-30": "46.13200", "2008-03-31": "46.04100", "2007-12-31": "45.74900", "2007-09-30": "45.73100", "2007-06-30": "45.63100", "2007-03-31": "45.60200", "2006-12-31": "30.39900", "2006-09-30": "32.85900", "2006-06-30": "31.15600", "2006-03-31": "30.65800"}, "Basic EPS": {"2020-09-30": "0.67000", "2020-06-30": "0.72000", "2020-03-31": "0.69000", "2019-12-31": "-0.08000", "2019-09-30": "1.08000", "2019-06-30": "1.36000", "2019-03-31": "1.04000", "2018-12-31": "1.42000", "2018-09-30": "1.88000", "2018-06-30": "2.27000", "2018-03-31": "1.98000", "2017-12-31": "0.99000", "2017-09-30": "2.16000", "2017-06-30": "1.95000", "2017-03-31": "1.40000", "2016-12-31": "1.42000", "2016-09-30": "1.30000", "2016-06-30": "1.26000", "2016-03-31": "0.93000", "2015-12-31": "1.16000", "2015-09-30": "1.19000", "2015-06-30": "1.16000", "2015-03-31": "1.09000", "2014-12-31": "1.08000", "2014-09-30": "1.06000", "2014-06-30": "0.93000", "2014-03-31": "0.78000", "2013-12-31": "0.71000", "2013-09-30": "0.82000", "2013-06-30": "0.81000", "2013-03-31": "0.68000", "2012-12-31": "0.67000", "2012-09-30": "0.83000", "2012-06-30": "0.74000", "2012-03-31": "0.63000", "2011-12-31": "0.66000", "2011-09-30": "0.68000", "2011-06-30": "0.65000", "2011-03-31": "0.49000", "2010-12-31": "0.59000", "2010-09-30": "0.28000", "2010-06-30": "0.22000", "2010-03-31": "0.07000", "2009-12-31": "0.07000", "2009-09-30": "0.05000", "2009-06-30": "-0.03000", "2009-03-31": "0.03000", "2008-12-31": "0.21000", "2008-09-30": "0.24000", "2008-06-30": "0.19000", "2008-03-31": "0.18000", "2007-12-31": "0.19000", "2007-09-30": "0.20000", "2007-06-30": "0.15000", "2007-03-31": "0.15000", "2006-12-31": "-0.11000", "2006-09-30": "0.13000", "2006-06-30": "0.13000", "2006-03-31": "0.08000"}, "EPS - Earnings Per Share": {"2020-09-30": "0.66000", "2020-06-30": "0.71000", "2020-03-31": "0.68000", "2019-12-31": "-0.08000", "2019-09-30": "1.07000", "2019-06-30": "1.34000", "2019-03-31": "1.02000", "2018-12-31": "1.40000", "2018-09-30": "1.84000", "2018-06-30": "2.21000", "2018-03-31": "1.93000", "2017-12-31": "0.96000", "2017-09-30": "2.11000", "2017-06-30": "1.91000", "2017-03-31": "1.38000", "2016-12-31": "1.39000", "2016-09-30": "1.29000", "2016-06-30": "1.25000", "2016-03-31": "0.92000", "2015-12-31": "1.12000", "2015-09-30": "1.18000", "2015-06-30": "1.15000", "2015-03-31": "1.08000", "2014-12-31": "1.05000", "2014-09-30": "1.05000", "2014-06-30": "0.92000", "2014-03-31": "0.77000", "2013-12-31": "0.69000", "2013-09-30": "0.81000", "2013-06-30": "0.80000", "2013-03-31": "0.67000", "2012-12-31": "0.67000", "2012-09-30": "0.81000", "2012-06-30": "0.72000", "2012-03-31": "0.61000", "2011-12-31": "0.65000", "2011-09-30": "0.66000", "2011-06-30": "0.63000", "2011-03-31": "0.47000", "2010-12-31": "0.56000", "2010-09-30": "0.28000", "2010-06-30": "0.22000", "2010-03-31": "0.07000", "2009-12-31": "0.07000", "2009-09-30": "0.05000", "2009-06-30": "-0.03000", "2009-03-31": "0.03000", "2008-12-31": "0.19000", "2008-09-30": "0.23000", "2008-06-30": "0.19000", "2008-03-31": "0.18000", "2007-12-31": "0.17000", "2007-09-30": "0.19000", "2007-06-30": "0.14000", "2007-03-31": "0.15000", "2006-12-31": "-0.11000", "2006-09-30": "0.12000", "2006-06-30": "0.12000", "2006-03-31": "0.07000"}}, "balance sheet": {"Cash On Hand": {"2019-12-31": "1182.61600", "2018-12-31": "1044.79000", "2017-12-31": "1116.15700", "2016-12-31": "830.63400", "2015-12-31": "689.11600", "2014-12-31": "522.15000", "2013-12-31": "448.77600", "2012-12-31": "384.05300", "2011-12-31": "205.68500", "2010-12-31": "147.86000", "2009-12-31": "82.92000", "2008-12-31": "51.28300", "2007-12-31": "44.92200", "2006-12-31": "75.66700", "2005-12-31": "8.36100"}, "Receivables": {"2019-12-31": "238.47900", "2018-12-31": "255.50900", "2017-12-31": "237.27800", "2016-12-31": "155.90100", "2015-12-31": "150.47900", "2014-12-31": "143.10900", "2013-12-31": "103.80300", "2012-12-31": "96.63000", "2011-12-31": "75.75500", "2010-12-31": "58.06200", "2009-12-31": "32.91400", "2008-12-31": "43.81000", "2007-12-31": "37.09100", "2006-12-31": "22.43300", "2005-12-31": "15.43400"}, "Inventory": {"2019-12-31": "380.79000", "2018-12-31": "403.57900", "2017-12-31": "307.71200", "2016-12-31": "239.01000", "2015-12-31": "203.73800", "2014-12-31": "171.00900", "2013-12-31": "172.70000", "2012-12-31": "139.61800", "2011-12-31": "116.97800", "2010-12-31": "72.47000", "2009-12-31": "52.86900", "2008-12-31": "72.55500", "2007-12-31": "60.41200", "2006-12-31": "42.16200", "2005-12-31": "26.52500"}, "Pre-Paid Expenses": {"2019-12-31": "94.74900", "2018-12-31": "101.54600", "2017-12-31": "92.86300", "2016-12-31": "75.41700", "2015-12-31": "59.25600", "2014-12-31": "42.26200", "2013-12-31": "46.83200", "2012-12-31": "31.71000", "2011-12-31": "25.14000", "2010-12-31": "13.81600", "2009-12-31": "4.65300", "2008-12-31": "7.20000", "2007-12-31": "7.07100", "2006-12-31": "6.58600", "2005-12-31": "2.48200"}, "Other Current Assets": {"2019-12-31": "", "2018-12-31": "", "2017-12-31": "", "2016-12-31": "", "2015-12-31": "", "2014-12-31": "", "2013-12-31": "", "2012-12-31": "", "2011-12-31": "", "2010-12-31": "", "2009-12-31": "", "2008-12-31": "", "2007-12-31": "", "2006-12-31": "", "2005-12-31": ""}, "Total Current Assets": {"2019-12-31": "1896.63400", "2018-12-31": "1805.42400", "2017-12-31": "1754.01000", "2016-12-31": "1300.96200", "2015-12-31": "1102.58900", "2014-12-31": "893.83800", "2013-12-31": "786.34300", "2012-12-31": "664.95900", "2011-12-31": "434.45700", "2010-12-31": "300.80100", "2009-12-31": "180.91400", "2008-12-31": "181.02300", "2007-12-31": "155.69100", "2006-12-31": "156.43900", "2005-12-31": "55.80700"}, "Property, Plant, And Equipment": {"2019-12-31": "600.85200", "2018-12-31": "543.06800", "2017-12-31": "460.20600", "2016-12-31": "379.37500", "2015-12-31": "288.60400", "2014-12-31": "275.08200", "2013-12-31": "252.24500", "2012-12-31": "210.56300", "2011-12-31": "155.20200", "2010-12-31": "120.68300", "2009-12-31": "111.45300", "2008-12-31": "114.49200", "2007-12-31": "96.36900", "2006-12-31": "67.15300", "2005-12-31": "50.99500"}, "Long-Term Investments": {"2019-12-31": "", "2018-12-31": "", "2017-12-31": "", "2016-12-31": "", "2015-12-31": "", "2014-12-31": "", "2013-12-31": "", "2012-12-31": "", "2011-12-31": "", "2010-12-31": "", "2009-12-31": "", "2008-12-31": "", "2007-12-31": "", "2006-12-31": "", "2005-12-31": ""}, "Goodwill And Intangible Assets": {"2019-12-31": "156.36300", "2018-12-31": "187.86100", "2017-12-31": "107.05400", "2016-12-31": "48.61700", "2015-12-31": "12.40900", "2014-12-31": "9.68200", "2013-12-31": "10.01900", "2012-12-31": "10.40800", "2011-12-31": "6.15700", "2010-12-31": "7.13100", "2009-12-31": "3.77100", "2008-12-31": "", "2007-12-31": "", "2006-12-31": "", "2005-12-31": ""}, "Other Long-Term Assets": {"2019-12-31": "45.19200", "2018-12-31": "18.93200", "2017-12-31": "19.00900", "2016-12-31": "18.60300", "2015-12-31": "20.09500", "2014-12-31": "26.84700", "2013-12-31": "7.81000", "2012-12-31": "7.46100", "2011-12-31": "7.48600", "2010-12-31": "8.75100", "2009-12-31": "12.18500", "2008-12-31": "15.30300", "2007-12-31": "8.46600", "2006-12-31": "5.09900", "2005-12-31": "8.67900"}, "Total Long-Term Assets": {"2019-12-31": "833.80200", "2018-12-31": "769.02590", "2017-12-31": "613.24500", "2016-12-31": "489.03700", "2015-12-31": "350.84000", "2014-12-31": "317.04900", "2013-12-31": "274.87300", "2012-12-31": "230.53900", "2011-12-31": "173.67500", "2010-12-31": "141.05400", "2009-12-31": "131.72200", "2008-12-31": "132.19500", "2007-12-31": "107.63000", "2006-12-31": "76.05300", "2005-12-31": "59.67400"}, "Total Assets": {"2019-12-31": "2730.43600", "2018-12-31": "2574.45000", "2017-12-31": "2367.25500", "2016-12-31": "1789.99900", "2015-12-31": "1453.42900", "2014-12-31": "1210.88700", "2013-12-31": "1061.21600", "2012-12-31": "895.49800", "2011-12-31": "608.13200", "2010-12-31": "441.85500", "2009-12-31": "312.63600", "2008-12-31": "313.21800", "2007-12-31": "263.32100", "2006-12-31": "232.49200", "2005-12-31": "115.48100"}, "Total Current Liabilities": {"2019-12-31": "191.90400", "2018-12-31": "245.77400", "2017-12-31": "198.90300", "2016-12-31": "158.27500", "2015-12-31": "141.79000", "2014-12-31": "122.07500", "2013-12-31": "100.07900", "2012-12-31": "125.45500", "2011-12-31": "93.71200", "2010-12-31": "82.77000", "2009-12-31": "36.83100", "2008-12-31": "49.02600", "2007-12-31": "34.48200", "2006-12-31": "40.77100", "2005-12-31": "34.32000"}, "Long Term Debt": {"2019-12-31": "37.96800", "2018-12-31": "41.70700", "2017-12-31": "45.37800", "2016-12-31": "37.63500", "2015-12-31": "17.66700", "2014-12-31": "19.66700", "2013-12-31": "11.33300", "2012-12-31": "14.01400", "2011-12-31": "15.72600", "2010-12-31": "15.64400", "2009-12-31": "16.66700", "2008-12-31": "17.99700", "2007-12-31": "20.00000", "2006-12-31": "30.06800", "2005-12-31": "15.64300"}, "Other Non-Current Liabilities": {"2019-12-31": "", "2018-12-31": "", "2017-12-31": "", "2016-12-31": "", "2015-12-31": "", "2014-12-31": "", "2013-12-31": "", "2012-12-31": "", "2011-12-31": "", "2010-12-31": "1.73500", "2009-12-31": "", "2008-12-31": "", "2007-12-31": "", "2006-12-31": "", "2005-12-31": "14.64400"}, "Total Long Term Liabilities": {"2019-12-31": "136.08900", "2018-12-31": "122.44100", "2017-12-31": "146.03000", "2016-12-31": "74.00000", "2015-12-31": "50.97400", "2014-12-31": "42.25100", "2013-12-31": "33.16800", "2012-12-31": "27.11600", "2011-12-31": "70.81000", "2010-12-31": "42.28200", "2009-12-31": "19.23400", "2008-12-31": "20.89300", "2007-12-31": "28.65900", "2006-12-31": "33.12700", "2005-12-31": "127.66500"}, "Total Liabilities": {"2019-12-31": "327.99300", "2018-12-31": "368.21500", "2017-12-31": "344.93300", "2016-12-31": "232.27500", "2015-12-31": "192.76400", "2014-12-31": "164.32600", "2013-12-31": "133.24700", "2012-12-31": "152.57100", "2011-12-31": "164.52200", "2010-12-31": "125.05200", "2009-12-31": "56.06500", "2008-12-31": "69.91900", "2007-12-31": "63.14100", "2006-12-31": "73.89800", "2005-12-31": "161.98500"}, "Common Stock Net": {"2019-12-31": "0.00500", "2018-12-31": "0.00500", "2017-12-31": "0.00500", "2016-12-31": "0.00500", "2015-12-31": "0.00500", "2014-12-31": "0.00500", "2013-12-31": "0.00500", "2012-12-31": "0.00500", "2011-12-31": "0.00500", "2010-12-31": "0.00500", "2009-12-31": "0.00500", "2008-12-31": "0.00400", "2007-12-31": "0.00400", "2006-12-31": "0.00400", "2005-12-31": "0.00400"}, "Retained Earnings (Accumulated Deficit)": {"2019-12-31": "2028.73400", "2018-12-31": "1848.50000", "2017-12-31": "1443.86700", "2016-12-31": "1094.10800", "2015-12-31": "833.35600", "2014-12-31": "591.20200", "2013-12-31": "390.75700", "2012-12-31": "234.97700", "2011-12-31": "122.83300", "2010-12-31": "5.56700", "2009-12-31": "-48.42400", "2008-12-31": "-53.84300", "2007-12-31": "-90.49700", "2006-12-31": "-120.39200", "2005-12-31": "-149.62500"}, "Comprehensive Income": {"2019-12-31": "-146.91900", "2018-12-31": "-162.89600", "2017-12-31": "-77.34400", "2016-12-31": "-178.58300", "2015-12-31": "-181.48200", "2014-12-31": "-112.26300", "2013-12-31": "-1.70100", "2012-12-31": "-3.09400", "2011-12-31": "-12.10000", "2010-12-31": "0.81000", "2009-12-31": "11.10600", "2008-12-31": "8.79400", "2007-12-31": "15.16700", "2006-12-31": "7.88300", "2005-12-31": "3.78200"}, "Other Share Holders Equity": {"2019-12-31": "", "2018-12-31": "", "2017-12-31": "", "2016-12-31": "", "2015-12-31": "", "2014-12-31": "", "2013-12-31": "", "2012-12-31": "", "2011-12-31": "", "2010-12-31": "", "2009-12-31": "", "2008-12-31": "", "2007-12-31": "", "2006-12-31": "-0.02300", "2005-12-31": "-0.46300"}, "Share Holder Equity": {"2019-12-31": "2402.44300", "2018-12-31": "2206.23500", "2017-12-31": "2022.32200", "2016-12-31": "1557.72400", "2015-12-31": "1260.66500", "2014-12-31": "1046.56100", "2013-12-31": "927.96900", "2012-12-31": "742.92700", "2011-12-31": "443.61000", "2010-12-31": "316.80300", "2009-12-31": "256.57100", "2008-12-31": "243.29900", "2007-12-31": "200.18000", "2006-12-31": "158.59400", "2005-12-31": "-46.50400"}, "Total Liabilities And Share Holders Equity": {"2019-12-31": "2730.43600", "2018-12-31": "2574.45000", "2017-12-31": "2367.25500", "2016-12-31": "1789.99900", "2015-12-31": "1453.42900", "2014-12-31": "1210.88700", "2013-12-31": "1061.21600", "2012-12-31": "895.49800", "2011-12-31": "608.13200", "2010-12-31": "441.85500", "2009-12-31": "312.63600", "2008-12-31": "313.21800", "2007-12-31": "263.32100", "2006-12-31": "232.49200", "2005-12-31": "115.48100"}}, "balance sheet, quarterly": {"Cash On Hand": {"2020-09-30": "1301.61600", "2020-06-30": "1248.89900", "2020-03-31": "1195.14300", "2019-12-31": "1182.61600", "2019-09-30": "1078.83700", "2019-06-30": "1042.82900", "2019-03-31": "1030.07700", "2018-12-31": "1044.79000", "2018-09-30": "1122.02800", "2018-06-30": "1125.76200", "2018-03-31": "1175.90900", "2017-12-31": "1116.15700", "2017-09-30": "1045.92200", "2017-06-30": "930.41500", "2017-03-31": "862.80300", "2016-12-31": "830.63400", "2016-09-30": "772.52800", "2016-06-30": "714.08000", "2016-03-31": "739.96500", "2015-12-31": "689.11600", "2015-09-30": "651.22000", "2015-06-30": "571.50800", "2015-03-31": "541.47400", "2014-12-31": "522.15000", "2014-09-30": "487.51800", "2014-06-30": "483.43200", "2014-03-31": "480.60900", "2013-12-31": "448.77600", "2013-09-30": "398.35500", "2013-06-30": "369.48400", "2013-03-31": "355.71500", "2012-12-31": "384.05300", "2012-09-30": "372.56900", "2012-06-30": "355.34300", "2012-03-31": "395.52200", "2011-12-31": "205.68500", "2011-09-30": "196.58600", "2011-06-30": "188.19600", "2011-03-31": "160.61800", "2010-12-31": "147.86000", "2010-09-30": "96.63000", "2010-06-30": "90.65500", "2010-03-31": "84.40700", "2009-12-31": "82.92000", "2009-09-30": "76.30900", "2009-06-30": "78.06800", "2009-03-31": "71.60100", "2008-12-31": "51.28300", "2008-09-30": "44.33900", "2008-06-30": "44.92600", "2008-03-31": "39.69800", "2007-12-31": "44.92200", "2007-09-30": "44.75000", "2007-06-30": "46.70900", "2007-03-31": "49.12900", "2006-12-31": "75.66700", "2006-09-30": "", "2006-06-30": "", "2006-03-31": ""}, "Receivables": {"2020-09-30": "240.35200", "2020-06-30": "203.56800", "2020-03-31": "200.64600", "2019-12-31": "238.47900", "2019-09-30": "252.92600", "2019-06-30": "273.69700", "2019-03-31": "231.85000", "2018-12-31": "255.50900", "2018-09-30": "251.61300", "2018-06-30": "242.12800", "2018-03-31": "235.47700", "2017-12-31": "237.27800", "2017-09-30": "226.75600", "2017-06-30": "237.33200", "2017-03-31": "180.22600", "2016-12-31": "155.90100", "2016-09-30": "162.72500", "2016-06-30": "151.47600", "2016-03-31": "146.50500", "2015-12-31": "150.47900", "2015-09-30": "154.81400", "2015-06-30": "169.82800", "2015-03-31": "149.78100", "2014-12-31": "143.10900", "2014-09-30": "136.62900", "2014-06-30": "124.14400", "2014-03-31": "107.59800", "2013-12-31": "103.80300", "2013-09-30": "120.64000", "2013-06-30": "114.49800", "2013-03-31": "102.79300", "2012-12-31": "96.63000", "2012-09-30": "110.64900", "2012-06-30": "100.07800", "2012-03-31": "102.86000", "2011-12-31": "75.75500", "2011-09-30": "94.85500", "2011-06-30": "77.70300", "2011-03-31": "60.34600", "2010-12-31": "58.06200", "2010-09-30": "58.91900", "2010-06-30": "42.86700", "2010-03-31": "33.27100", "2009-12-31": "32.91400", "2009-09-30": "30.74300", "2009-06-30": "34.00100", "2009-03-31": "31.32500", "2008-12-31": "43.81000", "2008-09-30": "40.51800", "2008-06-30": "38.68200", "2008-03-31": "39.52100", "2007-12-31": "37.09100", "2007-09-30": "40.94000", "2007-06-30": "32.60700", "2007-03-31": "24.41300", "2006-12-31": "22.43300", "2006-09-30": "", "2006-06-30": "", "2006-03-31": ""}, "Inventory": {"2020-09-30": "370.34400", "2020-06-30": "367.16600", "2020-03-31": "363.38300", "2019-12-31": "380.79000", "2019-09-30": "417.16300", "2019-06-30": "425.99600", "2019-03-31": "417.81700", "2018-12-31": "403.57900", "2018-09-30": "397.40900", "2018-06-30": "376.01900", "2018-03-31": "356.37500", "2017-12-31": "307.71200", "2017-09-30": "282.49500", "2017-06-30": "260.66100", "2017-03-31": "261.89300", "2016-12-31": "239.01000", "2016-09-30": "242.37000", "2016-06-30": "241.28200", "2016-03-31": "226.90700", "2015-12-31": "203.73800", "2015-09-30": "197.63500", "2015-06-30": "190.84800", "2015-03-31": "174.14000", "2014-12-31": "171.00900", "2014-09-30": "179.47600", "2014-06-30": "178.92500", "2014-03-31": "170.55600", "2013-12-31": "172.70000", "2013-09-30": "171.26800", "2013-06-30": "154.09300", "2013-03-31": "142.09600", "2012-12-31": "139.61800", "2012-09-30": "135.12100", "2012-06-30": "121.97900", "2012-03-31": "123.43000", "2011-12-31": "116.97800", "2011-09-30": "117.27600", "2011-06-30": "109.27300", "2011-03-31": "88.69800", "2010-12-31": "72.47000", "2010-09-30": "64.89800", "2010-06-30": "54.02900", "2010-03-31": "52.13500", "2009-12-31": "52.86900", "2009-09-30": "59.15500", "2009-06-30": "62.08500", "2009-03-31": "66.44500", "2008-12-31": "72.55500", "2008-09-30": "72.79700", "2008-06-30": "76.57400", "2008-03-31": "69.63000", "2007-12-31": "60.41200", "2007-09-30": "58.85000", "2007-06-30": "52.69100", "2007-03-31": "45.16700", "2006-12-31": "42.16200", "2006-09-30": "", "2006-06-30": "", "2006-03-31": ""}, "Pre-Paid Expenses": {"2020-09-30": "119.34100", "2020-06-30": "130.89300", "2020-03-31": "115.35400", "2019-12-31": "94.74900", "2019-09-30": "116.58900", "2019-06-30": "120.56000", "2019-03-31": "112.35000", "2018-12-31": "101.54600", "2018-09-30": "111.23500", "2018-06-30": "92.12600", "2018-03-31": "97.12500", "2017-12-31": "92.86300", "2017-09-30": "87.36600", "2017-06-30": "82.36600", "2017-03-31": "86.09200", "2016-12-31": "75.41700", "2016-09-30": "74.25500", "2016-06-30": "65.93200", "2016-03-31": "61.73600", "2015-12-31": "59.25600", "2015-09-30": "55.79200", "2015-06-30": "52.06300", "2015-03-31": "49.49700", "2014-12-31": "42.26200", "2014-09-30": "44.40400", "2014-06-30": "52.34000", "2014-03-31": "51.09500", "2013-12-31": "46.83200", "2013-09-30": "47.39800", "2013-06-30": "42.08800", "2013-03-31": "37.66200", "2012-12-31": "31.71000", "2012-09-30": "32.26400", "2012-06-30": "14.51600", "2012-03-31": "14.25100", "2011-12-31": "25.14000", "2011-09-30": "13.53200", "2011-06-30": "17.17900", "2011-03-31": "17.83400", "2010-12-31": "13.81600", "2010-09-30": "10.79200", "2010-06-30": "7.19100", "2010-03-31": "6.09500", "2009-12-31": "4.65300", "2009-09-30": "6.58100", "2009-06-30": "6.13800", "2009-03-31": "6.26500", "2008-12-31": "7.20000", "2008-09-30": "9.22800", "2008-06-30": "7.75900", "2008-03-31": "9.30800", "2007-12-31": "7.07100", "2007-09-30": "9.44900", "2007-06-30": "7.91400", "2007-03-31": "9.18200", "2006-12-31": "6.58600", "2006-09-30": "", "2006-06-30": "", "2006-03-31": ""}, "Other Current Assets": {"2020-09-30": "", "2020-06-30": "", "2020-03-31": "", "2019-12-31": "", "2019-09-30": "", "2019-06-30": "", "2019-03-31": "", "2018-12-31": "", "2018-09-30": "", "2018-06-30": "", "2018-03-31": "", "2017-12-31": "", "2017-09-30": "", "2017-06-30": "", "2017-03-31": "", "2016-12-31": "", "2016-09-30": "", "2016-06-30": "", "2016-03-31": "", "2015-12-31": "", "2015-09-30": "", "2015-06-30": "", "2015-03-31": "", "2014-12-31": "", "2014-09-30": "", "2014-06-30": "", "2014-03-31": "", "2013-12-31": "", "2013-09-30": "", "2013-06-30": "", "2013-03-31": "", "2012-12-31": "", "2012-09-30": "", "2012-06-30": "", "2012-03-31": "", "2011-12-31": "", "2011-09-30": "", "2011-06-30": "", "2011-03-31": "", "2010-12-31": "", "2010-09-30": "", "2010-06-30": "", "2010-03-31": "", "2009-12-31": "", "2009-09-30": "", "2009-06-30": "", "2009-03-31": "", "2008-12-31": "", "2008-09-30": "", "2008-06-30": "", "2008-03-31": "", "2007-12-31": "", "2007-09-30": "", "2007-06-30": "", "2007-03-31": "", "2006-12-31": "", "2006-09-30": "", "2006-06-30": "", "2006-03-31": ""}, "Total Current Assets": {"2020-09-30": "2031.65300", "2020-06-30": "1950.52600", "2020-03-31": "1874.52600", "2019-12-31": "1896.63400", "2019-09-30": "1865.51500", "2019-06-30": "1863.08200", "2019-03-31": "1792.09400", "2018-12-31": "1805.42400", "2018-09-30": "1882.28500", "2018-06-30": "1836.03500", "2018-03-31": "1864.88600", "2017-12-31": "1754.01000", "2017-09-30": "1642.53900", "2017-06-30": "1510.77400", "2017-03-31": "1391.01400", "2016-12-31": "1300.96200", "2016-09-30": "1276.49800", "2016-06-30": "1197.24700", "2016-03-31": "1197.63900", "2015-12-31": "1102.58900", "2015-09-30": "1078.07200", "2015-06-30": "1002.37000", "2015-03-31": "931.02800", "2014-12-31": "893.83800", "2014-09-30": "863.25400", "2014-06-30": "854.09200", "2014-03-31": "825.13300", "2013-12-31": "786.34300", "2013-09-30": "749.20800", "2013-06-30": "691.58500", "2013-03-31": "649.37100", "2012-12-31": "664.95900", "2012-09-30": "661.10600", "2012-06-30": "602.95700", "2012-03-31": "647.67800", "2011-12-31": "434.45700", "2011-09-30": "431.61200", "2011-06-30": "399.80000", "2011-03-31": "336.81000", "2010-12-31": "300.80100", "2010-09-30": "239.61300", "2010-06-30": "204.87900", "2010-03-31": "185.16100", "2009-12-31": "180.91400", "2009-09-30": "184.06300", "2009-06-30": "189.83100", "2009-03-31": "183.67800", "2008-12-31": "181.02300", "2008-09-30": "173.75300", "2008-06-30": "176.00600", "2008-03-31": "165.37200", "2007-12-31": "155.69100", "2007-09-30": "161.32300", "2007-06-30": "148.63800", "2007-03-31": "133.43900", "2006-12-31": "156.43900", "2006-09-30": "", "2006-06-30": "", "2006-03-31": ""}, "Property, Plant, And Equipment": {"2020-09-30": "576.39800", "2020-06-30": "585.64400", "2020-03-31": "580.98000", "2019-12-31": "600.85200", "2019-09-30": "596.13800", "2019-06-30": "600.97700", "2019-03-31": "570.75600", "2018-12-31": "543.06800", "2018-09-30": "529.16300", "2018-06-30": "514.76700", "2018-03-31": "483.90700", "2017-12-31": "460.20600", "2017-09-30": "441.49400", "2017-06-30": "389.85300", "2017-03-31": "395.85800", "2016-12-31": "379.37500", "2016-09-30": "367.47400", "2016-06-30": "350.43200", "2016-03-31": "309.20600", "2015-12-31": "288.60400", "2015-09-30": "286.51400", "2015-06-30": "288.55300", "2015-03-31": "274.14500", "2014-12-31": "275.08200", "2014-09-30": "271.28600", "2014-06-30": "268.12200", "2014-03-31": "249.36100", "2013-12-31": "252.24500", "2013-09-30": "236.50700", "2013-06-30": "225.19500", "2013-03-31": "218.99500", "2012-12-31": "210.56300", "2012-09-30": "195.15300", "2012-06-30": "177.44100", "2012-03-31": "169.87600", "2011-12-31": "155.20200", "2011-09-30": "143.33900", "2011-06-30": "141.90200", "2011-03-31": "131.30000", "2010-12-31": "120.68300", "2010-09-30": "111.84700", "2010-06-30": "106.10600", "2010-03-31": "109.63900", "2009-12-31": "111.45300", "2009-09-30": "114.95700", "2009-06-30": "115.25800", "2009-03-31": "112.86500", "2008-12-31": "114.49200", "2008-09-30": "112.47900", "2008-06-30": "111.20700", "2008-03-31": "107.01000", "2007-12-31": "96.36900", "2007-09-30": "89.81100", "2007-06-30": "81.48300", "2007-03-31": "73.82600", "2006-12-31": "67.15300", "2006-09-30": "", "2006-06-30": "", "2006-03-31": ""}, "Long-Term Investments": {"2020-09-30": "", "2020-06-30": "", "2020-03-31": "", "2019-12-31": "", "2019-09-30": "", "2019-06-30": "", "2019-03-31": "", "2018-12-31": "", "2018-09-30": "", "2018-06-30": "", "2018-03-31": "", "2017-12-31": "", "2017-09-30": "", "2017-06-30": "", "2017-03-31": "", "2016-12-31": "", "2016-09-30": "", "2016-06-30": "", "2016-03-31": "", "2015-12-31": "", "2015-09-30": "", "2015-06-30": "", "2015-03-31": "", "2014-12-31": "", "2014-09-30": "", "2014-06-30": "", "2014-03-31": "", "2013-12-31": "", "2013-09-30": "", "2013-06-30": "", "2013-03-31": "", "2012-12-31": "", "2012-09-30": "", "2012-06-30": "", "2012-03-31": "", "2011-12-31": "", "2011-09-30": "", "2011-06-30": "", "2011-03-31": "", "2010-12-31": "", "2010-09-30": "", "2010-06-30": "", "2010-03-31": "", "2009-12-31": "", "2009-09-30": "", "2009-06-30": "", "2009-03-31": "", "2008-12-31": "", "2008-09-30": "", "2008-06-30": "", "2008-03-31": "", "2007-12-31": "", "2007-09-30": "", "2007-06-30": "", "2007-03-31": "", "2006-12-31": "", "2006-09-30": "", "2006-06-30": "", "2006-03-31": ""}, "Goodwill And Intangible Assets": {"2020-09-30": "102.73000", "2020-06-30": "149.90600", "2020-03-31": "152.45900", "2019-12-31": "156.36300", "2019-09-30": "195.51500", "2019-06-30": "200.77400", "2019-03-31": "203.62900", "2018-12-31": "187.86100", "2018-09-30": "102.61300", "2018-06-30": "106.86500", "2018-03-31": "104.98900", "2017-12-31": "107.05400", "2017-09-30": "100.81200", "2017-06-30": "61.02200", "2017-03-31": "47.72300", "2016-12-31": "48.61700", "2016-09-30": "48.51400", "2016-06-30": "49.85700", "2016-03-31": "11.56800", "2015-12-31": "12.40900", "2015-09-30": "13.25200", "2015-06-30": "14.52900", "2015-03-31": "15.43200", "2014-12-31": "9.68200", "2014-09-30": "10.30200", "2014-06-30": "8.92700", "2014-03-31": "9.47300", "2013-12-31": "10.01900", "2013-09-30": "10.58600", "2013-06-30": "11.41100", "2013-03-31": "14.67000", "2012-12-31": "10.40800", "2012-09-30": "10.98800", "2012-06-30": "4.94600", "2012-03-31": "5.72700", "2011-12-31": "6.15700", "2011-09-30": "6.95400", "2011-06-30": "7.73600", "2011-03-31": "8.10400", "2010-12-31": "7.13100", "2010-09-30": "", "2010-06-30": "", "2010-03-31": "", "2009-12-31": "3.77100", "2009-09-30": "", "2009-06-30": "", "2009-03-31": "", "2008-12-31": "", "2008-09-30": "", "2008-06-30": "", "2008-03-31": "", "2007-12-31": "", "2007-09-30": "", "2007-06-30": "", "2007-03-31": "", "2006-12-31": "", "2006-09-30": "", "2006-06-30": "", "2006-03-31": ""}, "Other Long-Term Assets": {"2020-09-30": "45.53500", "2020-06-30": "42.11600", "2020-03-31": "39.36800", "2019-12-31": "45.19200", "2019-09-30": "50.32100", "2019-06-30": "51.75000", "2019-03-31": "44.81900", "2018-12-31": "18.93200", "2018-09-30": "28.04300", "2018-06-30": "44.99300", "2018-03-31": "19.28500", "2017-12-31": "19.00900", "2017-09-30": "20.67300", "2017-06-30": "21.05000", "2017-03-31": "20.93000", "2016-12-31": "18.60300", "2016-09-30": "19.44100", "2016-06-30": "18.33300", "2016-03-31": "19.79800", "2015-12-31": "20.09500", "2015-09-30": "21.13100", "2015-06-30": "21.59400", "2015-03-31": "22.78700", "2014-12-31": "26.84700", "2014-09-30": "30.87200", "2014-06-30": "19.10600", "2014-03-31": "7.03200", "2013-12-31": "7.81000", "2013-09-30": "7.39500", "2013-06-30": "7.66200", "2013-03-31": "6.87800", "2012-12-31": "7.46100", "2012-09-30": "6.71900", "2012-06-30": "6.01000", "2012-03-31": "6.30300", "2011-12-31": "7.48600", "2011-09-30": "9.65600", "2011-06-30": "7.67600", "2011-03-31": "8.86800", "2010-12-31": "8.75100", "2010-09-30": "16.49900", "2010-06-30": "17.41300", "2010-03-31": "15.85900", "2009-12-31": "12.18500", "2009-09-30": "15.84200", "2009-06-30": "15.00400", "2009-03-31": "14.49700", "2008-12-31": "15.30300", "2008-09-30": "14.87200", "2008-06-30": "13.16400", "2008-03-31": "12.81800", "2007-12-31": "8.46600", "2007-09-30": "6.91100", "2007-06-30": "6.49800", "2007-03-31": "5.85400", "2006-12-31": "5.09900", "2006-09-30": "", "2006-06-30": "", "2006-03-31": ""}, "Total Long-Term Assets": {"2020-09-30": "763.27900", "2020-06-30": "808.21000", "2020-03-31": "805.60800", "2019-12-31": "833.80200", "2019-09-30": "865.38900", "2019-06-30": "874.33400", "2019-03-31": "836.64200", "2018-12-31": "769.02590", "2018-09-30": "679.81400", "2018-06-30": "694.44300", "2018-03-31": "633.12100", "2017-12-31": "613.24500", "2017-09-30": "603.52590", "2017-06-30": "519.76800", "2017-03-31": "511.55900", "2016-12-31": "489.03700", "2016-09-30": "450.80000", "2016-06-30": "432.06000", "2016-03-31": "352.46100", "2015-12-31": "350.84000", "2015-09-30": "330.13400", "2015-06-30": "332.17100", "2015-03-31": "318.23200", "2014-12-31": "317.04900", "2014-09-30": "322.13400", "2014-06-30": "304.29400", "2014-03-31": "271.88000", "2013-12-31": "274.87300", "2013-09-30": "260.58800", "2013-06-30": "247.67000", "2013-03-31": "242.88700", "2012-12-31": "230.53900", "2012-09-30": "217.27900", "2012-06-30": "195.05700", "2012-03-31": "187.22700", "2011-12-31": "173.67500", "2011-09-30": "164.71200", "2011-06-30": "161.58100", "2011-03-31": "152.75700", "2010-12-31": "141.05400", "2010-09-30": "134.36300", "2010-06-30": "128.84500", "2010-03-31": "130.04600", "2009-12-31": "131.72200", "2009-09-30": "134.87600", "2009-06-30": "133.27000", "2009-03-31": "130.12700", "2008-12-31": "132.19500", "2008-09-30": "130.16400", "2008-06-30": "127.02500", "2008-03-31": "122.38300", "2007-12-31": "107.63000", "2007-09-30": "96.88900", "2007-06-30": "91.48700", "2007-03-31": "86.98500", "2006-12-31": "76.05300", "2006-09-30": "", "2006-06-30": "", "2006-03-31": ""}, "Total Assets": {"2020-09-30": "2794.93200", "2020-06-30": "2758.73600", "2020-03-31": "2680.13400", "2019-12-31": "2730.43600", "2019-09-30": "2730.90400", "2019-06-30": "2737.41600", "2019-03-31": "2628.73600", "2018-12-31": "2574.45000", "2018-09-30": "2562.09900", "2018-06-30": "2530.47800", "2018-03-31": "2498.00700", "2017-12-31": "2367.25500", "2017-09-30": "2246.06500", "2017-06-30": "2030.54200", "2017-03-31": "1902.57300", "2016-12-31": "1789.99900", "2016-09-30": "1727.29800", "2016-06-30": "1629.30700", "2016-03-31": "1550.10000", "2015-12-31": "1453.42900", "2015-09-30": "1408.20600", "2015-06-30": "1334.54100", "2015-03-31": "1249.26000", "2014-12-31": "1210.88700", "2014-09-30": "1185.38800", "2014-06-30": "1158.38600", "2014-03-31": "1097.01300", "2013-12-31": "1061.21600", "2013-09-30": "1009.79600", "2013-06-30": "939.25500", "2013-03-31": "892.25800", "2012-12-31": "895.49800", "2012-09-30": "878.38500", "2012-06-30": "798.01400", "2012-03-31": "834.90500", "2011-12-31": "608.13200", "2011-09-30": "596.32400", "2011-06-30": "561.38100", "2011-03-31": "489.56700", "2010-12-31": "441.85500", "2010-09-30": "373.97600", "2010-06-30": "333.72400", "2010-03-31": "315.20700", "2009-12-31": "312.63600", "2009-09-30": "318.93900", "2009-06-30": "323.10100", "2009-03-31": "313.80500", "2008-12-31": "313.21800", "2008-09-30": "303.91700", "2008-06-30": "303.03100", "2008-03-31": "287.75500", "2007-12-31": "263.32100", "2007-09-30": "258.21200", "2007-06-30": "240.12500", "2007-03-31": "220.42400", "2006-12-31": "232.49200", "2006-09-30": "0.00000", "2006-06-30": "0.00000", "2006-03-31": "0.00000"}, "Total Current Liabilities": {"2020-09-30": "201.44500", "2020-06-30": "195.28600", "2020-03-31": "195.43200", "2019-12-31": "191.90400", "2019-09-30": "205.56300", "2019-06-30": "222.22800", "2019-03-31": "209.81600", "2018-12-31": "245.77400", "2018-09-30": "217.98500", "2018-06-30": "210.27900", "2018-03-31": "195.56000", "2017-12-31": "198.90300", "2017-09-30": "182.19100", "2017-06-30": "156.78500", "2017-03-31": "157.73600", "2016-12-31": "158.27500", "2016-09-30": "155.62700", "2016-06-30": "134.97600", "2016-03-31": "150.67100", "2015-12-31": "141.79000", "2015-09-30": "148.85000", "2015-06-30": "125.77100", "2015-03-31": "123.13000", "2014-12-31": "122.07500", "2014-09-30": "128.01300", "2014-06-30": "113.17200", "2014-03-31": "103.27800", "2013-12-31": "100.07900", "2013-09-30": "105.80700", "2013-06-30": "95.20200", "2013-03-31": "88.11000", "2012-12-31": "125.45500", "2012-09-30": "121.28100", "2012-06-30": "103.77800", "2012-03-31": "103.13900", "2011-12-31": "93.71200", "2011-09-30": "110.65800", "2011-06-30": "90.82800", "2011-03-31": "83.40100", "2010-12-31": "82.77000", "2010-09-30": "70.54800", "2010-06-30": "63.32700", "2010-03-31": "44.12900", "2009-12-31": "36.83100", "2009-09-30": "46.25100", "2009-06-30": "59.72400", "2009-03-31": "56.33000", "2008-12-31": "49.02600", "2008-09-30": "49.40400", "2008-06-30": "50.92400", "2008-03-31": "45.40400", "2007-12-31": "34.48200", "2007-09-30": "42.87800", "2007-06-30": "37.83000", "2007-03-31": "30.98400", "2006-12-31": "40.77100", "2006-09-30": "", "2006-06-30": "", "2006-03-31": ""}, "Long Term Debt": {"2020-09-30": "35.11700", "2020-06-30": "36.07100", "2020-03-31": "37.02200", "2019-12-31": "37.96800", "2019-09-30": "38.90900", "2019-06-30": "39.84600", "2019-03-31": "40.77900", "2018-12-31": "41.70700", "2018-09-30": "42.63100", "2018-06-30": "43.55100", "2018-03-31": "44.46600", "2017-12-31": "45.37800", "2017-09-30": "46.29600", "2017-06-30": "21.37500", "2017-03-31": "36.83900", "2016-12-31": "37.63500", "2016-09-30": "38.43200", "2016-06-30": "39.22900", "2016-03-31": "17.16700", "2015-12-31": "17.66700", "2015-09-30": "18.16700", "2015-06-30": "18.66700", "2015-03-31": "19.16700", "2014-12-31": "19.66700", "2014-09-30": "", "2014-06-30": "", "2014-03-31": "11.00000", "2013-12-31": "11.33300", "2013-09-30": "11.66700", "2013-06-30": "12.00000", "2013-03-31": "12.52500", "2012-12-31": "14.01400", "2012-09-30": "14.34100", "2012-06-30": "14.67100", "2012-03-31": "15.13200", "2011-12-31": "15.72600", "2011-09-30": "16.29600", "2011-06-30": "16.75800", "2011-03-31": "17.11200", "2010-12-31": "15.64400", "2010-09-30": "16.38200", "2010-06-30": "16.64900", "2010-03-31": "16.33300", "2009-12-31": "16.66700", "2009-09-30": "17.00000", "2009-06-30": "17.33400", "2009-03-31": "17.64900", "2008-12-31": "17.99700", "2008-09-30": "18.35600", "2008-06-30": "18.71000", "2008-03-31": "20.00000", "2007-12-31": "20.00000", "2007-09-30": "20.00000", "2007-06-30": "20.00000", "2007-03-31": "20.00000", "2006-12-31": "30.06800", "2006-09-30": "", "2006-06-30": "", "2006-03-31": ""}, "Other Non-Current Liabilities": {"2020-09-30": "", "2020-06-30": "", "2020-03-31": "", "2019-12-31": "", "2019-09-30": "", "2019-06-30": "", "2019-03-31": "", "2018-12-31": "", "2018-09-30": "", "2018-06-30": "", "2018-03-31": "", "2017-12-31": "", "2017-09-30": "", "2017-06-30": "", "2017-03-31": "", "2016-12-31": "", "2016-09-30": "", "2016-06-30": "", "2016-03-31": "", "2015-12-31": "", "2015-09-30": "", "2015-06-30": "", "2015-03-31": "", "2014-12-31": "", "2014-09-30": "", "2014-06-30": "", "2014-03-31": "", "2013-12-31": "", "2013-09-30": "", "2013-06-30": "", "2013-03-31": "", "2012-12-31": "", "2012-09-30": "13.19100", "2012-06-30": "9.83400", "2012-03-31": "9.88100", "2011-12-31": "", "2011-09-30": "", "2011-06-30": "", "2011-03-31": "", "2010-12-31": "1.73500", "2010-09-30": "", "2010-06-30": "", "2010-03-31": "", "2009-12-31": "", "2009-09-30": "", "2009-06-30": "", "2009-03-31": "", "2008-12-31": "", "2008-09-30": "", "2008-06-30": "", "2008-03-31": "", "2007-12-31": "", "2007-09-30": "", "2007-06-30": "", "2007-03-31": "", "2006-12-31": "", "2006-09-30": "", "2006-06-30": "", "2006-03-31": ""}, "Total Long Term Liabilities": {"2020-09-30": "122.41300", "2020-06-30": "126.14400", "2020-03-31": "128.77200", "2019-12-31": "136.08900", "2019-09-30": "144.68100", "2019-06-30": "147.82700", "2019-03-31": "150.63200", "2018-12-31": "122.44100", "2018-09-30": "137.30600", "2018-06-30": "148.04200", "2018-03-31": "157.07800", "2017-12-31": "146.03000", "2017-09-30": "104.77500", "2017-06-30": "69.40000", "2017-03-31": "78.56500", "2016-12-31": "74.00000", "2016-09-30": "68.65500", "2016-06-30": "71.16800", "2016-03-31": "52.43100", "2015-12-31": "50.97400", "2015-09-30": "43.47000", "2015-06-30": "45.01500", "2015-03-31": "45.61100", "2014-12-31": "42.25100", "2014-09-30": "20.67200", "2014-06-30": "21.35400", "2014-03-31": "32.41900", "2013-12-31": "33.16800", "2013-09-30": "28.30200", "2013-06-30": "28.08600", "2013-03-31": "30.92300", "2012-12-31": "27.11600", "2012-09-30": "27.53200", "2012-06-30": "24.50500", "2012-03-31": "73.40000", "2011-12-31": "70.81000", "2011-09-30": "66.70300", "2011-06-30": "68.14900", "2011-03-31": "45.71700", "2010-12-31": "42.28200", "2010-09-30": "17.97600", "2010-06-30": "18.07400", "2010-03-31": "18.62600", "2009-12-31": "19.23400", "2009-09-30": "19.48500", "2009-06-30": "19.15300", "2009-03-31": "19.73800", "2008-12-31": "20.89300", "2008-09-30": "26.09400", "2008-06-30": "26.62500", "2008-03-31": "26.95000", "2007-12-31": "28.65900", "2007-09-30": "27.79800", "2007-06-30": "28.37000", "2007-03-31": "23.41700", "2006-12-31": "33.12700", "2006-09-30": "", "2006-06-30": "", "2006-03-31": ""}, "Total Liabilities": {"2020-09-30": "323.85800", "2020-06-30": "321.43000", "2020-03-31": "324.20400", "2019-12-31": "327.99300", "2019-09-30": "350.24400", "2019-06-30": "370.05500", "2019-03-31": "360.44800", "2018-12-31": "368.21500", "2018-09-30": "355.29100", "2018-06-30": "358.32100", "2018-03-31": "352.63800", "2017-12-31": "344.93300", "2017-09-30": "286.96600", "2017-06-30": "226.18500", "2017-03-31": "236.30100", "2016-12-31": "232.27500", "2016-09-30": "224.28200", "2016-06-30": "206.14400", "2016-03-31": "203.10200", "2015-12-31": "192.76400", "2015-09-30": "192.32000", "2015-06-30": "170.78600", "2015-03-31": "168.74100", "2014-12-31": "164.32600", "2014-09-30": "148.68500", "2014-06-30": "134.52600", "2014-03-31": "135.69700", "2013-12-31": "133.24700", "2013-09-30": "134.10900", "2013-06-30": "123.28800", "2013-03-31": "119.03300", "2012-12-31": "152.57100", "2012-09-30": "148.81300", "2012-06-30": "128.28300", "2012-03-31": "176.53900", "2011-12-31": "164.52200", "2011-09-30": "177.36100", "2011-06-30": "158.97700", "2011-03-31": "129.11800", "2010-12-31": "125.05200", "2010-09-30": "88.52400", "2010-06-30": "81.40100", "2010-03-31": "62.75500", "2009-12-31": "56.06500", "2009-09-30": "65.73600", "2009-06-30": "78.87700", "2009-03-31": "76.06800", "2008-12-31": "69.91900", "2008-09-30": "75.49800", "2008-06-30": "77.54900", "2008-03-31": "72.35400", "2007-12-31": "63.14100", "2007-09-30": "70.67600", "2007-06-30": "66.20000", "2007-03-31": "54.40100", "2006-12-31": "73.89800", "2006-09-30": "", "2006-06-30": "", "2006-03-31": ""}, "Common Stock Net": {"2020-09-30": "0.00600", "2020-06-30": "0.00600", "2020-03-31": "0.00600", "2019-12-31": "0.00500", "2019-09-30": "0.00500", "2019-06-30": "0.00500", "2019-03-31": "0.00500", "2018-12-31": "0.00500", "2018-09-30": "0.00500", "2018-06-30": "0.00500", "2018-03-31": "0.00500", "2017-12-31": "0.00500", "2017-09-30": "0.00500", "2017-06-30": "0.00500", "2017-03-31": "0.00500", "2016-12-31": "0.00500", "2016-09-30": "0.00500", "2016-06-30": "0.00500", "2016-03-31": "0.00500", "2015-12-31": "0.00500", "2015-09-30": "0.00500", "2015-06-30": "0.00500", "2015-03-31": "0.00500", "2014-12-31": "0.00500", "2014-09-30": "0.00500", "2014-06-30": "0.00500", "2014-03-31": "0.00500", "2013-12-31": "0.00500", "2013-09-30": "0.00500", "2013-06-30": "0.00500", "2013-03-31": "0.00500", "2012-12-31": "0.00500", "2012-09-30": "0.00500", "2012-06-30": "0.00500", "2012-03-31": "0.00500", "2011-12-31": "0.00500", "2011-09-30": "0.00500", "2011-06-30": "0.00500", "2011-03-31": "0.00500", "2010-12-31": "0.00500", "2010-09-30": "0.00500", "2010-06-30": "0.00500", "2010-03-31": "0.00500", "2009-12-31": "0.00500", "2009-09-30": "0.00500", "2009-06-30": "0.00500", "2009-03-31": "0.00500", "2008-12-31": "0.00400", "2008-09-30": "0.00400", "2008-06-30": "0.00400", "2008-03-31": "0.00400", "2007-12-31": "0.00400", "2007-09-30": "0.00400", "2007-06-30": "0.00400", "2007-03-31": "0.00400", "2006-12-31": "0.00400", "2006-09-30": "", "2006-06-30": "", "2006-03-31": ""}, "Retained Earnings (Accumulated Deficit)": {"2020-09-30": "2138.85200", "2020-06-30": "2103.24800", "2020-03-31": "2065.02200", "2019-12-31": "2028.73400", "2019-09-30": "2033.18400", "2019-06-30": "1975.93100", "2019-03-31": "1903.65900", "2018-12-31": "1848.50000", "2018-09-30": "1772.94100", "2018-06-30": "1672.42400", "2018-03-31": "1550.80700", "2017-12-31": "1443.86700", "2017-09-30": "1390.91100", "2017-06-30": "1275.31400", "2017-03-31": "1171.19800", "2016-12-31": "1094.10800", "2016-09-30": "1018.97600", "2016-06-30": "949.74100", "2016-03-31": "882.68200", "2015-12-31": "833.35600", "2015-09-30": "772.65200", "2015-06-30": "709.86000", "2015-03-31": "648.56100", "2014-12-31": "591.20200", "2014-09-30": "534.77100", "2014-06-30": "479.57100", "2014-03-31": "431.28800", "2013-12-31": "390.75700", "2013-09-30": "354.16200", "2013-06-30": "311.82400", "2013-03-31": "270.10400", "2012-12-31": "234.97700", "2012-09-30": "233.41800", "2012-06-30": "190.98300", "2012-03-31": "153.24100", "2011-12-31": "122.83300", "2011-09-30": "91.75300", "2011-06-30": "59.37100", "2011-03-31": "28.63500", "2010-12-31": "5.56700", "2010-09-30": "-21.49500", "2010-06-30": "-34.72100", "2010-03-31": "-45.02700", "2009-12-31": "-48.42400", "2009-09-30": "-51.54600", "2009-06-30": "-53.80100", "2009-03-31": "-52.57200", "2008-12-31": "-53.84300", "2008-09-30": "-62.90300", "2008-06-30": "-73.79600", "2008-03-31": "-82.34800", "2007-12-31": "-90.49700", "2007-09-30": "-98.83400", "2007-06-30": "-107.39100", "2007-03-31": "-113.77900", "2006-12-31": "-120.39200", "2006-09-30": "", "2006-06-30": "", "2006-03-31": ""}, "Comprehensive Income": {"2020-09-30": "-193.82700", "2020-06-30": "-184.50100", "2020-03-31": "-220.08100", "2019-12-31": "-146.91900", "2019-09-30": "-174.31100", "2019-06-30": "-143.94300", "2019-03-31": "-157.75100", "2018-12-31": "-162.89600", "2018-09-30": "-144.40900", "2018-06-30": "-129.35700", "2018-03-31": "-50.69400", "2017-12-31": "-77.34400", "2017-09-30": "-89.29700", "2017-06-30": "-119.16700", "2017-03-31": "-151.62600", "2016-12-31": "-178.58300", "2016-09-30": "-148.43000", "2016-06-30": "-156.45100", "2016-03-31": "-152.98700", "2015-12-31": "-181.48200", "2015-09-30": "-155.80200", "2015-06-30": "-139.26200", "2015-03-31": "-150.53900", "2014-12-31": "-112.26300", "2014-09-30": "-54.47400", "2014-06-30": "-7.60100", "2014-03-31": "-14.32800", "2013-12-31": "-1.70100", "2013-09-30": "-4.96100", "2013-06-30": "-16.90600", "2013-03-31": "-12.63900", "2012-12-31": "-3.09400", "2012-09-30": "-10.70500", "2012-06-30": "-21.20800", "2012-03-31": "0.87700", "2011-12-31": "-12.10000", "2011-09-30": "-2.44700", "2011-06-30": "17.00000", "2011-03-31": "13.89000", "2010-12-31": "0.81000", "2010-09-30": "3.71200", "2010-06-30": "-9.74000", "2010-03-31": "2.58200", "2009-12-31": "11.10600", "2009-09-30": "12.96500", "2009-06-30": "8.68300", "2009-03-31": "1.88600", "2008-12-31": "8.79400", "2008-09-30": "11.95400", "2008-06-30": "21.39900", "2008-03-31": "21.54200", "2007-12-31": "15.16700", "2007-09-30": "12.64600", "2007-06-30": "8.98600", "2007-03-31": "8.45800", "2006-12-31": "7.88300", "2006-09-30": "", "2006-06-30": "", "2006-03-31": ""}, "Other Share Holders Equity": {"2020-09-30": "", "2020-06-30": "", "2020-03-31": "", "2019-12-31": "", "2019-09-30": "", "2019-06-30": "", "2019-03-31": "", "2018-12-31": "", "2018-09-30": "", "2018-06-30": "", "2018-03-31": "", "2017-12-31": "", "2017-09-30": "", "2017-06-30": "", "2017-03-31": "", "2016-12-31": "", "2016-09-30": "", "2016-06-30": "", "2016-03-31": "", "2015-12-31": "", "2015-09-30": "", "2015-06-30": "", "2015-03-31": "", "2014-12-31": "", "2014-09-30": "", "2014-06-30": "", "2014-03-31": "", "2013-12-31": "", "2013-09-30": "", "2013-06-30": "", "2013-03-31": "", "2012-12-31": "", "2012-09-30": "", "2012-06-30": "", "2012-03-31": "", "2011-12-31": "", "2011-09-30": "", "2011-06-30": "", "2011-03-31": "", "2010-12-31": "", "2010-09-30": "", "2010-06-30": "", "2010-03-31": "", "2009-12-31": "", "2009-09-30": "", "2009-06-30": "", "2009-03-31": "", "2008-12-31": "", "2008-09-30": "", "2008-06-30": "", "2008-03-31": "", "2007-12-31": "", "2007-09-30": "", "2007-06-30": "", "2007-03-31": "-0.02300", "2006-12-31": "-0.02300", "2006-09-30": "", "2006-06-30": "", "2006-03-31": ""}, "Share Holder Equity": {"2020-09-30": "2471.07400", "2020-06-30": "2437.30600", "2020-03-31": "2355.93000", "2019-12-31": "2402.44300", "2019-09-30": "2380.66000", "2019-06-30": "2367.36100", "2019-03-31": "2268.28800", "2018-12-31": "2206.23500", "2018-09-30": "2206.80800", "2018-06-30": "2172.15700", "2018-03-31": "2145.36900", "2017-12-31": "2022.32200", "2017-09-30": "1959.09900", "2017-06-30": "1804.35700", "2017-03-31": "1666.27200", "2016-12-31": "1557.72400", "2016-09-30": "1503.01600", "2016-06-30": "1423.16300", "2016-03-31": "1346.99800", "2015-12-31": "1260.66500", "2015-09-30": "1215.88600", "2015-06-30": "1163.75500", "2015-03-31": "1080.51900", "2014-12-31": "1046.56100", "2014-09-30": "1036.70300", "2014-06-30": "1023.86000", "2014-03-31": "961.31600", "2013-12-31": "927.96900", "2013-09-30": "875.68700", "2013-06-30": "815.96700", "2013-03-31": "773.22500", "2012-12-31": "742.92700", "2012-09-30": "729.57200", "2012-06-30": "669.73100", "2012-03-31": "658.36600", "2011-12-31": "443.61000", "2011-09-30": "418.96300", "2011-06-30": "402.40400", "2011-03-31": "360.44900", "2010-12-31": "316.80300", "2010-09-30": "285.45200", "2010-06-30": "252.32300", "2010-03-31": "252.45200", "2009-12-31": "256.57100", "2009-09-30": "253.20300", "2009-06-30": "244.22400", "2009-03-31": "237.73700", "2008-12-31": "243.29900", "2008-09-30": "228.41900", "2008-06-30": "225.48200", "2008-03-31": "215.40100", "2007-12-31": "200.18000", "2007-09-30": "187.53600", "2007-06-30": "173.92500", "2007-03-31": "166.02300", "2006-12-31": "158.59400", "2006-09-30": "", "2006-06-30": "", "2006-03-31": ""}, "Total Liabilities And Share Holders Equity": {"2020-09-30": "2794.93200", "2020-06-30": "2758.73600", "2020-03-31": "2680.13400", "2019-12-31": "2730.43600", "2019-09-30": "2730.90400", "2019-06-30": "2737.41600", "2019-03-31": "2628.73600", "2018-12-31": "2574.45000", "2018-09-30": "2562.09900", "2018-06-30": "2530.47800", "2018-03-31": "2498.00700", "2017-12-31": "2367.25500", "2017-09-30": "2246.06500", "2017-06-30": "2030.54200", "2017-03-31": "1902.57300", "2016-12-31": "1789.99900", "2016-09-30": "1727.29800", "2016-06-30": "1629.30700", "2016-03-31": "1550.10000", "2015-12-31": "1453.42900", "2015-09-30": "1408.20600", "2015-06-30": "1334.54100", "2015-03-31": "1249.26000", "2014-12-31": "1210.88700", "2014-09-30": "1185.38800", "2014-06-30": "1158.38600", "2014-03-31": "1097.01300", "2013-12-31": "1061.21600", "2013-09-30": "1009.79600", "2013-06-30": "939.25500", "2013-03-31": "892.25800", "2012-12-31": "895.49800", "2012-09-30": "878.38500", "2012-06-30": "798.01400", "2012-03-31": "834.90500", "2011-12-31": "608.13200", "2011-09-30": "596.32400", "2011-06-30": "561.38100", "2011-03-31": "489.56700", "2010-12-31": "441.85500", "2010-09-30": "373.97600", "2010-06-30": "333.72400", "2010-03-31": "315.20700", "2009-12-31": "312.63600", "2009-09-30": "318.93900", "2009-06-30": "323.10100", "2009-03-31": "313.80500", "2008-12-31": "313.21800", "2008-09-30": "303.91700", "2008-06-30": "303.03100", "2008-03-31": "287.75500", "2007-12-31": "263.32100", "2007-09-30": "258.21200", "2007-06-30": "240.12500", "2007-03-31": "220.42400", "2006-12-31": "232.49200", "2006-09-30": "", "2006-06-30": "", "2006-03-31": ""}}, "cash flow statement": {"Net Income/Loss": {"2019-12-31": "180.26100", "2018-12-31": "404.16900", "2017-12-31": "347.58800", "2016-12-31": "260.71600", "2015-12-31": "242.02700", "2014-12-31": "200.44500", "2013-12-31": "155.78000", "2012-12-31": "147.74400", "2011-12-31": "121.00900", "2010-12-31": "54.35200", "2009-12-31": "5.28400", "2008-12-31": "38.45300", "2007-12-31": "32.08800", "2006-12-31": "29.23300", "2005-12-31": "7.42700"}, "Total Depreciation And Amortization - Cash Flow": {"2019-12-31": "133.38800", "2018-12-31": "80.27100", "2017-12-31": "64.56800", "2016-12-31": "51.47500", "2015-12-31": "42.41500", "2014-12-31": "35.61200", "2013-12-31": "31.52400", "2012-12-31": "26.14400", "2011-12-31": "23.96200", "2010-12-31": "21.84500", "2009-12-31": "19.17200", "2008-12-31": "15.83400", "2007-12-31": "12.30400", "2006-12-31": "9.10500", "2005-12-31": "8.09200"}, "Other Non-Cash Items": {"2019-12-31": "97.98000", "2018-12-31": "59.64300", "2017-12-31": "98.82900", "2016-12-31": "60.31700", "2015-12-31": "46.84000", "2014-12-31": "32.70500", "2013-12-31": "26.48000", "2012-12-31": "30.63000", "2011-12-31": "22.90700", "2010-12-31": "15.27000", "2009-12-31": "9.80400", "2008-12-31": "8.39400", "2007-12-31": "12.42500", "2006-12-31": "2.06400", "2005-12-31": "5.78000"}, "Total Non-Cash Items": {"2019-12-31": "231.36800", "2018-12-31": "139.91400", "2017-12-31": "163.39700", "2016-12-31": "111.79200", "2015-12-31": "89.25500", "2014-12-31": "68.31700", "2013-12-31": "58.00400", "2012-12-31": "56.77400", "2011-12-31": "46.86900", "2010-12-31": "37.11500", "2009-12-31": "28.97600", "2008-12-31": "24.22800", "2007-12-31": "24.72900", "2006-12-31": "11.16900", "2005-12-31": "13.87200"}, "Change In Accounts Receivable": {"2019-12-31": "9.77600", "2018-12-31": "-18.81400", "2017-12-31": "-63.22500", "2016-12-31": "-11.44400", "2015-12-31": "-19.03600", "2014-12-31": "-48.51800", "2013-12-31": "-9.99100", "2012-12-31": "-22.70600", "2011-12-31": "-23.68800", "2010-12-31": "-27.30800", "2009-12-31": "9.26900", "2008-12-31": "-8.46600", "2007-12-31": "-11.29200", "2006-12-31": "-6.87600", "2005-12-31": "-5.59900"}, "Change In Inventories": {"2019-12-31": "-28.10500", "2018-12-31": "-135.44000", "2017-12-31": "-71.08000", "2016-12-31": "-53.62600", "2015-12-31": "-70.56500", "2014-12-31": "-42.24600", "2013-12-31": "-50.35500", "2012-12-31": "-22.97500", "2011-12-31": "-56.13900", "2010-12-31": "-27.01800", "2009-12-31": "5.60000", "2008-12-31": "-21.66100", "2007-12-31": "-15.30500", "2006-12-31": "-19.88400", "2005-12-31": "-4.01100"}, "Change In Accounts Payable": {"2019-12-31": "-10.25700", "2018-12-31": "-1.42600", "2017-12-31": "2.30900", "2016-12-31": "-0.40700", "2015-12-31": "9.80600", "2014-12-31": "3.26200", "2013-12-31": "0.97400", "2012-12-31": "4.37500", "2011-12-31": "1.98500", "2010-12-31": "3.41100", "2009-12-31": "-0.49800", "2008-12-31": "-2.26700", "2007-12-31": "1.08600", "2006-12-31": "0.34200", "2005-12-31": "-1.03000"}, "Change In Assets/Liabilities": {"2019-12-31": "21.72500", "2018-12-31": "-10.64800", "2017-12-31": "0.07500", "2016-12-31": "-4.06900", "2015-12-31": "1.85300", "2014-12-31": "-5.35100", "2013-12-31": "-3.98000", "2012-12-31": "-0.89900", "2011-12-31": "-8.80300", "2010-12-31": "-12.15000", "2009-12-31": "0.67900", "2008-12-31": "6.81000", "2007-12-31": "-6.75600", "2006-12-31": "-5.39400", "2005-12-31": "-0.07600"}, "Total Change In Assets/Liabilities": {"2019-12-31": "-88.10800", "2018-12-31": "-150.78200", "2017-12-31": "-105.59000", "2016-12-31": "-74.81200", "2015-12-31": "-67.80000", "2014-12-31": "-88.65700", "2013-12-31": "-94.41700", "2012-12-31": "-29.24200", "2011-12-31": "-80.52700", "2010-12-31": "-28.03500", "2009-12-31": "20.14500", "2008-12-31": "-28.01000", "2007-12-31": "-46.16000", "2006-12-31": "-21.20000", "2005-12-31": "-7.71400"}, "Cash Flow From Operating Activities": {"2019-12-31": "323.52100", "2018-12-31": "393.30100", "2017-12-31": "405.39500", "2016-12-31": "297.69600", "2015-12-31": "263.48200", "2014-12-31": "180.10500", "2013-12-31": "119.36700", "2012-12-31": "175.27600", "2011-12-31": "87.35100", "2010-12-31": "63.43200", "2009-12-31": "54.40500", "2008-12-31": "34.67100", "2007-12-31": "10.65700", "2006-12-31": "19.20200", "2005-12-31": "13.58500"}, "Net Change In Property, Plant, And Equipment": {"2019-12-31": "-132.87500", "2018-12-31": "-159.31700", "2017-12-31": "-110.65300", "2016-12-31": "-126.38400", "2015-12-31": "-69.95500", "2014-12-31": "-88.16700", "2013-12-31": "-70.68300", "2012-12-31": "-68.18400", "2011-12-31": "-53.00700", "2010-12-31": "-28.37400", "2009-12-31": "-10.49800", "2008-12-31": "-37.11100", "2007-12-31": "-34.26300", "2006-12-31": "-20.35200", "2005-12-31": "-15.20700"}, "Net Change In Intangible Assets": {"2019-12-31": "", "2018-12-31": "", "2017-12-31": "", "2016-12-31": "", "2015-12-31": "", "2014-12-31": "-2.00000", "2013-12-31": "0.00000", "2012-12-31": "0.00000", "2011-12-31": "", "2010-12-31": "", "2009-12-31": "", "2008-12-31": "", "2007-12-31": "", "2006-12-31": "", "2005-12-31": ""}, "Net Acquisitions/Divestitures": {"2019-12-31": "-15.11500", "2018-12-31": "-109.11500", "2017-12-31": "-60.48300", "2016-12-31": "-47.79200", "2015-12-31": "-4.95800", "2014-12-31": "", "2013-12-31": "-5.55500", "2012-12-31": "-11.59600", "2011-12-31": "-0.75000", "2010-12-31": "-4.10800", "2009-12-31": "", "2008-12-31": "", "2007-12-31": "", "2006-12-31": "", "2005-12-31": ""}, "Net Change In Short-term Investments": {"2019-12-31": "7.77800", "2018-12-31": "-294.98200", "2017-12-31": "0.68300", "2016-12-31": "-100.70000", "2015-12-31": "-106.74700", "2014-12-31": "0.00000", "2013-12-31": "0.00000", "2012-12-31": "25.45100", "2011-12-31": "-25.45100", "2010-12-31": "", "2009-12-31": "", "2008-12-31": "5.45000", "2007-12-31": "-6.95000", "2006-12-31": "", "2005-12-31": ""}, "Net Change In Long-Term Investments": {"2019-12-31": "", "2018-12-31": "", "2017-12-31": "", "2016-12-31": "", "2015-12-31": "", "2014-12-31": "", "2013-12-31": "0.49500", "2012-12-31": "", "2011-12-31": "", "2010-12-31": "", "2009-12-31": "", "2008-12-31": "", "2007-12-31": "", "2006-12-31": "", "2005-12-31": ""}, "Net Change In Investments - Total": {"2019-12-31": "7.77800", "2018-12-31": "-294.98200", "2017-12-31": "0.68300", "2016-12-31": "-100.70000", "2015-12-31": "-106.74700", "2014-12-31": "", "2013-12-31": "0.49500", "2012-12-31": "25.45100", "2011-12-31": "-25.45100", "2010-12-31": "", "2009-12-31": "", "2008-12-31": "5.45000", "2007-12-31": "-6.95000", "2006-12-31": "", "2005-12-31": ""}, "Investing Activities - Other": {"2019-12-31": "0.23700", "2018-12-31": "0.41500", "2017-12-31": "-0.35200", "2016-12-31": "0.46800", "2015-12-31": "0.09300", "2014-12-31": "0.08700", "2013-12-31": "-0.14300", "2012-12-31": "-0.92800", "2011-12-31": "0.10900", "2010-12-31": "-0.07700", "2009-12-31": "-0.14100", "2008-12-31": "0.04300", "2007-12-31": "-0.06900", "2006-12-31": "1.22500", "2005-12-31": "6.56600"}, "Cash Flow From Investing Activities": {"2019-12-31": "-139.97500", "2018-12-31": "-562.99900", "2017-12-31": "-170.80500", "2016-12-31": "-274.40800", "2015-12-31": "-181.56700", "2014-12-31": "-90.08000", "2013-12-31": "-75.88600", "2012-12-31": "-55.25700", "2011-12-31": "-79.09900", "2010-12-31": "-32.55900", "2009-12-31": "-10.63900", "2008-12-31": "-31.61800", "2007-12-31": "-41.28200", "2006-12-31": "-19.12700", "2005-12-31": "-8.64100"}, "Net Long-Term Debt": {"2019-12-31": "-3.67100", "2018-12-31": "-3.60400", "2017-12-31": "8.15800", "2016-12-31": "21.15600", "2015-12-31": "-15.67300", "2014-12-31": "-2.00800", "2013-12-31": "-2.00000", "2012-12-31": "-6.54700", "2011-12-31": "-1.38900", "2010-12-31": "-0.59100", "2009-12-31": "-15.13900", "2008-12-31": "7.60200", "2007-12-31": "-9.90400", "2006-12-31": "-5.88700", "2005-12-31": "0.12300"}, "Net Current Debt": {"2019-12-31": "", "2018-12-31": "", "2017-12-31": "", "2016-12-31": "", "2015-12-31": "", "2014-12-31": "", "2013-12-31": "", "2012-12-31": "", "2011-12-31": "", "2010-12-31": "", "2009-12-31": "", "2008-12-31": "", "2007-12-31": "", "2006-12-31": "", "2005-12-31": ""}, "Debt Issuance/Retirement Net - Total": {"2019-12-31": "-3.67100", "2018-12-31": "-3.60400", "2017-12-31": "8.15800", "2016-12-31": "21.15600", "2015-12-31": "-15.67300", "2014-12-31": "-2.00800", "2013-12-31": "-2.00000", "2012-12-31": "-6.54700", "2011-12-31": "-1.38900", "2010-12-31": "-0.59100", "2009-12-31": "-15.13900", "2008-12-31": "7.60200", "2007-12-31": "-9.90400", "2006-12-31": "-5.88700", "2005-12-31": "0.12300"}, "Net Common Equity Issued/Repurchased": {"2019-12-31": "-33.39600", "2018-12-31": "-163.88200", "2017-12-31": "-11.33300", "2016-12-31": "7.23700", "2015-12-31": "14.13200", "2014-12-31": "7.55800", "2013-12-31": "7.27500", "2012-12-31": "173.40800", "2011-12-31": "", "2010-12-31": "", "2009-12-31": "", "2008-12-31": "", "2007-12-31": "3.06000", "2006-12-31": "72.15800", "2005-12-31": "1.00100"}, "Net Total Equity Issued/Repurchased": {"2019-12-31": "-33.39600", "2018-12-31": "-163.88200", "2017-12-31": "-11.33300", "2016-12-31": "7.23700", "2015-12-31": "14.13200", "2014-12-31": "7.55800", "2013-12-31": "7.27500", "2012-12-31": "173.40800", "2011-12-31": "", "2010-12-31": "", "2009-12-31": "", "2008-12-31": "", "2007-12-31": "3.06000", "2006-12-31": "72.15800", "2005-12-31": "1.00100"}, "Total Common And Preferred Stock Dividends Paid": {"2019-12-31": "", "2018-12-31": "", "2017-12-31": "", "2016-12-31": "", "2015-12-31": "", "2014-12-31": "", "2013-12-31": "", "2012-12-31": "-33.35300", "2011-12-31": "", "2010-12-31": "", "2009-12-31": "", "2008-12-31": "", "2007-12-31": "", "2006-12-31": "", "2005-12-31": ""}, "Financial Activities - Other": {"2019-12-31": "", "2018-12-31": "0.83900", "2017-12-31": "-0.19700", "2016-12-31": "-0.95000", "2015-12-31": "", "2014-12-31": "5.97900", "2013-12-31": "8.87400", "2012-12-31": "-51.42100", "2011-12-31": "33.27400", "2010-12-31": "38.35500", "2009-12-31": "2.85900", "2008-12-31": "2.85000", "2007-12-31": "-0.53900", "2006-12-31": "0.63800", "2005-12-31": "0.01100"}, "Cash Flow From Financial Activities": {"2019-12-31": "-37.06700", "2018-12-31": "-166.64700", "2017-12-31": "-3.37200", "2016-12-31": "27.44300", "2015-12-31": "-1.54100", "2014-12-31": "11.52900", "2013-12-31": "14.14900", "2012-12-31": "82.08700", "2011-12-31": "31.88500", "2010-12-31": "37.76400", "2009-12-31": "-12.28000", "2008-12-31": "10.45200", "2007-12-31": "-7.38300", "2006-12-31": "66.90900", "2005-12-31": "1.13500"}, "Net Cash Flow": {"2019-12-31": "138.62600", "2018-12-31": "-365.54200", "2017-12-31": "286.04500", "2016-12-31": "41.32300", "2015-12-31": "60.38200", "2014-12-31": "73.37400", "2013-12-31": "64.72300", "2012-12-31": "203.81900", "2011-12-31": "32.37400", "2010-12-31": "64.94000", "2009-12-31": "31.63700", "2008-12-31": "13.31100", "2007-12-31": "-37.69500", "2006-12-31": "67.30600", "2005-12-31": "5.81300"}, "Stock-Based Compensation": {"2019-12-31": "33.36300", "2018-12-31": "28.02700", "2017-12-31": "23.02100", "2016-12-31": "21.73400", "2015-12-31": "18.98900", "2014-12-31": "15.17200", "2013-12-31": "11.72000", "2012-12-31": "8.56500", "2011-12-31": "8.04800", "2010-12-31": "3.19600", "2009-12-31": "2.76700", "2008-12-31": "2.07400", "2007-12-31": "1.32400", "2006-12-31": "0.53300", "2005-12-31": "0.00700"}, "Common Stock Dividends Paid": {"2019-12-31": "", "2018-12-31": "", "2017-12-31": "", "2016-12-31": "", "2015-12-31": "", "2014-12-31": "", "2013-12-31": "", "2012-12-31": "-33.35300", "2011-12-31": "", "2010-12-31": "", "2009-12-31": "", "2008-12-31": "", "2007-12-31": "", "2006-12-31": "", "2005-12-31": ""}}, "cash flow statement, quarterly": {"Net Income/Loss": {"2020-09-30": 35.53, "2020-06-30": 38.366, "2020-03-31": "36.76600", "2019-12-31": -4.303, "2019-09-30": 57.127, "2019-06-30": 72.521, "2019-03-31": "54.91600", "2018-12-31": 75.466, "2018-09-30": 100.752, "2018-06-30": 121.617, "2018-03-31": "106.33400", "2017-12-31": 52.956, "2017-09-30": 115.597, "2017-06-30": 104.103, "2017-03-31": "74.93200", "2016-12-31": 75.129, "2016-09-30": 69.227, "2016-06-30": 67.032, "2016-03-31": "49.32800", "2015-12-31": 60.678, "2015-09-30": 62.759, "2015-06-30": 61.244, "2015-03-31": "57.34600", "2014-12-31": 56.431, "2014-09-30": 55.2, "2014-06-30": 48.283, "2014-03-31": "40.53100", "2013-12-31": 36.595, "2013-09-30": 42.338, "2013-06-30": 41.72, "2013-03-31": "35.12700", "2012-12-31": 34.912, "2012-09-30": 42.435, "2012-06-30": 39.849, "2012-03-31": "30.54800", "2011-12-31": 31.855, "2011-09-30": 34.269, "2011-06-30": 31.507, "2011-03-31": "23.37800", "2010-12-31": 27.268, "2010-09-30": 13.315, "2010-06-30": 10.345, "2010-03-31": "3.42400", "2009-12-31": 3.157, "2009-09-30": 2.266, "2009-06-30": -1.165, "2009-03-31": "1.02600", "2008-12-31": 9.455, "2008-09-30": 11.482, "2008-06-30": 9.021, "2008-03-31": "8.49500", "2007-12-31": 10.53, "2007-09-30": 8.557, "2007-06-30": 6.388, "2007-03-31": "6.61300", "2006-12-31": 16.633, "2006-09-30": 4.747, "2006-06-30": 4.783, "2006-03-31": "3.06700"}, "Total Depreciation And Amortization - Cash Flow": {"2020-09-30": 67.756, "2020-06-30": 23.922, "2020-03-31": "24.09900", "2019-12-31": 60.857, "2019-09-30": 25.045, "2019-06-30": 24.684, "2019-03-31": "22.80200", "2018-12-31": 21.377, "2018-09-30": 20.167, "2018-06-30": 19.504, "2018-03-31": "19.22300", "2017-12-31": 18.152, "2017-09-30": 16.702, "2017-06-30": 15.21, "2017-03-31": "14.50400", "2016-12-31": 13.829, "2016-09-30": 13.993, "2016-06-30": 12.259, "2016-03-31": "11.39400", "2015-12-31": 11.336, "2015-09-30": 10.903, "2015-06-30": 10.433, "2015-03-31": "9.74300", "2014-12-31": 9.203, "2014-09-30": 9.321, "2014-06-30": 8.986, "2014-03-31": "8.10200", "2013-12-31": 8.11, "2013-09-30": 8.529, "2013-06-30": 7.668, "2013-03-31": "7.21700", "2012-12-31": 6.976, "2012-09-30": 6.81, "2012-06-30": 6.143, "2012-03-31": "6.21500", "2011-12-31": 5.78, "2011-09-30": 6.227, "2011-06-30": 6.297, "2011-03-31": "5.65800", "2010-12-31": 5.747, "2010-09-30": 5.584, "2010-06-30": 5.288, "2010-03-31": "5.22600", "2009-12-31": 5.148, "2009-09-30": 4.981, "2009-06-30": 4.663, "2009-03-31": "4.38000", "2008-12-31": 4.733, "2008-09-30": 3.576, "2008-06-30": 3.916, "2008-03-31": "3.60900", "2007-12-31": 3.749, "2007-09-30": 3.145, "2007-06-30": 2.685, "2007-03-31": "2.72500", "2006-12-31": 3.436, "2006-09-30": 1.91, "2006-06-30": 1.937, "2006-03-31": "1.81700"}, "Other Non-Cash Items": {"2020-09-30": 6.94, "2020-06-30": 35.219, "2020-03-31": "2.40700", "2019-12-31": 29.988, "2019-09-30": 21.281, "2019-06-30": 19.072, "2019-03-31": "27.63900", "2018-12-31": 8.379, "2018-09-30": 12.588, "2018-06-30": 17.533, "2018-03-31": "21.14300", "2017-12-31": 23.72, "2017-09-30": 30.537, "2017-06-30": 21.707, "2017-03-31": "22.86500", "2016-12-31": 16.722, "2016-09-30": 19.434, "2016-06-30": 8.039, "2016-03-31": "16.12200", "2015-12-31": 20.219, "2015-09-30": 10.15, "2015-06-30": 8.807, "2015-03-31": "7.66400", "2014-12-31": 14.465, "2014-09-30": 8.07, "2014-06-30": 6.727, "2014-03-31": "3.44300", "2013-12-31": 5.923, "2013-09-30": 10.702, "2013-06-30": 1.255, "2013-03-31": "8.60000", "2012-12-31": 5.283, "2012-09-30": 13.11, "2012-06-30": 2.875, "2012-03-31": "9.36200", "2011-12-31": 11.448, "2011-09-30": -7.603, "2011-06-30": 6.997, "2011-03-31": "12.06500", "2010-12-31": 6.938, "2010-09-30": 7.514, "2010-06-30": 0.855, "2010-03-31": "-0.03700", "2009-12-31": 6.248, "2009-09-30": 0.903, "2009-06-30": 0.982, "2009-03-31": "1.67100", "2008-12-31": 4.897, "2008-09-30": 2.456, "2008-06-30": 1.199, "2008-03-31": "-0.15800", "2007-12-31": 4.062, "2007-09-30": 5.198, "2007-06-30": 1.574, "2007-03-31": "1.59100", "2006-12-31": -5.003, "2006-09-30": 0.314, "2006-06-30": 2.389, "2006-03-31": "4.36400"}, "Total Non-Cash Items": {"2020-09-30": 74.696, "2020-06-30": 59.141, "2020-03-31": "26.50600", "2019-12-31": 90.845, "2019-09-30": 46.326, "2019-06-30": 43.756, "2019-03-31": "50.44100", "2018-12-31": 29.756, "2018-09-30": 32.755, "2018-06-30": 37.037, "2018-03-31": "40.36600", "2017-12-31": 41.872, "2017-09-30": 47.239, "2017-06-30": 36.917, "2017-03-31": "37.36900", "2016-12-31": 30.551, "2016-09-30": 33.427, "2016-06-30": 20.298, "2016-03-31": "27.51600", "2015-12-31": 31.555, "2015-09-30": 21.053, "2015-06-30": 19.24, "2015-03-31": "17.40700", "2014-12-31": 23.668, "2014-09-30": 17.391, "2014-06-30": 15.713, "2014-03-31": "11.54500", "2013-12-31": 14.033, "2013-09-30": 19.231, "2013-06-30": 8.923, "2013-03-31": "15.81700", "2012-12-31": 12.259, "2012-09-30": 19.92, "2012-06-30": 9.018, "2012-03-31": "15.57700", "2011-12-31": 17.228, "2011-09-30": -1.376, "2011-06-30": 13.294, "2011-03-31": "17.72300", "2010-12-31": 12.685, "2010-09-30": 13.098, "2010-06-30": 6.143, "2010-03-31": "5.18900", "2009-12-31": 11.396, "2009-09-30": 5.884, "2009-06-30": 5.645, "2009-03-31": "6.05100", "2008-12-31": 9.63, "2008-09-30": 6.032, "2008-06-30": 5.115, "2008-03-31": "3.45100", "2007-12-31": 7.811, "2007-09-30": 8.343, "2007-06-30": 4.259, "2007-03-31": "4.31600", "2006-12-31": -3.631, "2006-09-30": 2.224, "2006-06-30": 4.326, "2006-03-31": "6.18100"}, "Change In Accounts Receivable": {"2020-09-30": -30.703, "2020-06-30": -1.481, "2020-03-31": "34.49200", "2019-12-31": 17.338, "2019-09-30": 13.494, "2019-06-30": -43.909, "2019-03-31": "22.85300", "2018-12-31": 7.244, "2018-09-30": -16.567, "2018-06-30": -17.433, "2018-03-31": "7.94200", "2017-12-31": -6.809, "2017-09-30": 17.218, "2017-06-30": -50.833, "2017-03-31": "-22.80100", "2016-12-31": -0.591, "2016-09-30": -13.738, "2016-06-30": -5.255, "2016-03-31": "8.14000", "2015-12-31": 0.968, "2015-09-30": 11.744, "2015-06-30": -19.863, "2015-03-31": "-11.88500", "2014-12-31": -10.592, "2014-09-30": -17.206, "2014-06-30": -16.347, "2014-03-31": "-4.37300", "2013-12-31": 16.951, "2013-09-30": -5.73, "2013-06-30": -12.962, "2013-03-31": "-8.25000", "2012-12-31": 13.808, "2012-09-30": -23.213, "2012-06-30": -1.098, "2012-03-31": "-12.20300", "2011-12-31": 2.533, "2011-09-30": -9.293, "2011-06-30": -14.842, "2011-03-31": "-2.08600", "2010-12-31": -3.203, "2010-09-30": -11.365, "2010-06-30": -11.843, "2010-03-31": "-0.89700", "2009-12-31": -1.461, "2009-09-30": 2.533, "2009-06-30": -2.084, "2009-03-31": "10.28100", "2008-12-31": -2.229, "2008-09-30": -3.391, "2008-06-30": -0.658, "2008-03-31": "-2.18800", "2007-12-31": -1.118, "2007-09-30": -5.523, "2007-06-30": -2.3, "2007-03-31": "-2.35100", "2006-12-31": -0.048, "2006-09-30": -4.354, "2006-06-30": -0.035, "2006-03-31": "-2.43900"}, "Change In Inventories": {"2020-09-30": -19.053, "2020-06-30": -4.731, "2020-03-31": "-10.42900", "2019-12-31": 22.927, "2019-09-30": -10.243, "2019-06-30": -21.07, "2019-03-31": "-19.71900", "2018-12-31": -13.389, "2018-09-30": -31.037, "2018-06-30": -41.27, "2018-03-31": "-49.74400", "2017-12-31": -31.383, "2017-09-30": -13.877, "2017-06-30": -3.412, "2017-03-31": "-22.40800", "2016-12-31": -10.812, "2016-09-30": -8.146, "2016-06-30": -15.303, "2016-03-31": "-19.36500", "2015-12-31": -18.393, "2015-09-30": -18.961, "2015-06-30": -19.313, "2015-03-31": "-13.89800", "2014-12-31": -12.026, "2014-09-30": -15.232, "2014-06-30": -11.132, "2014-03-31": "-3.85600", "2013-12-31": -6.65, "2013-09-30": -19.891, "2013-06-30": -16.83, "2013-03-31": "-6.98400", "2012-12-31": -5.925, "2012-09-30": -6.902, "2012-06-30": -6.121, "2012-03-31": "-4.02700", "2011-12-31": -3.878, "2011-09-30": -17.068, "2011-06-30": -21.473, "2011-03-31": "-13.72000", "2010-12-31": -9.013, "2010-09-30": -8.49, "2010-06-30": -6.166, "2010-03-31": "-3.34900", "2009-12-31": 2.756, "2009-09-30": 1.158, "2009-06-30": 0.827, "2009-03-31": "0.85900", "2008-12-31": 0.175, "2008-09-30": -6.085, "2008-06-30": -8.453, "2008-03-31": "-7.29800", "2007-12-31": -0.706, "2007-09-30": -2.853, "2007-06-30": -8.462, "2007-03-31": "-3.28400", "2006-12-31": -7.329, "2006-09-30": -6.166, "2006-06-30": -5.283, "2006-03-31": "-1.10600"}, "Change In Accounts Payable": {"2020-09-30": -4.426, "2020-06-30": 7.191, "2020-03-31": "6.05400", "2019-12-31": -2.12, "2019-09-30": -7.692, "2019-06-30": -2.4, "2019-03-31": "1.95500", "2018-12-31": -0.107, "2018-09-30": -10.846, "2018-06-30": 8.393, "2018-03-31": "1.13400", "2017-12-31": -1.114, "2017-09-30": 1.509, "2017-06-30": 3.474, "2017-03-31": "-1.56000", "2016-12-31": 9.409, "2016-09-30": -1.375, "2016-06-30": -1.692, "2016-03-31": "-6.74900", "2015-12-31": 5.287, "2015-09-30": 0.097, "2015-06-30": 5.653, "2015-03-31": "-1.23100", "2014-12-31": 1.938, "2014-09-30": 4.008, "2014-06-30": -3.2, "2014-03-31": "0.51600", "2013-12-31": 2.982, "2013-09-30": -4.516, "2013-06-30": 4.444, "2013-03-31": "-1.93600", "2012-12-31": 2.205, "2012-09-30": -0.014, "2012-06-30": 1.482, "2012-03-31": "0.70200", "2011-12-31": -3.49, "2011-09-30": 0.587, "2011-06-30": 1.759, "2011-03-31": "3.12900", "2010-12-31": -0.059, "2010-09-30": -0.721, "2010-06-30": 4.59, "2010-03-31": "-0.39900", "2009-12-31": 0.983, "2009-09-30": -1.146, "2009-06-30": 0.821, "2009-03-31": "-1.15600", "2008-12-31": -2.786, "2008-09-30": 0.988, "2008-06-30": -1.267, "2008-03-31": "0.79800", "2007-12-31": 0.067, "2007-09-30": -1.821, "2007-06-30": 2.933, "2007-03-31": "-0.09300", "2006-12-31": -0.918, "2006-09-30": 0.582, "2006-06-30": 0.291, "2006-03-31": "0.38700"}, "Change In Assets/Liabilities": {"2020-09-30": 0.128, "2020-06-30": 6.926, "2020-03-31": "-9.11900", "2019-12-31": 10.638, "2019-09-30": 2.471, "2019-06-30": 7.332, "2019-03-31": "1.28400", "2018-12-31": -5.723, "2018-09-30": -2.934, "2018-06-30": 0.143, "2018-03-31": "-2.13400", "2017-12-31": 1.635, "2017-09-30": 1.208, "2017-06-30": 1.204, "2017-03-31": "-3.97200", "2016-12-31": -0.16, "2016-09-30": -3.257, "2016-06-30": -0.474, "2016-03-31": "-0.17800", "2015-12-31": -0.209, "2015-09-30": 0.022, "2015-06-30": 2.713, "2015-03-31": "-0.67300", "2014-12-31": -5.553, "2014-09-30": -0.234, "2014-06-30": 5.167, "2014-03-31": "-4.73100", "2013-12-31": 3.108, "2013-09-30": -5.585, "2013-06-30": 0.709, "2013-03-31": "-2.21200", "2012-12-31": 6.306, "2012-09-30": -4.814, "2012-06-30": 0.004, "2012-03-31": "-2.39500", "2011-12-31": -7.055, "2011-09-30": 9.065, "2011-06-30": -3.095, "2011-03-31": "-7.71800", "2010-12-31": -11.181, "2010-09-30": -1.36, "2010-06-30": 0.353, "2010-03-31": "0.03800", "2009-12-31": 0.943, "2009-09-30": -0.662, "2009-06-30": 2.024, "2009-03-31": "-1.62600", "2008-12-31": 3.28, "2008-09-30": 2.498, "2008-06-30": 0.414, "2008-03-31": "0.61800", "2007-12-31": 0.364, "2007-09-30": -4.5, "2007-06-30": 0.598, "2007-03-31": "-3.21800", "2006-12-31": 1.257, "2006-09-30": -5.4, "2006-06-30": -0.561, "2006-03-31": "-0.69000"}, "Total Change In Assets/Liabilities": {"2020-09-30": -40.465, "2020-06-30": -24.032, "2020-03-31": "-6.49100", "2019-12-31": 43.397, "2019-09-30": -11.65, "2019-06-30": -58.153, "2019-03-31": "-61.70200", "2018-12-31": 7.828, "2018-09-30": -61.807, "2018-06-30": -49.756, "2018-03-31": "-47.04700", "2017-12-31": 13.717, "2017-09-30": 0.912, "2017-06-30": -58.738, "2017-03-31": "-61.48100", "2016-12-31": -3.829, "2016-09-30": -15.113, "2016-06-30": -43.923, "2016-03-31": "-11.94700", "2015-12-31": -23.362, "2015-09-30": 9.389, "2015-06-30": -31.082, "2015-03-31": "-22.74500", "2014-12-31": -24.081, "2014-09-30": -25.379, "2014-06-30": -30.512, "2014-03-31": "-8.68500", "2013-12-31": 7.778, "2013-09-30": -24.882, "2013-06-30": -15.03, "2013-03-31": "-62.28300", "2012-12-31": 11.6, "2012-09-30": -24.305, "2012-06-30": 2.583, "2012-03-31": "-19.12000", "2011-12-31": -17.727, "2011-09-30": -3.89, "2011-06-30": -27.963, "2011-03-31": "-30.94700", "2010-12-31": -5.928, "2010-09-30": -20.444, "2010-06-30": -0.926, "2010-03-31": "-0.73700", "2009-12-31": 2.16, "2009-09-30": 5.742, "2009-06-30": 1.81, "2009-03-31": "10.43300", "2008-12-31": -9.44, "2008-09-30": -4.136, "2008-06-30": -7.847, "2008-03-31": "-6.58700", "2007-12-31": -7.178, "2007-09-30": -15.415, "2007-06-30": -13.216, "2007-03-31": "-10.35100", "2006-12-31": -4.627, "2006-09-30": -7.404, "2006-06-30": -5.595, "2006-03-31": "-2.45400"}, "Cash Flow From Operating Activities": {"2020-09-30": 69.761, "2020-06-30": 73.475, "2020-03-31": "56.78100", "2019-12-31": 129.939, "2019-09-30": 91.803, "2019-06-30": 58.124, "2019-03-31": "43.65500", "2018-12-31": 113.05, "2018-09-30": 71.7, "2018-06-30": 108.898, "2018-03-31": "99.65300", "2017-12-31": 108.545, "2017-09-30": 163.748, "2017-06-30": 82.282, "2017-03-31": "50.82000", "2016-12-31": 101.851, "2016-09-30": 87.541, "2016-06-30": 43.407, "2016-03-31": "64.89700", "2015-12-31": 68.871, "2015-09-30": 93.201, "2015-06-30": 49.402, "2015-03-31": "52.00800", "2014-12-31": 56.018, "2014-09-30": 47.212, "2014-06-30": 33.484, "2014-03-31": "43.39100", "2013-12-31": 58.406, "2013-09-30": 36.687, "2013-06-30": 35.613, "2013-03-31": "-11.33900", "2012-12-31": 58.771, "2012-09-30": 38.05, "2012-06-30": 51.45, "2012-03-31": "27.00500", "2011-12-31": 31.356, "2011-09-30": 29.003, "2011-06-30": 16.838, "2011-03-31": "10.15400", "2010-12-31": 34.025, "2010-09-30": 5.969, "2010-06-30": 15.562, "2010-03-31": "7.87600", "2009-12-31": 16.713, "2009-09-30": 13.892, "2009-06-30": 6.29, "2009-03-31": "17.51000", "2008-12-31": 9.645, "2008-09-30": 13.378, "2008-06-30": 6.289, "2008-03-31": "5.35900", "2007-12-31": 11.163, "2007-09-30": 1.485, "2007-06-30": -2.569, "2007-03-31": "0.57800", "2006-12-31": 9.325, "2006-09-30": -0.433, "2006-06-30": 3.514, "2006-03-31": "6.79400"}, "Net Change In Property, Plant, And Equipment": {"2020-09-30": -24.272, "2020-06-30": -19.248, "2020-03-31": "-17.66200", "2019-12-31": -25.683, "2019-09-30": -20.988, "2019-06-30": -53.397, "2019-03-31": "-32.80700", "2018-12-31": -26.717, "2018-09-30": -36.725, "2018-06-30": -56.972, "2018-03-31": "-38.90300", "2017-12-31": -26.869, "2017-09-30": -55.436, "2017-06-30": -6.572, "2017-03-31": "-21.77600", "2016-12-31": -26.557, "2016-09-30": -29.148, "2016-06-30": -45.848, "2016-03-31": "-24.83100", "2015-12-31": -19.427, "2015-09-30": -18.061, "2015-06-30": -18.571, "2015-03-31": "-13.89600", "2014-12-31": -15.862, "2014-09-30": -26.778, "2014-06-30": -34.19, "2014-03-31": "-11.33700", "2013-12-31": -22.552, "2013-09-30": -14.034, "2013-06-30": -16.44, "2013-03-31": "-17.65700", "2012-12-31": -16.469, "2012-09-30": -15.749, "2012-06-30": -22.187, "2012-03-31": "-13.77900", "2011-12-31": -18.257, "2011-09-30": -11.964, "2011-06-30": -13.199, "2011-03-31": "-9.58700", "2010-12-31": -14.173, "2010-09-30": -5.5, "2010-06-30": -3.748, "2010-03-31": "-4.95300", "2009-12-31": -0.918, "2009-09-30": -1.854, "2009-06-30": -3.04, "2009-03-31": "-4.68600", "2008-12-31": -7.622, "2008-09-30": -9.164, "2008-06-30": -11.813, "2008-03-31": "-8.51200", "2007-12-31": -7.883, "2007-09-30": -8.599, "2007-06-30": -10.576, "2007-03-31": "-7.20500", "2006-12-31": -5.955, "2006-09-30": -5.361, "2006-06-30": -5.169, "2006-03-31": "-3.86500"}, "Net Change In Intangible Assets": {"2020-09-30": 0, "2020-06-30": 0, "2020-03-31": "", "2019-12-31": 0, "2019-09-30": 0, "2019-06-30": 0, "2019-03-31": "", "2018-12-31": 0, "2018-09-30": 0, "2018-06-30": 0, "2018-03-31": "", "2017-12-31": 0, "2017-09-30": 0, "2017-06-30": 0, "2017-03-31": "", "2016-12-31": 0, "2016-09-30": 0, "2016-06-30": 0, "2016-03-31": "", "2015-12-31": 0, "2015-09-30": 0, "2015-06-30": 0, "2015-03-31": "", "2014-12-31": 0, "2014-09-30": -2, "2014-06-30": 0, "2014-03-31": "", "2013-12-31": 0, "2013-09-30": 0, "2013-06-30": 0, "2013-03-31": "", "2012-12-31": 0, "2012-09-30": 0, "2012-06-30": 0, "2012-03-31": "", "2011-12-31": 0, "2011-09-30": 0, "2011-06-30": 0, "2011-03-31": "", "2010-12-31": 0, "2010-09-30": 0, "2010-06-30": 0, "2010-03-31": "", "2009-12-31": 0, "2009-09-30": 0, "2009-06-30": 0, "2009-03-31": "", "2008-12-31": 0, "2008-09-30": 0, "2008-06-30": 0, "2008-03-31": "", "2007-12-31": 0, "2007-09-30": 0, "2007-06-30": 0, "2007-03-31": "", "2006-12-31": 0, "2006-09-30": 0, "2006-06-30": 0, "2006-03-31": ""}, "Net Acquisitions/Divestitures": {"2020-09-30": 0, "2020-06-30": 0, "2020-03-31": "", "2019-12-31": 0, "2019-09-30": 0, "2019-06-30": 0, "2019-03-31": "-15.11500", "2018-12-31": -104.692, "2018-09-30": -0.001, "2018-06-30": -4.422, "2018-03-31": "", "2017-12-31": -9.889, "2017-09-30": -39.287, "2017-06-30": -11.307, "2017-03-31": "", "2016-12-31": -1.265, "2016-09-30": 0, "2016-06-30": -46.527, "2016-03-31": "", "2015-12-31": 0, "2015-09-30": 0, "2015-06-30": 0, "2015-03-31": "-4.95800", "2014-12-31": 0, "2014-09-30": 0, "2014-06-30": 0, "2014-03-31": "", "2013-12-31": 0, "2013-09-30": 0, "2013-06-30": 0, "2013-03-31": "-5.55500", "2012-12-31": 0, "2012-09-30": -11.596, "2012-06-30": 0, "2012-03-31": "", "2011-12-31": -0.3, "2011-09-30": 0, "2011-06-30": 0, "2011-03-31": "-0.45000", "2010-12-31": 0, "2010-09-30": 0, "2010-06-30": -3.36, "2010-03-31": "-0.74800", "2009-12-31": 0, "2009-09-30": 0, "2009-06-30": 0, "2009-03-31": "", "2008-12-31": 0, "2008-09-30": 0, "2008-06-30": 0, "2008-03-31": "", "2007-12-31": 0, "2007-09-30": 0, "2007-06-30": 0, "2007-03-31": "", "2006-12-31": 0, "2006-09-30": 0, "2006-06-30": 0, "2006-03-31": ""}, "Net Change In Short-term Investments": {"2020-09-30": -36.504, "2020-06-30": 123.762, "2020-03-31": "-122.17100", "2019-12-31": -3.049, "2019-09-30": 15.975, "2019-06-30": -29.903, "2019-03-31": "24.75500", "2018-12-31": -14.83, "2018-09-30": -151.94, "2018-06-30": -127.596, "2018-03-31": "-0.61600", "2017-12-31": -40.875, "2017-09-30": 112.802, "2017-06-30": -113.441, "2017-03-31": "42.19700", "2016-12-31": -80.134, "2016-09-30": -0.075, "2016-06-30": -0.592, "2016-03-31": "-19.89900", "2015-12-31": -106.747, "2015-09-30": 0, "2015-06-30": 0, "2015-03-31": "0.00000", "2014-12-31": 0, "2014-09-30": 0, "2014-06-30": 0, "2014-03-31": "", "2013-12-31": 0, "2013-09-30": 0, "2013-06-30": 0, "2013-03-31": "", "2012-12-31": -0.001, "2012-09-30": 9.765, "2012-06-30": 8.686, "2012-03-31": "7.00100", "2011-12-31": -25.451, "2011-09-30": 0, "2011-06-30": 0, "2011-03-31": "", "2010-12-31": 0, "2010-09-30": 0, "2010-06-30": 0, "2010-03-31": "", "2009-12-31": 0, "2009-09-30": 0, "2009-06-30": 0, "2009-03-31": "", "2008-12-31": 0, "2008-09-30": 0, "2008-06-30": 5.45, "2008-03-31": "", "2007-12-31": -6.95, "2007-09-30": 0, "2007-06-30": 0, "2007-03-31": "", "2006-12-31": 0, "2006-09-30": 0, "2006-06-30": 0, "2006-03-31": ""}, "Net Change In Long-Term Investments": {"2020-09-30": 0, "2020-06-30": 0, "2020-03-31": "", "2019-12-31": 0, "2019-09-30": 0, "2019-06-30": 0, "2019-03-31": "", "2018-12-31": 0, "2018-09-30": 0, "2018-06-30": 0, "2018-03-31": "", "2017-12-31": 0, "2017-09-30": -156.171, "2017-06-30": 156.171, "2017-03-31": "", "2016-12-31": 0, "2016-09-30": 0, "2016-06-30": 0, "2016-03-31": "", "2015-12-31": 0, "2015-09-30": 0, "2015-06-30": 0, "2015-03-31": "", "2014-12-31": 0, "2014-09-30": 0, "2014-06-30": 0, "2014-03-31": "", "2013-12-31": 0.495, "2013-09-30": 0, "2013-06-30": 0, "2013-03-31": "", "2012-12-31": 0, "2012-09-30": 0, "2012-06-30": 0, "2012-03-31": "", "2011-12-31": 0, "2011-09-30": 0, "2011-06-30": 0, "2011-03-31": "", "2010-12-31": 0, "2010-09-30": 0, "2010-06-30": 0, "2010-03-31": "", "2009-12-31": 0, "2009-09-30": 0, "2009-06-30": 0, "2009-03-31": "", "2008-12-31": 0, "2008-09-30": 0, "2008-06-30": 0, "2008-03-31": "", "2007-12-31": 0, "2007-09-30": 0, "2007-06-30": 0, "2007-03-31": "", "2006-12-31": 0, "2006-09-30": 0, "2006-06-30": 0, "2006-03-31": ""}, "Net Change In Investments - Total": {"2020-09-30": -36.504, "2020-06-30": 123.762, "2020-03-31": "-122.17100", "2019-12-31": -3.049, "2019-09-30": 15.975, "2019-06-30": -29.903, "2019-03-31": "24.75500", "2018-12-31": -14.83, "2018-09-30": -151.94, "2018-06-30": -127.596, "2018-03-31": "-0.61600", "2017-12-31": -40.875, "2017-09-30": -43.369, "2017-06-30": 42.73, "2017-03-31": "42.19700", "2016-12-31": -80.134, "2016-09-30": -0.075, "2016-06-30": -0.592, "2016-03-31": "-19.89900", "2015-12-31": -106.747, "2015-09-30": 0, "2015-06-30": 0, "2015-03-31": "", "2014-12-31": 0, "2014-09-30": 0, "2014-06-30": 0, "2014-03-31": "", "2013-12-31": 0.495, "2013-09-30": 0, "2013-06-30": 0, "2013-03-31": "", "2012-12-31": -0.001, "2012-09-30": 9.765, "2012-06-30": 8.686, "2012-03-31": "7.00100", "2011-12-31": -25.451, "2011-09-30": 0, "2011-06-30": 0, "2011-03-31": "", "2010-12-31": 0, "2010-09-30": 0, "2010-06-30": 0, "2010-03-31": "", "2009-12-31": 0, "2009-09-30": 0, "2009-06-30": 0, "2009-03-31": "", "2008-12-31": 0, "2008-09-30": 0, "2008-06-30": 5.45, "2008-03-31": "", "2007-12-31": -6.95, "2007-09-30": 0, "2007-06-30": 0, "2007-03-31": "", "2006-12-31": 1.22, "2006-09-30": 0, "2006-06-30": 0, "2006-03-31": ""}, "Investing Activities - Other": {"2020-09-30": -0.098, "2020-06-30": 0.036, "2020-03-31": "0.07900", "2019-12-31": -0.006, "2019-09-30": 0.034, "2019-06-30": 0.194, "2019-03-31": "0.01500", "2018-12-31": 0.108, "2018-09-30": 0.119, "2018-06-30": 0.112, "2018-03-31": "0.07600", "2017-12-31": 0.144, "2017-09-30": 0.072, "2017-06-30": -0.521, "2017-03-31": "-0.04700", "2016-12-31": 0.452, "2016-09-30": -0.056, "2016-06-30": 0.026, "2016-03-31": "0.04600", "2015-12-31": 0.03, "2015-09-30": -0.023, "2015-06-30": 0.026, "2015-03-31": "0.06000", "2014-12-31": 0.021, "2014-09-30": 0.024, "2014-06-30": 0.01, "2014-03-31": "0.03200", "2013-12-31": -0.585, "2013-09-30": 0.035, "2013-06-30": 0.032, "2013-03-31": "0.37500", "2012-12-31": -0.615, "2012-09-30": -0.274, "2012-06-30": -0.188, "2012-03-31": "0.14900", "2011-12-31": -0.08, "2011-09-30": 0.077, "2011-06-30": -0.037, "2011-03-31": "0.14900", "2010-12-31": -0.248, "2010-09-30": 0.054, "2010-06-30": -0.064, "2010-03-31": "0.18100", "2009-12-31": -0.199, "2009-09-30": 0.112, "2009-06-30": -0.076, "2009-03-31": "0.02200", "2008-12-31": -0.148, "2008-09-30": 0.055, "2008-06-30": 0.077, "2008-03-31": "0.05900", "2007-12-31": 0.267, "2007-09-30": -0.353, "2007-06-30": 0.006, "2007-03-31": "0.01100", "2006-12-31": -1.633, "2006-09-30": 0.562, "2006-06-30": -0.026, "2006-03-31": "1.09700"}, "Cash Flow From Investing Activities": {"2020-09-30": -60.874, "2020-06-30": 104.55, "2020-03-31": "-139.75400", "2019-12-31": -28.738, "2019-09-30": -4.979, "2019-06-30": -83.106, "2019-03-31": "-23.15200", "2018-12-31": -146.131, "2018-09-30": -188.547, "2018-06-30": -188.878, "2018-03-31": "-39.44300", "2017-12-31": -77.489, "2017-09-30": -138.02, "2017-06-30": 24.33, "2017-03-31": "20.37400", "2016-12-31": -107.504, "2016-09-30": -29.279, "2016-06-30": -92.941, "2016-03-31": "-44.68400", "2015-12-31": -126.144, "2015-09-30": -18.084, "2015-06-30": -18.545, "2015-03-31": "-18.79400", "2014-12-31": -15.841, "2014-09-30": -28.754, "2014-06-30": -34.18, "2014-03-31": "-11.30500", "2013-12-31": -22.642, "2013-09-30": -13.999, "2013-06-30": -16.408, "2013-03-31": "-22.83700", "2012-12-31": -17.085, "2012-09-30": -17.854, "2012-06-30": -13.689, "2012-03-31": "-6.62900", "2011-12-31": -44.088, "2011-09-30": -11.887, "2011-06-30": -13.236, "2011-03-31": "-9.88800", "2010-12-31": -14.421, "2010-09-30": -5.446, "2010-06-30": -7.172, "2010-03-31": "-5.52000", "2009-12-31": -1.117, "2009-09-30": -1.742, "2009-06-30": -3.116, "2009-03-31": "-4.66400", "2008-12-31": -7.77, "2008-09-30": -9.109, "2008-06-30": -6.286, "2008-03-31": "-8.45300", "2007-12-31": -14.566, "2007-09-30": -8.952, "2007-06-30": -10.57, "2007-03-31": "-7.19400", "2006-12-31": -6.358, "2006-09-30": -4.799, "2006-06-30": -5.195, "2006-03-31": "-2.76800"}, "Net Long-Term Debt": {"2020-09-30": -0.936, "2020-06-30": -0.934, "2020-03-31": "-0.92800", "2019-12-31": -0.924, "2019-09-30": -0.92, "2019-06-30": -0.916, "2019-03-31": "-0.91100", "2018-12-31": -0.908, "2018-09-30": -0.902, "2018-06-30": -0.899, "2018-03-31": "-0.89500", "2017-12-31": -0.891, "2017-09-30": 27.309, "2017-06-30": -17.463, "2017-03-31": "-0.79700", "2016-12-31": -0.797, "2016-09-30": -0.797, "2016-06-30": 23.259, "2016-03-31": "-0.50900", "2015-12-31": -0.566, "2015-09-30": -1.997, "2015-06-30": -10.405, "2015-03-31": "-2.70500", "2014-12-31": -0.223, "2014-09-30": -0.583, "2014-06-30": 0.103, "2014-03-31": "-1.30500", "2013-12-31": 1.414, "2013-09-30": -0.608, "2013-06-30": -8.648, "2013-03-31": "5.84200", "2012-12-31": -2.741, "2012-09-30": 0.413, "2012-06-30": -6.553, "2012-03-31": "2.33400", "2011-12-31": -0.928, "2011-09-30": 0.071, "2011-06-30": 0.216, "2011-03-31": "-0.74800", "2010-12-31": 1.891, "2010-09-30": -2.325, "2010-06-30": -0.986, "2010-03-31": "0.82900", "2009-12-31": -9.742, "2009-09-30": -16.506, "2009-06-30": 1.223, "2009-03-31": "9.88600", "2008-12-31": 3.046, "2008-09-30": -4.074, "2008-06-30": 5.289, "2008-03-31": "3.34100", "2007-12-31": -4.471, "2007-09-30": 4.564, "2007-06-30": 9.897, "2007-03-31": "-19.89400", "2006-12-31": -10.714, "2006-09-30": 5.323, "2006-06-30": 1.644, "2006-03-31": "-2.14000"}, "Net Current Debt": {"2020-09-30": 0, "2020-06-30": 0, "2020-03-31": "", "2019-12-31": 0, "2019-09-30": 0, "2019-06-30": 0, "2019-03-31": "", "2018-12-31": 0, "2018-09-30": 0, "2018-06-30": 0, "2018-03-31": "", "2017-12-31": 0, "2017-09-30": 0, "2017-06-30": 0, "2017-03-31": "", "2016-12-31": 0, "2016-09-30": 0, "2016-06-30": 0, "2016-03-31": "", "2015-12-31": 0, "2015-09-30": 0, "2015-06-30": 0, "2015-03-31": "", "2014-12-31": 0, "2014-09-30": 0, "2014-06-30": 0, "2014-03-31": "", "2013-12-31": 0, "2013-09-30": 0, "2013-06-30": 0, "2013-03-31": "", "2012-12-31": 0, "2012-09-30": 0, "2012-06-30": 0, "2012-03-31": "", "2011-12-31": 0, "2011-09-30": 0, "2011-06-30": 0, "2011-03-31": "", "2010-12-31": 0, "2010-09-30": 0, "2010-06-30": 0, "2010-03-31": "", "2009-12-31": 0, "2009-09-30": 0, "2009-06-30": 0, "2009-03-31": "", "2008-12-31": 0, "2008-09-30": 0, "2008-06-30": 0, "2008-03-31": "", "2007-12-31": 0, "2007-09-30": 0, "2007-06-30": 0, "2007-03-31": "", "2006-12-31": -2.02, "2006-09-30": 0.44, "2006-06-30": 0, "2006-03-31": ""}, "Debt Issuance/Retirement Net - Total": {"2020-09-30": -0.936, "2020-06-30": -0.934, "2020-03-31": "-0.92800", "2019-12-31": -0.924, "2019-09-30": -0.92, "2019-06-30": -0.916, "2019-03-31": "-0.91100", "2018-12-31": -0.908, "2018-09-30": -0.902, "2018-06-30": -0.899, "2018-03-31": "-0.89500", "2017-12-31": -0.891, "2017-09-30": 27.309, "2017-06-30": -17.463, "2017-03-31": "-0.79700", "2016-12-31": -0.797, "2016-09-30": -0.797, "2016-06-30": 23.259, "2016-03-31": "-0.50900", "2015-12-31": -0.566, "2015-09-30": -1.997, "2015-06-30": -10.405, "2015-03-31": "-2.70500", "2014-12-31": -0.223, "2014-09-30": -0.583, "2014-06-30": 0.103, "2014-03-31": "-1.30500", "2013-12-31": 1.414, "2013-09-30": -0.608, "2013-06-30": -8.648, "2013-03-31": "5.84200", "2012-12-31": -2.741, "2012-09-30": 0.413, "2012-06-30": -6.553, "2012-03-31": "2.33400", "2011-12-31": -0.928, "2011-09-30": 0.071, "2011-06-30": 0.216, "2011-03-31": "-0.74800", "2010-12-31": 1.891, "2010-09-30": -2.325, "2010-06-30": -0.986, "2010-03-31": "0.82900", "2009-12-31": -9.742, "2009-09-30": -16.506, "2009-06-30": 1.223, "2009-03-31": "9.88600", "2008-12-31": 3.046, "2008-09-30": -4.074, "2008-06-30": 5.289, "2008-03-31": "3.34100", "2007-12-31": -4.471, "2007-09-30": 4.564, "2007-06-30": 9.897, "2007-03-31": "-19.89400", "2006-12-31": -9.567, "2006-09-30": 5.763, "2006-06-30": 1.644, "2006-03-31": "-2.14000"}, "Net Common Equity Issued/Repurchased": {"2020-09-30": -1.158, "2020-06-30": -1.745, "2020-03-31": "-18.21400", "2019-12-31": -9.119, "2019-09-30": -21.961, "2019-06-30": 3.833, "2019-03-31": "-6.14900", "2018-12-31": -64.071, "2018-09-30": -59.378, "2018-06-30": -23.475, "2018-03-31": "-16.95800", "2017-12-31": -7.718, "2017-09-30": 3.345, "2017-06-30": -4.021, "2017-03-31": "-2.93900", "2016-12-31": 1.534, "2016-09-30": -2.876, "2016-06-30": 8.579, "2016-03-31": "", "2015-12-31": 3.643, "2015-09-30": 0.915, "2015-06-30": 5.165, "2015-03-31": "4.40900", "2014-12-31": 3.828, "2014-09-30": 0.351, "2014-06-30": 2.768, "2014-03-31": "0.61100", "2013-12-31": 7.275, "2013-09-30": -2.177, "2013-06-30": 1.457, "2013-03-31": "0.72000", "2012-12-31": 5.445, "2012-09-30": -0.059, "2012-06-30": -0.995, "2012-03-31": "169.01700", "2011-12-31": -4.491, "2011-09-30": 0.502, "2011-06-30": -0.895, "2011-03-31": "4.88400", "2010-12-31": -6.714, "2010-09-30": 5.448, "2010-06-30": 1.055, "2010-03-31": "0.21100", "2009-12-31": -2.121, "2009-09-30": 1.644, "2009-06-30": 0.34, "2009-03-31": "0.13700", "2008-12-31": -2.359, "2008-09-30": 0.994, "2008-06-30": 1.055, "2008-03-31": "0.31000", "2007-12-31": 1.368, "2007-09-30": 0.841, "2007-06-30": 0.828, "2007-03-31": "0.02300", "2006-12-31": 71.125, "2006-09-30": 0.128, "2006-06-30": 0.36, "2006-03-31": "0.54500"}, "Net Total Equity Issued/Repurchased": {"2020-09-30": -1.158, "2020-06-30": -1.745, "2020-03-31": "-18.21400", "2019-12-31": -9.119, "2019-09-30": -21.961, "2019-06-30": 3.833, "2019-03-31": "-6.14900", "2018-12-31": -64.071, "2018-09-30": -59.378, "2018-06-30": -23.475, "2018-03-31": "-16.95800", "2017-12-31": -7.718, "2017-09-30": 3.345, "2017-06-30": -4.021, "2017-03-31": "-2.93900", "2016-12-31": 1.534, "2016-09-30": -2.876, "2016-06-30": 8.579, "2016-03-31": "", "2015-12-31": 3.643, "2015-09-30": 0.915, "2015-06-30": 5.165, "2015-03-31": "4.40900", "2014-12-31": 3.828, "2014-09-30": 0.351, "2014-06-30": 2.768, "2014-03-31": "0.61100", "2013-12-31": 7.275, "2013-09-30": -2.177, "2013-06-30": 1.457, "2013-03-31": "0.72000", "2012-12-31": 5.445, "2012-09-30": -0.059, "2012-06-30": -0.995, "2012-03-31": "169.01700", "2011-12-31": -4.491, "2011-09-30": 0.502, "2011-06-30": -0.895, "2011-03-31": "4.88400", "2010-12-31": -6.714, "2010-09-30": 5.448, "2010-06-30": 1.055, "2010-03-31": "0.21100", "2009-12-31": -2.121, "2009-09-30": 1.644, "2009-06-30": 0.34, "2009-03-31": "0.13700", "2008-12-31": -2.359, "2008-09-30": 0.994, "2008-06-30": 1.055, "2008-03-31": "0.31000", "2007-12-31": 1.368, "2007-09-30": 0.841, "2007-06-30": 0.828, "2007-03-31": "0.02300", "2006-12-31": 71.757, "2006-09-30": 0.128, "2006-06-30": 0.36, "2006-03-31": "0.54500"}, "Total Common And Preferred Stock Dividends Paid": {"2020-09-30": 0, "2020-06-30": 0, "2020-03-31": "", "2019-12-31": 0, "2019-09-30": 0, "2019-06-30": 0, "2019-03-31": "", "2018-12-31": 0, "2018-09-30": 0, "2018-06-30": 0, "2018-03-31": "", "2017-12-31": 0, "2017-09-30": 0, "2017-06-30": 0, "2017-03-31": "", "2016-12-31": 0, "2016-09-30": 0, "2016-06-30": 0, "2016-03-31": "", "2015-12-31": 0, "2015-09-30": 0, "2015-06-30": 0, "2015-03-31": "", "2014-12-31": 0, "2014-09-30": 0, "2014-06-30": 0, "2014-03-31": "", "2013-12-31": 0, "2013-09-30": 0, "2013-06-30": 0, "2013-03-31": "", "2012-12-31": -33.353, "2012-09-30": 0, "2012-06-30": 0, "2012-03-31": "", "2011-12-31": 0, "2011-09-30": 0, "2011-06-30": 0, "2011-03-31": "", "2010-12-31": 0, "2010-09-30": 0, "2010-06-30": 0, "2010-03-31": "", "2009-12-31": 0, "2009-09-30": 0, "2009-06-30": 0, "2009-03-31": "", "2008-12-31": 0, "2008-09-30": 0, "2008-06-30": 0, "2008-03-31": "", "2007-12-31": 0, "2007-09-30": 0, "2007-06-30": 0, "2007-03-31": "", "2006-12-31": 0, "2006-09-30": 0, "2006-06-30": 0, "2006-03-31": ""}, "Financial Activities - Other": {"2020-09-30": 0, "2020-06-30": 0, "2020-03-31": "-1.65000", "2019-12-31": 0, "2019-09-30": 0, "2019-06-30": 0, "2019-03-31": "", "2018-12-31": 0.461, "2018-09-30": 0.378, "2018-06-30": 0, "2018-03-31": "", "2017-12-31": 0, "2017-09-30": 0, "2017-06-30": -0.197, "2017-03-31": "", "2016-12-31": 0, "2016-09-30": 0, "2016-06-30": -3.594, "2016-03-31": "2.64400", "2015-12-31": -5.822, "2015-09-30": 0.157, "2015-06-30": 0.892, "2015-03-31": "4.77300", "2014-12-31": 3.283, "2014-09-30": 0.27, "2014-06-30": 0.861, "2014-03-31": "1.56500", "2013-12-31": 2.036, "2013-09-30": 4.482, "2013-06-30": 0.892, "2013-03-31": "1.46400", "2012-12-31": -3.466, "2012-09-30": 4.801, "2012-06-30": -53.104, "2012-03-31": "0.34800", "2011-12-31": 5.791, "2011-09-30": 1.252, "2011-06-30": 23.123, "2011-03-31": "3.10800", "2010-12-31": 38.455, "2010-09-30": -0.1, "2010-06-30": 0, "2010-03-31": "", "2009-12-31": 3.428, "2009-09-30": -0.061, "2009-06-30": -0.053, "2009-03-31": "-0.45500", "2008-12-31": 4.145, "2008-09-30": -1.295, "2008-06-30": 0, "2008-03-31": "", "2007-12-31": -0.562, "2007-09-30": 0.023, "2007-06-30": 0, "2007-03-31": "", "2006-12-31": 0.59, "2006-09-30": -0.59, "2006-06-30": 0, "2006-03-31": ""}, "Cash Flow From Financial Activities": {"2020-09-30": -2.094, "2020-06-30": -2.679, "2020-03-31": "-20.79200", "2019-12-31": -10.043, "2019-09-30": -22.881, "2019-06-30": 2.917, "2019-03-31": "-7.06000", "2018-12-31": -64.518, "2018-09-30": -59.902, "2018-06-30": -24.374, "2018-03-31": "-17.85300", "2017-12-31": -8.609, "2017-09-30": 30.654, "2017-06-30": -21.681, "2017-03-31": "-3.73600", "2016-12-31": 0.737, "2016-09-30": -3.673, "2016-06-30": 28.244, "2016-03-31": "2.13500", "2015-12-31": -2.745, "2015-09-30": -0.925, "2015-06-30": -4.348, "2015-03-31": "6.47700", "2014-12-31": 6.888, "2014-09-30": 0.038, "2014-06-30": 3.732, "2014-03-31": "0.87100", "2013-12-31": 10.725, "2013-09-30": 1.697, "2013-06-30": -6.299, "2013-03-31": "8.02600", "2012-12-31": -34.115, "2012-09-30": 5.155, "2012-06-30": -60.652, "2012-03-31": "171.69900", "2011-12-31": 0.372, "2011-09-30": 1.825, "2011-06-30": 22.444, "2011-03-31": "7.24400", "2010-12-31": 33.632, "2010-09-30": 3.023, "2010-06-30": 0.069, "2010-03-31": "1.04000", "2009-12-31": -8.435, "2009-09-30": -14.923, "2009-06-30": 1.51, "2009-03-31": "9.56800", "2008-12-31": 4.832, "2008-09-30": -4.375, "2008-06-30": 6.344, "2008-03-31": "3.65100", "2007-12-31": -3.665, "2007-09-30": 5.428, "2007-06-30": 10.725, "2007-03-31": "-19.87100", "2006-12-31": 61.19, "2006-09-30": 5.301, "2006-06-30": 2.004, "2006-03-31": "-1.59500"}, "Net Cash Flow": {"2020-09-30": 16.008, "2020-06-30": 177.701, "2020-03-31": "-110.64300", "2019-12-31": 99.866, "2019-09-30": 50.141, "2019-06-30": -18.827, "2019-03-31": "7.44600", "2018-12-31": -103.248, "2018-09-30": -169.186, "2018-06-30": -152.331, "2018-03-31": "59.22300", "2017-12-31": 29.633, "2017-09-30": 72.156, "2017-06-30": 110.333, "2017-03-31": "73.92300", "2016-12-31": -21.703, "2016-09-30": 58.272, "2016-06-30": -26.406, "2016-03-31": "31.16000", "2015-12-31": -68.688, "2015-09-30": 79.712, "2015-06-30": 30.034, "2015-03-31": "19.32400", "2014-12-31": 34.632, "2014-09-30": 4.086, "2014-06-30": 2.823, "2014-03-31": "31.83300", "2013-12-31": 50.421, "2013-09-30": 28.871, "2013-06-30": 13.769, "2013-03-31": "-28.33800", "2012-12-31": 11.484, "2012-09-30": 26.991, "2012-06-30": -31.493, "2012-03-31": "196.83700", "2011-12-31": -16.352, "2011-09-30": 8.39, "2011-06-30": 27.578, "2011-03-31": "12.75800", "2010-12-31": 51.23, "2010-09-30": 5.975, "2010-06-30": 6.248, "2010-03-31": "1.48700", "2009-12-31": 6.611, "2009-09-30": -1.759, "2009-06-30": 6.467, "2009-03-31": "20.31800", "2008-12-31": 6.944, "2008-09-30": -0.587, "2008-06-30": 6.228, "2008-03-31": "0.72600", "2007-12-31": -6.778, "2007-09-30": -1.959, "2007-06-30": -2.42, "2007-03-31": "-26.53800", "2006-12-31": 64.304, "2006-09-30": 0.075, "2006-06-30": 0.429, "2006-03-31": "2.49200"}, "Stock-Based Compensation": {"2020-09-30": 8.741, "2020-06-30": 9.223, "2020-03-31": "8.43000", "2019-12-31": 7.792, "2019-09-30": 8.54, "2019-06-30": 8.893, "2019-03-31": "8.13800", "2018-12-31": 6.584, "2018-09-30": 7.719, "2018-06-30": 7.309, "2018-03-31": "6.41500", "2017-12-31": 6.032, "2017-09-30": 5.93, "2017-06-30": 5.708, "2017-03-31": "5.35100", "2016-12-31": 5.635, "2016-09-30": 5.663, "2016-06-30": 5.477, "2016-03-31": "4.95900", "2015-12-31": 5.114, "2015-09-30": 5.013, "2015-06-30": 4.735, "2015-03-31": "4.12700", "2014-12-31": 4.105, "2014-09-30": 3.895, "2014-06-30": 3.905, "2014-03-31": "3.26700", "2013-12-31": 3.116, "2013-09-30": 3.132, "2013-06-30": 2.94, "2013-03-31": "2.53200", "2012-12-31": 2.207, "2012-09-30": 2.159, "2012-06-30": 2.201, "2012-03-31": "1.99800", "2011-12-31": 1.868, "2011-09-30": 1.879, "2011-06-30": 1.694, "2011-03-31": "2.60700", "2010-12-31": 0.718, "2010-09-30": 0.915, "2010-06-30": 0.793, "2010-03-31": "0.77000", "2009-12-31": 0.775, "2009-09-30": 0.787, "2009-06-30": 0.57, "2009-03-31": "0.63500", "2008-12-31": 0.575, "2008-09-30": 0.495, "2008-06-30": 0.617, "2008-03-31": "0.38700", "2007-12-31": 0.419, "2007-09-30": 0.396, "2007-06-30": 0.29, "2007-03-31": "0.21900", "2006-12-31": 0.216, "2006-09-30": 0.191, "2006-06-30": 0.126, "2006-03-31": ""}, "Common Stock Dividends Paid": {"2020-09-30": 0, "2020-06-30": 0, "2020-03-31": "", "2019-12-31": 0, "2019-09-30": 0, "2019-06-30": 0, "2019-03-31": "", "2018-12-31": 0, "2018-09-30": 0, "2018-06-30": 0, "2018-03-31": "", "2017-12-31": 0, "2017-09-30": 0, "2017-06-30": 0, "2017-03-31": "", "2016-12-31": 0, "2016-09-30": 0, "2016-06-30": 0, "2016-03-31": "", "2015-12-31": 0, "2015-09-30": 0, "2015-06-30": 0, "2015-03-31": "", "2014-12-31": 0, "2014-09-30": 0, "2014-06-30": 0, "2014-03-31": "", "2013-12-31": 0, "2013-09-30": 0, "2013-06-30": 0, "2013-03-31": "", "2012-12-31": -33.353, "2012-09-30": 0, "2012-06-30": 0, "2012-03-31": "", "2011-12-31": 0, "2011-09-30": 0, "2011-06-30": 0, "2011-03-31": "", "2010-12-31": 0, "2010-09-30": 0, "2010-06-30": 0, "2010-03-31": "", "2009-12-31": 0, "2009-09-30": 0, "2009-06-30": 0, "2009-03-31": "", "2008-12-31": 0, "2008-09-30": 0, "2008-06-30": 0, "2008-03-31": "", "2007-12-31": 0, "2007-09-30": 0, "2007-06-30": 0, "2007-03-31": "", "2006-12-31": 0, "2006-09-30": 0, "2006-06-30": 0, "2006-03-31": ""}}, "financial ratios": {"Current Ratio": {"2019-12-31": "9.88320", "2018-12-31": "7.34590", "2017-12-31": "8.81840", "2016-12-31": "8.21960", "2015-12-31": "7.77620", "2014-12-31": "7.32200", "2013-12-31": "7.85720", "2012-12-31": "5.30040", "2011-12-31": "4.63610", "2010-12-31": "3.63420", "2009-12-31": "4.91200", "2008-12-31": "3.69240", "2007-12-31": "4.51510", "2006-12-31": "3.83700", "2005-12-31": "1.62610"}, "Long-term Debt / Capital": {"2019-12-31": "0.01560", "2018-12-31": "0.01860", "2017-12-31": "0.02190", "2016-12-31": "0.02360", "2015-12-31": "0.01380", "2014-12-31": "0.01840", "2013-12-31": "0.01210", "2012-12-31": "0.01850", "2011-12-31": "0.03420", "2010-12-31": "0.04710", "2009-12-31": "0.06100", "2008-12-31": "0.06890", "2007-12-31": "0.09080", "2006-12-31": "0.15940", "2005-12-31": "-0.50690"}, "Debt/Equity Ratio": {"2019-12-31": "0.01740", "2018-12-31": "0.02060", "2017-12-31": "0.02420", "2016-12-31": "0.02620", "2015-12-31": "0.01560", "2014-12-31": "0.03400", "2013-12-31": "0.01720", "2012-12-31": "0.02420", "2011-12-31": "0.05500", "2010-12-31": "0.07520", "2009-12-31": "0.09360", "2008-12-31": "0.16070", "2007-12-31": "0.15590", "2006-12-31": "0.25830", "2005-12-31": "-0.74890"}, "Gross Margin": {"2019-12-31": "46.11420", "2018-12-31": "54.81760", "2017-12-31": "56.56310", "2016-12-31": "54.88520", "2015-12-31": "54.57630", "2014-12-31": "54.10510", "2013-12-31": "52.45070", "2012-12-31": "54.17100", "2011-12-31": "54.21810", "2010-12-31": "48.94070", "2009-12-31": "34.57240", "2008-12-31": "46.84040", "2007-12-31": "45.04100", "2006-12-31": "44.19200", "2005-12-31": "35.17560"}, "Operating Margin": {"2019-12-31": "17.78460", "2018-12-31": "35.85280", "2017-12-31": "39.11680", "2016-12-31": "36.20780", "2015-12-31": "37.95140", "2014-12-31": "36.85970", "2013-12-31": "33.66290", "2012-12-31": "37.13380", "2011-12-31": "36.99230", "2010-12-31": "26.86700", "2009-12-31": "4.87210", "2008-12-31": "24.96810", "2007-12-31": "24.55200", "2006-12-31": "25.13950", "2005-12-31": "14.81770"}, "EBIT Margin": {"2019-12-31": "17.78460", "2018-12-31": "35.85280", "2017-12-31": "39.11680", "2016-12-31": "36.20780", "2015-12-31": "37.95140", "2014-12-31": "36.85970", "2013-12-31": "33.66290", "2012-12-31": "37.13380", "2011-12-31": "36.99230", "2010-12-31": "26.86700", "2009-12-31": "4.87210", "2008-12-31": "24.96810", "2007-12-31": "24.55200", "2006-12-31": "25.13950", "2005-12-31": "14.81770"}, "EBITDA Margin": {"2019-12-31": "27.93140", "2018-12-31": "41.35120", "2017-12-31": "43.69970", "2016-12-31": "41.32370", "2015-12-31": "42.65760", "2014-12-31": "41.48570", "2013-12-31": "38.52750", "2012-12-31": "41.78140", "2011-12-31": "42.04250", "2010-12-31": "34.16670", "2009-12-31": "15.18550", "2008-12-31": "31.88030", "2007-12-31": "31.07320", "2006-12-31": "31.49660", "2005-12-31": "23.21320"}, "Pre-Tax Profit Margin": {"2019-12-31": "18.89390", "2018-12-31": "36.60560", "2017-12-31": "39.17070", "2016-12-31": "36.43160", "2015-12-31": "37.90420", "2014-12-31": "36.95270", "2013-12-31": "33.68670", "2012-12-31": "37.19190", "2011-12-31": "36.79470", "2010-12-31": "26.48300", "2009-12-31": "4.17930", "2008-12-31": "24.69220", "2007-12-31": "25.23360", "2006-12-31": "19.63270", "2005-12-31": "12.38060"}, "Net Profit Margin": {"2019-12-31": "13.71040", "2018-12-31": "27.67550", "2017-12-31": "24.67290", "2016-12-31": "25.91520", "2015-12-31": "26.86820", "2014-12-31": "26.03750", "2013-12-31": "24.03890", "2012-12-31": "25.77720", "2011-12-31": "24.81840", "2010-12-31": "18.04170", "2009-12-31": "2.91510", "2008-12-31": "16.00080", "2007-12-31": "15.84450", "2006-12-31": "6.26430", "2005-12-31": "5.26640"}, "Asset Turnover": {"2019-12-31": "0.48150", "2018-12-31": "0.56710", "2017-12-31": "0.59520", "2016-12-31": "0.56210", "2015-12-31": "0.62010", "2014-12-31": "0.63580", "2013-12-31": "0.61070", "2012-12-31": "0.62820", "2011-12-31": "0.78020", "2010-12-31": "0.67730", "2009-12-31": "0.59460", "2008-12-31": "0.73140", "2007-12-31": "0.71650", "2006-12-31": "0.61600", "2005-12-31": "0.83460"}, "Inventory Turnover Ratio": {"2019-12-31": "1.86030", "2018-12-31": "1.63440", "2017-12-31": "1.98880", "2016-12-31": "1.89920", "2015-12-31": "2.00940", "2014-12-31": "2.06610", "2013-12-31": "1.78420", "2012-12-31": "1.84650", "2011-12-31": "1.85700", "2010-12-31": "2.10840", "2009-12-31": "2.30050", "2008-12-31": "1.67840", "2007-12-31": "1.71650", "2006-12-31": "1.89580", "2005-12-31": "2.35560"}, "Receiveable Turnover": {"2019-12-31": "5.51240", "2018-12-31": "5.71360", "2017-12-31": "5.93770", "2016-12-31": "6.45390", "2015-12-31": "5.98930", "2014-12-31": "5.37930", "2013-12-31": "6.24290", "2012-12-31": "5.82150", "2011-12-31": "6.26340", "2010-12-31": "5.15410", "2009-12-31": "5.64790", "2008-12-31": "5.22890", "2007-12-31": "5.08690", "2006-12-31": "6.38460", "2005-12-31": "6.24500"}, "Days Sales In Receivables": {"2019-12-31": "66.21490", "2018-12-31": "63.88280", "2017-12-31": "61.47150", "2016-12-31": "56.55480", "2015-12-31": "60.94190", "2014-12-31": "67.85220", "2013-12-31": "58.46620", "2012-12-31": "62.69900", "2011-12-31": "58.27530", "2010-12-31": "70.81770", "2009-12-31": "64.62610", "2008-12-31": "69.80500", "2007-12-31": "71.75340", "2006-12-31": "57.16910", "2005-12-31": "58.44700"}, "ROE - Return On Equity": {"2019-12-31": "7.50320", "2018-12-31": "18.31940", "2017-12-31": "17.18760", "2016-12-31": "16.73700", "2015-12-31": "19.19840", "2014-12-31": "19.15270", "2013-12-31": "16.78720", "2012-12-31": "19.88670", "2011-12-31": "27.27820", "2010-12-31": "17.15640", "2009-12-31": "2.05950", "2008-12-31": "15.80480", "2007-12-31": "16.02960", "2006-12-31": "18.43260", "2005-12-31": "-14.45390"}, "Return On Tangible Equity": {"2019-12-31": "8.02560", "2018-12-31": "20.02450", "2017-12-31": "18.14830", "2016-12-31": "17.27620", "2015-12-31": "19.38920", "2014-12-31": "19.33160", "2013-12-31": "16.97040", "2012-12-31": "20.16930", "2011-12-31": "27.66220", "2010-12-31": "17.55150", "2009-12-31": "2.09020", "2008-12-31": "15.80480", "2007-12-31": "16.02960", "2006-12-31": "18.43260", "2005-12-31": "-15.97070"}, "ROA - Return On Assets": {"2019-12-31": "6.60190", "2018-12-31": "15.69920", "2017-12-31": "14.68320", "2016-12-31": "14.56520", "2015-12-31": "16.65210", "2014-12-31": "16.55360", "2013-12-31": "14.67940", "2012-12-31": "16.49850", "2011-12-31": "19.89850", "2010-12-31": "12.30090", "2009-12-31": "1.69010", "2008-12-31": "12.27680", "2007-12-31": "12.18590", "2006-12-31": "12.57380", "2005-12-31": "6.43140"}, "ROI - Return On Investment": {"2019-12-31": "7.38650", "2018-12-31": "17.97950", "2017-12-31": "16.81040", "2016-12-31": "16.34220", "2015-12-31": "18.93300", "2014-12-31": "18.79950", "2013-12-31": "16.58470", "2012-12-31": "19.51860", "2011-12-31": "26.34430", "2010-12-31": "16.34910", "2009-12-31": "1.93380", "2008-12-31": "14.71630", "2007-12-31": "14.57350", "2006-12-31": "15.49490", "2005-12-31": "-24.06600"}, "Book Value Per Share": {"2019-12-31": "45.31970", "2018-12-31": "41.67270", "2017-12-31": "37.70950", "2016-12-31": "29.25190", "2015-12-31": "23.83830", "2014-12-31": "19.98400", "2013-12-31": "17.86930", "2012-12-31": "14.46540", "2011-12-31": "9.31640", "2010-12-31": "6.74210", "2009-12-31": "5.56840", "2008-12-31": "5.41070", "2007-12-31": "4.54830", "2006-12-31": "3.69670", "2005-12-31": "-1.74440"}, "Operating Cash Flow Per Share": {"2019-12-31": -1.1777, "2018-12-31": -0.2247, "2017-12-31": 1.8777, "2016-12-31": 0.6021, "2015-12-31": 1.5221, "2014-12-31": 1.1304, "2013-12-31": -1.1219, "2012-12-31": 1.6068, "2011-12-31": 0.4614, "2010-12-31": 0.1652, "2009-12-31": 0.4175, "2008-12-31": 0.5172, "2007-12-31": -0.3489, "2006-12-31": 0.1315, "2005-12-31": 0.4503}, "Free Cash Flow Per Share": {"2019-12-31": -0.7346, "2018-12-31": -1.1128, "2017-12-31": 2.204, "2016-12-31": -0.4379, "2015-12-31": 1.8818, "2014-12-31": 0.811, "2013-12-31": -1.1485, "2012-12-31": 1.3726, "2011-12-31": -0.0312, "2010-12-31": -0.2057, "2009-12-31": 0.9951, "2008-12-31": 0.4632, "2007-12-31": -0.4812, "2006-12-31": 0.019, "2005-12-31": -0.0538}}, "financial ratios, quarterly": {"Current Ratio": {"2020-09-30": "10.08540", "2020-06-30": "9.98800", "2020-03-31": "9.59170", "2019-12-31": "9.88320", "2019-09-30": "9.07520", "2019-06-30": "8.38370", "2019-03-31": "8.54130", "2018-12-31": "7.34590", "2018-09-30": "8.63490", "2018-06-30": "8.73140", "2018-03-31": "9.53610", "2017-12-31": "8.81840", "2017-09-30": "9.01550", "2017-06-30": "9.63600", "2017-03-31": "8.81860", "2016-12-31": "8.21960", "2016-09-30": "8.20230", "2016-06-30": "8.87010", "2016-03-31": "7.94870", "2015-12-31": "7.77620", "2015-09-30": "7.24270", "2015-06-30": "7.96980", "2015-03-31": "7.56130", "2014-12-31": "7.32200", "2014-09-30": "6.74350", "2014-06-30": "7.54680", "2014-03-31": "7.98940", "2013-12-31": "7.85720", "2013-09-30": "7.08090", "2013-06-30": "7.26440", "2013-03-31": "7.37000", "2012-12-31": "5.30040", "2012-09-30": "5.45100", "2012-06-30": "5.81010", "2012-03-31": "6.27970", "2011-12-31": "4.63610", "2011-09-30": "3.90040", "2011-06-30": "4.40170", "2011-03-31": "4.03840", "2010-12-31": "3.63420", "2010-09-30": "3.39650", "2010-06-30": "3.23530", "2010-03-31": "4.19590", "2009-12-31": "4.91200", "2009-09-30": "3.97970", "2009-06-30": "3.17850", "2009-03-31": "3.26070", "2008-12-31": "3.69240", "2008-09-30": "3.51700", "2008-06-30": "3.45620", "2008-03-31": "3.64220", "2007-12-31": "4.51510", "2007-09-30": "3.76240", "2007-06-30": "3.92910", "2007-03-31": "4.30670", "2006-12-31": "3.83700", "2006-09-30": "", "2006-06-30": "", "2006-03-31": ""}, "Long-term Debt / Capital": {"2020-09-30": "0.01400", "2020-06-30": "0.01460", "2020-03-31": "0.01550", "2019-12-31": "0.01560", "2019-09-30": "0.01610", "2019-06-30": "0.01660", "2019-03-31": "0.01770", "2018-12-31": "0.01860", "2018-09-30": "0.01900", "2018-06-30": "0.01970", "2018-03-31": "0.02030", "2017-12-31": "0.02190", "2017-09-30": "0.02310", "2017-06-30": "0.01170", "2017-03-31": "0.02160", "2016-12-31": "0.02360", "2016-09-30": "0.02490", "2016-06-30": "0.02680", "2016-03-31": "0.01260", "2015-12-31": "0.01380", "2015-09-30": "0.01470", "2015-06-30": "0.01580", "2015-03-31": "0.01740", "2014-12-31": "0.01840", "2014-09-30": "", "2014-06-30": "", "2014-03-31": "0.01130", "2013-12-31": "0.01210", "2013-09-30": "0.01310", "2013-06-30": "0.01450", "2013-03-31": "0.01590", "2012-12-31": "0.01850", "2012-09-30": "0.01930", "2012-06-30": "0.02140", "2012-03-31": "0.02250", "2011-12-31": "0.03420", "2011-09-30": "0.03740", "2011-06-30": "0.04000", "2011-03-31": "0.04530", "2010-12-31": "0.04710", "2010-09-30": "0.05430", "2010-06-30": "0.06190", "2010-03-31": "0.06080", "2009-12-31": "0.06100", "2009-09-30": "0.06290", "2009-06-30": "0.06630", "2009-03-31": "0.06910", "2008-12-31": "0.06890", "2008-09-30": "0.07440", "2008-06-30": "0.07660", "2008-03-31": "0.08500", "2007-12-31": "0.09080", "2007-09-30": "0.09640", "2007-06-30": "0.10310", "2007-03-31": "0.10750", "2006-12-31": "0.15940", "2006-09-30": "", "2006-06-30": "", "2006-03-31": ""}, "Debt/Equity Ratio": {"2020-09-30": "0.01570", "2020-06-30": "0.01630", "2020-03-31": "0.01730", "2019-12-31": "0.01740", "2019-09-30": "0.01790", "2019-06-30": "0.01840", "2019-03-31": "0.01960", "2018-12-31": "0.02060", "2018-09-30": "0.02100", "2018-06-30": "0.02170", "2018-03-31": "0.02240", "2017-12-31": "0.02420", "2017-09-30": "0.02550", "2017-06-30": "0.01250", "2017-03-31": "0.02400", "2016-12-31": "0.02620", "2016-09-30": "0.02770", "2016-06-30": "0.02980", "2016-03-31": "0.01420", "2015-12-31": "0.01560", "2015-09-30": "0.01680", "2015-06-30": "0.01910", "2015-03-31": "0.03030", "2014-12-31": "0.03400", "2014-09-30": "0.01340", "2014-06-30": "0.01440", "2014-03-31": "0.01520", "2013-12-31": "0.01720", "2013-09-30": "0.01660", "2013-06-30": "0.01860", "2013-03-31": "0.03090", "2012-12-31": "0.02420", "2012-09-30": "0.02850", "2012-06-30": "0.03030", "2012-03-31": "0.04000", "2011-12-31": "0.05500", "2011-09-30": "0.06100", "2011-06-30": "0.06350", "2011-03-31": "0.07000", "2010-12-31": "0.07520", "2010-09-30": "0.07830", "2010-06-30": "0.09620", "2010-03-31": "0.09810", "2009-12-31": "0.09360", "2009-09-30": "0.13350", "2009-06-30": "0.20500", "2009-03-31": "0.20500", "2008-12-31": "0.16070", "2008-09-30": "0.15620", "2008-06-30": "0.17690", "2008-03-31": "0.16400", "2007-12-31": "0.15590", "2007-09-30": "0.18960", "2007-06-30": "0.17670", "2007-03-31": "0.12560", "2006-12-31": "0.25830", "2006-09-30": "", "2006-06-30": "", "2006-03-31": ""}, "Gross Margin": {"2020-09-30": "47.98130", "2020-06-30": "46.03370", "2020-03-31": "41.27560", "2019-12-31": "40.50620", "2019-09-30": "46.44190", "2019-06-30": "49.54710", "2019-03-31": "47.26630", "2018-12-31": "50.52160", "2018-09-30": "54.77370", "2018-06-30": "56.81040", "2018-03-31": "56.51080", "2017-12-31": "57.82860", "2017-09-30": "57.19470", "2017-06-30": "55.85030", "2017-03-31": "55.01810", "2016-12-31": "55.45320", "2016-09-30": "54.42920", "2016-06-30": "54.47390", "2016-03-31": "55.20440", "2015-12-31": "54.57460", "2015-09-30": "54.73580", "2015-06-30": "54.73510", "2015-03-31": "54.19530", "2014-12-31": "54.92570", "2014-09-30": "54.64040", "2014-06-30": "54.22730", "2014-03-31": "52.34300", "2013-12-31": "49.15140", "2013-09-30": "53.91340", "2013-06-30": "53.47060", "2013-03-31": "53.32390", "2012-12-31": "51.83340", "2012-09-30": "54.96840", "2012-06-30": "54.31130", "2012-03-31": "55.75360", "2011-12-31": "53.77420", "2011-09-30": "54.59230", "2011-06-30": "54.70580", "2011-03-31": "53.68860", "2010-12-31": "54.97750", "2010-09-30": "50.03320", "2010-06-30": "45.28980", "2010-03-31": "40.12770", "2009-12-31": "36.67510", "2009-09-30": "36.50670", "2009-06-30": "29.14940", "2009-03-31": "34.93000", "2008-12-31": "45.59060", "2008-09-30": "47.44570", "2008-06-30": "48.12480", "2008-03-31": "46.14570", "2007-12-31": "42.90590", "2007-09-30": "45.30840", "2007-06-30": "46.23000", "2007-03-31": "46.29850", "2006-12-31": "100.00000", "2006-09-30": "47.89090", "2006-06-30": "41.45850", "2006-03-31": "38.06920"}, "Operating Margin": {"2020-09-30": "13.00490", "2020-06-30": "15.92690", "2020-03-31": "17.97290", "2019-12-31": "0.07920", "2019-09-30": "22.52700", "2019-06-30": "25.04060", "2019-03-31": "21.68410", "2018-12-31": "29.10190", "2018-09-30": "34.75920", "2018-06-30": "39.26160", "2018-03-31": "39.20930", "2017-12-31": "41.06490", "2017-09-30": "40.80890", "2017-06-30": "38.21120", "2017-03-31": "35.50200", "2016-12-31": "37.55560", "2016-09-30": "35.36840", "2016-06-30": "37.58380", "2016-03-31": "33.78510", "2015-12-31": "37.12270", "2015-09-30": "36.77490", "2015-06-30": "37.18800", "2015-03-31": "41.22540", "2014-12-31": "38.39450", "2014-09-30": "38.86230", "2014-06-30": "35.76880", "2014-03-31": "33.87890", "2013-12-31": "29.45450", "2013-09-30": "34.72110", "2013-06-30": "35.60360", "2013-03-31": "34.99850", "2012-12-31": "32.58570", "2012-09-30": "38.37280", "2012-06-30": "40.92380", "2012-03-31": "36.67200", "2011-12-31": "37.29640", "2011-09-30": "38.14540", "2011-06-30": "37.82480", "2011-03-31": "34.11230", "2010-12-31": "38.43540", "2010-09-30": "25.74270", "2010-06-30": "23.35930", "2010-03-31": "10.41130", "2009-12-31": "8.60150", "2009-09-30": "7.96370", "2009-06-30": "-3.18440", "2009-03-31": "4.45960", "2008-12-31": "25.42180", "2008-09-30": "27.55760", "2008-06-30": "22.81140", "2008-03-31": "23.71590", "2007-12-31": "22.43090", "2007-09-30": "26.74880", "2007-06-30": "22.99330", "2007-03-31": "26.47000", "2006-12-31": "25.27550", "2006-09-30": "28.55720", "2006-06-30": "23.42470", "2006-03-31": "22.87820"}, "EBIT Margin": {"2020-09-30": "13.00490", "2020-06-30": "15.92690", "2020-03-31": "17.97290", "2019-12-31": "0.07920", "2019-09-30": "22.52700", "2019-06-30": "25.04060", "2019-03-31": "21.68410", "2018-12-31": "29.10190", "2018-09-30": "34.75920", "2018-06-30": "39.26160", "2018-03-31": "39.20930", "2017-12-31": "41.06490", "2017-09-30": "40.80890", "2017-06-30": "38.21120", "2017-03-31": "35.50200", "2016-12-31": "37.55550", "2016-09-30": "35.36840", "2016-06-30": "37.58380", "2016-03-31": "33.78510", "2015-12-31": "37.12270", "2015-09-30": "36.77490", "2015-06-30": "37.18800", "2015-03-31": "41.22540", "2014-12-31": "38.39450", "2014-09-30": "38.86230", "2014-06-30": "35.76880", "2014-03-31": "33.87890", "2013-12-31": "29.45450", "2013-09-30": "34.72110", "2013-06-30": "35.60360", "2013-03-31": "34.99850", "2012-12-31": "32.58570", "2012-09-30": "38.37280", "2012-06-30": "40.92380", "2012-03-31": "36.67200", "2011-12-31": "37.29640", "2011-09-30": "38.14540", "2011-06-30": "37.82480", "2011-03-31": "34.11230", "2010-12-31": "38.43540", "2010-09-30": "25.74270", "2010-06-30": "23.35930", "2010-03-31": "10.41130", "2009-12-31": "8.60150", "2009-09-30": "7.96370", "2009-06-30": "-3.18440", "2009-03-31": "4.45960", "2008-12-31": "25.42190", "2008-09-30": "27.55760", "2008-06-30": "22.81140", "2008-03-31": "23.71590", "2007-12-31": "22.43090", "2007-09-30": "26.74880", "2007-06-30": "22.99330", "2007-03-31": "26.47000", "2006-12-31": "100.00000", "2006-09-30": "28.55720", "2006-06-30": "23.42470", "2006-03-31": "22.87820"}, "EBITDA Margin": {"2020-09-30": "", "2020-06-30": "", "2020-03-31": "", "2019-12-31": "", "2019-09-30": "", "2019-06-30": "", "2019-03-31": "", "2018-12-31": "", "2018-09-30": "", "2018-06-30": "", "2018-03-31": "", "2017-12-31": "", "2017-09-30": "", "2017-06-30": "", "2017-03-31": "", "2016-12-31": "", "2016-09-30": "", "2016-06-30": "", "2016-03-31": "", "2015-12-31": "", "2015-09-30": "", "2015-06-30": "", "2015-03-31": "", "2014-12-31": "", "2014-09-30": "", "2014-06-30": "", "2014-03-31": "", "2013-12-31": "", "2013-09-30": "", "2013-06-30": "", "2013-03-31": "", "2012-12-31": "", "2012-09-30": "", "2012-06-30": "", "2012-03-31": "", "2011-12-31": "", "2011-09-30": "", "2011-06-30": "", "2011-03-31": "", "2010-12-31": "", "2010-09-30": "", "2010-06-30": "", "2010-03-31": "", "2009-12-31": "", "2009-09-30": "", "2009-06-30": "", "2009-03-31": "", "2008-12-31": "", "2008-09-30": "", "2008-06-30": "", "2008-03-31": "", "2007-12-31": "", "2007-09-30": "", "2007-06-30": "", "2007-03-31": "", "2006-12-31": "", "2006-09-30": "", "2006-06-30": "", "2006-03-31": ""}, "Pre-Tax Profit Margin": {"2020-09-30": "13.35320", "2020-06-30": "16.70450", "2020-03-31": "19.28250", "2019-12-31": "0.96530", "2019-09-30": "23.50350", "2019-06-30": "26.33510", "2019-03-31": "22.93560", "2018-12-31": "30.56040", "2018-09-30": "35.96790", "2018-06-30": "39.53120", "2018-03-31": "39.41880", "2017-12-31": "41.10790", "2017-09-30": "40.89400", "2017-06-30": "38.34420", "2017-03-31": "35.42470", "2016-12-31": "37.93930", "2016-09-30": "35.58160", "2016-06-30": "37.74640", "2016-03-31": "33.88120", "2015-12-31": "36.91340", "2015-09-30": "36.81270", "2015-06-30": "37.20880", "2015-03-31": "41.17560", "2014-12-31": "38.45430", "2014-09-30": "38.94150", "2014-06-30": "35.89310", "2014-03-31": "33.99330", "2013-12-31": "29.53290", "2013-09-30": "34.88430", "2013-06-30": "35.44070", "2013-03-31": "35.01040", "2012-12-31": "33.11450", "2012-09-30": "38.53910", "2012-06-30": "41.30300", "2012-03-31": "35.67930", "2011-12-31": "37.38710", "2011-09-30": "38.09580", "2011-06-30": "37.17850", "2011-03-31": "33.91430", "2010-12-31": "38.44930", "2010-09-30": "24.90070", "2010-06-30": "23.03670", "2010-03-31": "9.87620", "2009-12-31": "8.59040", "2009-09-30": "7.21930", "2009-06-30": "-4.18220", "2009-03-31": "3.27480", "2008-12-31": "24.40290", "2008-09-30": "27.07860", "2008-06-30": "23.35790", "2008-03-31": "23.62510", "2007-12-31": "22.84850", "2007-09-30": "27.80710", "2007-06-30": "23.24130", "2007-03-31": "27.52380", "2006-12-31": "100.00000", "2006-09-30": "22.07120", "2006-06-30": "21.22790", "2006-03-31": "16.13170"}, "Net Profit Margin": {"2020-09-30": "11.18070", "2020-06-30": "12.89630", "2020-03-31": "14.60550", "2019-12-31": "-1.45130", "2019-09-30": "17.39480", "2019-06-30": "19.86760", "2019-03-31": "17.50820", "2018-12-31": "22.89310", "2018-09-30": "28.20770", "2018-06-30": "29.40360", "2018-03-31": "29.54840", "2017-12-31": "14.66700", "2017-09-30": "29.44280", "2017-06-30": "28.18720", "2017-03-31": "26.21870", "2016-12-31": "26.82160", "2016-09-30": "26.02650", "2016-06-30": "26.52750", "2016-03-31": "23.80050", "2015-12-31": "27.14580", "2015-09-30": "25.78250", "2015-06-30": "26.06940", "2015-03-31": "28.82940", "2014-12-31": "27.20850", "2014-09-30": "27.64830", "2014-06-30": "25.12070", "2014-03-31": "23.76140", "2013-12-31": "22.06390", "2013-09-30": "24.59340", "2013-06-30": "24.80810", "2013-03-31": "24.76310", "2012-12-31": "24.07230", "2012-09-30": "27.13600", "2012-06-30": "27.36380", "2012-03-31": "24.28320", "2011-12-31": "25.56020", "2011-09-30": "25.08990", "2011-06-30": "25.20670", "2011-03-31": "23.07770", "2010-12-31": "26.79800", "2010-09-30": "16.57210", "2010-06-30": "15.32310", "2010-03-31": "6.63420", "2009-12-31": "5.75030", "2009-09-30": "4.92270", "2009-06-30": "-3.04320", "2009-03-31": "2.79910", "2008-12-31": "15.56860", "2008-09-30": "17.56600", "2008-06-30": "15.27310", "2008-03-31": "15.41150", "2007-12-31": "15.13970", "2007-09-30": "17.86240", "2007-06-30": "14.53400", "2007-03-31": "15.83840", "2006-12-31": "39.42990", "2006-09-30": "13.11290", "2006-06-30": "14.86140", "2006-03-31": "9.36690"}, "Asset Turnover": {"2020-09-30": "0.11390", "2020-06-30": "0.10740", "2020-03-31": "0.09300", "2019-12-31": "0.11230", "2019-09-30": "0.12050", "2019-06-30": "0.13290", "2019-03-31": "0.11980", "2018-12-31": "0.12820", "2018-09-30": "0.13910", "2018-06-30": "0.16350", "2018-03-31": "0.14410", "2017-12-31": "0.15250", "2017-09-30": "0.17480", "2017-06-30": "0.18190", "2017-03-31": "0.15020", "2016-12-31": "0.15650", "2016-09-30": "0.15400", "2016-06-30": "0.15520", "2016-03-31": "0.13370", "2015-12-31": "0.15390", "2015-09-30": "0.17290", "2015-06-30": "0.17620", "2015-03-31": "0.15930", "2014-12-31": "0.17130", "2014-09-30": "0.16840", "2014-06-30": "0.16590", "2014-03-31": "0.15550", "2013-12-31": "0.15630", "2013-09-30": "0.17050", "2013-06-30": "0.17900", "2013-03-31": "0.15900", "2012-12-31": "0.16200", "2012-09-30": "0.17800", "2012-06-30": "0.17280", "2012-03-31": "0.14760", "2011-12-31": "0.20310", "2011-09-30": "0.21640", "2011-06-30": "0.21720", "2011-03-31": "0.20420", "2010-12-31": "0.22850", "2010-09-30": "0.21340", "2010-06-30": "0.20150", "2010-03-31": "0.16240", "2009-12-31": "0.17370", "2009-09-30": "0.14360", "2009-06-30": "0.12500", "2009-03-31": "0.14470", "2008-12-31": "0.18580", "2008-09-30": "0.20400", "2008-06-30": "0.18480", "2008-03-31": "0.18380", "2007-12-31": "0.20910", "2007-09-30": "0.18550", "2007-06-30": "0.18300", "2007-03-31": "0.18940", "2006-12-31": "0.18110", "2006-09-30": "", "2006-06-30": "", "2006-03-31": ""}, "Inventory Turnover Ratio": {"2020-09-30": "0.44730", "2020-06-30": "0.43570", "2020-03-31": "0.40280", "2019-12-31": "0.47910", "2019-09-30": "0.42260", "2019-06-30": "0.43080", "2019-03-31": "0.39760", "2018-12-31": "0.40460", "2018-09-30": "0.40550", "2018-06-30": "0.47510", "2018-03-31": "0.43910", "2017-12-31": "0.49480", "2017-09-30": "0.59490", "2017-06-30": "0.62560", "2017-03-31": "0.49100", "2016-12-31": "0.52210", "2016-09-30": "0.50020", "2016-06-30": "0.47700", "2016-03-31": "0.40910", "2015-12-31": "0.49860", "2015-09-30": "0.55780", "2015-06-30": "0.55770", "2015-03-31": "0.52330", "2014-12-31": "0.54670", "2014-09-30": "0.50460", "2014-06-30": "0.49170", "2014-03-31": "0.47660", "2013-12-31": "0.48830", "2013-09-30": "0.46320", "2013-06-30": "0.50780", "2013-03-31": "0.46600", "2012-12-31": "0.50030", "2012-09-30": "0.52120", "2012-06-30": "0.51660", "2012-03-31": "0.44160", "2011-12-31": "0.48810", "2011-09-30": "0.49970", "2011-06-30": "0.50540", "2011-03-31": "0.52190", "2010-12-31": "0.62740", "2010-09-30": "0.61450", "2010-06-30": "0.68110", "2010-03-31": "0.58800", "2009-12-31": "0.65030", "2009-09-30": "0.49170", "2009-06-30": "0.46090", "2009-03-31": "0.44470", "2008-12-31": "0.43640", "2008-09-30": "0.44770", "2008-06-30": "0.37930", "2008-03-31": "0.40900", "2007-12-31": "0.52040", "2007-09-30": "0.44520", "2007-06-30": "0.44850", "2007-03-31": "0.49640", "2006-12-31": "0.52060", "2006-09-30": "", "2006-06-30": "", "2006-03-31": ""}, "Receiveable Turnover": {"2020-09-30": "1.32490", "2020-06-30": "1.45610", "2020-03-31": "1.24220", "2019-12-31": "1.28580", "2019-09-30": "1.30130", "2019-06-30": "1.32910", "2019-03-31": "1.35880", "2018-12-31": "1.29170", "2018-09-30": "1.41620", "2018-06-30": "1.70820", "2018-03-31": "1.52820", "2017-12-31": "1.52170", "2017-09-30": "1.73140", "2017-06-30": "1.55640", "2017-03-31": "1.58600", "2016-12-31": "1.79680", "2016-09-30": "1.63480", "2016-06-30": "1.66880", "2016-03-31": "1.41460", "2015-12-31": "1.48610", "2015-09-30": "1.57310", "2015-06-30": "1.38460", "2015-03-31": "1.32830", "2014-12-31": "1.44930", "2014-09-30": "1.46130", "2014-06-30": "1.54820", "2014-03-31": "1.58530", "2013-12-31": "1.59780", "2013-09-30": "1.42700", "2013-06-30": "1.46880", "2013-03-31": "1.38000", "2012-12-31": "1.50090", "2012-09-30": "1.41330", "2012-06-30": "1.37820", "2012-03-31": "1.19770", "2011-12-31": "1.63060", "2011-09-30": "1.36060", "2011-06-30": "1.56930", "2011-03-31": "1.65640", "2010-12-31": "1.73930", "2010-09-30": "1.35460", "2010-06-30": "1.56900", "2010-03-31": "1.53900", "2009-12-31": "1.64950", "2009-09-30": "1.49000", "2009-06-30": "1.18780", "2009-03-31": "1.44960", "2008-12-31": "1.32830", "2008-09-30": "1.53050", "2008-06-30": "1.44750", "2008-03-31": "1.33790", "2007-12-31": "1.48460", "2007-09-30": "1.17010", "2007-06-30": "1.34790", "2007-03-31": "1.71030", "2006-12-31": "1.87670", "2006-09-30": "", "2006-06-30": "", "2006-03-31": ""}, "Days Sales In Receivables": {"2020-09-30": "67.93000", "2020-06-30": "61.80990", "2020-03-31": "72.45220", "2019-12-31": "69.99740", "2019-09-30": "69.16050", "2019-06-30": "67.71530", "2019-03-31": "66.23300", "2018-12-31": "69.67350", "2018-09-30": "63.54830", "2018-06-30": "52.68580", "2018-03-31": "58.89150", "2017-12-31": "59.14620", "2017-09-30": "51.97980", "2017-06-30": "57.82740", "2017-03-31": "56.74500", "2016-12-31": "50.08940", "2016-09-30": "55.05380", "2016-06-30": "53.93020", "2016-03-31": "63.62160", "2015-12-31": "60.56140", "2015-09-30": "57.21120", "2015-06-30": "65.00230", "2015-03-31": "67.75380", "2014-12-31": "62.10070", "2014-09-30": "61.59050", "2014-06-30": "58.13070", "2014-03-31": "56.77160", "2013-12-31": "56.32660", "2013-09-30": "63.06990", "2013-06-30": "61.27580", "2013-03-31": "65.21850", "2012-12-31": "59.96480", "2012-09-30": "63.68130", "2012-06-30": "65.30280", "2012-03-31": "75.14610", "2011-12-31": "55.19540", "2011-09-30": "66.14510", "2011-06-30": "57.35200", "2011-03-31": "54.33420", "2010-12-31": "51.74610", "2010-09-30": "66.44250", "2010-06-30": "57.36170", "2010-03-31": "58.47960", "2009-12-31": "54.56060", "2009-09-30": "60.40150", "2009-06-30": "75.77290", "2009-03-31": "62.08710", "2008-12-31": "67.75440", "2008-09-30": "58.80510", "2008-06-30": "62.17420", "2008-03-31": "67.26850", "2007-12-31": "60.62050", "2007-09-30": "76.91470", "2007-06-30": "66.76900", "2007-03-31": "52.62310", "2006-12-31": "47.95650", "2006-09-30": "", "2006-06-30": "", "2006-03-31": ""}, "ROE - Return On Equity": {"2020-09-30": "1.43780", "2020-06-30": "1.57410", "2020-03-31": "1.56060", "2019-12-31": "-0.17910", "2019-09-30": "2.39960", "2019-06-30": "3.06340", "2019-03-31": "2.42100", "2018-12-31": "3.42060", "2018-09-30": "4.56550", "2018-06-30": "5.59890", "2018-03-31": "4.95640", "2017-12-31": "2.61860", "2017-09-30": "5.90050", "2017-06-30": "5.76950", "2017-03-31": "4.49700", "2016-12-31": "4.82310", "2016-09-30": "4.60590", "2016-06-30": "4.71000", "2016-03-31": "3.66210", "2015-12-31": "4.81330", "2015-09-30": "5.16140", "2015-06-30": "5.26260", "2015-03-31": "5.30730", "2014-12-31": "5.39200", "2014-09-30": "5.32460", "2014-06-30": "4.71580", "2014-03-31": "4.21620", "2013-12-31": "3.94360", "2013-09-30": "4.83480", "2013-06-30": "5.11300", "2013-03-31": "4.54290", "2012-12-31": "4.69930", "2012-09-30": "5.81640", "2012-06-30": "5.95000", "2012-03-31": "4.64000", "2011-12-31": "7.18090", "2011-09-30": "8.17950", "2011-06-30": "7.82970", "2011-03-31": "6.48580", "2010-12-31": "8.60720", "2010-09-30": "4.66450", "2010-06-30": "4.09990", "2010-03-31": "1.35630", "2009-12-31": "1.23050", "2009-09-30": "0.89490", "2009-06-30": "-0.47700", "2009-03-31": "0.43160", "2008-12-31": "3.88620", "2008-09-30": "5.02670", "2008-06-30": "4.00080", "2008-03-31": "3.94380", "2007-12-31": "5.26030", "2007-09-30": "4.56290", "2007-06-30": "3.67280", "2007-03-31": "3.98320", "2006-12-31": "10.46700", "2006-09-30": "", "2006-06-30": "", "2006-03-31": ""}, "Return On Tangible Equity": {"2020-09-30": "1.50020", "2020-06-30": "1.67730", "2020-03-31": "1.66860", "2019-12-31": "-0.19160", "2019-09-30": "2.61430", "2019-06-30": "3.34720", "2019-03-31": "2.65980", "2018-12-31": "3.73900", "2018-09-30": "4.78810", "2018-06-30": "5.88860", "2018-03-31": "5.21150", "2017-12-31": "2.76490", "2017-09-30": "6.22060", "2017-06-30": "5.97150", "2017-03-31": "4.62960", "2016-12-31": "4.97840", "2016-09-30": "4.75950", "2016-06-30": "4.88100", "2016-03-31": "3.69380", "2015-12-31": "4.86120", "2015-09-30": "5.21830", "2015-06-30": "5.32920", "2015-03-31": "5.38420", "2014-12-31": "5.44240", "2014-09-30": "5.37800", "2014-06-30": "4.75730", "2014-03-31": "4.25820", "2013-12-31": "3.98660", "2013-09-30": "4.89400", "2013-06-30": "5.18550", "2013-03-31": "4.63080", "2012-12-31": "4.76600", "2012-09-30": "5.90540", "2012-06-30": "5.99430", "2012-03-31": "4.68070", "2011-12-31": "7.28190", "2011-09-30": "8.31750", "2011-06-30": "7.98320", "2011-03-31": "6.63500", "2010-12-31": "8.80540", "2010-09-30": "4.66450", "2010-06-30": "4.09990", "2010-03-31": "1.35630", "2009-12-31": "1.24880", "2009-09-30": "0.89490", "2009-06-30": "-0.47700", "2009-03-31": "0.43160", "2008-12-31": "3.88620", "2008-09-30": "5.02670", "2008-06-30": "4.00080", "2008-03-31": "3.94380", "2007-12-31": "5.26030", "2007-09-30": "4.56290", "2007-06-30": "3.67280", "2007-03-31": "3.98320", "2006-12-31": "10.46700", "2006-09-30": "", "2006-06-30": "", "2006-03-31": ""}, "ROA - Return On Assets": {"2020-09-30": "1.27120", "2020-06-30": "1.39070", "2020-03-31": "1.37180", "2019-12-31": "-0.15760", "2019-09-30": "2.09190", "2019-06-30": "2.64930", "2019-03-31": "2.08910", "2018-12-31": "2.93130", "2018-09-30": "3.93240", "2018-06-30": "4.80610", "2018-03-31": "4.25680", "2017-12-31": "2.23700", "2017-09-30": "5.14660", "2017-06-30": "5.12690", "2017-03-31": "3.93850", "2016-12-31": "4.19720", "2016-09-30": "4.00780", "2016-06-30": "4.11410", "2016-03-31": "3.18220", "2015-12-31": "4.17500", "2015-09-30": "4.45650", "2015-06-30": "4.58910", "2015-03-31": "4.59040", "2014-12-31": "4.66030", "2014-09-30": "4.65670", "2014-06-30": "4.16810", "2014-03-31": "3.69470", "2013-12-31": "3.44840", "2013-09-30": "4.19270", "2013-06-30": "4.44180", "2013-03-31": "3.93690", "2012-12-31": "3.89860", "2012-09-30": "4.83100", "2012-06-30": "4.99350", "2012-03-31": "3.65890", "2011-12-31": "5.23820", "2011-09-30": "5.74670", "2011-06-30": "5.61240", "2011-03-31": "4.77520", "2010-12-31": "6.17130", "2010-09-30": "3.56040", "2010-06-30": "3.09990", "2010-03-31": "1.08630", "2009-12-31": "1.00980", "2009-09-30": "0.71050", "2009-06-30": "-0.36060", "2009-03-31": "0.32700", "2008-12-31": "3.01870", "2008-09-30": "3.77800", "2008-06-30": "2.97690", "2008-03-31": "2.95220", "2007-12-31": "3.99890", "2007-09-30": "3.31390", "2007-06-30": "2.66030", "2007-03-31": "3.00010", "2006-12-31": "7.14000", "2006-09-30": "", "2006-06-30": "", "2006-03-31": ""}, "ROI - Return On Investment": {"2020-09-30": "1.41770", "2020-06-30": "1.55120", "2020-03-31": "1.53640", "2019-12-31": "-0.17630", "2019-09-30": "2.36100", "2019-06-30": "3.01270", "2019-03-31": "2.37830", "2018-12-31": "3.35710", "2018-09-30": "4.47900", "2018-06-30": "5.48890", "2018-03-31": "4.85580", "2017-12-31": "2.56110", "2017-09-30": "5.76430", "2017-06-30": "5.70200", "2017-03-31": "4.39970", "2016-12-31": "4.70930", "2016-09-30": "4.49100", "2016-06-30": "4.58370", "2016-03-31": "3.61600", "2015-12-31": "4.74680", "2015-09-30": "5.08540", "2015-06-30": "5.17950", "2015-03-31": "5.21480", "2014-12-31": "5.29260", "2014-09-30": "5.32460", "2014-06-30": "4.71580", "2014-03-31": "4.16850", "2013-12-31": "3.89600", "2013-09-30": "4.77130", "2013-06-30": "5.03880", "2013-03-31": "4.47050", "2012-12-31": "4.61220", "2012-09-30": "5.70430", "2012-06-30": "5.82250", "2012-03-31": "4.53570", "2011-12-31": "6.93500", "2011-09-30": "7.87320", "2011-06-30": "7.51670", "2011-03-31": "6.19180", "2010-12-31": "8.20220", "2010-09-30": "4.41140", "2010-06-30": "3.84610", "2010-03-31": "1.27390", "2009-12-31": "1.15540", "2009-09-30": "0.83860", "2009-06-30": "-0.44540", "2009-03-31": "0.40170", "2008-12-31": "3.61850", "2008-09-30": "4.65280", "2008-06-30": "3.69420", "2008-03-31": "3.60870", "2007-12-31": "4.78250", "2007-09-30": "4.12310", "2007-06-30": "3.29410", "2007-03-31": "3.55490", "2006-12-31": "8.79880", "2006-09-30": "", "2006-06-30": "", "2006-03-31": ""}, "Book Value Per Share": {"2020-09-30": "46.41040", "2020-06-30": "45.82950", "2020-03-31": "44.34510", "2019-12-31": "45.31970", "2019-09-30": "44.88760", "2019-06-30": "44.51350", "2019-03-31": "42.71090", "2018-12-31": "41.67270", "2018-09-30": "41.32750", "2018-06-30": "40.43180", "2018-03-31": "39.72320", "2017-12-31": "37.70950", "2017-09-30": "36.55100", "2017-06-30": "33.73130", "2017-03-31": "31.18840", "2016-12-31": "29.25190", "2016-09-30": "28.28990", "2016-06-30": "26.77740", "2016-03-31": "25.43140", "2015-12-31": "23.83830", "2015-09-30": "23.03690", "2015-06-30": "22.07380", "2015-03-31": "20.53440", "2014-12-31": "19.98400", "2014-09-30": "19.87240", "2014-06-30": "19.64390", "2014-03-31": "18.47970", "2013-12-31": "17.86930", "2013-09-30": "16.96900", "2013-06-30": "15.83850", "2013-03-31": "15.03360", "2012-12-31": "14.46540", "2012-09-30": "14.23000", "2012-06-30": "13.11500", "2012-03-31": "12.91750", "2011-12-31": "9.31640", "2011-09-30": "8.81540", "2011-06-30": "8.48270", "2011-03-31": "7.63180", "2010-12-31": "6.74210", "2010-09-30": "6.10720", "2010-06-30": "5.44940", "2010-03-31": "5.47320", "2009-12-31": "5.56840", "2009-09-30": "5.54480", "2009-06-30": "5.36570", "2009-03-31": "5.24200", "2008-12-31": "5.41070", "2008-09-30": "5.09390", "2008-06-30": "5.06460", "2008-03-31": "4.87270", "2007-12-31": "4.54830", "2007-09-30": "4.30780", "2007-06-30": "4.02620", "2007-03-31": "3.86850", "2006-12-31": "3.69670", "2006-09-30": "", "2006-06-30": "", "2006-03-31": ""}, "Operating Cash Flow Per Share": {"2020-09-30": 1.2939, "2020-06-30": 1.3755, "2020-03-31": "1.05780", "2019-12-31": 2.3989, "2019-09-30": 1.72, "2019-06-30": 1.0798, "2019-03-31": "0.81030", "2018-12-31": 2.0629, "2018-09-30": 1.3314, "2018-06-30": 1.9865, "2018-03-31": "1.80590", "2017-12-31": 1.9843, "2017-09-30": 2.9836, "2017-06-30": 1.5088, "2017-03-31": "0.93470", "2016-12-31": 1.8908, "2016-09-30": 1.6294, "2016-06-30": 0.8032, "2016-03-31": "1.21030", "2015-12-31": 1.2867, "2015-09-30": 1.7473, "2015-06-30": 0.9212, "2015-03-31": "0.97640", "2014-12-31": 1.059, "2014-09-30": 0.8937, "2014-06-30": 0.6338, "2014-03-31": "0.82300", "2013-12-31": 1.115, "2013-09-30": 0.7007, "2013-06-30": 0.68, "2013-03-31": "-0.21660", "2012-12-31": 1.1649, "2012-09-30": 0.7294, "2012-06-30": 0.962, "2012-03-31": "0.54470", "2011-12-31": 0.6455, "2011-09-30": 0.5934, "2011-06-30": 0.3468, "2011-03-31": "0.20850", "2010-12-31": 0.7163, "2010-09-30": 0.1213, "2010-06-30": 0.3283, "2010-03-31": "0.16690", "2009-12-31": 0.3604, "2009-09-30": 0.2833, "2009-06-30": 0.1445, "2009-03-31": "0.37940", "2008-12-31": 0.2105, "2008-09-30": 0.2871, "2008-06-30": 0.1361, "2008-03-31": "0.11640", "2007-12-31": 0.244, "2007-09-30": 0.0325, "2007-06-30": -0.0563, "2007-03-31": "0.01270", "2006-12-31": 0.3311, "2006-09-30": -0.0304, "2006-06-30": 0.1093, "2006-03-31": "0.22160"}, "Free Cash Flow Per Share": {"2020-09-30": 0.8433, "2020-06-30": 1.015, "2020-03-31": "0.72880", "2019-12-31": 1.9299, "2019-09-30": 1.3219, "2019-06-30": 0.0878, "2019-03-31": "0.20140", "2018-12-31": 1.5761, "2018-09-30": 0.6505, "2018-06-30": 0.9481, "2018-03-31": "1.10090", "2017-12-31": 1.4931, "2017-09-30": 1.9722, "2017-06-30": 1.3889, "2017-03-31": "0.53420", "2016-12-31": 1.3984, "2016-09-30": 1.0865, "2016-06-30": -0.0477, "2016-03-31": "0.74720", "2015-12-31": 0.9237, "2015-09-30": 1.4085, "2015-06-30": 0.5746, "2015-03-31": "0.71550", "2014-12-31": 0.7596, "2014-09-30": 0.3868, "2014-06-30": -0.0139, "2014-03-31": "0.60800", "2013-12-31": 0.6845, "2013-09-30": 0.4325, "2013-06-30": 0.3664, "2013-03-31": "-0.55390", "2012-12-31": 0.8345, "2012-09-30": 0.4275, "2012-06-30": 0.5492, "2012-03-31": "0.26680", "2011-12-31": 0.2696, "2011-09-30": 0.3493, "2011-06-30": 0.0749, "2011-03-31": "0.01160", "2010-12-31": 0.4178, "2010-09-30": 0.0075, "2010-06-30": 0.2494, "2010-03-31": "0.06190", "2009-12-31": 0.3403, "2009-09-30": 0.2482, "2009-06-30": 0.0759, "2009-03-31": "0.27790", "2008-12-31": 0.0434, "2008-09-30": 0.0919, "2008-06-30": -0.1196, "2008-03-31": "-0.06850", "2007-12-31": 0.0719, "2007-09-30": -0.1546, "2007-06-30": -0.288, "2007-03-31": "-0.14530", "2006-12-31": 0.0998, "2006-09-30": -0.1785, "2006-06-30": -0.0546, "2006-03-31": "0.09550"}}, "revenue": {"IPG Photonics Annual Revenue (Millions of US $)": {"2019": "$1,315", "2018": "$1,460", "2017": "$1,409", "2016": "$1,006", "2015": "$901", "2014": "$770", "2013": "$648", "2012": "$563", "2011": "$474", "2010": "$299", "2009": "$186", "2008": "$229", "2007": "$189", "2006": "$143", "2005": "$96"}, "IPG Photonics Quarterly Revenue (Millions of US $)": {"2020-09-30": "$318", "2020-06-30": "$296", "2020-03-31": "$249", "2019-12-31": "$307", "2019-09-30": "$329", "2019-06-30": "$364", "2019-03-31": "$315", "2018-12-31": "$330", "2018-09-30": "$356", "2018-06-30": "$414", "2018-03-31": "$360", "2017-12-31": "$361", "2017-09-30": "$393", "2017-06-30": "$369", "2017-03-31": "$286", "2016-12-31": "$280", "2016-09-30": "$266", "2016-06-30": "$253", "2016-03-31": "$207", "2015-12-31": "$224", "2015-09-30": "$244", "2015-06-30": "$235", "2015-03-31": "$199", "2014-12-31": "$207", "2014-09-30": "$200", "2014-06-30": "$192", "2014-03-31": "$171", "2013-12-31": "$166", "2013-09-30": "$172", "2013-06-30": "$168", "2013-03-31": "$142", "2012-12-31": "$145", "2012-09-30": "$156", "2012-06-30": "$138", "2012-03-31": "$123", "2011-12-31": "$124", "2011-09-30": "$129", "2011-06-30": "$122", "2011-03-31": "$100", "2010-12-31": "$101", "2010-09-30": "$80", "2010-06-30": "$67", "2010-03-31": "$51", "2009-12-31": "$54", "2009-09-30": "$46", "2009-06-30": "$40", "2009-03-31": "$45", "2008-12-31": "$58", "2008-09-30": "$62", "2008-06-30": "$56", "2008-03-31": "$53", "2007-12-31": "$55", "2007-09-30": "$48", "2007-06-30": "$44", "2007-03-31": "$42", "2006-12-31": "$42", "2006-09-30": "$36", "2006-06-30": "$32", "2006-03-31": "$33"}}, "gross-profit": {"IPG Photonics Annual Gross Profit (Millions of US $)": {"2019": "$606", "2018": "$800", "2017": "$797", "2016": "$552", "2015": "$492", "2014": "$417", "2013": "$340", "2012": "$305", "2011": "$257", "2010": "$146", "2009": "$64", "2008": "$107", "2007": "$85", "2006": "$63", "2005": "$34"}, "IPG Photonics Quarterly Gross Profit (Millions of US $)": {"2020-09-30": "$153", "2020-06-30": "$136", "2020-03-31": "$103", "2019-12-31": "$124", "2019-09-30": "$153", "2019-06-30": "$180", "2019-03-31": "$149", "2018-12-31": "$167", "2018-09-30": "$195", "2018-06-30": "$235", "2018-03-31": "$203", "2017-12-31": "$209", "2017-09-30": "$225", "2017-06-30": "$206", "2017-03-31": "$157", "2016-12-31": "$155", "2016-09-30": "$145", "2016-06-30": "$138", "2016-03-31": "$114", "2015-12-31": "$122", "2015-09-30": "$133", "2015-06-30": "$129", "2015-03-31": "$108", "2014-12-31": "$114", "2014-09-30": "$109", "2014-06-30": "$104", "2014-03-31": "$89", "2013-12-31": "$82", "2013-09-30": "$93", "2013-06-30": "$90", "2013-03-31": "$76", "2012-12-31": "$75", "2012-09-30": "$86", "2012-06-30": "$75", "2012-03-31": "$69", "2011-12-31": "$66", "2011-09-30": "$70", "2011-06-30": "$67", "2011-03-31": "$54", "2010-12-31": "$56", "2010-09-30": "$40", "2010-06-30": "$30", "2010-03-31": "$21", "2009-12-31": "$20", "2009-09-30": "$17", "2009-06-30": "$12", "2009-03-31": "$16", "2008-12-31": "$27", "2008-09-30": "$29", "2008-06-30": "$27", "2008-03-31": "$24", "2007-12-31": "$24", "2007-09-30": "$22", "2007-06-30": "$20", "2007-03-31": "$19", "2006-12-31": "$20", "2006-09-30": "$17", "2006-06-30": "$13", "2006-03-31": "$12"}}, "operating-income": {"IPG Photonics Annual Operating Income (Millions of US $)": {"2019": "$234", "2018": "$523", "2017": "$551", "2016": "$364", "2015": "$342", "2014": "$284", "2013": "$218", "2012": "$209", "2011": "$176", "2010": "$80", "2009": "$9", "2008": "$57", "2007": "$46", "2006": "$36", "2005": "$14"}, "IPG Photonics Quarterly Operating Income (Millions of US $)": {"2020-09-30": "$41", "2020-06-30": "$47", "2020-03-31": "$45", "2019-12-31": "$0", "2019-09-30": "$74", "2019-06-30": "$91", "2019-03-31": "$68", "2018-12-31": "$96", "2018-09-30": "$124", "2018-06-30": "$162", "2018-03-31": "$141", "2017-12-31": "$148", "2017-09-30": "$160", "2017-06-30": "$141", "2017-03-31": "$101", "2016-12-31": "$105", "2016-09-30": "$94", "2016-06-30": "$95", "2016-03-31": "$70", "2015-12-31": "$83", "2015-09-30": "$90", "2015-06-30": "$87", "2015-03-31": "$82", "2014-12-31": "$80", "2014-09-30": "$78", "2014-06-30": "$69", "2014-03-31": "$58", "2013-12-31": "$49", "2013-09-30": "$60", "2013-06-30": "$60", "2013-03-31": "$50", "2012-12-31": "$47", "2012-09-30": "$60", "2012-06-30": "$56", "2012-03-31": "$45", "2011-12-31": "$46", "2011-09-30": "$49", "2011-06-30": "$46", "2011-03-31": "$34", "2010-12-31": "$39", "2010-09-30": "$21", "2010-06-30": "$16", "2010-03-31": "$5", "2009-12-31": "$5", "2009-09-30": "$4", "2009-06-30": "$-1", "2009-03-31": "$2", "2008-12-31": "$15", "2008-09-30": "$17", "2008-06-30": "$13", "2008-03-31": "$13", "2007-12-31": "$12", "2007-09-30": "$13", "2007-06-30": "$10", "2007-03-31": "$11", "2006-12-31": "$11", "2006-09-30": "$10", "2006-06-30": "$8", "2006-03-31": "$7"}}, "ebitda": {"IPG Photonics Annual EBITDA (Millions of US $)": {"2019": "$367", "2018": "$604", "2017": "$616", "2016": "$416", "2015": "$384", "2014": "$319", "2013": "$250", "2012": "$235", "2011": "$199", "2010": "$102", "2009": "$28", "2008": "$73", "2007": "$59", "2006": "$45", "2005": "$22"}, "IPG Photonics Quarterly EBITDA (Millions of US $)": {"2020-09-30": "$109", "2020-06-30": "$71", "2020-03-31": "$69", "2019-12-31": "$61", "2019-09-30": "$99", "2019-06-30": "$116", "2019-03-31": "$91", "2018-12-31": "$117", "2018-09-30": "$144", "2018-06-30": "$182", "2018-03-31": "$160", "2017-12-31": "$166", "2017-09-30": "$177", "2017-06-30": "$156", "2017-03-31": "$116", "2016-12-31": "$119", "2016-09-30": "$108", "2016-06-30": "$107", "2016-03-31": "$81", "2015-12-31": "$94", "2015-09-30": "$100", "2015-06-30": "$98", "2015-03-31": "$92", "2014-12-31": "$89", "2014-09-30": "$87", "2014-06-30": "$78", "2014-03-31": "$66", "2013-12-31": "$57", "2013-09-30": "$68", "2013-06-30": "$68", "2013-03-31": "$57", "2012-12-31": "$54", "2012-09-30": "$67", "2012-06-30": "$63", "2012-03-31": "$51", "2011-12-31": "$52", "2011-09-30": "$55", "2011-06-30": "$52", "2011-03-31": "$40", "2010-12-31": "$45", "2010-09-30": "$26", "2010-06-30": "$21", "2010-03-31": "$11", "2009-12-31": "$10", "2009-09-30": "$9", "2009-06-30": "$3", "2009-03-31": "$6", "2008-12-31": "$20", "2008-09-30": "$21", "2008-06-30": "$17", "2008-03-31": "$16", "2007-12-31": "$16", "2007-09-30": "$16", "2007-06-30": "$13", "2007-03-31": "$14", "2006-12-31": "$14", "2006-09-30": "$12", "2006-06-30": "$9", "2006-03-31": "$9"}}, "net-income": {"IPG Photonics Annual Net Income (Millions of US $)": {"2019": "$180", "2018": "$404", "2017": "$348", "2016": "$261", "2015": "$242", "2014": "$200", "2013": "$156", "2012": "$145", "2011": "$118", "2010": "$54", "2009": "$5", "2008": "$37", "2007": "$30", "2006": "$9", "2005": "$5"}, "IPG Photonics Quarterly Net Income (Millions of US $)": {"2020-09-30": "$36", "2020-06-30": "$38", "2020-03-31": "$36", "2019-12-31": "$-4", "2019-09-30": "$57", "2019-06-30": "$72", "2019-03-31": "$55", "2018-12-31": "$76", "2018-09-30": "$101", "2018-06-30": "$122", "2018-03-31": "$106", "2017-12-31": "$53", "2017-09-30": "$116", "2017-06-30": "$104", "2017-03-31": "$75", "2016-12-31": "$75", "2016-09-30": "$69", "2016-06-30": "$67", "2016-03-31": "$49", "2015-12-31": "$61", "2015-09-30": "$63", "2015-06-30": "$61", "2015-03-31": "$57", "2014-12-31": "$56", "2014-09-30": "$55", "2014-06-30": "$48", "2014-03-31": "$41", "2013-12-31": "$37", "2013-09-30": "$42", "2013-06-30": "$42", "2013-03-31": "$35", "2012-12-31": "$35", "2012-09-30": "$42", "2012-06-30": "$38", "2012-03-31": "$30", "2011-12-31": "$32", "2011-09-30": "$32", "2011-06-30": "$31", "2011-03-31": "$23", "2010-12-31": "$27", "2010-09-30": "$13", "2010-06-30": "$10", "2010-03-31": "$3", "2009-12-31": "$3", "2009-09-30": "$2", "2009-06-30": "$-1", "2009-03-31": "$1", "2008-12-31": "$9", "2008-09-30": "$11", "2008-06-30": "$9", "2008-03-31": "$8", "2007-12-31": "$8", "2007-09-30": "$9", "2007-06-30": "$6", "2007-03-31": "$7", "2006-12-31": "$17", "2006-09-30": "$5", "2006-06-30": "$5", "2006-03-31": "$3"}}, "eps-earnings-per-share-diluted": {"IPG Photonics Annual EPS": {"2019": "$3.35", "2018": "$7.38", "2017": "$6.36", "2016": "$4.85", "2015": "$4.53", "2014": "$3.79", "2013": "$2.97", "2012": "$2.81", "2011": "$2.41", "2010": "$1.13", "2009": "$0.12", "2008": "$0.79", "2007": "$0.65", "2006": "$0.26", "2005": "$0.16"}, "IPG Photonics Quarterly EPS": {"2020-09-30": "$0.66", "2020-06-30": "$0.71", "2020-03-31": "$0.68", "2019-12-31": "$-0.08", "2019-09-30": "$1.07", "2019-06-30": "$1.34", "2019-03-31": "$1.02", "2018-12-31": "$1.40", "2018-09-30": "$1.84", "2018-06-30": "$2.21", "2018-03-31": "$1.93", "2017-12-31": "$0.96", "2017-09-30": "$2.11", "2017-06-30": "$1.91", "2017-03-31": "$1.38", "2016-12-31": "$1.39", "2016-09-30": "$1.29", "2016-06-30": "$1.25", "2016-03-31": "$0.92", "2015-12-31": "$1.12", "2015-09-30": "$1.18", "2015-06-30": "$1.15", "2015-03-31": "$1.08", "2014-12-31": "$1.05", "2014-09-30": "$1.05", "2014-06-30": "$0.92", "2014-03-31": "$0.77", "2013-12-31": "$0.69", "2013-09-30": "$0.81", "2013-06-30": "$0.80", "2013-03-31": "$0.67", "2012-12-31": "$0.67", "2012-09-30": "$0.81", "2012-06-30": "$0.72", "2012-03-31": "$0.61", "2011-12-31": "$0.65", "2011-09-30": "$0.66", "2011-06-30": "$0.63", "2011-03-31": "$0.47", "2010-12-31": "$0.56", "2010-09-30": "$0.28", "2010-06-30": "$0.22", "2010-03-31": "$0.07", "2009-12-31": "$0.07", "2009-09-30": "$0.05", "2009-06-30": "$-0.03", "2009-03-31": "$0.03", "2008-12-31": "$0.19", "2008-09-30": "$0.23", "2008-06-30": "$0.19", "2008-03-31": "$0.18", "2007-12-31": "$0.17", "2007-09-30": "$0.19", "2007-06-30": "$0.14", "2007-03-31": "$0.15", "2006-12-31": "$-0.11", "2006-09-30": "$0.12", "2006-06-30": "$0.12", "2006-03-31": "$0.07"}}, "shares-outstanding": {"IPG Photonics Annual Shares Outstanding (Millions of Shares)": {"2019": "54", "2018": "55", "2017": "55", "2016": "54", "2015": "53", "2014": "53", "2013": "52", "2012": "52", "2011": "49", "2010": "48", "2009": "47", "2008": "46", "2007": "46", "2006": "33", "2005": "30"}, "IPG Photonics Quarterly Shares Outstanding (Millions of Shares)": {"2020-09-30": "54", "2020-06-30": "54", "2020-03-31": "54", "2019-12-31": "54", "2019-09-30": "54", "2019-06-30": "54", "2019-03-31": "54", "2018-12-31": "55", "2018-09-30": "55", "2018-06-30": "55", "2018-03-31": "55", "2017-12-31": "55", "2017-09-30": "55", "2017-06-30": "54", "2017-03-31": "54", "2016-12-31": "54", "2016-09-30": "54", "2016-06-30": "54", "2016-03-31": "54", "2015-12-31": "53", "2015-09-30": "53", "2015-06-30": "53", "2015-03-31": "53", "2014-12-31": "53", "2014-09-30": "53", "2014-06-30": "53", "2014-03-31": "53", "2013-12-31": "52", "2013-09-30": "52", "2013-06-30": "52", "2013-03-31": "52", "2012-12-31": "52", "2012-09-30": "52", "2012-06-30": "52", "2012-03-31": "50", "2011-12-31": "49", "2011-09-30": "49", "2011-06-30": "49", "2011-03-31": "49", "2010-12-31": "48", "2010-09-30": "48", "2010-06-30": "47", "2010-03-31": "47", "2009-12-31": "47", "2009-09-30": "47", "2009-06-30": "45", "2009-03-31": "46", "2008-12-31": "46", "2008-09-30": "46", "2008-06-30": "46", "2008-03-31": "46", "2007-12-31": "46", "2007-09-30": "46", "2007-06-30": "46", "2007-03-31": "46", "2006-12-31": "30", "2006-09-30": "33", "2006-06-30": "31", "2006-03-31": "31"}}, "total-assets": {"IPG Photonics Annual Total Assets (Millions of US $)": {"2019": "$2,730", "2018": "$2,574", "2017": "$2,367", "2016": "$1,790", "2015": "$1,453", "2014": "$1,211", "2013": "$1,061", "2012": "$895", "2011": "$608", "2010": "$442", "2009": "$313", "2008": "$313", "2007": "$263", "2006": "$232", "2005": "$115"}, "IPG Photonics Quarterly Total Assets (Millions of US $)": {"2020-09-30": "$2,795", "2020-06-30": "$2,759", "2020-03-31": "$2,680", "2019-12-31": "$2,730", "2019-09-30": "$2,731", "2019-06-30": "$2,737", "2019-03-31": "$2,629", "2018-12-31": "$2,574", "2018-09-30": "$2,562", "2018-06-30": "$2,530", "2018-03-31": "$2,498", "2017-12-31": "$2,367", "2017-09-30": "$2,246", "2017-06-30": "$2,031", "2017-03-31": "$1,903", "2016-12-31": "$1,790", "2016-09-30": "$1,727", "2016-06-30": "$1,629", "2016-03-31": "$1,550", "2015-12-31": "$1,453", "2015-09-30": "$1,408", "2015-06-30": "$1,335", "2015-03-31": "$1,249", "2014-12-31": "$1,211", "2014-09-30": "$1,185", "2014-06-30": "$1,158", "2014-03-31": "$1,097", "2013-12-31": "$1,061", "2013-09-30": "$1,010", "2013-06-30": "$939", "2013-03-31": "$892", "2012-12-31": "$895", "2012-09-30": "$878", "2012-06-30": "$798", "2012-03-31": "$835", "2011-12-31": "$608", "2011-09-30": "$596", "2011-06-30": "$561", "2011-03-31": "$490", "2010-12-31": "$442", "2010-09-30": "$374", "2010-06-30": "$334", "2010-03-31": "$315", "2009-12-31": "$313", "2009-09-30": "$319", "2009-06-30": "$323", "2009-03-31": "$314", "2008-12-31": "$313", "2008-09-30": "$304", "2008-06-30": "$303", "2008-03-31": "$288", "2007-12-31": "$263", "2007-09-30": "$258", "2007-06-30": "$240", "2007-03-31": "$220", "2006-12-31": "$232", "2006-09-30": "$0", "2006-06-30": "$0", "2006-03-31": "$0"}}, "cash-on-hand": {"IPG Photonics Annual Cash on Hand (Millions of US $)": {"2019": "$1,183", "2018": "$1,045", "2017": "$1,116", "2016": "$831", "2015": "$689", "2014": "$522", "2013": "$449", "2012": "$384", "2011": "$206", "2010": "$148", "2009": "$83", "2008": "$51", "2007": "$45", "2006": "$76", "2005": "$8"}, "IPG Photonics Quarterly Cash on Hand (Millions of US $)": {"2020-09-30": "$1,302", "2020-06-30": "$1,249", "2020-03-31": "$1,195", "2019-12-31": "$1,183", "2019-09-30": "$1,079", "2019-06-30": "$1,043", "2019-03-31": "$1,030", "2018-12-31": "$1,045", "2018-09-30": "$1,122", "2018-06-30": "$1,126", "2018-03-31": "$1,176", "2017-12-31": "$1,116", "2017-09-30": "$1,046", "2017-06-30": "$930", "2017-03-31": "$863", "2016-12-31": "$831", "2016-09-30": "$773", "2016-06-30": "$714", "2016-03-31": "$740", "2015-12-31": "$689", "2015-09-30": "$651", "2015-06-30": "$572", "2015-03-31": "$541", "2014-12-31": "$522", "2014-09-30": "$488", "2014-06-30": "$483", "2014-03-31": "$481", "2013-12-31": "$449", "2013-09-30": "$398", "2013-06-30": "$369", "2013-03-31": "$356", "2012-12-31": "$384", "2012-09-30": "$373", "2012-06-30": "$355", "2012-03-31": "$396", "2011-12-31": "$206", "2011-09-30": "$197", "2011-06-30": "$188", "2011-03-31": "$161", "2010-12-31": "$148", "2010-09-30": "$97", "2010-06-30": "$91", "2010-03-31": "$84", "2009-12-31": "$83", "2009-09-30": "$76", "2009-06-30": "$78", "2009-03-31": "$72", "2008-12-31": "$51", "2008-09-30": "$44", "2008-06-30": "$45", "2008-03-31": "$40", "2007-12-31": "$45", "2007-09-30": "$45", "2007-06-30": "$47", "2007-03-31": "$49", "2006-12-31": "$76", "2006-09-30": "", "2006-06-30": "", "2006-03-31": ""}}, "long-term-debt": {"IPG Photonics Annual Long Term Debt (Millions of US $)": {"2019": "$38", "2018": "$42", "2017": "$45", "2016": "$38", "2015": "$18", "2014": "$20", "2013": "$11", "2012": "$14", "2011": "$16", "2010": "$16", "2009": "$17", "2008": "$18", "2007": "$20", "2006": "$30", "2005": "$16"}, "IPG Photonics Quarterly Long Term Debt (Millions of US $)": {"2020-09-30": "$35", "2020-06-30": "$36", "2020-03-31": "$37", "2019-12-31": "$38", "2019-09-30": "$39", "2019-06-30": "$40", "2019-03-31": "$41", "2018-12-31": "$42", "2018-09-30": "$43", "2018-06-30": "$44", "2018-03-31": "$44", "2017-12-31": "$45", "2017-09-30": "$46", "2017-06-30": "$21", "2017-03-31": "$37", "2016-12-31": "$38", "2016-09-30": "$38", "2016-06-30": "$39", "2016-03-31": "$17", "2015-12-31": "$18", "2015-09-30": "$18", "2015-06-30": "$19", "2015-03-31": "$19", "2014-12-31": "$20", "2014-09-30": "", "2014-06-30": "", "2014-03-31": "$11", "2013-12-31": "$11", "2013-09-30": "$12", "2013-06-30": "$12", "2013-03-31": "$13", "2012-12-31": "$14", "2012-09-30": "$14", "2012-06-30": "$15", "2012-03-31": "$15", "2011-12-31": "$16", "2011-09-30": "$16", "2011-06-30": "$17", "2011-03-31": "$17", "2010-12-31": "$16", "2010-09-30": "$16", "2010-06-30": "$17", "2010-03-31": "$16", "2009-12-31": "$17", "2009-09-30": "$17", "2009-06-30": "$17", "2009-03-31": "$18", "2008-12-31": "$18", "2008-09-30": "$18", "2008-06-30": "$19", "2008-03-31": "$20", "2007-12-31": "$20", "2007-09-30": "$20", "2007-06-30": "$20", "2007-03-31": "$20", "2006-12-31": "$30", "2006-09-30": "", "2006-06-30": "", "2006-03-31": ""}}, "total-liabilities": {"IPG Photonics Annual Total Liabilities (Millions of US $)": {"2019": "$328", "2018": "$368", "2017": "$345", "2016": "$232", "2015": "$193", "2014": "$164", "2013": "$133", "2012": "$153", "2011": "$165", "2010": "$125", "2009": "$56", "2008": "$70", "2007": "$63", "2006": "$74", "2005": "$162"}, "IPG Photonics Quarterly Total Liabilities (Millions of US $)": {"2020-09-30": "$324", "2020-06-30": "$321", "2020-03-31": "$324", "2019-12-31": "$328", "2019-09-30": "$350", "2019-06-30": "$370", "2019-03-31": "$360", "2018-12-31": "$368", "2018-09-30": "$355", "2018-06-30": "$358", "2018-03-31": "$353", "2017-12-31": "$345", "2017-09-30": "$287", "2017-06-30": "$226", "2017-03-31": "$236", "2016-12-31": "$232", "2016-09-30": "$224", "2016-06-30": "$206", "2016-03-31": "$203", "2015-12-31": "$193", "2015-09-30": "$192", "2015-06-30": "$171", "2015-03-31": "$169", "2014-12-31": "$164", "2014-09-30": "$149", "2014-06-30": "$135", "2014-03-31": "$136", "2013-12-31": "$133", "2013-09-30": "$134", "2013-06-30": "$123", "2013-03-31": "$119", "2012-12-31": "$153", "2012-09-30": "$149", "2012-06-30": "$128", "2012-03-31": "$177", "2011-12-31": "$165", "2011-09-30": "$177", "2011-06-30": "$159", "2011-03-31": "$129", "2010-12-31": "$125", "2010-09-30": "$89", "2010-06-30": "$81", "2010-03-31": "$63", "2009-12-31": "$56", "2009-09-30": "$66", "2009-06-30": "$79", "2009-03-31": "$76", "2008-12-31": "$70", "2008-09-30": "$75", "2008-06-30": "$78", "2008-03-31": "$72", "2007-12-31": "$63", "2007-09-30": "$71", "2007-06-30": "$66", "2007-03-31": "$54", "2006-12-31": "$74", "2006-09-30": "", "2006-06-30": "", "2006-03-31": ""}}, "total-share-holder-equity": {"IPG Photonics Annual Share Holder Equity (Millions of US $)": {"2019": "$2,402", "2018": "$2,206", "2017": "$2,022", "2016": "$1,558", "2015": "$1,261", "2014": "$1,047", "2013": "$928", "2012": "$743", "2011": "$444", "2010": "$317", "2009": "$257", "2008": "$243", "2007": "$200", "2006": "$159", "2005": "$-47"}, "IPG Photonics Quarterly Share Holder Equity (Millions of US $)": {"2020-09-30": "$2,471", "2020-06-30": "$2,437", "2020-03-31": "$2,356", "2019-12-31": "$2,402", "2019-09-30": "$2,381", "2019-06-30": "$2,367", "2019-03-31": "$2,268", "2018-12-31": "$2,206", "2018-09-30": "$2,207", "2018-06-30": "$2,172", "2018-03-31": "$2,145", "2017-12-31": "$2,022", "2017-09-30": "$1,959", "2017-06-30": "$1,804", "2017-03-31": "$1,666", "2016-12-31": "$1,558", "2016-09-30": "$1,503", "2016-06-30": "$1,423", "2016-03-31": "$1,347", "2015-12-31": "$1,261", "2015-09-30": "$1,216", "2015-06-30": "$1,164", "2015-03-31": "$1,081", "2014-12-31": "$1,047", "2014-09-30": "$1,037", "2014-06-30": "$1,024", "2014-03-31": "$961", "2013-12-31": "$928", "2013-09-30": "$876", "2013-06-30": "$816", "2013-03-31": "$773", "2012-12-31": "$743", "2012-09-30": "$730", "2012-06-30": "$670", "2012-03-31": "$658", "2011-12-31": "$444", "2011-09-30": "$419", "2011-06-30": "$402", "2011-03-31": "$360", "2010-12-31": "$317", "2010-09-30": "$285", "2010-06-30": "$252", "2010-03-31": "$252", "2009-12-31": "$257", "2009-09-30": "$253", "2009-06-30": "$244", "2009-03-31": "$238", "2008-12-31": "$243", "2008-09-30": "$228", "2008-06-30": "$225", "2008-03-31": "$215", "2007-12-31": "$200", "2007-09-30": "$188", "2007-06-30": "$174", "2007-03-31": "$166", "2006-12-31": "$159", "2006-09-30": "", "2006-06-30": "", "2006-03-31": ""}}, "profit-margins": {"current": "9.04%"}, "gross margin": {"2020-09-30": "44.10%", "2020-06-30": "43.69%", "2020-03-31": "44.84%", "2019-12-31": "46.08%", "2019-09-30": "48.51%", "2019-06-30": "50.62%", "2019-03-31": "52.72%", "2018-12-31": "54.79%", "2018-09-30": "56.47%", "2018-06-30": "57.07%", "2018-03-31": "56.84%", "2017-12-31": "56.56%", "2017-09-30": "55.95%", "2017-06-30": "55.20%", "2017-03-31": "54.84%", "2016-12-31": "54.87%", "2016-09-30": "54.63%", "2016-06-30": "54.63%", "2016-03-31": "54.73%", "2015-12-31": "54.55%", "2015-09-30": "54.69%", "2015-06-30": "54.70%", "2015-03-31": "54.51%", "2014-12-31": "54.03%", "2014-09-30": "52.67%", "2014-06-30": "52.50%", "2014-03-31": "52.29%", "2013-12-31": "52.62%", "2013-09-30": "53.27%", "2013-06-30": "53.52%", "2013-03-31": "53.70%", "2012-12-31": "54.27%", "2012-09-30": "54.71%", "2012-06-30": "54.47%", "2012-03-31": "54.62%", "2011-12-31": "54.11%", "2011-09-30": "54.65%", "2011-06-30": "53.85%", "2011-03-31": "51.72%", "2010-12-31": "49.16%", "2010-09-30": "44.05%", "2010-06-30": "40.37%", "2010-03-31": "36.65%", "2009-12-31": "35.14%", "2009-09-30": "38.10%", "2009-06-30": "40.98%", "2009-03-31": "44.80%", "2008-12-31": "46.72%", "2008-09-30": "46.02%", "2008-06-30": "45.75%", "2008-03-31": "45.00%", "2007-12-31": "44.97%", "2007-09-30": "46.02%", "2007-06-30": "46.34%", "2007-03-31": "45.39%", "2006-12-31": "43.36%"}, "operating margin": {"2020-09-30": "11.37%", "2020-06-30": "14.06%", "2020-03-31": "16.81%", "2019-12-31": "17.72%", "2019-09-30": "24.59%", "2019-06-30": "27.77%", "2019-03-31": "31.80%", "2018-12-31": "35.82%", "2018-09-30": "38.56%", "2018-06-30": "39.99%", "2018-03-31": "39.78%", "2017-12-31": "39.03%", "2017-09-30": "38.18%", "2017-06-30": "36.72%", "2017-03-31": "36.41%", "2016-12-31": "36.18%", "2016-09-30": "36.00%", "2016-06-30": "36.42%", "2016-03-31": "36.26%", "2015-12-31": "37.92%", "2015-09-30": "38.31%", "2015-06-30": "38.88%", "2015-03-31": "38.72%", "2014-12-31": "37.01%", "2014-09-30": "34.84%", "2014-06-30": "33.67%", "2014-03-31": "33.53%", "2013-12-31": "33.80%", "2013-09-30": "34.61%", "2013-06-30": "35.52%", "2013-03-31": "36.66%", "2012-12-31": "37.01%", "2012-09-30": "38.26%", "2012-06-30": "38.13%", "2012-03-31": "37.35%", "2011-12-31": "36.84%", "2011-09-30": "37.17%", "2011-06-30": "34.74%", "2011-03-31": "31.61%", "2010-12-31": "27.09%", "2010-09-30": "18.65%", "2010-06-30": "13.76%", "2010-03-31": "6.81%", "2009-12-31": "5.41%", "2009-09-30": "10.58%", "2009-06-30": "16.10%", "2009-03-31": "21.27%", "2008-12-31": "25.33%", "2008-09-30": "24.34%", "2008-06-30": "24.06%", "2008-03-31": "24.00%", "2007-12-31": "24.34%", "2007-09-30": "25.57%", "2007-06-30": "25.61%", "2007-03-31": "26.32%", "2006-12-31": "25.17%"}, "ebitda margin": {"2020-09-30": "26.50%", "2020-06-30": "25.40%", "2020-03-31": "27.62%", "2019-12-31": "27.91%", "2019-09-30": "31.61%", "2019-06-30": "34.29%", "2019-03-31": "37.74%", "2018-12-31": "41.30%", "2018-09-30": "43.73%", "2018-06-30": "44.83%", "2018-03-31": "44.44%", "2017-12-31": "43.65%", "2017-09-30": "42.77%", "2017-06-30": "41.55%", "2017-03-31": "41.47%", "2016-12-31": "41.25%", "2016-09-30": "41.05%", "2016-06-30": "41.16%", "2016-03-31": "40.99%", "2015-12-31": "42.57%", "2015-09-30": "42.82%", "2015-06-30": "43.52%", "2015-03-31": "43.36%", "2014-12-31": "41.56%", "2014-09-30": "39.51%", "2014-06-30": "38.37%", "2014-03-31": "38.26%", "2013-12-31": "38.58%", "2013-09-30": "39.39%", "2013-06-30": "40.26%", "2013-03-31": "41.48%", "2012-12-31": "41.81%", "2012-09-30": "43.07%", "2012-06-30": "43.00%", "2012-03-31": "42.17%", "2011-12-31": "41.89%", "2011-09-30": "42.48%", "2011-06-30": "40.45%", "2011-03-31": "37.93%", "2010-12-31": "34.45%", "2010-09-30": "26.98%", "2010-06-30": "23.39%", "2010-03-31": "17.28%", "2009-12-31": "15.14%", "2009-09-30": "20.11%", "2009-06-30": "24.39%", "2009-03-31": "28.96%", "2008-12-31": "32.31%", "2008-09-30": "30.97%", "2008-06-30": "30.66%", "2008-03-31": "30.50%", "2007-12-31": "31.22%", "2007-09-30": "32.39%", "2007-06-30": "32.32%", "2007-03-31": "32.24%", "2006-12-31": "30.77%"}, "pre tax profit margin": {"2020-09-30": "12.31%", "2020-06-30": "15.07%", "2020-03-31": "17.93%", "2019-12-31": "18.86%", "2019-09-30": "25.86%", "2019-06-30": "29.08%", "2019-03-31": "32.86%", "2018-12-31": "36.64%", "2018-09-30": "39.03%", "2018-06-30": "40.25%", "2018-03-31": "39.99%", "2017-12-31": "39.18%", "2017-09-30": "38.40%", "2017-06-30": "36.97%", "2017-03-31": "36.59%", "2016-12-31": "36.38%", "2016-09-30": "36.11%", "2016-06-30": "36.42%", "2016-03-31": "36.26%", "2015-12-31": "37.92%", "2015-09-30": "38.31%", "2015-06-30": "38.88%", "2015-03-31": "38.72%", "2014-12-31": "37.01%", "2014-09-30": "34.84%", "2014-06-30": "33.67%", "2014-03-31": "33.53%", "2013-12-31": "33.80%", "2013-09-30": "34.77%", "2013-06-30": "35.68%", "2013-03-31": "37.01%", "2012-12-31": "37.19%", "2012-09-30": "38.26%", "2012-06-30": "38.13%", "2012-03-31": "36.95%", "2011-12-31": "36.63%", "2011-09-30": "36.95%", "2011-06-30": "34.24%", "2011-03-31": "31.03%", "2010-12-31": "26.42%", "2010-09-30": "17.86%", "2010-06-30": "12.84%", "2010-03-31": "5.76%", "2009-12-31": "3.78%", "2009-09-30": "8.47%", "2009-06-30": "14.63%", "2009-03-31": "20.36%", "2008-12-31": "24.45%", "2008-09-30": "24.34%", "2008-06-30": "24.06%", "2008-03-31": "24.00%", "2007-12-31": "24.87%", "2007-09-30": "43.18%", "2007-06-30": "43.29%", "2007-03-31": "44.74%", "2006-12-31": "43.36%"}, "net profit margin": {"2020-09-30": "9.06%", "2020-06-30": "10.75%", "2020-03-31": "12.89%", "2019-12-31": "13.69%", "2019-09-30": "19.43%", "2019-06-30": "22.27%", "2019-03-31": "25.02%", "2018-12-31": "27.74%", "2018-09-30": "25.62%", "2018-06-30": "25.98%", "2018-03-31": "25.56%", "2017-12-31": "24.70%", "2017-09-30": "27.86%", "2017-06-30": "26.89%", "2017-03-31": "26.36%", "2016-12-31": "25.84%", "2016-09-30": "25.89%", "2016-06-30": "25.86%", "2016-03-31": "25.71%", "2015-12-31": "26.83%", "2015-09-30": "26.78%", "2015-06-30": "27.23%", "2015-03-31": "27.07%", "2014-12-31": "25.97%", "2014-09-30": "24.83%", "2014-06-30": "23.97%", "2014-03-31": "23.93%", "2013-12-31": "24.07%", "2013-09-30": "24.56%", "2013-06-30": "25.20%", "2013-03-31": "25.82%", "2012-12-31": "25.80%", "2012-09-30": "26.25%", "2012-06-30": "25.68%", "2012-03-31": "25.10%", "2011-12-31": "24.84%", "2011-09-30": "25.00%", "2011-06-30": "23.33%", "2011-03-31": "20.98%", "2010-12-31": "17.73%", "2010-09-30": "11.51%", "2010-06-30": "8.26%", "2010-03-31": "3.66%", "2009-12-31": "2.70%", "2009-09-30": "5.82%", "2009-06-30": "9.76%", "2009-03-31": "13.57%", "2008-12-31": "16.16%", "2008-09-30": "15.93%", "2008-06-30": "16.04%", "2008-03-31": "15.50%", "2007-12-31": "15.87%", "2007-09-30": "22.16%", "2007-06-30": "21.34%", "2007-03-31": "22.37%", "2006-12-31": "20.98%"}, "pe ratio": {"current": "69.21", "2021-02-11": "126.77", "2020-09-30": "86.28", "2020-06-30": "67.39", "2020-03-31": "36.64", "2019-12-31": "43.26", "2019-09-30": "28.07", "2019-06-30": "27.54", "2019-03-31": "23.46", "2018-12-31": "15.35", "2018-09-30": "22.49", "2018-06-30": "30.60", "2018-03-31": "33.77", "2017-12-31": "33.67", "2017-09-30": "27.25", "2017-06-30": "24.30", "2017-03-31": "22.73", "2016-12-31": "20.35", "2016-09-30": "17.90", "2016-06-30": "17.82", "2016-03-31": "21.89", "2015-12-31": "19.60", "2015-09-30": "16.96", "2015-06-30": "19.58", "2015-03-31": "22.50", "2014-12-31": "19.66", "2014-09-30": "19.99", "2014-06-30": "21.50", "2014-03-31": "23.08", "2013-12-31": "26.04", "2013-09-30": "19.10", "2013-06-30": "20.59", "2013-03-31": "23.14", "2012-12-31": "23.72", "2012-09-30": "20.41", "2012-06-30": "16.41", "2012-03-31": "20.29", "2011-12-31": "13.97", "2011-09-30": "18.54", "2011-06-30": "37.11", "2011-03-31": "37.33", "2010-12-31": "27.71", "2010-09-30": "37.35", "2010-06-30": "36.78", "2010-03-31": "91.51", "2009-12-31": "138.05", "2009-09-30": "60.20", "2009-06-30": "25.26", "2009-03-31": "12.83", "2008-12-31": "16.31", "2008-09-30": "24.77", "2008-06-30": "25.17", "2008-03-31": "22.52", "2007-12-31": "29.99", "2007-09-30": "52.61"}, "price sales": {"2021-02-11": "11.45", "2020-09-30": "7.79", "2020-06-30": "7.29", "2020-03-31": "4.75", "2019-12-31": "5.93", "2019-09-30": "5.47", "2019-06-30": "6.13", "2019-03-31": "5.86", "2018-12-31": "4.26", "2018-09-30": "5.75", "2018-06-30": "7.93", "2018-03-31": "8.62", "2017-12-31": "8.29", "2017-09-30": "7.58", "2017-06-30": "6.54", "2017-03-31": "6.00", "2016-12-31": "5.27", "2016-09-30": "4.65", "2016-06-30": "4.62", "2016-03-31": "5.65", "2015-12-31": "5.28", "2015-09-30": "4.57", "2015-06-30": "5.38", "2015-03-31": "6.14", "2014-12-31": "5.14", "2014-09-30": "4.97", "2014-06-30": "5.16", "2014-03-31": "5.51", "2013-12-31": "6.27", "2013-09-30": "4.69", "2013-06-30": "5.17", "2013-03-31": "5.94", "2012-12-31": "6.09", "2012-09-30": "5.32", "2012-06-30": "4.18", "2012-03-31": "5.06", "2011-12-31": "3.44", "2011-09-30": "4.61", "2011-06-30": "8.62", "2011-03-31": "7.86", "2010-12-31": "4.97", "2010-09-30": "4.47", "2010-06-30": "3.24", "2010-03-31": "3.55", "2009-12-31": "4.12", "2009-09-30": "3.66", "2009-06-30": "2.43", "2009-03-31": "1.74", "2008-12-31": "2.63", "2008-09-30": "3.94", "2008-06-30": "4.04", "2008-03-31": "3.56", "2007-12-31": "4.79", "2007-09-30": "4.52"}, "price book": {"current": "5.24", "2021-02-11": "5.38", "2020-09-30": "3.66", "2020-06-30": "3.50", "2020-03-31": "2.49", "2019-12-31": "3.20", "2019-09-30": "3.02", "2019-06-30": "3.47", "2019-03-31": "3.55", "2018-12-31": "2.72", "2018-09-30": "3.78", "2018-06-30": "5.46", "2018-03-31": "5.88", "2017-12-31": "5.68", "2017-09-30": "5.06", "2017-06-30": "4.30", "2017-03-31": "3.87", "2016-12-31": "3.37", "2016-09-30": "2.91", "2016-06-30": "2.99", "2016-03-31": "3.78", "2015-12-31": "3.74", "2015-09-30": "3.30", "2015-06-30": "3.86", "2015-03-31": "4.51", "2014-12-31": "3.75", "2014-09-30": "3.46", "2014-06-30": "3.50", "2014-03-31": "3.85", "2013-12-31": "4.34", "2013-09-30": "3.32", "2013-06-30": "3.83", "2013-03-31": "4.42", "2012-12-31": "4.61", "2012-09-30": "3.99", "2012-06-30": "3.29", "2012-03-31": "3.99", "2011-12-31": "3.60", "2011-09-30": "4.88", "2011-06-30": "8.49", "2011-03-31": "7.48", "2010-12-31": "4.64", "2010-09-30": "3.91", "2010-06-30": "2.77", "2010-03-31": "2.68", "2009-12-31": "2.97", "2009-09-30": "2.71", "2009-06-30": "2.02", "2009-03-31": "1.59", "2008-12-31": "2.41", "2008-09-30": "3.79", "2008-06-30": "3.68", "2008-03-31": "3.19", "2007-12-31": "4.35", "2007-09-30": "4.52", "2007-06-30": "4.91", "2007-03-31": "4.91", "2006-12-31": "6.43"}, "price fcf": {"2021-02-11": "", "2020-09-30": "$4.52", "2020-06-30": "$5.00", "2020-03-31": "$4.07", "2019-12-31": "$3.54", "2019-09-30": "$3.19", "2019-06-30": "$2.52", "2019-03-31": "$3.38", "2018-12-31": "$4.28", "2018-09-30": "$4.19", "2018-06-30": "$5.51", "2018-03-31": "$5.96", "2017-12-31": "$5.39", "2017-09-30": "$5.29", "2017-06-30": "$4.41", "2017-03-31": "$2.97", "2016-12-31": "$3.18", "2016-09-30": "$2.71", "2016-06-30": "$3.03", "2016-03-31": "$3.65", "2015-12-31": "$3.62", "2015-09-30": "$3.46", "2015-06-30": "$2.44", "2015-03-31": "$1.85", "2014-12-31": "$1.74", "2014-09-30": "$1.67", "2014-06-30": "$1.71", "2014-03-31": "$2.09", "2013-12-31": "$0.93", "2013-09-30": "$1.08", "2013-06-30": "$1.07", "2013-03-31": "$1.26", "2012-12-31": "$2.08", "2012-09-30": "$1.51", "2012-06-30": "$1.43", "2012-03-31": "$0.96", "2011-12-31": "$0.71", "2011-09-30": "$0.85", "2011-06-30": "$0.51", "2011-03-31": "$0.69", "2010-12-31": "$0.74", "2010-09-30": "$0.66", "2010-06-30": "$0.90", "2010-03-31": "$0.73", "2009-12-31": "$0.94", "2009-09-30": "$0.65", "2009-06-30": "$0.49", "2009-03-31": "$0.29", "2008-12-31": "$-0.05", "2008-09-30": "$-0.02", "2008-06-30": "$-0.27", "2008-03-31": "$-0.44", "2007-12-31": "$-0.52", "2007-09-30": "$-0.63"}, "net worth": {"value": "$12.95B"}, "current ratio": {"current": "10.09", "2020-09-30": "10.09", "2020-06-30": "9.99", "2020-03-31": "9.59", "2019-12-31": "9.88", "2019-09-30": "9.08", "2019-06-30": "8.38", "2019-03-31": "8.54", "2018-12-31": "7.35", "2018-09-30": "8.64", "2018-06-30": "8.73", "2018-03-31": "9.54", "2017-12-31": "8.82", "2017-09-30": "9.02", "2017-06-30": "9.64", "2017-03-31": "8.82", "2016-12-31": "8.22", "2016-09-30": "8.20", "2016-06-30": "8.87", "2016-03-31": "7.95", "2015-12-31": "7.78", "2015-09-30": "7.24", "2015-06-30": "7.97", "2015-03-31": "7.56", "2014-12-31": "7.32", "2014-09-30": "6.74", "2014-06-30": "7.55", "2014-03-31": "7.99", "2013-12-31": "7.86", "2013-09-30": "7.08", "2013-06-30": "7.26", "2013-03-31": "7.37", "2012-12-31": "5.30", "2012-09-30": "5.45", "2012-06-30": "5.81", "2012-03-31": "6.28", "2011-12-31": "4.64", "2011-09-30": "3.90", "2011-06-30": "4.40", "2011-03-31": "4.04", "2010-12-31": "3.63", "2010-09-30": "3.40", "2010-06-30": "3.24", "2010-03-31": "4.20", "2009-12-31": "4.91", "2009-09-30": "3.98", "2009-06-30": "3.18", "2009-03-31": "3.26", "2008-12-31": "3.69", "2008-09-30": "3.52", "2008-06-30": "3.46", "2008-03-31": "3.64", "2007-12-31": "4.52", "2007-09-30": "3.76", "2007-06-30": "3.93", "2007-03-31": "4.31", "2006-12-31": "3.84", "2006-09-30": "0.00", "2006-06-30": "0.00", "2006-03-31": "0.00"}, "quick ratio": {"2020-09-30": "8.25", "2020-06-30": "8.11", "2020-03-31": "7.73", "2019-12-31": "7.90", "2019-09-30": "7.05", "2019-06-30": "6.47", "2019-03-31": "6.55", "2018-12-31": "5.70", "2018-09-30": "6.81", "2018-06-30": "6.94", "2018-03-31": "7.71", "2017-12-31": "7.27", "2017-09-30": "7.47", "2017-06-30": "7.97", "2017-03-31": "7.16", "2016-12-31": "6.71", "2016-09-30": "6.65", "2016-06-30": "7.08", "2016-03-31": "6.44", "2015-12-31": "6.34", "2015-09-30": "5.92", "2015-06-30": "6.45", "2015-03-31": "6.15", "2014-12-31": "5.92", "2014-09-30": "5.34", "2014-06-30": "5.97", "2014-03-31": "6.34", "2013-12-31": "6.13", "2013-09-30": "5.46", "2013-06-30": "5.65", "2013-03-31": "5.76", "2012-12-31": "4.19", "2012-09-30": "4.34", "2012-06-30": "4.64", "2012-03-31": "5.08", "2011-12-31": "3.39", "2011-09-30": "2.84", "2011-06-30": "3.20", "2011-03-31": "2.98", "2010-12-31": "2.76", "2010-09-30": "2.48", "2010-06-30": "2.38", "2010-03-31": "3.01", "2009-12-31": "3.48", "2009-09-30": "2.70", "2009-06-30": "2.14", "2009-03-31": "2.08", "2008-12-31": "2.21", "2008-09-30": "2.04", "2008-06-30": "1.95", "2008-03-31": "2.11", "2007-12-31": "2.76", "2007-09-30": "2.39", "2007-06-30": "2.54", "2007-03-31": "2.85", "2006-12-31": "2.80", "2006-09-30": "0.00", "2006-06-30": "0.00", "2006-03-31": "0.00"}, "debt equity ratio": {"current": "0.01", "2020-09-30": "0.13", "2020-06-30": "0.13", "2020-03-31": "0.14", "2019-12-31": "0.14", "2019-09-30": "0.15", "2019-06-30": "0.16", "2019-03-31": "0.16", "2018-12-31": "0.17", "2018-09-30": "0.16", "2018-06-30": "0.17", "2018-03-31": "0.16", "2017-12-31": "0.17", "2017-09-30": "0.15", "2017-06-30": "0.13", "2017-03-31": "0.14", "2016-12-31": "0.15", "2016-09-30": "0.15", "2016-06-30": "0.15", "2016-03-31": "0.15", "2015-12-31": "0.15", "2015-09-30": "0.16", "2015-06-30": "0.15", "2015-03-31": "0.16", "2014-12-31": "0.16", "2014-09-30": "0.14", "2014-06-30": "0.13", "2014-03-31": "0.14", "2013-12-31": "0.14", "2013-09-30": "0.15", "2013-06-30": "0.15", "2013-03-31": "0.15", "2012-12-31": "0.21", "2012-09-30": "0.20", "2012-06-30": "0.19", "2012-03-31": "0.27", "2011-12-31": "0.37", "2011-09-30": "0.42", "2011-06-30": "0.40", "2011-03-31": "0.36", "2010-12-31": "0.40", "2010-09-30": "0.31", "2010-06-30": "0.32", "2010-03-31": "0.25", "2009-12-31": "0.22", "2009-09-30": "0.26", "2009-06-30": "0.32", "2009-03-31": "0.32", "2008-12-31": "0.29", "2008-09-30": "0.33", "2008-06-30": "0.34", "2008-03-31": "0.34", "2007-12-31": "0.32", "2007-09-30": "0.38", "2007-06-30": "0.38", "2007-03-31": "0.33", "2006-12-31": "0.47", "2006-09-30": "0.00", "2006-06-30": "0.00", "2006-03-31": "0.00"}, "return on equity": {"2020-09-30": "4.39%", "2020-06-30": "5.30%", "2020-03-31": "6.77%", "2019-12-31": "7.64%", "2019-09-30": "11.28%", "2019-06-30": "13.44%", "2019-03-31": "15.99%", "2018-12-31": "18.56%", "2018-09-30": "17.88%", "2018-06-30": "19.14%", "2018-03-31": "19.12%", "2017-12-31": "18.68%", "2017-09-30": "21.18%", "2017-06-30": "19.78%", "2017-03-31": "18.60%", "2016-12-31": "17.84%", "2016-09-30": "17.78%", "2016-06-30": "18.30%", "2016-03-31": "18.77%", "2015-12-31": "20.50%", "2015-09-30": "21.03%", "2015-06-30": "21.16%", "2015-03-31": "20.63%", "2014-12-31": "19.66%", "2014-09-30": "18.33%", "2014-06-30": "17.74%", "2014-03-31": "18.10%", "2013-12-31": "18.39%", "2013-09-30": "19.20%", "2013-06-30": "20.12%", "2013-03-31": "20.58%", "2012-12-31": "20.71%", "2012-09-30": "22.70%", "2012-06-30": "24.10%", "2012-03-31": "26.00%", "2011-12-31": "29.05%", "2011-09-30": "30.17%", "2011-06-30": "27.57%", "2011-03-31": "24.05%", "2010-12-31": "19.17%", "2010-09-30": "11.09%", "2010-06-30": "7.10%", "2010-03-31": "2.78%", "2009-12-31": "2.02%", "2009-09-30": "4.50%", "2009-06-30": "8.39%", "2009-03-31": "12.85%", "2008-12-31": "16.25%", "2008-09-30": "16.59%", "2008-06-30": "16.43%", "2008-03-31": "15.96%", "2007-12-31": "16.48%", "2007-09-30": "22.71%", "2007-06-30": "28.06%", "2007-03-31": "41.85%", "2006-12-31": "75.47%"}, "return on assets": {"2020-09-30": "3.87%", "2020-06-30": "4.66%", "2020-03-31": "5.92%", "2019-12-31": "6.65%", "2019-09-30": "9.75%", "2019-06-30": "11.58%", "2019-03-31": "13.75%", "2018-12-31": "15.94%", "2018-09-30": "15.35%", "2018-06-30": "16.47%", "2018-03-31": "16.58%", "2017-12-31": "16.29%", "2017-09-30": "18.57%", "2017-06-30": "17.34%", "2017-03-31": "16.23%", "2016-12-31": "15.53%", "2016-09-30": "15.47%", "2016-06-30": "15.89%", "2016-03-31": "16.29%", "2015-12-31": "17.78%", "2015-09-30": "18.22%", "2015-06-30": "18.39%", "2015-03-31": "17.99%", "2014-12-31": "17.20%", "2014-09-30": "16.09%", "2014-06-30": "15.53%", "2014-03-31": "15.78%", "2013-12-31": "15.99%", "2013-09-30": "16.49%", "2013-06-30": "17.09%", "2013-03-31": "17.33%", "2012-12-31": "17.03%", "2012-09-30": "18.21%", "2012-06-30": "18.61%", "2012-03-31": "19.23%", "2011-12-31": "20.93%", "2011-09-30": "21.64%", "2011-06-30": "20.14%", "2011-03-31": "17.80%", "2010-12-31": "14.47%", "2010-09-30": "8.68%", "2010-06-30": "5.62%", "2010-03-31": "2.20%", "2009-12-31": "1.58%", "2009-09-30": "3.47%", "2009-06-30": "6.38%", "2009-03-31": "9.72%", "2008-12-31": "12.25%", "2008-09-30": "12.44%", "2008-06-30": "12.23%", "2008-03-31": "11.82%", "2007-12-31": "12.23%", "2007-09-30": "16.42%", "2007-06-30": "20.23%", "2007-03-31": "30.09%", "2006-12-31": "51.72%"}, "return on investments": {"2020-09-30": "5.42%", "2020-06-30": "6.83%", "2020-03-31": "8.70%", "2019-12-31": "9.73%", "2019-09-30": "14.02%", "2019-06-30": "16.46%", "2019-03-31": "19.95%", "2018-12-31": "23.50%", "2018-09-30": "26.37%", "2018-06-30": "28.82%", "2018-03-31": "29.18%", "2017-12-31": "28.94%", "2017-09-30": "28.45%", "2017-06-30": "26.47%", "2017-03-31": "25.08%", "2016-12-31": "24.42%", "2016-09-30": "24.23%", "2016-06-30": "25.33%", "2016-03-31": "26.10%", "2015-12-31": "28.54%", "2015-09-30": "29.59%", "2015-06-30": "39.07%", "2015-03-31": "57.06%", "2014-12-31": "55.94%", "2014-09-30": "53.17%", "2014-06-30": "33.74%", "2014-03-31": "25.04%", "2013-12-31": "25.47%", "2013-09-30": "26.64%", "2013-06-30": "27.87%", "2013-03-31": "28.68%", "2012-12-31": "29.11%", "2012-09-30": "32.34%", "2012-06-30": "34.83%", "2012-03-31": "37.46%", "2011-12-31": "41.40%", "2011-09-30": "42.97%", "2011-06-30": "39.13%", "2011-03-31": "34.35%", "2010-12-31": "27.65%", "2010-09-30": "16.89%", "2010-06-30": "11.10%", "2010-03-31": "4.84%", "2009-12-31": "3.77%", "2009-09-30": "7.63%", "2009-06-30": "12.88%", "2009-03-31": "18.67%", "2008-12-31": "23.51%", "2008-09-30": "23.26%", "2008-06-30": "22.49%", "2008-03-31": "22.40%", "2007-12-31": "22.77%", "2007-09-30": "23.17%", "2007-06-30": "29.53%", "2007-03-31": "42.67%", "2006-12-31": "76.19%"}, "return on tangible equity": {"2020-09-30": "4.66%", "2020-06-30": "5.69%", "2020-03-31": "7.32%", "2019-12-31": "8.31%", "2019-09-30": "12.33%", "2019-06-30": "14.56%", "2019-03-31": "17.16%", "2018-12-31": "19.69%", "2018-09-30": "18.81%", "2018-06-30": "20.16%", "2018-03-31": "20.06%", "2017-12-31": "19.51%", "2017-09-30": "21.99%", "2017-06-30": "20.42%", "2017-03-31": "19.21%", "2016-12-31": "18.34%", "2016-09-30": "18.19%", "2016-06-30": "18.61%", "2016-03-31": "18.97%", "2015-12-31": "20.75%", "2015-09-30": "21.28%", "2015-06-30": "21.42%", "2015-03-31": "20.85%", "2014-12-31": "19.85%", "2014-09-30": "18.51%", "2014-06-30": "17.92%", "2014-03-31": "18.31%", "2013-12-31": "18.64%", "2013-09-30": "19.48%", "2013-06-30": "20.42%", "2013-03-31": "20.86%", "2012-12-31": "20.94%", "2012-09-30": "22.96%", "2012-06-30": "24.37%", "2012-03-31": "26.36%", "2011-12-31": "29.57%", "2011-09-30": "30.77%", "2011-06-30": "28.02%", "2011-03-31": "24.35%", "2010-12-31": "19.29%", "2010-09-30": "11.13%", "2010-06-30": "7.13%", "2010-03-31": "2.79%", "2009-12-31": "2.02%", "2009-09-30": "4.50%", "2009-06-30": "8.39%", "2009-03-31": "12.85%", "2008-12-31": "16.25%", "2008-09-30": "16.59%", "2008-06-30": "16.43%", "2008-03-31": "15.96%", "2007-12-31": "16.48%", "2007-09-30": "22.71%", "2007-06-30": "28.06%", "2007-03-31": "41.85%", "2006-12-31": "75.47%"}, "dividend yield history": {"last payout": "$0.00", "last yield": "0.00%"}}