{"ticker": "IQV", "price": {"title": "IQVIA Holdings Historical Annual Stock Price Data", "value": 186.1, "historical": {"2020": {"Average Stock Price": "151.0251", "Year Open": "156.4100", "Year High": "180.3900", "Year Low": "84.0000", "Year Close": "179.1700", "Annual % Change": "15.96%"}, "2019": {"Average Stock Price": "143.9386", "Year Open": "114.3100", "Year High": "161.4600", "Year Low": "109.9600", "Year Close": "154.5100", "Annual % Change": "33.00%"}, "2018": {"Average Stock Price": "110.5850", "Year Open": "99.7600", "Year High": "130.7700", "Year Low": "94.8500", "Year Close": "116.1700", "Annual % Change": "18.66%"}, "2017": {"Average Stock Price": "89.2801", "Year Open": "76.9300", "Year High": "108.5600", "Year Low": "75.3500", "Year Close": "97.9000", "Annual % Change": "28.73%"}, "2016": {"Average Stock Price": "70.7367", "Year Open": "67.0400", "Year High": "81.0600", "Year Low": "55.9100", "Year Close": "76.0500", "Annual % Change": "10.76%"}, "2015": {"Average Stock Price": "68.7646", "Year Open": "59.1100", "Year High": "79.1000", "Year Low": "57.0700", "Year Close": "68.6600", "Annual % Change": "16.63%"}, "2014": {"Average Stock Price": "53.4986", "Year Open": "45.8000", "Year High": "60.6600", "Year Low": "45.8000", "Year Close": "58.8700", "Annual % Change": "27.04%"}, "2013": {"Average Stock Price": "43.9523", "Year Open": "42.1100", "Year High": "46.4800", "Year Low": "41.5800", "Year Close": "46.3400", "Annual % Change": "0.00%"}}}, "market cap": {"value": "$35.68B"}, "income statement": {"Revenue": {"2019-12-31": "11088.00000", "2018-12-31": "10412.00000", "2017-12-31": "9702.00000", "2016-12-31": "6815.00000", "2015-12-31": "5737.00000", "2014-12-31": "5460.00000", "2013-12-31": "5099.54500", "2012-12-31": "4865.51300", "2011-12-31": "4327.74800", "2010-12-31": "3924.02000"}, "Cost Of Goods Sold": {"2019-12-31": "7300.00000", "2018-12-31": "6746.00000", "2017-12-31": "6301.00000", "2016-12-31": "4748.00000", "2015-12-31": "4116.00000", "2014-12-31": "3959.00000", "2013-12-31": "3762.63100", "2012-12-31": "3632.58200", "2011-12-31": "3185.78700", "2010-12-31": "2804.83700"}, "Gross Profit": {"2019-12-31": "3788.00000", "2018-12-31": "3666.00000", "2017-12-31": "3401.00000", "2016-12-31": "2067.00000", "2015-12-31": "1621.00000", "2014-12-31": "1501.00000", "2013-12-31": "1336.91400", "2012-12-31": "1232.93100", "2011-12-31": "1141.96100", "2010-12-31": "1119.18300"}, "Research And Development Expenses": {"2019-12-31": "", "2018-12-31": "", "2017-12-31": "", "2016-12-31": "", "2015-12-31": "", "2014-12-31": "", "2013-12-31": "", "2012-12-31": "", "2011-12-31": "", "2010-12-31": ""}, "SG&A Expenses": {"2019-12-31": "1734.00000", "2018-12-31": "1716.00000", "2017-12-31": "1622.00000", "2016-12-31": "1016.00000", "2015-12-31": "815.00000", "2014-12-31": "781.00000", "2013-12-31": "860.51000", "2012-12-31": "817.75500", "2011-12-31": "762.29900", "2010-12-31": "698.40600"}, "Other Operating Income Or Expenses": {"2019-12-31": "", "2018-12-31": "", "2017-12-31": "-40.00000", "2016-12-31": "-28.00000", "2015-12-31": "-2.00000", "2014-12-31": "0.00000", "2013-12-31": "0.00000", "2012-12-31": "", "2011-12-31": "-12.29500", "2010-12-31": "-2.84400"}, "Operating Expenses": {"2019-12-31": "10311.00000", "2018-12-31": "9671.00000", "2017-12-31": "9037.00000", "2016-12-31": "6239.00000", "2015-12-31": "5091.00000", "2014-12-31": "4870.00000", "2013-12-31": "4637.21200", "2012-12-31": "4469.07800", "2011-12-31": "3982.49700", "2010-12-31": "3529.01500"}, "Operating Income": {"2019-12-31": "777.00000", "2018-12-31": "741.00000", "2017-12-31": "665.00000", "2016-12-31": "576.00000", "2015-12-31": "646.00000", "2014-12-31": "590.00000", "2013-12-31": "462.33300", "2012-12-31": "396.43510", "2011-12-31": "345.25120", "2010-12-31": "395.00510"}, "Total Non-Operating Income/Expense": {"2019-12-31": "-425.00000", "2018-12-31": "-413.00000", "2017-12-31": "-371.00000", "2016-12-31": "-160.00000", "2015-12-31": "-107.00000", "2014-12-31": "-89.00000", "2013-12-31": "-139.21700", "2012-12-31": "-129.00700", "2011-12-31": "-160.57600", "2010-12-31": "-153.27800"}, "Pre-Tax Income": {"2019-12-31": "352.00000", "2018-12-31": "328.00000", "2017-12-31": "294.00000", "2016-12-31": "416.00000", "2015-12-31": "539.00000", "2014-12-31": "501.00000", "2013-12-31": "323.11600", "2012-12-31": "267.42800", "2011-12-31": "184.67500", "2010-12-31": "241.72700"}, "Income Taxes": {"2019-12-31": "116.00000", "2018-12-31": "59.00000", "2017-12-31": "-992.00000", "2016-12-31": "325.00000", "2015-12-31": "159.00000", "2014-12-31": "149.00000", "2013-12-31": "95.96500", "2012-12-31": "93.36400", "2011-12-31": "15.10500", "2010-12-31": "77.58200"}, "Income After Taxes": {"2019-12-31": "236.00000", "2018-12-31": "269.00000", "2017-12-31": "1286.00000", "2016-12-31": "91.00000", "2015-12-31": "380.00000", "2014-12-31": "352.00000", "2013-12-31": "227.15100", "2012-12-31": "174.06400", "2011-12-31": "169.57000", "2010-12-31": "164.14500"}, "Other Income": {"2019-12-31": "", "2018-12-31": "", "2017-12-31": "", "2016-12-31": "", "2015-12-31": "", "2014-12-31": "", "2013-12-31": "", "2012-12-31": "", "2011-12-31": "", "2010-12-31": ""}, "Income From Continuous Operations": {"2019-12-31": "227.00000", "2018-12-31": "284.00000", "2017-12-31": "1296.00000", "2016-12-31": "87.00000", "2015-12-31": "388.00000", "2014-12-31": "357.00000", "2013-12-31": "226.02700", "2012-12-31": "176.63100", "2011-12-31": "240.32700", "2010-12-31": "165.25500"}, "Income From Discontinued Operations": {"2019-12-31": "", "2018-12-31": "", "2017-12-31": "", "2016-12-31": "", "2015-12-31": "", "2014-12-31": "", "2013-12-31": "", "2012-12-31": "", "2011-12-31": "", "2010-12-31": ""}, "Net Income": {"2019-12-31": "191.00000", "2018-12-31": "259.00000", "2017-12-31": "1277.00000", "2016-12-31": "72.00000", "2015-12-31": "387.00000", "2014-12-31": "357.00000", "2013-12-31": "226.59100", "2012-12-31": "177.54600", "2011-12-31": "241.77200", "2010-12-31": "160.59600"}, "EBITDA": {"2019-12-31": "1992.00000", "2018-12-31": "1893.00000", "2017-12-31": "1728.00000", "2016-12-31": "926.00000", "2015-12-31": "793.00000", "2014-12-31": "718.00000", "2013-12-31": "591.66200", "2012-12-31": "503.96010", "2011-12-31": "467.27120", "2010-12-31": "497.78810"}, "EBIT": {"2019-12-31": "777.00000", "2018-12-31": "741.00000", "2017-12-31": "665.00000", "2016-12-31": "576.00000", "2015-12-31": "646.00000", "2014-12-31": "590.00000", "2013-12-31": "462.33300", "2012-12-31": "396.43510", "2011-12-31": "345.25120", "2010-12-31": "395.00510"}, "Basic Shares Outstanding": {"2019-12-31": "195.10000", "2018-12-31": "203.70000", "2017-12-31": "217.80000", "2016-12-31": "149.10000", "2015-12-31": "123.00000", "2014-12-31": "128.00000", "2013-12-31": "124.14700", "2012-12-31": "115.71000", "2011-12-31": "116.23200", "2010-12-31": "116.41800"}, "Shares Outstanding": {"2019-12-31": "199.60000", "2018-12-31": "208.20000", "2017-12-31": "222.60000", "2016-12-31": "152.00000", "2015-12-31": "125.60000", "2014-12-31": "131.10000", "2013-12-31": "127.86200", "2012-12-31": "117.79600", "2011-12-31": "117.93600", "2010-12-31": "118.00000"}, "Basic EPS": {"2019-12-31": "0.98000", "2018-12-31": "1.27000", "2017-12-31": "5.86000", "2016-12-31": "0.48000", "2015-12-31": "3.15000", "2014-12-31": "2.78000", "2013-12-31": "1.83000", "2012-12-31": "1.53000", "2011-12-31": "2.08000", "2010-12-31": "1.38000"}, "EPS - Earnings Per Share": {"2019-12-31": "0.96000", "2018-12-31": "1.24000", "2017-12-31": "5.74000", "2016-12-31": "0.47000", "2015-12-31": "3.08000", "2014-12-31": "2.72000", "2013-12-31": "1.77000", "2012-12-31": "1.51000", "2011-12-31": "2.05000", "2010-12-31": "1.36000"}}, "income statement, quarterly": {"Revenue": {"2020-09-30": "2786.00000", "2020-06-30": "2521.00000", "2020-03-31": "2754.00000", "2019-12-31": "2895.00000", "2019-09-30": "2769.00000", "2019-06-30": "2740.00000", "2019-03-31": "2684.00000", "2018-12-31": "2688.00000", "2018-09-30": "2594.00000", "2018-06-30": "2567.00000", "2018-03-31": "2563.00000", "2017-12-31": "2521.00000", "2017-09-30": "2466.00000", "2017-06-30": "2355.00000", "2017-03-31": "2360.00000", "2016-12-31": "2275.00000", "2016-09-30": "1497.00000", "2016-06-30": "1553.00000", "2016-03-31": "1490.00000", "2015-12-31": "1521.11100", "2015-09-30": "1424.76900", "2015-06-30": "1443.52700", "2015-03-31": "1347.59300", "2014-12-31": "1411.09000", "2014-09-30": "1400.03400", "2014-06-30": "1341.03000", "2014-03-31": "1307.84600", "2013-12-31": "1379.18500", "2013-09-30": "1195.83900", "2013-06-30": "1295.68000", "2013-03-31": "1228.84100", "2012-12-31": "1278.58800", "2012-09-30": "1199.57400", "2012-06-30": "1230.76700", "2012-03-31": "1156.58400", "2011-12-31": "", "2010-12-31": ""}, "Cost Of Goods Sold": {"2020-09-30": "1800.00000", "2020-06-30": "1704.00000", "2020-03-31": "1824.00000", "2019-12-31": "1901.00000", "2019-09-30": "1852.00000", "2019-06-30": "1799.00000", "2019-03-31": "1748.00000", "2018-12-31": "1742.00000", "2018-09-30": "1678.00000", "2018-06-30": "1674.00000", "2018-03-31": "1652.00000", "2017-12-31": "1607.00000", "2017-09-30": "1611.00000", "2017-06-30": "1557.00000", "2017-03-31": "1526.00000", "2016-12-31": "1495.00000", "2016-09-30": "1056.00000", "2016-06-30": "1121.00000", "2016-03-31": "1076.00000", "2015-12-31": "1069.20100", "2015-09-30": "1014.34700", "2015-06-30": "1053.00600", "2015-03-31": "979.44600", "2014-12-31": "1002.58000", "2014-09-30": "1030.07200", "2014-06-30": "980.06800", "2014-03-31": "946.28000", "2013-12-31": "1017.20200", "2013-09-30": "863.80600", "2013-06-30": "969.10800", "2013-03-31": "912.51500", "2012-12-31": "961.31000", "2012-09-30": "898.09200", "2012-06-30": "914.07500", "2012-03-31": "859.11200", "2011-12-31": "", "2010-12-31": ""}, "Gross Profit": {"2020-09-30": "986.00000", "2020-06-30": "817.00000", "2020-03-31": "930.00000", "2019-12-31": "994.00000", "2019-09-30": "917.00000", "2019-06-30": "941.00000", "2019-03-31": "936.00000", "2018-12-31": "946.00000", "2018-09-30": "916.00000", "2018-06-30": "893.00000", "2018-03-31": "911.00000", "2017-12-31": "914.00000", "2017-09-30": "855.00000", "2017-06-30": "798.00000", "2017-03-31": "834.00000", "2016-12-31": "780.00000", "2016-09-30": "441.00000", "2016-06-30": "432.00000", "2016-03-31": "414.00000", "2015-12-31": "451.91020", "2015-09-30": "410.42210", "2015-06-30": "390.52100", "2015-03-31": "368.14700", "2014-12-31": "408.50980", "2014-09-30": "369.96200", "2014-06-30": "360.96200", "2014-03-31": "361.56600", "2013-12-31": "361.98280", "2013-09-30": "332.03300", "2013-06-30": "326.57200", "2013-03-31": "316.32590", "2012-12-31": "317.27800", "2012-09-30": "301.48190", "2012-06-30": "316.69200", "2012-03-31": "297.47200", "2011-12-31": "", "2010-12-31": ""}, "Research And Development Expenses": {"2020-09-30": "", "2020-06-30": "", "2020-03-31": "", "2019-12-31": "", "2019-09-30": "", "2019-06-30": "", "2019-03-31": "", "2018-12-31": "", "2018-09-30": "", "2018-06-30": "", "2018-03-31": "", "2017-12-31": "", "2017-09-30": "", "2017-06-30": "", "2017-03-31": "", "2016-12-31": "", "2016-09-30": "", "2016-06-30": "", "2016-03-31": "", "2015-12-31": "", "2015-09-30": "", "2015-06-30": "", "2015-03-31": "", "2014-12-31": "", "2014-09-30": "", "2014-06-30": "", "2014-03-31": "", "2013-12-31": "", "2013-09-30": "", "2013-06-30": "", "2013-03-31": "", "2012-12-31": "0.00000", "2012-09-30": "", "2012-06-30": "", "2012-03-31": "", "2011-12-31": "", "2010-12-31": ""}, "SG&A Expenses": {"2020-09-30": "460.00000", "2020-06-30": "431.00000", "2020-03-31": "407.00000", "2019-12-31": "484.00000", "2019-09-30": "395.00000", "2019-06-30": "436.00000", "2019-03-31": "419.00000", "2018-12-31": "443.00000", "2018-09-30": "429.00000", "2018-06-30": "424.00000", "2018-03-31": "420.00000", "2017-12-31": "469.00000", "2017-09-30": "394.00000", "2017-06-30": "378.00000", "2017-03-31": "381.00000", "2016-12-31": "393.00000", "2016-09-30": "207.00000", "2016-06-30": "216.00000", "2016-03-31": "200.00000", "2015-12-31": "138.08100", "2015-09-30": "231.41500", "2015-06-30": "225.89800", "2015-03-31": "219.60600", "2014-12-31": "123.71700", "2014-09-30": "219.02700", "2014-06-30": "219.01400", "2014-03-31": "219.24200", "2013-12-31": "232.79700", "2013-09-30": "199.57300", "2013-06-30": "228.83800", "2013-03-31": "199.30200", "2012-12-31": "222.87000", "2012-09-30": "192.78000", "2012-06-30": "203.54400", "2012-03-31": "205.79500", "2011-12-31": "", "2010-12-31": ""}, "Other Operating Income Or Expenses": {"2020-09-30": "", "2020-06-30": "", "2020-03-31": "", "2019-12-31": "", "2019-09-30": "", "2019-06-30": "", "2019-03-31": "", "2018-12-31": "", "2018-09-30": "", "2018-06-30": "", "2018-03-31": "", "2017-12-31": "", "2017-09-30": "", "2017-06-30": "-40.00000", "2017-03-31": "", "2016-12-31": "", "2016-09-30": "-28.00000", "2016-06-30": "0.00000", "2016-03-31": "", "2015-12-31": "", "2015-09-30": "0.00000", "2015-06-30": "", "2015-03-31": "", "2014-12-31": "", "2014-09-30": "", "2014-06-30": "", "2014-03-31": "", "2013-12-31": "", "2013-09-30": "", "2013-06-30": "", "2013-03-31": "", "2012-12-31": "", "2012-09-30": "", "2012-06-30": "", "2012-03-31": "", "2011-12-31": "", "2010-12-31": ""}, "Operating Expenses": {"2020-09-30": "2599.00000", "2020-06-30": "2459.00000", "2020-03-31": "2561.00000", "2019-12-31": "2729.00000", "2019-09-30": "2565.00000", "2019-06-30": "2543.00000", "2019-03-31": "2474.00000", "2018-12-31": "2481.00000", "2018-09-30": "2413.00000", "2018-06-30": "2397.00000", "2018-03-31": "2380.00000", "2017-12-31": "2379.00000", "2017-09-30": "2271.00000", "2017-06-30": "2229.00000", "2017-03-31": "2158.00000", "2016-12-31": "2196.00000", "2016-09-30": "1329.00000", "2016-06-30": "1403.00000", "2016-03-31": "1311.00000", "2015-12-31": "1343.74000", "2015-09-30": "1257.74600", "2015-06-30": "1285.13800", "2015-03-31": "1204.37600", "2014-12-31": "1252.54800", "2014-09-30": "1250.89200", "2014-06-30": "1200.03000", "2014-03-31": "1166.53000", "2013-12-31": "1252.17300", "2013-09-30": "1070.58000", "2013-06-30": "1200.78300", "2013-03-31": "1113.67600", "2012-12-31": "1184.18000", "2012-09-30": "1090.43800", "2012-06-30": "1129.88200", "2012-03-31": "1064.59700", "2011-12-31": "", "2010-12-31": ""}, "Operating Income": {"2020-09-30": "187.00000", "2020-06-30": "62.00000", "2020-03-31": "193.00000", "2019-12-31": "166.00000", "2019-09-30": "204.00000", "2019-06-30": "197.00000", "2019-03-31": "210.00000", "2018-12-31": "207.00000", "2018-09-30": "181.00000", "2018-06-30": "170.00000", "2018-03-31": "183.00000", "2017-12-31": "142.00000", "2017-09-30": "195.00000", "2017-06-30": "126.00000", "2017-03-31": "202.00000", "2016-12-31": "79.00000", "2016-09-30": "168.00000", "2016-06-30": "150.00000", "2016-03-31": "179.00000", "2015-12-31": "177.37110", "2015-09-30": "167.02310", "2015-06-30": "158.38900", "2015-03-31": "143.21700", "2014-12-31": "158.54200", "2014-09-30": "149.14210", "2014-06-30": "141.00000", "2014-03-31": "141.31590", "2013-12-31": "127.01230", "2013-09-30": "125.25900", "2013-06-30": "94.89700", "2013-03-31": "115.16490", "2012-12-31": "94.40810", "2012-09-30": "109.13590", "2012-06-30": "100.88500", "2012-03-31": "91.98710", "2011-12-31": "", "2010-12-31": ""}, "Total Non-Operating Income/Expense": {"2020-09-30": "-85.00000", "2020-06-30": "-87.00000", "2020-03-31": "-91.00000", "2019-12-31": "-70.00000", "2019-09-30": "-135.00000", "2019-06-30": "-119.00000", "2019-03-31": "-101.00000", "2018-12-31": "-103.00000", "2018-09-30": "-130.00000", "2018-06-30": "-82.00000", "2018-03-31": "-98.00000", "2017-12-31": "-109.00000", "2017-09-30": "-109.00000", "2017-06-30": "-78.00000", "2017-03-31": "-75.00000", "2016-12-31": "-86.00000", "2016-09-30": "-25.00000", "2016-06-30": "-19.00000", "2016-03-31": "-30.00000", "2015-12-31": "-18.57000", "2015-09-30": "-23.35400", "2015-06-30": "-43.46700", "2015-03-31": "-21.60900", "2014-12-31": "-26.86300", "2014-09-30": "-16.67200", "2014-06-30": "-26.86100", "2014-03-31": "-18.60400", "2013-12-31": "-26.97000", "2013-09-30": "-30.86100", "2013-06-30": "-48.17800", "2013-03-31": "-33.20800", "2012-12-31": "-39.35000", "2012-09-30": "-36.51500", "2012-06-30": "-26.64900", "2012-03-31": "-26.50100", "2011-12-31": "", "2010-12-31": ""}, "Pre-Tax Income": {"2020-09-30": "102.00000", "2020-06-30": "-25.00000", "2020-03-31": "102.00000", "2019-12-31": "96.00000", "2019-09-30": "69.00000", "2019-06-30": "78.00000", "2019-03-31": "109.00000", "2018-12-31": "104.00000", "2018-09-30": "51.00000", "2018-06-30": "88.00000", "2018-03-31": "85.00000", "2017-12-31": "33.00000", "2017-09-30": "86.00000", "2017-06-30": "48.00000", "2017-03-31": "127.00000", "2016-12-31": "-7.00000", "2016-09-30": "143.00000", "2016-06-30": "131.00000", "2016-03-31": "149.00000", "2015-12-31": "158.80100", "2015-09-30": "143.66900", "2015-06-30": "114.92200", "2015-03-31": "121.60800", "2014-12-31": "131.67900", "2014-09-30": "132.47000", "2014-06-30": "114.13900", "2014-03-31": "122.71200", "2013-12-31": "100.04200", "2013-09-30": "94.39800", "2013-06-30": "46.71900", "2013-03-31": "81.95700", "2012-12-31": "55.09000", "2012-09-30": "72.62100", "2012-06-30": "74.23600", "2012-03-31": "65.48600", "2011-12-31": "", "2010-12-31": ""}, "Income Taxes": {"2020-09-30": "-3.00000", "2020-06-30": "-5.00000", "2020-03-31": "17.00000", "2019-12-31": "68.00000", "2019-09-30": "-1.00000", "2019-06-30": "8.00000", "2019-03-31": "41.00000", "2018-12-31": "30.00000", "2018-09-30": "-14.00000", "2018-06-30": "24.00000", "2018-03-31": "19.00000", "2017-12-31": "-999.00000", "2017-09-30": "-3.00000", "2017-06-30": "-14.00000", "2017-03-31": "24.00000", "2016-12-31": "207.00000", "2016-09-30": "39.00000", "2016-06-30": "36.00000", "2016-03-31": "43.00000", "2015-12-31": "51.02000", "2015-09-30": "40.19200", "2015-06-30": "31.70000", "2015-03-31": "36.08800", "2014-12-31": "37.95100", "2014-09-30": "41.26000", "2014-06-30": "32.40000", "2014-03-31": "37.38900", "2013-12-31": "27.55800", "2013-09-30": "27.45900", "2013-06-30": "8.83000", "2013-03-31": "32.11800", "2012-12-31": "20.02000", "2012-09-30": "21.54200", "2012-06-30": "27.55800", "2012-03-31": "24.25100", "2011-12-31": "", "2010-12-31": ""}, "Income After Taxes": {"2020-09-30": "105.00000", "2020-06-30": "-20.00000", "2020-03-31": "85.00000", "2019-12-31": "28.00000", "2019-09-30": "70.00000", "2019-06-30": "70.00000", "2019-03-31": "68.00000", "2018-12-31": "74.00000", "2018-09-30": "65.00000", "2018-06-30": "64.00000", "2018-03-31": "66.00000", "2017-12-31": "1032.00000", "2017-09-30": "89.00000", "2017-06-30": "62.00000", "2017-03-31": "103.00000", "2016-12-31": "-214.00000", "2016-09-30": "104.00000", "2016-06-30": "95.00000", "2016-03-31": "106.00000", "2015-12-31": "107.78100", "2015-09-30": "103.47700", "2015-06-30": "83.22200", "2015-03-31": "85.52000", "2014-12-31": "93.72800", "2014-09-30": "91.21000", "2014-06-30": "81.73900", "2014-03-31": "85.32300", "2013-12-31": "72.48400", "2013-09-30": "66.93900", "2013-06-30": "37.88900", "2013-03-31": "49.83900", "2012-12-31": "35.07000", "2012-09-30": "51.07900", "2012-06-30": "46.67800", "2012-03-31": "41.23500", "2011-12-31": "", "2010-12-31": ""}, "Other Income": {"2020-09-30": "", "2020-06-30": "", "2020-03-31": "", "2019-12-31": "", "2019-09-30": "", "2019-06-30": "", "2019-03-31": "", "2018-12-31": "", "2018-09-30": "", "2018-06-30": "", "2018-03-31": "", "2017-12-31": "", "2017-09-30": "", "2017-06-30": "", "2017-03-31": "", "2016-12-31": "", "2016-09-30": "", "2016-06-30": "", "2016-03-31": "", "2015-12-31": "", "2015-09-30": "", "2015-06-30": "", "2015-03-31": "", "2014-12-31": "", "2014-09-30": "", "2014-06-30": "", "2014-03-31": "", "2013-12-31": "", "2013-09-30": "", "2013-06-30": "", "2013-03-31": "", "2012-12-31": "0.00000", "2012-09-30": "", "2012-06-30": "", "2012-03-31": "", "2011-12-31": "", "2010-12-31": ""}, "Income From Continuous Operations": {"2020-09-30": "108.00000", "2020-06-30": "-21.00000", "2020-03-31": "91.00000", "2019-12-31": "20.00000", "2019-09-30": "69.00000", "2019-06-30": "71.00000", "2019-03-31": "67.00000", "2018-12-31": "76.00000", "2018-09-30": "67.00000", "2018-06-30": "68.00000", "2018-03-31": "73.00000", "2017-12-31": "1035.00000", "2017-09-30": "93.00000", "2017-06-30": "66.00000", "2017-03-31": "102.00000", "2016-12-31": "-217.00000", "2016-09-30": "104.00000", "2016-06-30": "91.00000", "2016-03-31": "109.00000", "2015-12-31": "107.78300", "2015-09-30": "108.83900", "2015-06-30": "84.94700", "2015-03-31": "86.43100", "2014-12-31": "88.94300", "2014-09-30": "92.73300", "2014-06-30": "85.11000", "2014-03-31": "90.21400", "2013-12-31": "72.93400", "2013-09-30": "66.58400", "2013-06-30": "38.35300", "2013-03-31": "48.15600", "2012-12-31": "34.97400", "2012-09-30": "51.97500", "2012-06-30": "47.01200", "2012-03-31": "42.80800", "2011-12-31": "", "2010-12-31": ""}, "Income From Discontinued Operations": {"2020-09-30": "", "2020-06-30": "", "2020-03-31": "", "2019-12-31": "", "2019-09-30": "", "2019-06-30": "", "2019-03-31": "", "2018-12-31": "", "2018-09-30": "", "2018-06-30": "", "2018-03-31": "", "2017-12-31": "", "2017-09-30": "", "2017-06-30": "", "2017-03-31": "", "2016-12-31": "", "2016-09-30": "", "2016-06-30": "", "2016-03-31": "", "2015-12-31": "", "2015-09-30": "", "2015-06-30": "", "2015-03-31": "", "2014-12-31": "", "2014-09-30": "", "2014-06-30": "", "2014-03-31": "", "2013-12-31": "", "2013-09-30": "", "2013-06-30": "", "2013-03-31": "", "2012-12-31": "0.00000", "2012-09-30": "", "2012-06-30": "", "2012-03-31": "", "2011-12-31": "", "2010-12-31": ""}, "Net Income": {"2020-09-30": "101.00000", "2020-06-30": "-23.00000", "2020-03-31": "82.00000", "2019-12-31": "16.00000", "2019-09-30": "57.00000", "2019-06-30": "60.00000", "2019-03-31": "58.00000", "2018-12-31": "69.00000", "2018-09-30": "60.00000", "2018-06-30": "61.00000", "2018-03-31": "69.00000", "2017-12-31": "1027.00000", "2017-09-30": "88.00000", "2017-06-30": "62.00000", "2017-03-31": "100.00000", "2016-12-31": "-221.00000", "2016-09-30": "100.00000", "2016-06-30": "86.00000", "2016-03-31": "107.00000", "2015-12-31": "104.36500", "2015-09-30": "111.28600", "2015-06-30": "84.95100", "2015-03-31": "86.39800", "2014-12-31": "89.04300", "2014-09-30": "92.65400", "2014-06-30": "85.12000", "2014-03-31": "90.18300", "2013-12-31": "72.99600", "2013-09-30": "66.76900", "2013-06-30": "38.51700", "2013-03-31": "48.30900", "2012-12-31": "34.97400", "2012-09-30": "52.09800", "2012-06-30": "47.20100", "2012-03-31": "43.27300", "2011-12-31": "", "2010-12-31": ""}, "EBITDA": {"2020-09-30": "511.00000", "2020-06-30": "375.00000", "2020-03-31": "512.00000", "2019-12-31": "483.00000", "2019-09-30": "507.00000", "2019-06-30": "494.00000", "2019-03-31": "508.00000", "2018-12-31": "504.00000", "2018-09-30": "467.00000", "2018-06-30": "454.00000", "2018-03-31": "468.00000", "2017-12-31": "423.00000", "2017-09-30": "453.00000", "2017-06-30": "413.00000", "2017-03-31": "439.00000", "2016-12-31": "295.00000", "2016-09-30": "232.00000", "2016-06-30": "183.00000", "2016-03-31": "216.00000", "2015-12-31": "218.88110", "2015-09-30": "204.72210", "2015-06-30": "194.17400", "2015-03-31": "175.22300", "2014-12-31": "192.64200", "2014-09-30": "180.91810", "2014-06-30": "172.44100", "2014-03-31": "171.99890", "2013-12-31": "162.44730", "2013-09-30": "154.26900", "2013-06-30": "132.26600", "2013-03-31": "142.67990", "2012-12-31": "123.52210", "2012-09-30": "136.96590", "2012-06-30": "126.55600", "2012-03-31": "116.89210", "2011-12-31": "", "2010-12-31": ""}, "EBIT": {"2020-09-30": "187.00000", "2020-06-30": "62.00000", "2020-03-31": "193.00000", "2019-12-31": "166.00000", "2019-09-30": "204.00000", "2019-06-30": "197.00000", "2019-03-31": "210.00000", "2018-12-31": "207.00000", "2018-09-30": "181.00000", "2018-06-30": "170.00000", "2018-03-31": "183.00000", "2017-12-31": "142.00000", "2017-09-30": "195.00000", "2017-06-30": "126.00000", "2017-03-31": "202.00000", "2016-12-31": "79.00000", "2016-09-30": "168.00000", "2016-06-30": "150.00000", "2016-03-31": "179.00000", "2015-12-31": "177.37080", "2015-09-30": "167.02310", "2015-06-30": "158.38900", "2015-03-31": "143.21700", "2014-12-31": "158.54200", "2014-09-30": "149.14210", "2014-06-30": "141.00000", "2014-03-31": "141.31590", "2013-12-31": "127.01210", "2013-09-30": "125.25900", "2013-06-30": "94.89700", "2013-03-31": "115.16490", "2012-12-31": "94.40810", "2012-09-30": "109.13590", "2012-06-30": "100.88500", "2012-03-31": "91.98710", "2011-12-31": "", "2010-12-31": ""}, "Basic Shares Outstanding": {"2020-09-30": "191.30000", "2020-06-30": "190.90000", "2020-03-31": "191.60000", "2019-12-31": "195.10000", "2019-09-30": "194.50000", "2019-06-30": "196.20000", "2019-03-31": "197.00000", "2018-12-31": "203.70000", "2018-09-30": "202.30000", "2018-06-30": "205.70000", "2018-03-31": "207.50000", "2017-12-31": "217.80000", "2017-09-30": "214.30000", "2017-06-30": "217.60000", "2017-03-31": "230.10000", "2016-12-31": "149.10000", "2016-09-30": "118.90000", "2016-06-30": "119.50000", "2016-03-31": "119.40000", "2015-12-31": "123.00000", "2015-09-30": "122.84800", "2015-06-30": "123.83400", "2015-03-31": "124.50400", "2014-12-31": "128.00000", "2014-09-30": "127.46200", "2014-06-30": "128.97900", "2014-03-31": "129.89800", "2013-12-31": "124.14700", "2013-09-30": "128.92300", "2013-06-30": "122.70900", "2013-03-31": "115.76900", "2012-12-31": "115.67200", "2012-09-30": "115.69100", "2012-06-30": "115.67000", "2012-03-31": "115.80800", "2011-12-31": "", "2010-12-31": ""}, "Shares Outstanding": {"2020-09-30": "194.90000", "2020-06-30": "190.90000", "2020-03-31": "195.70000", "2019-12-31": "199.60000", "2019-09-30": "199.00000", "2019-06-30": "200.60000", "2019-03-31": "201.70000", "2018-12-31": "208.20000", "2018-09-30": "206.80000", "2018-06-30": "209.90000", "2018-03-31": "212.00000", "2017-12-31": "222.60000", "2017-09-30": "219.00000", "2017-06-30": "222.30000", "2017-03-31": "234.90000", "2016-12-31": "152.00000", "2016-09-30": "121.20000", "2016-06-30": "121.50000", "2016-03-31": "121.40000", "2015-12-31": "125.60000", "2015-09-30": "125.33900", "2015-06-30": "126.53600", "2015-03-31": "127.45400", "2014-12-31": "131.10000", "2014-09-30": "130.62600", "2014-06-30": "132.04200", "2014-03-31": "133.04000", "2013-12-31": "127.86200", "2013-09-30": "133.26700", "2013-06-30": "126.57800", "2013-03-31": "118.74000", "2012-12-31": "118.15000", "2012-09-30": "117.83500", "2012-06-30": "117.70600", "2012-03-31": "117.55100", "2011-12-31": "", "2010-12-31": ""}, "Basic EPS": {"2020-09-30": "0.53000", "2020-06-30": "-0.12000", "2020-03-31": "0.43000", "2019-12-31": "0.09000", "2019-09-30": "0.29000", "2019-06-30": "0.31000", "2019-03-31": "0.29000", "2018-12-31": "0.34000", "2018-09-30": "0.30000", "2018-06-30": "0.30000", "2018-03-31": "0.33000", "2017-12-31": "4.74000", "2017-09-30": "0.41000", "2017-06-30": "0.28000", "2017-03-31": "0.43000", "2016-12-31": "-1.97000", "2016-09-30": "0.83000", "2016-06-30": "0.73000", "2016-03-31": "0.89000", "2015-12-31": "0.86000", "2015-09-30": "0.91000", "2015-06-30": "0.69000", "2015-03-31": "0.69000", "2014-12-31": "0.70000", "2014-09-30": "0.73000", "2014-06-30": "0.66000", "2014-03-31": "0.69000", "2013-12-31": "0.58000", "2013-09-30": "0.52000", "2013-06-30": "0.31000", "2013-03-31": "0.42000", "2012-12-31": "0.30000", "2012-09-30": "0.45000", "2012-06-30": "0.41000", "2012-03-31": "0.37000", "2011-12-31": "", "2010-12-31": ""}, "EPS - Earnings Per Share": {"2020-09-30": "0.52000", "2020-06-30": "-0.12000", "2020-03-31": "0.42000", "2019-12-31": "0.08000", "2019-09-30": "0.29000", "2019-06-30": "0.30000", "2019-03-31": "0.29000", "2018-12-31": "0.34000", "2018-09-30": "0.29000", "2018-06-30": "0.29000", "2018-03-31": "0.32000", "2017-12-31": "4.63000", "2017-09-30": "0.40000", "2017-06-30": "0.28000", "2017-03-31": "0.43000", "2016-12-31": "-1.94000", "2016-09-30": "0.82000", "2016-06-30": "0.71000", "2016-03-31": "0.88000", "2015-12-31": "0.84000", "2015-09-30": "0.89000", "2015-06-30": "0.67000", "2015-03-31": "0.68000", "2014-12-31": "0.69000", "2014-09-30": "0.71000", "2014-06-30": "0.64000", "2014-03-31": "0.68000", "2013-12-31": "0.56000", "2013-09-30": "0.50000", "2013-06-30": "0.30000", "2013-03-31": "0.41000", "2012-12-31": "0.30000", "2012-09-30": "0.44000", "2012-06-30": "0.40000", "2012-03-31": "0.37000", "2011-12-31": "0.00000", "2010-12-31": "0.00000"}}, "balance sheet": {"Cash On Hand": {"2019-12-31": "899.00000", "2018-12-31": "938.00000", "2017-12-31": "1005.00000", "2016-12-31": "1238.00000", "2015-12-31": "977.00000", "2014-12-31": "870.24000", "2013-12-31": "780.85500", "2012-12-31": "570.55000", "2011-12-31": "519.29700", "2010-12-31": ""}, "Receivables": {"2019-12-31": "2638.00000", "2018-12-31": "2463.00000", "2017-12-31": "2144.00000", "2016-12-31": "1741.00000", "2015-12-31": "1200.00000", "2014-12-31": "1020.61200", "2013-12-31": "940.37600", "2012-12-31": "762.97000", "2011-12-31": "716.49010", "2010-12-31": ""}, "Inventory": {"2019-12-31": "", "2018-12-31": "", "2017-12-31": "", "2016-12-31": "", "2015-12-31": "", "2014-12-31": "", "2013-12-31": "", "2012-12-31": "", "2011-12-31": "", "2010-12-31": ""}, "Pre-Paid Expenses": {"2019-12-31": "138.00000", "2018-12-31": "151.00000", "2017-12-31": "146.00000", "2016-12-31": "123.00000", "2015-12-31": "51.00000", "2014-12-31": "44.62800", "2013-12-31": "42.80100", "2012-12-31": "33.35400", "2011-12-31": "31.32800", "2010-12-31": ""}, "Other Current Assets": {"2019-12-31": "451.00000", "2018-12-31": "322.00000", "2017-12-31": "259.00000", "2016-12-31": "235.00000", "2015-12-31": "83.00000", "2014-12-31": "92.08800", "2013-12-31": "89.54100", "2012-12-31": "74.08200", "2011-12-31": "51.65500", "2010-12-31": ""}, "Total Current Assets": {"2019-12-31": "4126.00000", "2018-12-31": "3874.00000", "2017-12-31": "3554.00000", "2016-12-31": "3337.00000", "2015-12-31": "2412.00000", "2014-12-31": "2146.08300", "2013-12-31": "1945.68800", "2012-12-31": "1509.99400", "2011-12-31": "1365.47800", "2010-12-31": ""}, "Property, Plant, And Equipment": {"2019-12-31": "458.00000", "2018-12-31": "434.00000", "2017-12-31": "440.00000", "2016-12-31": "406.00000", "2015-12-31": "188.00000", "2014-12-31": "190.29700", "2013-12-31": "199.57800", "2012-12-31": "193.99900", "2011-12-31": "185.77200", "2010-12-31": ""}, "Long-Term Investments": {"2019-12-31": "152.00000", "2018-12-31": "142.00000", "2017-12-31": "78.00000", "2016-12-31": "82.00000", "2015-12-31": "85.00000", "2014-12-31": "66.01100", "2013-12-31": "63.27600", "2012-12-31": "55.09900", "2011-12-31": "33.88800", "2010-12-31": ""}, "Goodwill And Intangible Assets": {"2019-12-31": "17673.00000", "2018-12-31": "17751.00000", "2017-12-31": "18441.00000", "2016-12-31": "17117.00000", "2015-12-31": "1088.00000", "2014-12-31": "744.67700", "2013-12-31": "707.68000", "2012-12-31": "575.24190", "2011-12-31": "547.45400", "2010-12-31": "0.00000"}, "Other Long-Term Assets": {"2019-12-31": "227.00000", "2018-12-31": "239.00000", "2017-12-31": "235.00000", "2016-12-31": "177.00000", "2015-12-31": "110.00000", "2014-12-31": "112.91300", "2013-12-31": "117.71100", "2012-12-31": "127.50600", "2011-12-31": "112.14800", "2010-12-31": ""}, "Total Long-Term Assets": {"2019-12-31": "19125.00000", "2018-12-31": "18675.00000", "2017-12-31": "19303.00000", "2016-12-31": "17871.00000", "2015-12-31": "1514.00000", "2014-12-31": "1149.87000", "2013-12-31": "1121.10900", "2012-12-31": "989.15890", "2011-12-31": "957.43900", "2010-12-31": ""}, "Total Assets": {"2019-12-31": "23251.00000", "2018-12-31": "22549.00000", "2017-12-31": "22857.00000", "2016-12-31": "21208.00000", "2015-12-31": "3926.00000", "2014-12-31": "3295.95300", "2013-12-31": "3066.79700", "2012-12-31": "2499.15300", "2011-12-31": "2322.91700", "2010-12-31": "0.00000"}, "Total Current Liabilities": {"2019-12-31": "3945.00000", "2018-12-31": "3534.00000", "2017-12-31": "3156.00000", "2016-12-31": "2705.00000", "2015-12-31": "1594.00000", "2014-12-31": "1471.90000", "2013-12-31": "1482.24700", "2012-12-31": "1308.99700", "2011-12-31": "1192.13300", "2010-12-31": ""}, "Long Term Debt": {"2019-12-31": "11545.00000", "2018-12-31": "10907.00000", "2017-12-31": "10122.00000", "2016-12-31": "7108.00000", "2015-12-31": "2419.00000", "2014-12-31": "2282.61200", "2013-12-31": "2035.58600", "2012-12-31": "2366.26800", "2011-12-31": "1951.70800", "2010-12-31": ""}, "Other Non-Current Liabilities": {"2019-12-31": "456.00000", "2018-12-31": "418.00000", "2017-12-31": "440.00000", "2016-12-31": "402.00000", "2015-12-31": "183.00000", "2014-12-31": "183.65600", "2013-12-31": "178.90800", "2012-12-31": "171.31600", "2011-12-31": "138.80600", "2010-12-31": ""}, "Total Long Term Liabilities": {"2019-12-31": "13043.00000", "2018-12-31": "12061.00000", "2017-12-31": "11457.00000", "2016-12-31": "9643.00000", "2015-12-31": "2668.00000", "2014-12-31": "2528.06500", "2013-12-31": "2252.03500", "2012-12-31": "2549.20000", "2011-12-31": "2100.38000", "2010-12-31": ""}, "Total Liabilities": {"2019-12-31": "16988.00000", "2018-12-31": "15595.00000", "2017-12-31": "14613.00000", "2016-12-31": "12348.00000", "2015-12-31": "4262.00000", "2014-12-31": "3999.96500", "2013-12-31": "3734.28200", "2012-12-31": "3858.19700", "2011-12-31": "3292.51300", "2010-12-31": "0.00000"}, "Common Stock Net": {"2019-12-31": "11049.00000", "2018-12-31": "10901.00000", "2017-12-31": "10782.00000", "2016-12-31": "10602.00000", "2015-12-31": "9.00000", "2014-12-31": "143.82800", "2013-12-31": "478.14400", "2012-12-31": "4.55400", "2011-12-31": "1.16000", "2010-12-31": "0.00000"}, "Retained Earnings (Accumulated Deficit)": {"2019-12-31": "998.00000", "2018-12-31": "807.00000", "2017-12-31": "538.00000", "2016-12-31": "-399.00000", "2015-12-31": "-462.00000", "2014-12-31": "-788.79800", "2013-12-31": "-1145.18100", "2012-12-31": "-1371.77200", "2011-12-31": "-994.41500", "2010-12-31": ""}, "Comprehensive Income": {"2019-12-31": "-311.00000", "2018-12-31": "-224.00000", "2017-12-31": "49.00000", "2016-12-31": "-570.00000", "2015-12-31": "-111.00000", "2014-12-31": "-59.09100", "2013-12-31": "-0.37600", "2012-12-31": "7.69500", "2011-12-31": "22.87100", "2010-12-31": ""}, "Other Share Holders Equity": {"2019-12-31": "", "2018-12-31": "", "2017-12-31": "", "2016-12-31": "", "2015-12-31": "", "2014-12-31": "", "2013-12-31": "", "2012-12-31": "", "2011-12-31": "", "2010-12-31": "0.00000"}, "Share Holder Equity": {"2019-12-31": "6263.00000", "2018-12-31": "6954.00000", "2017-12-31": "8244.00000", "2016-12-31": "8860.00000", "2015-12-31": "-336.00000", "2014-12-31": "-704.01200", "2013-12-31": "-667.48500", "2012-12-31": "-1359.04400", "2011-12-31": "-969.59600", "2010-12-31": "0.00000"}, "Total Liabilities And Share Holders Equity": {"2019-12-31": "23251.00000", "2018-12-31": "22549.00000", "2017-12-31": "22857.00000", "2016-12-31": "21208.00000", "2015-12-31": "3926.00000", "2014-12-31": "3295.95300", "2013-12-31": "3066.79700", "2012-12-31": "2499.15300", "2011-12-31": "2322.91700", "2010-12-31": "0.00000"}}, "balance sheet, quarterly": {"Cash On Hand": {"2020-09-30": "1543.00000", "2020-06-30": "1182.00000", "2020-03-31": "990.00000", "2019-12-31": "899.00000", "2019-09-30": "920.00000", "2019-06-30": "994.00000", "2019-03-31": "991.00000", "2018-12-31": "938.00000", "2018-09-30": "879.00000", "2018-06-30": "928.00000", "2018-03-31": "1007.00000", "2017-12-31": "1005.00000", "2017-09-30": "1147.00000", "2017-06-30": "945.00000", "2017-03-31": "905.00000", "2016-12-31": "1238.00000", "2016-09-30": "1252.10200", "2016-06-30": "996.96000", "2016-03-31": "1093.48900", "2015-12-31": "977.00000", "2015-09-30": "1084.41400", "2015-06-30": "806.76100", "2015-03-31": "781.80900", "2014-12-31": "870.24000", "2014-09-30": "648.55300", "2014-06-30": "639.76400", "2014-03-31": "744.75400", "2013-12-31": "780.85500", "2013-09-30": "613.02700", "2013-06-30": "588.04300", "2013-03-31": "458.17300", "2012-12-31": "570.55000", "2012-09-30": "", "2012-06-30": "", "2012-03-31": "", "2011-12-31": "519.29000", "2010-12-31": ""}, "Receivables": {"2020-09-30": "2492.00000", "2020-06-30": "2424.00000", "2020-03-31": "2683.00000", "2019-12-31": "2638.00000", "2019-09-30": "2579.00000", "2019-06-30": "2465.00000", "2019-03-31": "2526.00000", "2018-12-31": "2463.00000", "2018-09-30": "2364.00000", "2018-06-30": "2224.00000", "2018-03-31": "2295.00000", "2017-12-31": "2144.00000", "2017-09-30": "1915.00000", "2017-06-30": "1886.00000", "2017-03-31": "1807.00000", "2016-12-31": "1741.00000", "2016-09-30": "1234.07100", "2016-06-30": "1278.48600", "2016-03-31": "1197.89900", "2015-12-31": "1200.00000", "2015-09-30": "1185.08300", "2015-06-30": "1153.98900", "2015-03-31": "1050.58100", "2014-12-31": "1020.61200", "2014-09-30": "1049.94700", "2014-06-30": "981.23100", "2014-03-31": "964.89700", "2013-12-31": "940.37600", "2013-09-30": "911.71800", "2013-06-30": "893.71500", "2013-03-31": "800.01700", "2012-12-31": "762.97000", "2012-09-30": "", "2012-06-30": "", "2012-03-31": "", "2011-12-31": "716.49000", "2010-12-31": ""}, "Inventory": {"2020-09-30": "", "2020-06-30": "", "2020-03-31": "", "2019-12-31": "", "2019-09-30": "", "2019-06-30": "", "2019-03-31": "", "2018-12-31": "", "2018-09-30": "", "2018-06-30": "", "2018-03-31": "", "2017-12-31": "", "2017-09-30": "", "2017-06-30": "", "2017-03-31": "", "2016-12-31": "", "2016-09-30": "", "2016-06-30": "", "2016-03-31": "", "2015-12-31": "", "2015-09-30": "", "2015-06-30": "", "2015-03-31": "", "2014-12-31": "", "2014-09-30": "", "2014-06-30": "", "2014-03-31": "", "2013-12-31": "", "2013-09-30": "", "2013-06-30": "", "2013-03-31": "", "2012-12-31": "", "2012-09-30": "", "2012-06-30": "", "2012-03-31": "", "2011-12-31": "", "2010-12-31": ""}, "Pre-Paid Expenses": {"2020-09-30": "165.00000", "2020-06-30": "146.00000", "2020-03-31": "173.00000", "2019-12-31": "138.00000", "2019-09-30": "150.00000", "2019-06-30": "180.00000", "2019-03-31": "153.00000", "2018-12-31": "151.00000", "2018-09-30": "154.00000", "2018-06-30": "158.00000", "2018-03-31": "148.00000", "2017-12-31": "146.00000", "2017-09-30": "146.00000", "2017-06-30": "153.00000", "2017-03-31": "134.00000", "2016-12-31": "123.00000", "2016-09-30": "57.31800", "2016-06-30": "66.44300", "2016-03-31": "55.84500", "2015-12-31": "51.00000", "2015-09-30": "51.47000", "2015-06-30": "57.45400", "2015-03-31": "59.83400", "2014-12-31": "44.62800", "2014-09-30": "51.53400", "2014-06-30": "56.83700", "2014-03-31": "52.89300", "2013-12-31": "42.80100", "2013-09-30": "42.11600", "2013-06-30": "48.59900", "2013-03-31": "41.30600", "2012-12-31": "33.35400", "2012-09-30": "", "2012-06-30": "", "2012-03-31": "", "2011-12-31": "", "2010-12-31": ""}, "Other Current Assets": {"2020-09-30": "445.00000", "2020-06-30": "456.00000", "2020-03-31": "431.00000", "2019-12-31": "451.00000", "2019-09-30": "346.00000", "2019-06-30": "339.00000", "2019-03-31": "329.00000", "2018-12-31": "322.00000", "2018-09-30": "299.00000", "2018-06-30": "277.00000", "2018-03-31": "274.00000", "2017-12-31": "259.00000", "2017-09-30": "284.00000", "2017-06-30": "275.00000", "2017-03-31": "271.00000", "2016-12-31": "235.00000", "2016-09-30": "99.64100", "2016-06-30": "94.70900", "2016-03-31": "89.92300", "2015-12-31": "83.00000", "2015-09-30": "87.36500", "2015-06-30": "85.67600", "2015-03-31": "88.66600", "2014-12-31": "92.08800", "2014-09-30": "94.39400", "2014-06-30": "94.03300", "2014-03-31": "92.42000", "2013-12-31": "89.54100", "2013-09-30": "80.77300", "2013-06-30": "78.08700", "2013-03-31": "72.80900", "2012-12-31": "74.08200", "2012-09-30": "", "2012-06-30": "", "2012-03-31": "", "2011-12-31": "129.69000", "2010-12-31": ""}, "Total Current Assets": {"2020-09-30": "4645.00000", "2020-06-30": "4208.00000", "2020-03-31": "4277.00000", "2019-12-31": "4126.00000", "2019-09-30": "3995.00000", "2019-06-30": "3978.00000", "2019-03-31": "3999.00000", "2018-12-31": "3874.00000", "2018-09-30": "3696.00000", "2018-06-30": "3587.00000", "2018-03-31": "3724.00000", "2017-12-31": "3554.00000", "2017-09-30": "3492.00000", "2017-06-30": "3259.00000", "2017-03-31": "3117.00000", "2016-12-31": "3337.00000", "2016-09-30": "2643.13200", "2016-06-30": "2436.59800", "2016-03-31": "2437.15600", "2015-12-31": "2412.00000", "2015-09-30": "2520.17900", "2015-06-30": "2219.84200", "2015-03-31": "2098.82300", "2014-12-31": "2146.08300", "2014-09-30": "1938.60300", "2014-06-30": "1864.70700", "2014-03-31": "1947.82000", "2013-12-31": "1945.68800", "2013-09-30": "1717.18600", "2013-06-30": "1673.86000", "2013-03-31": "1439.49700", "2012-12-31": "1509.99400", "2012-09-30": "", "2012-06-30": "", "2012-03-31": "", "2011-12-31": "1365.47000", "2010-12-31": ""}, "Property, Plant, And Equipment": {"2020-09-30": "452.00000", "2020-06-30": "444.00000", "2020-03-31": "445.00000", "2019-12-31": "458.00000", "2019-09-30": "451.00000", "2019-06-30": "458.00000", "2019-03-31": "437.00000", "2018-12-31": "434.00000", "2018-09-30": "417.00000", "2018-06-30": "415.00000", "2018-03-31": "432.00000", "2017-12-31": "440.00000", "2017-09-30": "428.00000", "2017-06-30": "430.00000", "2017-03-31": "410.00000", "2016-12-31": "406.00000", "2016-09-30": "184.18900", "2016-06-30": "189.63000", "2016-03-31": "189.01100", "2015-12-31": "188.00000", "2015-09-30": "194.74400", "2015-06-30": "176.77300", "2015-03-31": "179.49000", "2014-12-31": "190.29700", "2014-09-30": "190.86300", "2014-06-30": "196.38200", "2014-03-31": "195.85200", "2013-12-31": "199.57800", "2013-09-30": "197.39300", "2013-06-30": "196.74900", "2013-03-31": "190.16600", "2012-12-31": "193.99900", "2012-09-30": "", "2012-06-30": "", "2012-03-31": "", "2011-12-31": "408.37000", "2010-12-31": ""}, "Long-Term Investments": {"2020-09-30": "163.00000", "2020-06-30": "153.00000", "2020-03-31": "143.00000", "2019-12-31": "152.00000", "2019-09-30": "143.00000", "2019-06-30": "152.00000", "2019-03-31": "137.00000", "2018-12-31": "142.00000", "2018-09-30": "134.00000", "2018-06-30": "110.00000", "2018-03-31": "101.00000", "2017-12-31": "78.00000", "2017-09-30": "75.00000", "2017-06-30": "70.00000", "2017-03-31": "72.00000", "2016-12-31": "82.00000", "2016-09-30": "68.38600", "2016-06-30": "65.19200", "2016-03-31": "85.54400", "2015-12-31": "85.00000", "2015-09-30": "77.18700", "2015-06-30": "71.70300", "2015-03-31": "69.16100", "2014-12-31": "66.01100", "2014-09-30": "68.46000", "2014-06-30": "67.42300", "2014-03-31": "66.70000", "2013-12-31": "63.27600", "2013-09-30": "61.43100", "2013-06-30": "58.12200", "2013-03-31": "57.58200", "2012-12-31": "55.09900", "2012-09-30": "", "2012-06-30": "", "2012-03-31": "", "2011-12-31": "33.88000", "2010-12-31": ""}, "Goodwill And Intangible Assets": {"2020-09-30": "17585.00000", "2020-06-30": "17395.00000", "2020-03-31": "17317.00000", "2019-12-31": "17673.00000", "2019-09-30": "17465.00000", "2019-06-30": "17638.00000", "2019-03-31": "17668.00000", "2018-12-31": "17751.00000", "2018-09-30": "17897.00000", "2018-06-30": "18141.00000", "2018-03-31": "18621.00000", "2017-12-31": "18441.00000", "2017-09-30": "18165.00000", "2017-06-30": "17751.00000", "2017-03-31": "17313.00000", "2016-12-31": "17117.00000", "2016-09-30": "1038.25700", "2016-06-30": "1069.39500", "2016-03-31": "1081.91100", "2015-12-31": "1088.00000", "2015-09-30": "1098.43300", "2015-06-30": "726.82700", "2015-03-31": "733.52600", "2014-12-31": "744.67700", "2014-09-30": "756.88600", "2014-06-30": "692.83200", "2014-03-31": "698.61300", "2013-12-31": "707.68000", "2013-09-30": "722.65000", "2013-06-30": "566.99300", "2013-03-31": "571.57200", "2012-12-31": "575.24190", "2012-09-30": "0.00000", "2012-06-30": "0.00000", "2012-03-31": "0.00000", "2011-12-31": "547.45000", "2010-12-31": "0.00000"}, "Other Long-Term Assets": {"2020-09-30": "377.00000", "2020-06-30": "358.00000", "2020-03-31": "287.00000", "2019-12-31": "227.00000", "2019-09-30": "240.00000", "2019-06-30": "242.00000", "2019-03-31": "248.00000", "2018-12-31": "239.00000", "2018-09-30": "258.00000", "2018-06-30": "265.00000", "2018-03-31": "244.00000", "2017-12-31": "235.00000", "2017-09-30": "192.00000", "2017-06-30": "178.00000", "2017-03-31": "179.00000", "2016-12-31": "177.00000", "2016-09-30": "99.02000", "2016-06-30": "97.12500", "2016-03-31": "94.46700", "2015-12-31": "110.00000", "2015-09-30": "108.67700", "2015-06-30": "111.94500", "2015-03-31": "120.01600", "2014-12-31": "112.91300", "2014-09-30": "120.62500", "2014-06-30": "123.60600", "2014-03-31": "119.47700", "2013-12-31": "117.71100", "2013-09-30": "110.92700", "2013-06-30": "111.30200", "2013-03-31": "135.48900", "2012-12-31": "127.50600", "2012-09-30": "", "2012-06-30": "", "2012-03-31": "", "2011-12-31": "112.14000", "2010-12-31": ""}, "Total Long-Term Assets": {"2020-09-30": "19192.00000", "2020-06-30": "18975.00000", "2020-03-31": "18801.00000", "2019-12-31": "19125.00000", "2019-09-30": "18897.00000", "2019-06-30": "19090.00000", "2019-03-31": "19110.00000", "2018-12-31": "18675.00000", "2018-09-30": "18802.00000", "2018-06-30": "19039.00000", "2018-03-31": "19511.00000", "2017-12-31": "19303.00000", "2017-09-30": "18953.00000", "2017-06-30": "18523.00000", "2017-03-31": "18066.00000", "2016-12-31": "17871.00000", "2016-09-30": "1485.67000", "2016-06-30": "1526.20000", "2016-03-31": "1545.78300", "2015-12-31": "1514.00000", "2015-09-30": "1513.55700", "2015-06-30": "1121.94200", "2015-03-31": "1137.82800", "2014-12-31": "1149.87000", "2014-09-30": "1168.11200", "2014-06-30": "1113.93000", "2014-03-31": "1114.07200", "2013-12-31": "1121.10900", "2013-09-30": "1124.83500", "2013-06-30": "974.30700", "2013-03-31": "987.20800", "2012-12-31": "989.15890", "2012-09-30": "", "2012-06-30": "", "2012-03-31": "", "2011-12-31": "1180.01000", "2010-12-31": ""}, "Total Assets": {"2020-09-30": "23837.00000", "2020-06-30": "23183.00000", "2020-03-31": "23078.00000", "2019-12-31": "23251.00000", "2019-09-30": "22892.00000", "2019-06-30": "23068.00000", "2019-03-31": "23109.00000", "2018-12-31": "22549.00000", "2018-09-30": "22498.00000", "2018-06-30": "22626.00000", "2018-03-31": "23235.00000", "2017-12-31": "22857.00000", "2017-09-30": "22445.00000", "2017-06-30": "21782.00000", "2017-03-31": "21183.00000", "2016-12-31": "21208.00000", "2016-09-30": "4128.80200", "2016-06-30": "3962.79800", "2016-03-31": "3982.93900", "2015-12-31": "3926.00000", "2015-09-30": "4033.73600", "2015-06-30": "3341.78400", "2015-03-31": "3236.65100", "2014-12-31": "3295.95300", "2014-09-30": "3106.71500", "2014-06-30": "2978.63700", "2014-03-31": "3061.89200", "2013-12-31": "3066.79700", "2013-09-30": "2842.02100", "2013-06-30": "2648.16700", "2013-03-31": "2426.70500", "2012-12-31": "2499.15300", "2012-09-30": "0.00000", "2012-06-30": "0.00000", "2012-03-31": "0.00000", "2011-12-31": "2322.91000", "2010-12-31": "0.00000"}, "Total Current Liabilities": {"2020-09-30": "4139.00000", "2020-06-30": "3843.00000", "2020-03-31": "3907.00000", "2019-12-31": "3945.00000", "2019-09-30": "3576.00000", "2019-06-30": "3495.00000", "2019-03-31": "3502.00000", "2018-12-31": "3534.00000", "2018-09-30": "3380.00000", "2018-06-30": "3166.00000", "2018-03-31": "3199.00000", "2017-12-31": "3156.00000", "2017-09-30": "2853.00000", "2017-06-30": "2660.00000", "2017-03-31": "2596.00000", "2016-12-31": "2705.00000", "2016-09-30": "1619.94800", "2016-06-30": "1600.28800", "2016-03-31": "1578.13800", "2015-12-31": "1594.00000", "2015-09-30": "1523.97500", "2015-06-30": "1353.80800", "2015-03-31": "1320.69700", "2014-12-31": "1471.90000", "2014-09-30": "1426.78000", "2014-06-30": "1353.06000", "2014-03-31": "1376.47600", "2013-12-31": "1482.24700", "2013-09-30": "1334.38300", "2013-06-30": "1238.72700", "2013-03-31": "1221.98800", "2012-12-31": "1308.99700", "2012-09-30": "", "2012-06-30": "", "2012-03-31": "", "2011-12-31": "1192.13000", "2010-12-31": ""}, "Long Term Debt": {"2020-09-30": "12195.00000", "2020-06-30": "11965.00000", "2020-03-31": "11894.00000", "2019-12-31": "11545.00000", "2019-09-30": "11444.00000", "2019-06-30": "11299.00000", "2019-03-31": "11187.00000", "2018-12-31": "10907.00000", "2018-09-30": "10518.00000", "2018-06-30": "10627.00000", "2018-03-31": "10342.00000", "2017-12-31": "10122.00000", "2017-09-30": "9651.00000", "2017-06-30": "8858.00000", "2017-03-31": "8254.00000", "2016-12-31": "7108.00000", "2016-09-30": "2387.11400", "2016-06-30": "2397.83400", "2016-03-31": "2408.55500", "2015-12-31": "2419.00000", "2015-09-30": "2430.03400", "2015-06-30": "2440.97200", "2015-03-31": "2288.22900", "2014-12-31": "2282.61200", "2014-09-30": "2022.59500", "2014-06-30": "2026.90900", "2014-03-31": "2031.24700", "2013-12-31": "2035.58600", "2013-09-30": "2042.02900", "2013-06-30": "2045.14200", "2013-03-31": "2354.76300", "2012-12-31": "2366.26800", "2012-09-30": "", "2012-06-30": "", "2012-03-31": "", "2011-12-31": "1951.70000", "2010-12-31": ""}, "Other Non-Current Liabilities": {"2020-09-30": "580.00000", "2020-06-30": "582.00000", "2020-03-31": "491.00000", "2019-12-31": "456.00000", "2019-09-30": "431.00000", "2019-06-30": "424.00000", "2019-03-31": "412.00000", "2018-12-31": "418.00000", "2018-09-30": "406.00000", "2018-06-30": "406.00000", "2018-03-31": "413.00000", "2017-12-31": "440.00000", "2017-09-30": "420.00000", "2017-06-30": "421.00000", "2017-03-31": "393.00000", "2016-12-31": "402.00000", "2016-09-30": "190.56500", "2016-06-30": "180.69000", "2016-03-31": "187.33800", "2015-12-31": "183.00000", "2015-09-30": "170.09700", "2015-06-30": "190.75700", "2015-03-31": "181.08500", "2014-12-31": "183.65600", "2014-09-30": "167.99400", "2014-06-30": "186.37900", "2014-03-31": "178.12900", "2013-12-31": "178.90800", "2013-09-30": "160.97500", "2013-06-30": "153.82400", "2013-03-31": "156.24900", "2012-12-31": "171.31600", "2012-09-30": "", "2012-06-30": "", "2012-03-31": "", "2011-12-31": "138.80000", "2010-12-31": ""}, "Total Long Term Liabilities": {"2020-09-30": "13591.00000", "2020-06-30": "13488.00000", "2020-03-31": "13369.00000", "2019-12-31": "13043.00000", "2019-09-30": "12922.00000", "2019-06-30": "12792.00000", "2019-03-31": "12742.00000", "2018-12-31": "12061.00000", "2018-09-30": "11658.00000", "2018-06-30": "11846.00000", "2018-03-31": "11583.00000", "2017-12-31": "11457.00000", "2017-09-30": "12085.00000", "2017-06-30": "11348.00000", "2017-03-31": "10787.00000", "2016-12-31": "9643.00000", "2016-09-30": "2590.78100", "2016-06-30": "2591.21100", "2016-03-31": "2610.74200", "2015-12-31": "2668.00000", "2015-09-30": "2689.68700", "2015-06-30": "2689.65400", "2015-03-31": "2528.26100", "2014-12-31": "2528.06500", "2014-09-30": "2216.16700", "2014-06-30": "2247.18700", "2014-03-31": "2244.94100", "2013-12-31": "2252.03500", "2013-09-30": "2219.61000", "2013-06-30": "2207.32800", "2013-03-31": "2527.01200", "2012-12-31": "2549.20000", "2012-09-30": "", "2012-06-30": "", "2012-03-31": "", "2011-12-31": "2100.36000", "2010-12-31": ""}, "Total Liabilities": {"2020-09-30": "17730.00000", "2020-06-30": "17331.00000", "2020-03-31": "17276.00000", "2019-12-31": "16988.00000", "2019-09-30": "16498.00000", "2019-06-30": "16287.00000", "2019-03-31": "16244.00000", "2018-12-31": "15595.00000", "2018-09-30": "15038.00000", "2018-06-30": "15012.00000", "2018-03-31": "14782.00000", "2017-12-31": "14613.00000", "2017-09-30": "14938.00000", "2017-06-30": "14008.00000", "2017-03-31": "13383.00000", "2016-12-31": "12348.00000", "2016-09-30": "4210.72900", "2016-06-30": "4191.49900", "2016-03-31": "4188.88000", "2015-12-31": "4262.00000", "2015-09-30": "4213.66200", "2015-06-30": "4043.46200", "2015-03-31": "3848.95800", "2014-12-31": "3999.96500", "2014-09-30": "3642.94700", "2014-06-30": "3600.24700", "2014-03-31": "3621.41700", "2013-12-31": "3734.28200", "2013-09-30": "3553.99300", "2013-06-30": "3446.05500", "2013-03-31": "3749.00000", "2012-12-31": "3858.19700", "2012-09-30": "0.00000", "2012-06-30": "0.00000", "2012-03-31": "0.00000", "2011-12-31": "3292.51000", "2010-12-31": "0.00000"}, "Common Stock Net": {"2020-09-30": "11070.00000", "2020-06-30": "11043.00000", "2020-03-31": "11012.00000", "2019-12-31": "11049.00000", "2019-09-30": "10990.00000", "2019-06-30": "10964.00000", "2019-03-31": "10927.00000", "2018-12-31": "10901.00000", "2018-09-30": "10876.00000", "2018-06-30": "10836.00000", "2018-03-31": "10797.00000", "2017-12-31": "10782.00000", "2017-09-30": "10761.00000", "2017-06-30": "10721.00000", "2017-03-31": "10656.00000", "2016-12-31": "10602.00000", "2016-09-30": "48.76200", "2016-06-30": "1.19300", "2016-03-31": "25.91500", "2015-12-31": "9.00000", "2015-09-30": "239.58800", "2015-06-30": "28.52000", "2015-03-31": "178.96600", "2014-12-31": "143.82800", "2014-09-30": "368.01000", "2014-06-30": "346.08500", "2014-03-31": "495.91700", "2013-12-31": "478.14400", "2013-09-30": "510.10200", "2013-06-30": "505.07400", "2013-03-31": "9.22700", "2012-12-31": "4.55400", "2012-09-30": "0.00000", "2012-06-30": "0.00000", "2012-03-31": "0.00000", "2011-12-31": "1.16000", "2010-12-31": "0.00000"}, "Retained Earnings (Accumulated Deficit)": {"2020-09-30": "1158.00000", "2020-06-30": "1057.00000", "2020-03-31": "1080.00000", "2019-12-31": "998.00000", "2019-09-30": "982.00000", "2019-06-30": "925.00000", "2019-03-31": "865.00000", "2018-12-31": "807.00000", "2018-09-30": "726.00000", "2018-06-30": "665.00000", "2018-03-31": "605.00000", "2017-12-31": "538.00000", "2017-09-30": "-166.00000", "2017-06-30": "-255.00000", "2017-03-31": "-325.00000", "2016-12-31": "-399.00000", "2016-09-30": "-221.21800", "2016-06-30": "-320.38500", "2016-03-31": "-354.96700", "2015-12-31": "-462.00000", "2015-09-30": "-550.14800", "2015-06-30": "-661.43400", "2015-03-31": "-702.40000", "2014-12-31": "-788.79800", "2014-09-30": "-877.22400", "2014-06-30": "-969.87800", "2014-03-31": "-1054.99800", "2013-12-31": "-1145.18100", "2013-09-30": "-1218.17700", "2013-06-30": "-1284.94600", "2013-03-31": "-1323.46300", "2012-12-31": "-1371.77200", "2012-09-30": "", "2012-06-30": "", "2012-03-31": "", "2011-12-31": "-994.41000", "2010-12-31": ""}, "Comprehensive Income": {"2020-09-30": "-317.00000", "2020-06-30": "-444.00000", "2020-03-31": "-485.00000", "2019-12-31": "-311.00000", "2019-09-30": "-377.00000", "2019-06-30": "-215.00000", "2019-03-31": "-262.00000", "2018-12-31": "-224.00000", "2018-09-30": "-220.00000", "2018-06-30": "-104.00000", "2018-03-31": "254.00000", "2017-12-31": "49.00000", "2017-09-30": "-79.00000", "2017-06-30": "-233.00000", "2017-03-31": "-444.00000", "2016-12-31": "-570.00000", "2016-09-30": "-140.97600", "2016-06-30": "-139.09400", "2016-03-31": "-105.75800", "2015-12-31": "-111.00000", "2015-09-30": "-95.46100", "2015-06-30": "-68.84200", "2015-03-31": "-88.95300", "2014-12-31": "-59.09100", "2014-09-30": "-27.04500", "2014-06-30": "2.24400", "2014-03-31": "-0.39300", "2013-12-31": "-0.37600", "2013-09-30": "-3.89200", "2013-06-30": "-18.18600", "2013-03-31": "-8.38700", "2012-12-31": "7.69500", "2012-09-30": "", "2012-06-30": "", "2012-03-31": "", "2011-12-31": "", "2010-12-31": ""}, "Other Share Holders Equity": {"2020-09-30": "", "2020-06-30": "", "2020-03-31": "", "2019-12-31": "", "2019-09-30": "", "2019-06-30": "", "2019-03-31": "", "2018-12-31": "", "2018-09-30": "", "2018-06-30": "", "2018-03-31": "", "2017-12-31": "", "2017-09-30": "", "2017-06-30": "", "2017-03-31": "", "2016-12-31": "", "2016-09-30": "", "2016-06-30": "", "2016-03-31": "", "2015-12-31": "", "2015-09-30": "", "2015-06-30": "", "2015-03-31": "", "2014-12-31": "", "2014-09-30": "", "2014-06-30": "", "2014-03-31": "", "2013-12-31": "", "2013-09-30": "", "2013-06-30": "", "2013-03-31": "", "2012-12-31": "", "2012-09-30": "0.00000", "2012-06-30": "0.00000", "2012-03-31": "0.00000", "2011-12-31": "23.65000", "2010-12-31": "0.00000"}, "Share Holder Equity": {"2020-09-30": "6107.00000", "2020-06-30": "5852.00000", "2020-03-31": "5802.00000", "2019-12-31": "6263.00000", "2019-09-30": "6394.00000", "2019-06-30": "6781.00000", "2019-03-31": "6865.00000", "2018-12-31": "6954.00000", "2018-09-30": "7460.00000", "2018-06-30": "7614.00000", "2018-03-31": "8453.00000", "2017-12-31": "8244.00000", "2017-09-30": "7507.00000", "2017-06-30": "7774.00000", "2017-03-31": "7800.00000", "2016-12-31": "8860.00000", "2016-09-30": "-81.92700", "2016-06-30": "-228.70100", "2016-03-31": "-205.94100", "2015-12-31": "-336.00000", "2015-09-30": "-179.92600", "2015-06-30": "-701.67800", "2015-03-31": "-612.30700", "2014-12-31": "-704.01200", "2014-09-30": "-536.23200", "2014-06-30": "-621.61000", "2014-03-31": "-559.52500", "2013-12-31": "-667.48500", "2013-09-30": "-711.97200", "2013-06-30": "-797.88800", "2013-03-31": "-1322.29500", "2012-12-31": "-1359.04400", "2012-09-30": "0.00000", "2012-06-30": "0.00000", "2012-03-31": "0.00000", "2011-12-31": "-969.59000", "2010-12-31": "0.00000"}, "Total Liabilities And Share Holders Equity": {"2020-09-30": "23837.00000", "2020-06-30": "23183.00000", "2020-03-31": "23078.00000", "2019-12-31": "23251.00000", "2019-09-30": "22892.00000", "2019-06-30": "23068.00000", "2019-03-31": "23109.00000", "2018-12-31": "22549.00000", "2018-09-30": "22498.00000", "2018-06-30": "22626.00000", "2018-03-31": "23235.00000", "2017-12-31": "22857.00000", "2017-09-30": "22445.00000", "2017-06-30": "21782.00000", "2017-03-31": "21183.00000", "2016-12-31": "21208.00000", "2016-09-30": "4128.80200", "2016-06-30": "3962.79800", "2016-03-31": "3982.93900", "2015-12-31": "3926.00000", "2015-09-30": "4033.73600", "2015-06-30": "3341.78400", "2015-03-31": "3236.65100", "2014-12-31": "3295.95300", "2014-09-30": "3106.71500", "2014-06-30": "2978.63700", "2014-03-31": "3061.89200", "2013-12-31": "3066.79700", "2013-09-30": "2842.02100", "2013-06-30": "2648.16700", "2013-03-31": "2426.70500", "2012-12-31": "2499.15300", "2012-09-30": "0.00000", "2012-06-30": "0.00000", "2012-03-31": "0.00000", "2011-12-31": "2322.91000", "2010-12-31": "0.00000"}}, "cash flow statement": {"Net Income/Loss": {"2019-12-31": "227.00000", "2018-12-31": "284.00000", "2017-12-31": "1296.00000", "2016-12-31": "87.00000", "2015-12-31": "388.00000", "2014-12-31": "357.00000", "2013-12-31": "226.02700", "2012-12-31": "176.63100", "2011-12-31": "240.32700", "2010-12-31": "165.25500"}, "Total Depreciation And Amortization - Cash Flow": {"2019-12-31": "1215.00000", "2018-12-31": "1152.00000", "2017-12-31": "1063.00000", "2016-12-31": "350.00000", "2015-12-31": "147.00000", "2014-12-31": "128.00000", "2013-12-31": "129.32900", "2012-12-31": "107.52500", "2011-12-31": "122.02000", "2010-12-31": "102.78300"}, "Other Non-Cash Items": {"2019-12-31": "-44.00000", "2018-12-31": "-76.00000", "2017-12-31": "-1134.00000", "2016-12-31": "148.00000", "2015-12-31": "9.00000", "2014-12-31": "-6.00000", "2013-12-31": "-17.94600", "2012-12-31": "39.08600", "2011-12-31": "-118.84700", "2010-12-31": "6.82200"}, "Total Non-Cash Items": {"2019-12-31": "1171.00000", "2018-12-31": "1076.00000", "2017-12-31": "-71.00000", "2016-12-31": "498.00000", "2015-12-31": "156.00000", "2014-12-31": "122.00000", "2013-12-31": "111.38300", "2012-12-31": "146.61100", "2011-12-31": "3.17300", "2010-12-31": "109.60500"}, "Change In Accounts Receivable": {"2019-12-31": "-122.00000", "2018-12-31": "-297.00000", "2017-12-31": "-141.00000", "2016-12-31": "-177.00000", "2015-12-31": "-246.00000", "2014-12-31": "-79.00000", "2013-12-31": "-151.68100", "2012-12-31": "-60.25500", "2011-12-31": "-115.74800", "2010-12-31": "2.75100"}, "Change In Inventories": {"2019-12-31": "", "2018-12-31": "", "2017-12-31": "", "2016-12-31": "", "2015-12-31": "", "2014-12-31": "", "2013-12-31": "", "2012-12-31": "", "2011-12-31": "", "2010-12-31": ""}, "Change In Accounts Payable": {"2019-12-31": "240.00000", "2018-12-31": "368.00000", "2017-12-31": "90.00000", "2016-12-31": "160.00000", "2015-12-31": "104.00000", "2014-12-31": "46.00000", "2013-12-31": "107.04700", "2012-12-31": "58.34500", "2011-12-31": "67.38200", "2010-12-31": "38.91400"}, "Change In Assets/Liabilities": {"2019-12-31": "-94.00000", "2018-12-31": "-59.00000", "2017-12-31": "-122.00000", "2016-12-31": "222.00000", "2015-12-31": "69.00000", "2014-12-31": "-21.00000", "2013-12-31": "53.27600", "2012-12-31": "27.48900", "2011-12-31": "-74.34300", "2010-12-31": "70.79300"}, "Total Change In Assets/Liabilities": {"2019-12-31": "19.00000", "2018-12-31": "-106.00000", "2017-12-31": "-255.00000", "2016-12-31": "275.00000", "2015-12-31": "-68.00000", "2014-12-31": "-46.00000", "2013-12-31": "55.96100", "2012-12-31": "12.45900", "2011-12-31": "-82.54700", "2010-12-31": "103.30000"}, "Cash Flow From Operating Activities": {"2019-12-31": "1417.00000", "2018-12-31": "1254.00000", "2017-12-31": "970.00000", "2016-12-31": "860.00000", "2015-12-31": "476.00000", "2014-12-31": "433.00000", "2013-12-31": "393.37100", "2012-12-31": "335.70100", "2011-12-31": "160.95300", "2010-12-31": "378.16000"}, "Net Change In Property, Plant, And Equipment": {"2019-12-31": "-582.00000", "2018-12-31": "-459.00000", "2017-12-31": "-369.00000", "2016-12-31": "-164.00000", "2015-12-31": "-78.00000", "2014-12-31": "-83.00000", "2013-12-31": "-86.32600", "2012-12-31": "-68.60700", "2011-12-31": "-72.70300", "2010-12-31": "-77.68200"}, "Net Change In Intangible Assets": {"2019-12-31": "", "2018-12-31": "", "2017-12-31": "", "2016-12-31": "", "2015-12-31": "", "2014-12-31": "", "2013-12-31": "", "2012-12-31": "", "2011-12-31": "", "2010-12-31": ""}, "Net Acquisitions/Divestitures": {"2019-12-31": "-588.00000", "2018-12-31": "-309.00000", "2017-12-31": "-842.00000", "2016-12-31": "1887.00000", "2015-12-31": "32.00000", "2014-12-31": "-92.00000", "2013-12-31": "-144.97000", "2012-12-31": "-43.19700", "2011-12-31": "-227.11500", "2010-12-31": "-100.35700"}, "Net Change In Short-term Investments": {"2019-12-31": "-3.00000", "2018-12-31": "-4.00000", "2017-12-31": "2.00000", "2016-12-31": "-40.00000", "2015-12-31": "", "2014-12-31": "", "2013-12-31": "", "2012-12-31": "", "2011-12-31": "", "2010-12-31": ""}, "Net Change In Long-Term Investments": {"2019-12-31": "-22.00000", "2018-12-31": "-40.00000", "2017-12-31": "15.00000", "2016-12-31": "62.00000", "2015-12-31": "", "2014-12-31": "6.00000", "2013-12-31": "0.06000", "2012-12-31": "-13.71100", "2011-12-31": "88.08600", "2010-12-31": "14.47600"}, "Net Change In Investments - Total": {"2019-12-31": "-25.00000", "2018-12-31": "-44.00000", "2017-12-31": "17.00000", "2016-12-31": "22.00000", "2015-12-31": "", "2014-12-31": "6.00000", "2013-12-31": "0.06000", "2012-12-31": "-13.71100", "2011-12-31": "88.08600", "2010-12-31": "14.47600"}, "Investing Activities - Other": {"2019-12-31": "5.00000", "2018-12-31": "2.00000", "2017-12-31": "4.00000", "2016-12-31": "-14.00000", "2015-12-31": "-21.00000", "2014-12-31": "-4.00000", "2013-12-31": "-4.94000", "2012-12-31": "-6.71800", "2011-12-31": "-13.10600", "2010-12-31": "22.12900"}, "Cash Flow From Investing Activities": {"2019-12-31": "-1190.00000", "2018-12-31": "-810.00000", "2017-12-31": "-1190.00000", "2016-12-31": "1731.00000", "2015-12-31": "-67.00000", "2014-12-31": "-173.00000", "2013-12-31": "-236.17600", "2012-12-31": "-132.23300", "2011-12-31": "-224.83800", "2010-12-31": "-141.43400"}, "Net Long-Term Debt": {"2019-12-31": "1001.00000", "2018-12-31": "899.00000", "2017-12-31": "2357.00000", "2016-12-31": "-1485.00000", "2015-12-31": "188.00000", "2014-12-31": "242.00000", "2013-12-31": "-387.65720", "2012-12-31": "440.13810", "2011-12-31": "260.12100", "2010-12-31": "-78.40000"}, "Net Current Debt": {"2019-12-31": "-254.00000", "2018-12-31": "116.00000", "2017-12-31": "154.00000", "2016-12-31": "172.00000", "2015-12-31": "", "2014-12-31": "", "2013-12-31": "", "2012-12-31": "", "2011-12-31": "", "2010-12-31": ""}, "Debt Issuance/Retirement Net - Total": {"2019-12-31": "747.00000", "2018-12-31": "1015.00000", "2017-12-31": "2511.00000", "2016-12-31": "-1313.00000", "2015-12-31": "188.00000", "2014-12-31": "242.00000", "2013-12-31": "-387.65720", "2012-12-31": "440.13810", "2011-12-31": "260.12100", "2010-12-31": "-78.40000"}, "Net Common Equity Issued/Repurchased": {"2019-12-31": "-938.00000", "2018-12-31": "-1390.00000", "2017-12-31": "-2529.00000", "2016-12-31": "-1000.00000", "2015-12-31": "-451.00000", "2014-12-31": "-388.00000", "2013-12-31": "480.45600", "2012-12-31": "-9.89700", "2011-12-31": "-13.21000", "2010-12-31": "-9.26900"}, "Net Total Equity Issued/Repurchased": {"2019-12-31": "-938.00000", "2018-12-31": "-1390.00000", "2017-12-31": "-2529.00000", "2016-12-31": "-1000.00000", "2015-12-31": "-451.00000", "2014-12-31": "-388.00000", "2013-12-31": "480.45600", "2012-12-31": "-9.89700", "2011-12-31": "-13.21000", "2010-12-31": "-9.26900"}, "Total Common And Preferred Stock Dividends Paid": {"2019-12-31": "", "2018-12-31": "", "2017-12-31": "", "2016-12-31": "", "2015-12-31": "", "2014-12-31": "", "2013-12-31": "", "2012-12-31": "-567.85100", "2011-12-31": "-288.32200", "2010-12-31": "-67.49300"}, "Financial Activities - Other": {"2019-12-31": "-85.00000", "2018-12-31": "-77.00000", "2017-12-31": "-54.00000", "2016-12-31": "29.00000", "2015-12-31": "14.00000", "2014-12-31": "16.00000", "2013-12-31": "-21.84200", "2012-12-31": "-9.26300", "2011-12-31": "-17.89800", "2010-12-31": "2.08100"}, "Cash Flow From Financial Activities": {"2019-12-31": "-276.00000", "2018-12-31": "-452.00000", "2017-12-31": "-72.00000", "2016-12-31": "-2284.00000", "2015-12-31": "-249.00000", "2014-12-31": "-130.00000", "2013-12-31": "70.95700", "2012-12-31": "-146.87300", "2011-12-31": "-59.30900", "2010-12-31": "-153.08100"}, "Net Cash Flow": {"2019-12-31": "-54.00000", "2018-12-31": "-68.00000", "2017-12-31": "-239.00000", "2016-12-31": "221.00000", "2015-12-31": "110.00000", "2014-12-31": "90.00000", "2013-12-31": "210.41500", "2012-12-31": "51.42900", "2011-12-31": "-130.31600", "2010-12-31": "80.84100"}, "Stock-Based Compensation": {"2019-12-31": "146.00000", "2018-12-31": "113.00000", "2017-12-31": "106.00000", "2016-12-31": "80.00000", "2015-12-31": "38.00000", "2014-12-31": "30.00000", "2013-12-31": "22.82600", "2012-12-31": "25.92600", "2011-12-31": "14.13000", "2010-12-31": "17.32900"}, "Common Stock Dividends Paid": {"2019-12-31": "", "2018-12-31": "", "2017-12-31": "", "2016-12-31": "", "2015-12-31": "", "2014-12-31": "", "2013-12-31": "", "2012-12-31": "-567.85100", "2011-12-31": "-288.32200", "2010-12-31": "-67.49300"}}, "cash flow statement, quarterly": {"Net Income/Loss": {"2020-09-30": 108, "2020-06-30": -21, "2020-03-31": "91.00000", "2019-12-31": 20, "2019-09-30": 69, "2019-06-30": 71, "2019-03-31": "67.00000", "2018-12-31": 76, "2018-09-30": 67, "2018-06-30": 68, "2018-03-31": "73.00000", "2017-12-31": 1035, "2017-09-30": 93, "2017-06-30": 66, "2017-03-31": "102.00000", "2016-12-31": -217, "2016-09-30": 104, "2016-06-30": 91, "2016-03-31": "109.00000", "2015-12-31": 107.783, "2015-09-30": 108.839, "2015-06-30": 84.947, "2015-03-31": "86.43100", "2014-12-31": 88.943, "2014-09-30": 92.733, "2014-06-30": 85.11, "2014-03-31": "90.21400", "2013-12-31": 72.934, "2013-09-30": 66.584, "2013-06-30": 38.353, "2013-03-31": "48.15600", "2012-12-31": 34.835, "2012-09-30": 51.975, "2012-06-30": 47.012, "2012-03-31": "42.80800", "2011-12-31": 75.07, "2010-12-31": 165.25}, "Total Depreciation And Amortization - Cash Flow": {"2020-09-30": 324, "2020-06-30": 313, "2020-03-31": "319.00000", "2019-12-31": 317, "2019-09-30": 303, "2019-06-30": 297, "2019-03-31": "298.00000", "2018-12-31": 297, "2018-09-30": 286, "2018-06-30": 284, "2018-03-31": "285.00000", "2017-12-31": 281, "2017-09-30": 258, "2017-06-30": 287, "2017-03-31": "237.00000", "2016-12-31": 216, "2016-09-30": 64, "2016-06-30": 33, "2016-03-31": "37.00000", "2015-12-31": 41.51, "2015-09-30": 37.699, "2015-06-30": 35.785, "2015-03-31": "32.00600", "2014-12-31": 34.1, "2014-09-30": 31.776, "2014-06-30": 31.441, "2014-03-31": "30.68300", "2013-12-31": 35.435, "2013-09-30": 29.01, "2013-06-30": 37.369, "2013-03-31": "27.51500", "2012-12-31": 29.114, "2012-09-30": 27.83, "2012-06-30": 25.671, "2012-03-31": "24.90500", "2011-12-31": 28.83, "2010-12-31": 93.19}, "Other Non-Cash Items": {"2020-09-30": -31, "2020-06-30": -47, "2020-03-31": "-38.00000", "2019-12-31": 22, "2019-09-30": -55, "2019-06-30": -23, "2019-03-31": "12.00000", "2018-12-31": 45, "2018-09-30": -40, "2018-06-30": -70, "2018-03-31": "-11.00000", "2017-12-31": -1083, "2017-09-30": 87, "2017-06-30": -123, "2017-03-31": "-15.00000", "2016-12-31": 127, "2016-09-30": 4, "2016-06-30": 4, "2016-03-31": "13.00000", "2015-12-31": 0.155, "2015-09-30": 21.067, "2015-06-30": -10.924, "2015-03-31": "-1.29800", "2014-12-31": 10.512, "2014-09-30": -8.974, "2014-06-30": 2.827, "2014-03-31": "-10.36500", "2013-12-31": -20.27, "2013-09-30": 2.92, "2013-06-30": -17.412, "2013-03-31": "16.81600", "2012-12-31": 25.655, "2012-09-30": -1.838, "2012-06-30": 6.293, "2012-03-31": "8.97600", "2011-12-31": 0, "2010-12-31": 0}, "Total Non-Cash Items": {"2020-09-30": 293, "2020-06-30": 266, "2020-03-31": "281.00000", "2019-12-31": 339, "2019-09-30": 248, "2019-06-30": 274, "2019-03-31": "310.00000", "2018-12-31": 342, "2018-09-30": 246, "2018-06-30": 214, "2018-03-31": "274.00000", "2017-12-31": -802, "2017-09-30": 345, "2017-06-30": 164, "2017-03-31": "222.00000", "2016-12-31": 343, "2016-09-30": 68, "2016-06-30": 37, "2016-03-31": "50.00000", "2015-12-31": 41.665, "2015-09-30": 58.766, "2015-06-30": 24.861, "2015-03-31": "30.70800", "2014-12-31": 44.612, "2014-09-30": 22.802, "2014-06-30": 34.268, "2014-03-31": "20.31800", "2013-12-31": 15.165, "2013-09-30": 31.93, "2013-06-30": 19.957, "2013-03-31": "44.33100", "2012-12-31": 15.683, "2012-09-30": 25.992, "2012-06-30": 31.964, "2012-03-31": "33.88100", "2011-12-31": 28.83, "2010-12-31": 93.19}, "Change In Accounts Receivable": {"2020-09-30": 120, "2020-06-30": 292, "2020-03-31": "-84.00000", "2019-12-31": 45, "2019-09-30": -115, "2019-06-30": 24, "2019-03-31": "-76.00000", "2018-12-31": -78, "2018-09-30": -105, "2018-06-30": 64, "2018-03-31": "-178.00000", "2017-12-31": -37, "2017-09-30": -31, "2017-06-30": 8, "2017-03-31": "-81.00000", "2016-12-31": -161, "2016-09-30": 65, "2016-06-30": -104, "2016-03-31": "23.00000", "2015-12-31": -75.721, "2015-09-30": 7.215, "2015-06-30": -114.034, "2015-03-31": "-63.46000", "2014-12-31": 39.721, "2014-09-30": -57.153, "2014-06-30": -10.55, "2014-03-31": "-51.01800", "2013-12-31": -77.148, "2013-09-30": 52.705, "2013-06-30": -87.584, "2013-03-31": "-39.65400", "2012-12-31": 5.998, "2012-09-30": -27.309, "2012-06-30": -31.247, "2012-03-31": "-7.69700", "2011-12-31": 0, "2010-12-31": 0}, "Change In Inventories": {"2020-09-30": 0, "2020-06-30": 0, "2020-03-31": "", "2019-12-31": 0, "2019-09-30": 0, "2019-06-30": 0, "2019-03-31": "", "2018-12-31": 0, "2018-09-30": 0, "2018-06-30": 0, "2018-03-31": "", "2017-12-31": 0, "2017-09-30": 0, "2017-06-30": 0, "2017-03-31": "", "2016-12-31": 0, "2016-09-30": 0, "2016-06-30": 0, "2016-03-31": "", "2015-12-31": 0, "2015-09-30": 0, "2015-06-30": 0, "2015-03-31": "", "2014-12-31": 0, "2014-09-30": 0, "2014-06-30": 0, "2014-03-31": "", "2013-12-31": 0, "2013-09-30": 0, "2013-06-30": 0, "2013-03-31": "", "2012-12-31": 0, "2012-09-30": 0, "2012-06-30": 0, "2012-03-31": "", "2011-12-31": 0, "2010-12-31": 0}, "Change In Accounts Payable": {"2020-09-30": 0, "2020-06-30": 0, "2020-03-31": "", "2019-12-31": 240, "2019-09-30": 0, "2019-06-30": 0, "2019-03-31": "", "2018-12-31": 368, "2018-09-30": 0, "2018-06-30": 0, "2018-03-31": "", "2017-12-31": 90, "2017-09-30": 0, "2017-06-30": 0, "2017-03-31": "", "2016-12-31": 160, "2016-09-30": 0, "2016-06-30": 0, "2016-03-31": "", "2015-12-31": 104, "2015-09-30": 0, "2015-06-30": 0, "2015-03-31": "", "2014-12-31": 46, "2014-09-30": 0, "2014-06-30": 0, "2014-03-31": "", "2013-12-31": 107.047, "2013-09-30": 0, "2013-06-30": 0, "2013-03-31": "", "2012-12-31": 58.345, "2012-09-30": 0, "2012-06-30": 0, "2012-03-31": "", "2011-12-31": 0, "2010-12-31": 0}, "Change In Assets/Liabilities": {"2020-09-30": 53, "2020-06-30": -65, "2020-03-31": "-125.00000", "2019-12-31": -56, "2019-09-30": 128, "2019-06-30": 22, "2019-03-31": "-188.00000", "2018-12-31": -173, "2018-09-30": 136, "2018-06-30": -35, "2018-03-31": "13.00000", "2017-12-31": 29, "2017-09-30": 29, "2017-06-30": 7, "2017-03-31": "-187.00000", "2016-12-31": 252, "2016-09-30": 23, "2016-06-30": 17, "2016-03-31": "-70.00000", "2015-12-31": 23.897, "2015-09-30": 108.126, "2015-06-30": 54.988, "2015-03-31": "-118.01100", "2014-12-31": 29.927, "2014-09-30": 78.718, "2014-06-30": -41.694, "2014-03-31": "-87.95100", "2013-12-31": 50.143, "2013-09-30": 25.307, "2013-06-30": 52.117, "2013-03-31": "-74.29100", "2012-12-31": 19.141, "2012-09-30": 37.738, "2012-06-30": 34.961, "2012-03-31": "-64.35100", "2011-12-31": 0, "2010-12-31": 0}, "Total Change In Assets/Liabilities": {"2020-09-30": 173, "2020-06-30": 227, "2020-03-31": "-209.00000", "2019-12-31": 224, "2019-09-30": 13, "2019-06-30": 46, "2019-03-31": "-264.00000", "2018-12-31": -1, "2018-09-30": 31, "2018-06-30": 29, "2018-03-31": "-165.00000", "2017-12-31": 0, "2017-09-30": -2, "2017-06-30": 15, "2017-03-31": "-268.00000", "2016-12-31": 321, "2016-09-30": 88, "2016-06-30": -87, "2016-03-31": "-47.00000", "2015-12-31": 57.176, "2015-09-30": 115.341, "2015-06-30": -59.046, "2015-03-31": "-181.47100", "2014-12-31": 123.648, "2014-09-30": 21.565, "2014-06-30": -52.244, "2014-03-31": "-138.96900", "2013-12-31": 127.361, "2013-09-30": 78.012, "2013-06-30": -35.467, "2013-03-31": "-113.94500", "2012-12-31": 70.355, "2012-09-30": 10.429, "2012-06-30": 3.714, "2012-03-31": "-72.04800", "2011-12-31": -186, "2010-12-31": 103.3}, "Cash Flow From Operating Activities": {"2020-09-30": 574, "2020-06-30": 472, "2020-03-31": "163.00000", "2019-12-31": 583, "2019-09-30": 330, "2019-06-30": 391, "2019-03-31": "113.00000", "2018-12-31": 417, "2018-09-30": 344, "2018-06-30": 311, "2018-03-31": "182.00000", "2017-12-31": 233, "2017-09-30": 436, "2017-06-30": 245, "2017-03-31": "56.00000", "2016-12-31": 447, "2016-09-30": 260, "2016-06-30": 41, "2016-03-31": "112.00000", "2015-12-31": 206.624, "2015-09-30": 282.946, "2015-06-30": 50.762, "2015-03-31": "-64.33200", "2014-12-31": 257.203, "2014-09-30": 137.1, "2014-06-30": 67.134, "2014-03-31": "-28.43700", "2013-12-31": 215.46, "2013-09-30": 176.526, "2013-06-30": 22.843, "2013-03-31": "-21.45800", "2012-12-31": 159.973, "2012-09-30": 88.396, "2012-06-30": 82.69, "2012-03-31": "4.64100", "2011-12-31": -217.21, "2010-12-31": 378.16}, "Net Change In Property, Plant, And Equipment": {"2020-09-30": -157, "2020-06-30": -142, "2020-03-31": "-141.00000", "2019-12-31": -137, "2019-09-30": -149, "2019-06-30": -155, "2019-03-31": "-141.00000", "2018-12-31": -138, "2018-09-30": -123, "2018-06-30": -110, "2018-03-31": "-88.00000", "2017-12-31": -102, "2017-09-30": -89, "2017-06-30": -100, "2017-03-31": "-78.00000", "2016-12-31": -86, "2016-09-30": -21, "2016-06-30": -31, "2016-03-31": "-26.00000", "2015-12-31": -21.308, "2015-09-30": -24.768, "2015-06-30": -15.492, "2015-03-31": "-16.43200", "2014-12-31": -25.218, "2014-09-30": -21.95, "2014-06-30": -18.126, "2014-03-31": "-17.70600", "2013-12-31": -12.386, "2013-09-30": -14.695, "2013-06-30": -28.445, "2013-03-31": "-30.80000", "2012-12-31": -21.123, "2012-09-30": -15.05, "2012-06-30": -22.187, "2012-03-31": "-10.24000", "2011-12-31": 4.98, "2010-12-31": -77.68}, "Net Change In Intangible Assets": {"2020-09-30": 0, "2020-06-30": 0, "2020-03-31": "", "2019-12-31": 0, "2019-09-30": 0, "2019-06-30": 0, "2019-03-31": "", "2018-12-31": 0, "2018-09-30": 0, "2018-06-30": 0, "2018-03-31": "", "2017-12-31": 0, "2017-09-30": 0, "2017-06-30": 0, "2017-03-31": "", "2016-12-31": 0, "2016-09-30": 0, "2016-06-30": 0, "2016-03-31": "", "2015-12-31": 0, "2015-09-30": 0, "2015-06-30": 0, "2015-03-31": "", "2014-12-31": 0, "2014-09-30": 0, "2014-06-30": 0, "2014-03-31": "", "2013-12-31": 0, "2013-09-30": 0, "2013-06-30": 0, "2013-03-31": "", "2012-12-31": 0, "2012-09-30": 0, "2012-06-30": 0, "2012-03-31": "", "2011-12-31": 0, "2010-12-31": 0}, "Net Acquisitions/Divestitures": {"2020-09-30": -26, "2020-06-30": -78, "2020-03-31": "-14.00000", "2019-12-31": -127, "2019-09-30": -260, "2019-06-30": -26, "2019-03-31": "-175.00000", "2018-12-31": -54, "2018-09-30": -28, "2018-06-30": -207, "2018-03-31": "-20.00000", "2017-12-31": -329, "2017-09-30": -245, "2017-06-30": -118, "2017-03-31": "-150.00000", "2016-12-31": 1887, "2016-09-30": 0, "2016-06-30": 0, "2016-03-31": "", "2015-12-31": 0.999, "2015-09-30": 31.001, "2015-06-30": 0, "2015-03-31": "", "2014-12-31": 0.201, "2014-09-30": -92.201, "2014-06-30": 0, "2014-03-31": "", "2013-12-31": 0, "2013-09-30": -144.97, "2013-06-30": 0, "2013-03-31": "", "2012-12-31": 0.007, "2012-09-30": -39.257, "2012-06-30": -3.94, "2012-03-31": "", "2011-12-31": -126.76, "2010-12-31": -100.35}, "Net Change In Short-term Investments": {"2020-09-30": -1, "2020-06-30": 0, "2020-03-31": "-7.00000", "2019-12-31": -1, "2019-09-30": 0, "2019-06-30": 0, "2019-03-31": "-2.00000", "2018-12-31": -1, "2018-09-30": -3, "2018-06-30": 1, "2018-03-31": "-1.00000", "2017-12-31": 2, "2017-09-30": 0, "2017-06-30": 1, "2017-03-31": "-1.00000", "2016-12-31": -1, "2016-09-30": 0, "2016-06-30": -2, "2016-03-31": "-37.00000", "2015-12-31": 0, "2015-09-30": 0, "2015-06-30": 0, "2015-03-31": "", "2014-12-31": 0, "2014-09-30": 0, "2014-06-30": 0, "2014-03-31": "", "2013-12-31": 0, "2013-09-30": 0, "2013-06-30": 0, "2013-03-31": "", "2012-12-31": 0, "2012-09-30": 0, "2012-06-30": 0, "2012-03-31": "", "2011-12-31": 0, "2010-12-31": 0}, "Net Change In Long-Term Investments": {"2020-09-30": -7, "2020-06-30": 2, "2020-03-31": "11.00000", "2019-12-31": -15, "2019-09-30": 6, "2019-06-30": -15, "2019-03-31": "2.00000", "2018-12-31": -17, "2018-09-30": 2, "2018-06-30": -29, "2018-03-31": "4.00000", "2017-12-31": 10, "2017-09-30": 5, "2017-06-30": 0, "2017-03-31": "", "2016-12-31": 15, "2016-09-30": 0, "2016-06-30": 26, "2016-03-31": "21.00000", "2015-12-31": 0, "2015-09-30": 0, "2015-06-30": 0, "2015-03-31": "", "2014-12-31": 0.139, "2014-09-30": 0, "2014-06-30": 0, "2014-03-31": "5.86100", "2013-12-31": 0, "2013-09-30": 0, "2013-06-30": 0, "2013-03-31": "0.06000", "2012-12-31": -0.346, "2012-09-30": -0.161, "2012-06-30": -6.715, "2012-03-31": "-6.48900", "2011-12-31": 0, "2010-12-31": 0}, "Net Change In Investments - Total": {"2020-09-30": -8, "2020-06-30": 2, "2020-03-31": "4.00000", "2019-12-31": -16, "2019-09-30": 6, "2019-06-30": -15, "2019-03-31": "", "2018-12-31": -18, "2018-09-30": -1, "2018-06-30": -28, "2018-03-31": "3.00000", "2017-12-31": 12, "2017-09-30": 5, "2017-06-30": 1, "2017-03-31": "-1.00000", "2016-12-31": 14, "2016-09-30": 0, "2016-06-30": 24, "2016-03-31": "-16.00000", "2015-12-31": 0, "2015-09-30": 0, "2015-06-30": 0, "2015-03-31": "", "2014-12-31": 0.139, "2014-09-30": 0, "2014-06-30": 0, "2014-03-31": "5.86100", "2013-12-31": 0, "2013-09-30": 0, "2013-06-30": 0, "2013-03-31": "0.06000", "2012-12-31": -0.505, "2012-09-30": -0.161, "2012-06-30": -6.715, "2012-03-31": "-6.48900", "2011-12-31": -19.33, "2010-12-31": 14.63}, "Investing Activities - Other": {"2020-09-30": 0, "2020-06-30": -1, "2020-03-31": "1.00000", "2019-12-31": 0, "2019-09-30": 3, "2019-06-30": 1, "2019-03-31": "1.00000", "2018-12-31": 32, "2018-09-30": -30, "2018-06-30": 15, "2018-03-31": "-15.00000", "2017-12-31": 3, "2017-09-30": -5, "2017-06-30": 17, "2017-03-31": "-11.00000", "2016-12-31": -2, "2016-09-30": -1, "2016-06-30": -10, "2016-03-31": "-1.00000", "2015-12-31": -7.29, "2015-09-30": -0.168, "2015-06-30": -11.666, "2015-03-31": "-1.87600", "2014-12-31": -2.195, "2014-09-30": 1.232, "2014-06-30": -0.903, "2014-03-31": "-2.13400", "2013-12-31": 0.202, "2013-09-30": -0.927, "2013-06-30": 1.239, "2013-03-31": "-5.45400", "2012-12-31": 9.08, "2012-09-30": -2.243, "2012-06-30": -8.616, "2012-03-31": "-4.77100", "2011-12-31": -33.75, "2010-12-31": 22.12}, "Cash Flow From Investing Activities": {"2020-09-30": -191, "2020-06-30": -219, "2020-03-31": "-150.00000", "2019-12-31": -280, "2019-09-30": -400, "2019-06-30": -195, "2019-03-31": "-315.00000", "2018-12-31": -178, "2018-09-30": -182, "2018-06-30": -330, "2018-03-31": "-120.00000", "2017-12-31": -416, "2017-09-30": -334, "2017-06-30": -200, "2017-03-31": "-240.00000", "2016-12-31": 1813, "2016-09-30": -22, "2016-06-30": -17, "2016-03-31": "-43.00000", "2015-12-31": -27.599, "2015-09-30": 6.065, "2015-06-30": -27.158, "2015-03-31": "-18.30800", "2014-12-31": -27.073, "2014-09-30": -112.919, "2014-06-30": -19.029, "2014-03-31": "-13.97900", "2013-12-31": -12.184, "2013-09-30": -160.592, "2013-06-30": -27.206, "2013-03-31": "-36.19400", "2012-12-31": -12.561, "2012-09-30": -56.711, "2012-06-30": -41.458, "2012-03-31": "-21.50000", "2011-12-31": -83.4, "2010-12-31": -141.43}, "Net Long-Term Debt": {"2020-09-30": -36, "2020-06-30": 60, "2020-03-31": "775.00000", "2019-12-31": -24, "2019-09-30": -25, "2019-06-30": 1075, "2019-03-31": "-25.00000", "2018-12-31": -25, "2018-09-30": -25, "2018-06-30": 975, "2018-03-31": "-26.00000", "2017-12-31": -27, "2017-09-30": 901, "2017-06-30": -24, "2017-03-31": "1507.00000", "2016-12-31": -1448, "2016-09-30": -12, "2016-06-30": -13, "2016-03-31": "-12.00000", "2015-12-31": -12.2891, "2015-09-30": -13.1599, "2015-06-30": 214.659, "2015-03-31": "-1.21000", "2014-12-31": 248.729, "2014-09-30": -6.263, "2014-06-30": -0.132, "2014-03-31": "-0.33400", "2013-12-31": -1.8502, "2013-09-30": -0.982, "2013-06-30": -350.521, "2013-03-31": "-34.30400", "2012-12-31": 169.6521, "2012-09-30": -5.792, "2012-06-30": -5.64, "2012-03-31": "281.91800", "2011-12-31": 0, "2010-12-31": 0}, "Net Current Debt": {"2020-09-30": 0, "2020-06-30": -100, "2020-03-31": "-260.00000", "2019-12-31": -34, "2019-09-30": 400, "2019-06-30": -1025, "2019-03-31": "405.00000", "2018-12-31": 485, "2018-09-30": -50, "2018-06-30": -424, "2018-03-31": "105.00000", "2017-12-31": 429, "2017-09-30": -238, "2017-06-30": 338, "2017-03-31": "-375.00000", "2016-12-31": 172, "2016-09-30": 0, "2016-06-30": 0, "2016-03-31": "", "2015-12-31": 0, "2015-09-30": 0, "2015-06-30": 0, "2015-03-31": "", "2014-12-31": 0, "2014-09-30": 0, "2014-06-30": 0, "2014-03-31": "", "2013-12-31": 0, "2013-09-30": 0, "2013-06-30": 0, "2013-03-31": "", "2012-12-31": 0, "2012-09-30": 0, "2012-06-30": 0, "2012-03-31": "", "2011-12-31": 0, "2010-12-31": 0}, "Debt Issuance/Retirement Net - Total": {"2020-09-30": -36, "2020-06-30": -40, "2020-03-31": "515.00000", "2019-12-31": -58, "2019-09-30": 375, "2019-06-30": 50, "2019-03-31": "380.00000", "2018-12-31": 460, "2018-09-30": -75, "2018-06-30": 551, "2018-03-31": "79.00000", "2017-12-31": 402, "2017-09-30": 663, "2017-06-30": 314, "2017-03-31": "1132.00000", "2016-12-31": -1276, "2016-09-30": -12, "2016-06-30": -13, "2016-03-31": "-12.00000", "2015-12-31": -12.2891, "2015-09-30": -13.1599, "2015-06-30": 214.659, "2015-03-31": "-1.21000", "2014-12-31": 248.729, "2014-09-30": -6.263, "2014-06-30": -0.132, "2014-03-31": "-0.33400", "2013-12-31": -1.8502, "2013-09-30": -0.982, "2013-06-30": -350.521, "2013-03-31": "-34.30400", "2012-12-31": 169.644, "2012-09-30": -5.792, "2012-06-30": -5.64, "2012-03-31": "281.91800", "2011-12-31": 338.53, "2010-12-31": -71.21}, "Net Common Equity Issued/Repurchased": {"2020-09-30": -2, "2020-06-30": -1, "2020-03-31": "-386.00000", "2019-12-31": -274, "2019-09-30": -295, "2019-06-30": -233, "2019-03-31": "-136.00000", "2018-12-31": -607, "2018-09-30": -113, "2018-06-30": -564, "2018-03-31": "-106.00000", "2017-12-31": -363, "2017-09-30": -541, "2017-06-30": -338, "2017-03-31": "-1287.00000", "2016-12-31": -945, "2016-09-30": 28, "2016-06-30": -88, "2016-03-31": "5.00000", "2015-12-31": -259.323, "2015-09-30": 13.015, "2015-06-30": -223.186, "2015-03-31": "18.49400", "2014-12-31": -245.965, "2014-09-30": 11.783, "2014-06-30": -159.734, "2014-03-31": "5.91600", "2013-12-31": -9.468, "2013-09-30": -0.27, "2013-06-30": 490.045, "2013-03-31": "0.14900", "2012-12-31": 1.673, "2012-09-30": -2.4, "2012-06-30": 0.044, "2012-03-31": "-9.21400", "2011-12-31": 0, "2010-12-31": 0}, "Net Total Equity Issued/Repurchased": {"2020-09-30": -2, "2020-06-30": -1, "2020-03-31": "-386.00000", "2019-12-31": -274, "2019-09-30": -295, "2019-06-30": -233, "2019-03-31": "-136.00000", "2018-12-31": -607, "2018-09-30": -113, "2018-06-30": -564, "2018-03-31": "-106.00000", "2017-12-31": -363, "2017-09-30": -541, "2017-06-30": -338, "2017-03-31": "-1287.00000", "2016-12-31": -945, "2016-09-30": 28, "2016-06-30": -88, "2016-03-31": "5.00000", "2015-12-31": -259.323, "2015-09-30": 13.015, "2015-06-30": -223.186, "2015-03-31": "18.49400", "2014-12-31": -245.965, "2014-09-30": 11.783, "2014-06-30": -159.734, "2014-03-31": "5.91600", "2013-12-31": -9.468, "2013-09-30": -0.27, "2013-06-30": 490.045, "2013-03-31": "0.14900", "2012-12-31": 1.68, "2012-09-30": -2.4, "2012-06-30": 0.044, "2012-03-31": "-9.21400", "2011-12-31": -3.95, "2010-12-31": -9.26}, "Total Common And Preferred Stock Dividends Paid": {"2020-09-30": 0, "2020-06-30": 0, "2020-03-31": "", "2019-12-31": 0, "2019-09-30": 0, "2019-06-30": 0, "2019-03-31": "", "2018-12-31": 0, "2018-09-30": 0, "2018-06-30": 0, "2018-03-31": "", "2017-12-31": 0, "2017-09-30": 0, "2017-06-30": 0, "2017-03-31": "", "2016-12-31": 0, "2016-09-30": 0, "2016-06-30": 0, "2016-03-31": "", "2015-12-31": 0, "2015-09-30": 0, "2015-06-30": 0, "2015-03-31": "", "2014-12-31": 0, "2014-09-30": 0, "2014-06-30": 0, "2014-03-31": "", "2013-12-31": 0, "2013-09-30": 0, "2013-06-30": 0, "2013-03-31": "", "2012-12-31": -241.702, "2012-09-30": 0, "2012-06-30": 0, "2012-03-31": "-326.14800", "2011-12-31": -220.83, "2010-12-31": -67.49}, "Financial Activities - Other": {"2020-09-30": -15, "2020-06-30": -32, "2020-03-31": "-22.00000", "2019-12-31": -11, "2019-09-30": -41, "2019-06-30": -17, "2019-03-31": "-16.00000", "2018-12-31": -11, "2018-09-30": -13, "2018-06-30": -39, "2018-03-31": "-14.00000", "2017-12-31": 6, "2017-09-30": -29, "2017-06-30": -10, "2017-03-31": "-21.00000", "2016-12-31": 15, "2016-09-30": 9, "2016-06-30": 3, "2016-03-31": "2.00000", "2015-12-31": 0.884, "2015-09-30": 5.408, "2015-06-30": -1.35, "2015-03-31": "9.05800", "2014-12-31": 11.613, "2014-09-30": 4.189, "2014-06-30": 2.773, "2014-03-31": "-2.57500", "2013-12-31": -21.987, "2013-09-30": -0.264, "2013-06-30": 0.213, "2013-03-31": "0.19600", "2012-12-31": -9.64, "2012-09-30": 0, "2012-06-30": 0.229, "2012-03-31": "0.15100", "2011-12-31": -19.72, "2010-12-31": 1.79}, "Cash Flow From Financial Activities": {"2020-09-30": -53, "2020-06-30": -73, "2020-03-31": "107.00000", "2019-12-31": -343, "2019-09-30": 39, "2019-06-30": -200, "2019-03-31": "228.00000", "2018-12-31": -158, "2018-09-30": -201, "2018-06-30": -52, "2018-03-31": "-41.00000", "2017-12-31": 45, "2017-09-30": 93, "2017-06-30": -34, "2017-03-31": "-176.00000", "2016-12-31": -2206, "2016-09-30": 25, "2016-06-30": -98, "2016-03-31": "-5.00000", "2015-12-31": -270.728, "2015-09-30": 5.263, "2015-06-30": -9.877, "2015-03-31": "26.34200", "2014-12-31": 14.377, "2014-09-30": 9.709, "2014-06-30": -157.093, "2014-03-31": "3.00700", "2013-12-31": -33.305, "2013-09-30": -1.516, "2013-06-30": 139.737, "2013-03-31": "-33.95900", "2012-12-31": -80.018, "2012-09-30": -8.192, "2012-06-30": -5.367, "2012-03-31": "-53.29300", "2011-12-31": 93.78, "2010-12-31": -153.08}, "Net Cash Flow": {"2020-09-30": 355, "2020-06-30": 182, "2020-03-31": "90.00000", "2019-12-31": -26, "2019-09-30": -75, "2019-06-30": 2, "2019-03-31": "45.00000", "2018-12-31": 64, "2018-09-30": -52, "2018-06-30": -81, "2018-03-31": "1.00000", "2017-12-31": -144, "2017-09-30": 201, "2017-06-30": 40, "2017-03-31": "-336.00000", "2016-12-31": -12, "2016-09-30": 255, "2016-06-30": -98, "2016-03-31": "76.00000", "2015-12-31": -104.446, "2015-09-30": 278.189, "2015-06-30": 24.547, "2015-03-31": "-88.29000", "2014-12-31": 223.109, "2014-09-30": 8.566, "2014-06-30": -104.913, "2014-03-31": "-36.76200", "2013-12-31": 168.433, "2013-09-30": 23.988, "2013-06-30": 131.429, "2013-03-31": "-113.43500", "2012-12-31": 61.409, "2012-09-30": 30.068, "2012-06-30": 29.968, "2012-03-31": "-70.02500", "2011-12-31": -211.15, "2010-12-31": 80.84}, "Stock-Based Compensation": {"2020-09-30": 33, "2020-06-30": 36, "2020-03-31": "", "2019-12-31": 59, "2019-09-30": 27, "2019-06-30": 34, "2019-03-31": "26.00000", "2018-12-31": 35, "2018-09-30": 31, "2018-06-30": 26, "2018-03-31": "21.00000", "2017-12-31": 24, "2017-09-30": 29, "2017-06-30": 27, "2017-03-31": "26.00000", "2016-12-31": 46, "2016-09-30": 15, "2016-06-30": 10, "2016-03-31": "9.00000", "2015-12-31": 9.298, "2015-09-30": 8.381, "2015-06-30": 10.747, "2015-03-31": "9.57400", "2014-12-31": 7.612, "2014-09-30": 6.787, "2014-06-30": 8.38, "2014-03-31": "7.22100", "2013-12-31": 5.866, "2013-09-30": 5.869, "2013-06-30": 6.618, "2013-03-31": "4.47300", "2012-12-31": 12.197, "2012-09-30": 3.26, "2012-06-30": 3.083, "2012-03-31": "7.38600", "2011-12-31": 0, "2010-12-31": 0}, "Common Stock Dividends Paid": {"2020-09-30": 0, "2020-06-30": 0, "2020-03-31": "", "2019-12-31": 0, "2019-09-30": 0, "2019-06-30": 0, "2019-03-31": "", "2018-12-31": 0, "2018-09-30": 0, "2018-06-30": 0, "2018-03-31": "", "2017-12-31": 0, "2017-09-30": 0, "2017-06-30": 0, "2017-03-31": "", "2016-12-31": 0, "2016-09-30": 0, "2016-06-30": 0, "2016-03-31": "", "2015-12-31": 0, "2015-09-30": 0, "2015-06-30": 0, "2015-03-31": "", "2014-12-31": 0, "2014-09-30": 0, "2014-06-30": 0, "2014-03-31": "", "2013-12-31": 0, "2013-09-30": 0, "2013-06-30": 0, "2013-03-31": "", "2012-12-31": -241.703, "2012-09-30": 0, "2012-06-30": 0, "2012-03-31": "-326.14800", "2011-12-31": 0, "2010-12-31": 0}}, "financial ratios": {"Current Ratio": {"2019-12-31": "1.04590", "2018-12-31": "1.09620", "2017-12-31": "1.12610", "2016-12-31": "1.23360", "2015-12-31": "1.51320", "2014-12-31": "1.45800", "2013-12-31": "1.31270", "2012-12-31": "1.15360", "2011-12-31": "1.14540", "2010-12-31": ""}, "Long-term Debt / Capital": {"2019-12-31": "0.64830", "2018-12-31": "0.61070", "2017-12-31": "0.55110", "2016-12-31": "0.44510", "2015-12-31": "1.16130", "2014-12-31": "1.44600", "2013-12-31": "1.48790", "2012-12-31": "2.34930", "2011-12-31": "1.98730", "2010-12-31": ""}, "Debt/Equity Ratio": {"2019-12-31": "1.85930", "2018-12-31": "1.58280", "2017-12-31": "1.24030", "2016-12-31": "0.81260", "2015-12-31": "-7.34520", "2014-12-31": "-3.24350", "2013-12-31": "-3.06530", "2012-12-31": "-1.78210", "2011-12-31": "-2.03370", "2010-12-31": ""}, "Gross Margin": {"2019-12-31": "34.16310", "2018-12-31": "35.20940", "2017-12-31": "35.05460", "2016-12-31": "30.33020", "2015-12-31": "28.25520", "2014-12-31": "27.49080", "2013-12-31": "26.21630", "2012-12-31": "25.34020", "2011-12-31": "26.38700", "2010-12-31": "28.52130"}, "Operating Margin": {"2019-12-31": "7.00760", "2018-12-31": "7.11680", "2017-12-31": "6.85430", "2016-12-31": "8.45190", "2015-12-31": "11.26020", "2014-12-31": "10.80590", "2013-12-31": "9.06620", "2012-12-31": "8.14790", "2011-12-31": "7.97760", "2010-12-31": "10.06630"}, "EBIT Margin": {"2019-12-31": "7.00760", "2018-12-31": "7.11680", "2017-12-31": "6.85430", "2016-12-31": "8.45190", "2015-12-31": "11.26020", "2014-12-31": "10.80590", "2013-12-31": "9.06620", "2012-12-31": "8.14790", "2011-12-31": "7.97760", "2010-12-31": "10.06630"}, "EBITDA Margin": {"2019-12-31": "17.96540", "2018-12-31": "18.18100", "2017-12-31": "17.81080", "2016-12-31": "13.58770", "2015-12-31": "13.82260", "2014-12-31": "13.15020", "2013-12-31": "11.60230", "2012-12-31": "10.35780", "2011-12-31": "10.79710", "2010-12-31": "12.68570"}, "Pre-Tax Profit Margin": {"2019-12-31": "3.17460", "2018-12-31": "3.15020", "2017-12-31": "3.03030", "2016-12-31": "6.10420", "2015-12-31": "9.39520", "2014-12-31": "9.17580", "2013-12-31": "6.33620", "2012-12-31": "5.49640", "2011-12-31": "4.26720", "2010-12-31": "6.16020"}, "Net Profit Margin": {"2019-12-31": "1.72260", "2018-12-31": "2.48750", "2017-12-31": "13.16220", "2016-12-31": "1.05650", "2015-12-31": "6.74570", "2014-12-31": "6.53850", "2013-12-31": "4.44340", "2012-12-31": "3.64910", "2011-12-31": "5.58660", "2010-12-31": "4.09260"}, "Asset Turnover": {"2019-12-31": "0.47690", "2018-12-31": "0.46180", "2017-12-31": "0.42450", "2016-12-31": "0.32130", "2015-12-31": "1.46130", "2014-12-31": "1.65660", "2013-12-31": "1.66280", "2012-12-31": "1.94690", "2011-12-31": "1.86310", "2010-12-31": ""}, "Inventory Turnover Ratio": {"2019-12-31": "", "2018-12-31": "", "2017-12-31": "", "2016-12-31": "", "2015-12-31": "", "2014-12-31": "", "2013-12-31": "", "2012-12-31": "", "2011-12-31": "", "2010-12-31": ""}, "Receiveable Turnover": {"2019-12-31": "4.20320", "2018-12-31": "4.22740", "2017-12-31": "4.52520", "2016-12-31": "3.91440", "2015-12-31": "4.78080", "2014-12-31": "5.34970", "2013-12-31": "5.42290", "2012-12-31": "6.37710", "2011-12-31": "6.04020", "2010-12-31": ""}, "Days Sales In Receivables": {"2019-12-31": "86.83890", "2018-12-31": "86.34220", "2017-12-31": "80.65970", "2016-12-31": "93.24510", "2015-12-31": "76.34650", "2014-12-31": "68.22770", "2013-12-31": "67.30740", "2012-12-31": "57.23630", "2011-12-31": "60.42840", "2010-12-31": ""}, "ROE - Return On Equity": {"2019-12-31": "3.62450", "2018-12-31": "4.08400", "2017-12-31": "15.72050", "2016-12-31": "0.98190", "2015-12-31": "-115.47620", "2014-12-31": "-50.70940", "2013-12-31": "-33.86250", "2012-12-31": "-12.99670", "2011-12-31": "-24.78630", "2010-12-31": ""}, "Return On Tangible Equity": {"2019-12-31": "-1.98950", "2018-12-31": "-2.63040", "2017-12-31": "-12.70960", "2016-12-31": "-1.05370", "2015-12-31": "-27.24720", "2014-12-31": "-24.64300", "2013-12-31": "-16.43640", "2012-12-31": "-9.13160", "2011-12-31": "-15.84170", "2010-12-31": ""}, "ROA - Return On Assets": {"2019-12-31": "0.97630", "2018-12-31": "1.25950", "2017-12-31": "5.67000", "2016-12-31": "0.41020", "2015-12-31": "9.88280", "2014-12-31": "10.83150", "2013-12-31": "7.37010", "2012-12-31": "7.06760", "2011-12-31": "10.34590", "2010-12-31": ""}, "ROI - Return On Investment": {"2019-12-31": "1.27470", "2018-12-31": "1.59010", "2017-12-31": "7.05650", "2016-12-31": "0.54480", "2015-12-31": "18.62700", "2014-12-31": "22.61500", "2013-12-31": "16.52120", "2012-12-31": "17.53640", "2011-12-31": "24.47040", "2010-12-31": ""}, "Book Value Per Share": {"2019-12-31": "32.56890", "2018-12-31": "35.21010", "2017-12-31": "39.61560", "2016-12-31": "37.63810", "2015-12-31": "-2.81410", "2014-12-31": "-5.67160", "2013-12-31": "-5.14830", "2012-12-31": "-11.73980", "2011-12-31": "-8.36100", "2010-12-31": ""}, "Operating Cash Flow Per Share": {"2019-12-31": 1.0761, "2018-12-31": 1.6655, "2017-12-31": -1.3003, "2016-12-31": 1.8681, "2015-12-31": 0.487, "2014-12-31": 0.2263, "2013-12-31": 0.2266, "2012-12-31": 1.4852, "2011-12-31": -1.84, "2010-12-31": 3.2047}, "Free Cash Flow Per Share": {"2019-12-31": 0.365, "2018-12-31": 1.1185, "2017-12-31": -1.879, "2016-12-31": 1.4101, "2015-12-31": 0.4991, "2014-12-31": 0.2683, "2013-12-31": 0.134, "2012-12-31": 1.5191, "2011-12-31": -1.7981, "2010-12-31": 2.5464}}, "financial ratios, quarterly": {"Current Ratio": {"2020-09-30": "1.12230", "2020-06-30": "1.09500", "2020-03-31": "1.09470", "2019-12-31": "1.04590", "2019-09-30": "1.11720", "2019-06-30": "1.13820", "2019-03-31": "1.14190", "2018-12-31": "1.09620", "2018-09-30": "1.09350", "2018-06-30": "1.13300", "2018-03-31": "1.16410", "2017-12-31": "1.12610", "2017-09-30": "1.22400", "2017-06-30": "1.22520", "2017-03-31": "1.20070", "2016-12-31": "1.23360", "2016-09-30": "1.63160", "2016-06-30": "1.52260", "2016-03-31": "1.54430", "2015-12-31": "1.51320", "2015-09-30": "1.65370", "2015-06-30": "1.63970", "2015-03-31": "1.58920", "2014-12-31": "1.45800", "2014-09-30": "1.35870", "2014-06-30": "1.37810", "2014-03-31": "1.41510", "2013-12-31": "1.31270", "2013-09-30": "1.28690", "2013-06-30": "1.35130", "2013-03-31": "1.17800", "2012-12-31": "1.15360", "2012-09-30": "", "2012-06-30": "", "2012-03-31": "", "2011-12-31": "", "2010-12-31": ""}, "Long-term Debt / Capital": {"2020-09-30": "0.66630", "2020-06-30": "0.67150", "2020-03-31": "0.67210", "2019-12-31": "0.64830", "2019-09-30": "0.64160", "2019-06-30": "0.62490", "2019-03-31": "0.61970", "2018-12-31": "0.61070", "2018-09-30": "0.58500", "2018-06-30": "0.58260", "2018-03-31": "0.55030", "2017-12-31": "0.55110", "2017-09-30": "0.56250", "2017-06-30": "0.53260", "2017-03-31": "0.51410", "2016-12-31": "0.44510", "2016-09-30": "1.03550", "2016-06-30": "1.10540", "2016-03-31": "1.09350", "2015-12-31": "1.16130", "2015-09-30": "1.08000", "2015-06-30": "1.40340", "2015-03-31": "1.36540", "2014-12-31": "1.44600", "2014-09-30": "1.36080", "2014-06-30": "1.44230", "2014-03-31": "1.38020", "2013-12-31": "1.48790", "2013-09-30": "1.53530", "2013-06-30": "1.63970", "2013-03-31": "2.28070", "2012-12-31": "2.34930", "2012-09-30": "", "2012-06-30": "", "2012-03-31": "", "2011-12-31": "", "2010-12-31": ""}, "Debt/Equity Ratio": {"2020-09-30": "2.02050", "2020-06-30": "2.06890", "2020-03-31": "2.07390", "2019-12-31": "1.85930", "2019-09-30": "1.80510", "2019-06-30": "1.68100", "2019-03-31": "1.64410", "2018-12-31": "1.58280", "2018-09-30": "1.42350", "2018-06-30": "1.40900", "2018-03-31": "1.23580", "2017-12-31": "1.24030", "2017-09-30": "1.29930", "2017-06-30": "1.15150", "2017-03-31": "1.06990", "2016-12-31": "0.81260", "2016-09-30": "-29.72910", "2016-06-30": "-10.69670", "2016-03-31": "-11.93100", "2015-12-31": "-7.34520", "2015-09-30": "-13.77530", "2015-06-30": "-3.54790", "2015-03-31": "-3.74680", "2014-12-31": "-3.24350", "2014-09-30": "-3.81040", "2014-06-30": "-3.29410", "2014-03-31": "-3.65810", "2013-12-31": "-3.06530", "2013-09-30": "-2.87390", "2013-06-30": "-2.56340", "2013-03-31": "-1.80710", "2012-12-31": "-1.78210", "2012-09-30": "", "2012-06-30": "", "2012-03-31": "", "2011-12-31": "", "2010-12-31": ""}, "Gross Margin": {"2020-09-30": "35.39120", "2020-06-30": "32.40780", "2020-03-31": "33.76910", "2019-12-31": "34.33510", "2019-09-30": "33.11670", "2019-06-30": "34.34310", "2019-03-31": "34.87330", "2018-12-31": "35.19350", "2018-09-30": "35.31230", "2018-06-30": "34.78770", "2018-03-31": "35.54430", "2017-12-31": "36.25550", "2017-09-30": "34.67150", "2017-06-30": "33.88540", "2017-03-31": "35.33900", "2016-12-31": "34.28570", "2016-09-30": "29.45890", "2016-06-30": "27.81710", "2016-03-31": "27.78520", "2015-12-31": "29.70920", "2015-09-30": "28.80620", "2015-06-30": "27.05330", "2015-03-31": "27.31890", "2014-12-31": "28.95000", "2014-09-30": "26.42520", "2014-06-30": "26.91680", "2014-03-31": "27.64590", "2013-12-31": "26.24620", "2013-09-30": "27.76570", "2013-06-30": "25.20470", "2013-03-31": "25.74180", "2012-12-31": "24.81570", "2012-09-30": "25.13240", "2012-06-30": "25.73130", "2012-03-31": "25.71990", "2011-12-31": "", "2010-12-31": ""}, "Operating Margin": {"2020-09-30": "6.71210", "2020-06-30": "2.45930", "2020-03-31": "7.00800", "2019-12-31": "5.73400", "2019-09-30": "7.36730", "2019-06-30": "7.18980", "2019-03-31": "7.82410", "2018-12-31": "7.70090", "2018-09-30": "6.97760", "2018-06-30": "6.62250", "2018-03-31": "7.14010", "2017-12-31": "5.63270", "2017-09-30": "7.90750", "2017-06-30": "5.35030", "2017-03-31": "8.55930", "2016-12-31": "3.47250", "2016-09-30": "11.22250", "2016-06-30": "9.65870", "2016-03-31": "12.01340", "2015-12-31": "11.66060", "2015-09-30": "11.72280", "2015-06-30": "10.97240", "2015-03-31": "10.62760", "2014-12-31": "11.23540", "2014-09-30": "10.65280", "2014-06-30": "10.51430", "2014-03-31": "10.80520", "2013-12-31": "9.20920", "2013-09-30": "10.47460", "2013-06-30": "7.32410", "2013-03-31": "9.37180", "2012-12-31": "7.38380", "2012-09-30": "9.09790", "2012-06-30": "8.19690", "2012-03-31": "7.95330", "2011-12-31": "", "2010-12-31": ""}, "EBIT Margin": {"2020-09-30": "6.71210", "2020-06-30": "2.45930", "2020-03-31": "7.00800", "2019-12-31": "5.73400", "2019-09-30": "7.36730", "2019-06-30": "7.18980", "2019-03-31": "7.82410", "2018-12-31": "7.70090", "2018-09-30": "6.97760", "2018-06-30": "6.62250", "2018-03-31": "7.14010", "2017-12-31": "5.63270", "2017-09-30": "7.90750", "2017-06-30": "5.35030", "2017-03-31": "8.55930", "2016-12-31": "3.47250", "2016-09-30": "11.22250", "2016-06-30": "9.65870", "2016-03-31": "12.01340", "2015-12-31": "11.66060", "2015-09-30": "11.72280", "2015-06-30": "10.97240", "2015-03-31": "10.62760", "2014-12-31": "11.23540", "2014-09-30": "10.65280", "2014-06-30": "10.51430", "2014-03-31": "10.80520", "2013-12-31": "9.20920", "2013-09-30": "10.47460", "2013-06-30": "7.32410", "2013-03-31": "9.37180", "2012-12-31": "7.38380", "2012-09-30": "9.09790", "2012-06-30": "8.19690", "2012-03-31": "7.95330", "2011-12-31": "", "2010-12-31": ""}, "EBITDA Margin": {"2020-09-30": "", "2020-06-30": "", "2020-03-31": "", "2019-12-31": "", "2019-09-30": "", "2019-06-30": "", "2019-03-31": "", "2018-12-31": "", "2018-09-30": "", "2018-06-30": "", "2018-03-31": "", "2017-12-31": "", "2017-09-30": "", "2017-06-30": "", "2017-03-31": "", "2016-12-31": "", "2016-09-30": "", "2016-06-30": "", "2016-03-31": "", "2015-12-31": "", "2015-09-30": "", "2015-06-30": "", "2015-03-31": "", "2014-12-31": "", "2014-09-30": "", "2014-06-30": "", "2014-03-31": "", "2013-12-31": "", "2013-09-30": "", "2013-06-30": "", "2013-03-31": "", "2012-12-31": "", "2012-09-30": "", "2012-06-30": "", "2012-03-31": "", "2011-12-31": "", "2010-12-31": ""}, "Pre-Tax Profit Margin": {"2020-09-30": "3.66120", "2020-06-30": "-0.99170", "2020-03-31": "3.70370", "2019-12-31": "3.31610", "2019-09-30": "2.49190", "2019-06-30": "2.84670", "2019-03-31": "4.06110", "2018-12-31": "3.86900", "2018-09-30": "1.96610", "2018-06-30": "3.42810", "2018-03-31": "3.31640", "2017-12-31": "1.30900", "2017-09-30": "3.48740", "2017-06-30": "2.03820", "2017-03-31": "5.38140", "2016-12-31": "-0.30770", "2016-09-30": "9.55240", "2016-06-30": "8.43530", "2016-03-31": "10.00000", "2015-12-31": "10.43980", "2015-09-30": "10.08370", "2015-06-30": "7.96120", "2015-03-31": "9.02410", "2014-12-31": "9.33170", "2014-09-30": "9.46190", "2014-06-30": "8.51130", "2014-03-31": "9.38280", "2013-12-31": "7.25370", "2013-09-30": "7.89390", "2013-06-30": "3.60580", "2013-03-31": "6.66950", "2012-12-31": "4.30870", "2012-09-30": "6.05390", "2012-06-30": "6.03170", "2012-03-31": "5.66200", "2011-12-31": "", "2010-12-31": ""}, "Net Profit Margin": {"2020-09-30": "3.62530", "2020-06-30": "-0.91230", "2020-03-31": "2.97750", "2019-12-31": "0.55270", "2019-09-30": "2.05850", "2019-06-30": "2.18980", "2019-03-31": "2.16100", "2018-12-31": "2.56700", "2018-09-30": "2.31300", "2018-06-30": "2.37630", "2018-03-31": "2.69220", "2017-12-31": "40.73780", "2017-09-30": "3.56850", "2017-06-30": "2.63270", "2017-03-31": "4.23730", "2016-12-31": "-9.71430", "2016-09-30": "6.68000", "2016-06-30": "5.53770", "2016-03-31": "7.18120", "2015-12-31": "6.86110", "2015-09-30": "7.81080", "2015-06-30": "5.88500", "2015-03-31": "6.41130", "2014-12-31": "6.31020", "2014-09-30": "6.61800", "2014-06-30": "6.34740", "2014-03-31": "6.89550", "2013-12-31": "5.29270", "2013-09-30": "5.58340", "2013-06-30": "2.97270", "2013-03-31": "3.93130", "2012-12-31": "2.73540", "2012-09-30": "4.34300", "2012-06-30": "3.83510", "2012-03-31": "3.74140", "2011-12-31": "", "2010-12-31": ""}, "Asset Turnover": {"2020-09-30": "0.11690", "2020-06-30": "0.10870", "2020-03-31": "0.11930", "2019-12-31": "0.12450", "2019-09-30": "0.12100", "2019-06-30": "0.11880", "2019-03-31": "0.11610", "2018-12-31": "0.11920", "2018-09-30": "0.11530", "2018-06-30": "0.11350", "2018-03-31": "0.11030", "2017-12-31": "0.11030", "2017-09-30": "0.10990", "2017-06-30": "0.10810", "2017-03-31": "0.11140", "2016-12-31": "0.10730", "2016-09-30": "0.36260", "2016-06-30": "0.39190", "2016-03-31": "0.37410", "2015-12-31": "0.38740", "2015-09-30": "0.35320", "2015-06-30": "0.43200", "2015-03-31": "0.41640", "2014-12-31": "0.42810", "2014-09-30": "0.45060", "2014-06-30": "0.45020", "2014-03-31": "0.42710", "2013-12-31": "0.44970", "2013-09-30": "0.42080", "2013-06-30": "0.48930", "2013-03-31": "0.50640", "2012-12-31": "0.51160", "2012-09-30": "", "2012-06-30": "", "2012-03-31": "", "2011-12-31": "", "2010-12-31": ""}, "Inventory Turnover Ratio": {"2020-09-30": "", "2020-06-30": "", "2020-03-31": "", "2019-12-31": "", "2019-09-30": "", "2019-06-30": "", "2019-03-31": "", "2018-12-31": "", "2018-09-30": "", "2018-06-30": "", "2018-03-31": "", "2017-12-31": "", "2017-09-30": "", "2017-06-30": "", "2017-03-31": "", "2016-12-31": "", "2016-09-30": "", "2016-06-30": "", "2016-03-31": "", "2015-12-31": "", "2015-09-30": "", "2015-06-30": "", "2015-03-31": "", "2014-12-31": "", "2014-09-30": "", "2014-06-30": "", "2014-03-31": "", "2013-12-31": "", "2013-09-30": "", "2013-06-30": "", "2013-03-31": "", "2012-12-31": "", "2012-09-30": "", "2012-06-30": "", "2012-03-31": "", "2011-12-31": "", "2010-12-31": ""}, "Receiveable Turnover": {"2020-09-30": "1.11800", "2020-06-30": "1.04000", "2020-03-31": "1.02650", "2019-12-31": "1.09740", "2019-09-30": "1.07370", "2019-06-30": "1.11160", "2019-03-31": "1.06250", "2018-12-31": "1.09140", "2018-09-30": "1.09730", "2018-06-30": "1.15420", "2018-03-31": "1.11680", "2017-12-31": "1.17580", "2017-09-30": "1.28770", "2017-06-30": "1.24870", "2017-03-31": "1.30600", "2016-12-31": "1.30670", "2016-09-30": "1.21310", "2016-06-30": "1.21470", "2016-03-31": "1.24380", "2015-12-31": "1.26760", "2015-09-30": "1.20230", "2015-06-30": "1.25090", "2015-03-31": "1.28270", "2014-12-31": "1.38260", "2014-09-30": "1.33340", "2014-06-30": "1.36670", "2014-03-31": "1.35540", "2013-12-31": "1.46660", "2013-09-30": "1.31160", "2013-06-30": "1.44980", "2013-03-31": "1.53600", "2012-12-31": "1.67580", "2012-09-30": "", "2012-06-30": "", "2012-03-31": "", "2011-12-31": "", "2010-12-31": ""}, "Days Sales In Receivables": {"2020-09-30": "80.50250", "2020-06-30": "86.53710", "2020-03-31": "87.67970", "2019-12-31": "82.01040", "2019-09-30": "83.82450", "2019-06-30": "80.96720", "2019-03-31": "84.70190", "2018-12-31": "82.46650", "2018-09-30": "82.02000", "2018-06-30": "77.97430", "2018-03-31": "80.58920", "2017-12-31": "76.54110", "2017-09-30": "69.89050", "2017-06-30": "72.07640", "2017-03-31": "68.91100", "2016-12-31": "68.87470", "2016-09-30": "74.19260", "2016-06-30": "74.09130", "2016-03-31": "72.35630", "2015-12-31": "71.00070", "2015-09-30": "74.85950", "2015-06-30": "71.94810", "2015-03-31": "70.16380", "2014-12-31": "65.09510", "2014-09-30": "67.49500", "2014-06-30": "65.85300", "2014-03-31": "66.39980", "2013-12-31": "61.36510", "2013-09-30": "68.61680", "2013-06-30": "62.07890", "2013-03-31": "58.59300", "2012-12-31": "53.70560", "2012-09-30": "", "2012-06-30": "", "2012-03-31": "", "2011-12-31": "", "2010-12-31": ""}, "ROE - Return On Equity": {"2020-09-30": "1.76850", "2020-06-30": "-0.35890", "2020-03-31": "1.56840", "2019-12-31": "0.31930", "2019-09-30": "1.07910", "2019-06-30": "1.04700", "2019-03-31": "0.97600", "2018-12-31": "1.09290", "2018-09-30": "0.89810", "2018-06-30": "0.89310", "2018-03-31": "0.86360", "2017-12-31": "12.55460", "2017-09-30": "1.23880", "2017-06-30": "0.84900", "2017-03-31": "1.30770", "2016-12-31": "-2.44920", "2016-09-30": "-126.94230", "2016-06-30": "-39.78990", "2016-03-31": "-52.92780", "2015-12-31": "-32.07830", "2015-09-30": "-60.49100", "2015-06-30": "-12.10630", "2015-03-31": "-14.11560", "2014-12-31": "-12.63370", "2014-09-30": "-17.29350", "2014-06-30": "-13.69190", "2014-03-31": "-16.12330", "2013-12-31": "-10.92670", "2013-09-30": "-9.35210", "2013-06-30": "-4.80680", "2013-03-31": "-3.64190", "2012-12-31": "-2.57340", "2012-09-30": "", "2012-06-30": "", "2012-03-31": "", "2011-12-31": "", "2010-12-31": ""}, "Return On Tangible Equity": {"2020-09-30": "-0.94090", "2020-06-30": "0.18190", "2020-03-31": "-0.79030", "2019-12-31": "-0.17530", "2019-09-30": "-0.62320", "2019-06-30": "-0.65400", "2019-03-31": "-0.62020", "2018-12-31": "-0.70390", "2018-09-30": "-0.64190", "2018-06-30": "-0.64600", "2018-03-31": "-0.71790", "2017-12-31": "-10.15000", "2017-09-30": "-0.87260", "2017-06-30": "-0.66150", "2017-03-31": "-1.07220", "2016-12-31": "2.62810", "2016-09-30": "-9.28420", "2016-06-30": "-7.01030", "2016-03-31": "-8.46370", "2015-12-31": "-7.56900", "2015-09-30": "-8.51400", "2015-06-30": "-5.94660", "2015-03-31": "-6.42210", "2014-12-31": "-6.13960", "2014-09-30": "-7.17130", "2014-06-30": "-6.47500", "2014-03-31": "-7.17040", "2013-12-31": "-5.30370", "2013-09-30": "-4.64120", "2013-06-30": "-2.81000", "2013-03-31": "-2.54270", "2012-12-31": "-1.80810", "2012-09-30": "", "2012-06-30": "", "2012-03-31": "", "2011-12-31": "", "2010-12-31": ""}, "ROA - Return On Assets": {"2020-09-30": "0.45310", "2020-06-30": "-0.09060", "2020-03-31": "0.39430", "2019-12-31": "0.08600", "2019-09-30": "0.30140", "2019-06-30": "0.30780", "2019-03-31": "0.28990", "2018-12-31": "0.33700", "2018-09-30": "0.29780", "2018-06-30": "0.30050", "2018-03-31": "0.31420", "2017-12-31": "4.52820", "2017-09-30": "0.41430", "2017-06-30": "0.30300", "2017-03-31": "0.48150", "2016-12-31": "-1.02320", "2016-09-30": "2.51890", "2016-06-30": "2.29640", "2016-03-31": "2.73670", "2015-12-31": "2.74540", "2015-09-30": "2.69820", "2015-06-30": "2.54200", "2015-03-31": "2.67040", "2014-12-31": "2.69860", "2014-09-30": "2.98490", "2014-06-30": "2.85730", "2014-03-31": "2.94630", "2013-12-31": "2.37820", "2013-09-30": "2.34280", "2013-06-30": "1.44830", "2013-03-31": "1.98440", "2012-12-31": "1.39940", "2012-09-30": "", "2012-06-30": "", "2012-03-31": "", "2011-12-31": "", "2010-12-31": ""}, "ROI - Return On Investment": {"2020-09-30": "0.59010", "2020-06-30": "-0.11790", "2020-03-31": "0.51420", "2019-12-31": "0.11230", "2019-09-30": "0.38680", "2019-06-30": "0.39270", "2019-03-31": "0.37120", "2018-12-31": "0.42550", "2018-09-30": "0.37270", "2018-06-30": "0.37280", "2018-03-31": "0.38840", "2017-12-31": "5.63540", "2017-09-30": "0.54200", "2017-06-30": "0.39680", "2017-03-31": "0.63540", "2016-12-31": "-1.35900", "2016-09-30": "4.51160", "2016-06-30": "4.19520", "2016-03-31": "4.94870", "2015-12-31": "5.17440", "2015-09-30": "4.83710", "2015-06-30": "4.88400", "2015-03-31": "5.15720", "2014-12-31": "5.63430", "2014-09-30": "6.23890", "2014-06-30": "6.05640", "2014-03-31": "6.12980", "2013-12-31": "5.33100", "2013-09-30": "5.00610", "2013-06-30": "3.07500", "2013-03-31": "4.66420", "2012-12-31": "3.47230", "2012-09-30": "", "2012-06-30": "", "2012-03-31": "", "2011-12-31": "", "2010-12-31": ""}, "Book Value Per Share": {"2020-09-30": "31.85710", "2020-06-30": "30.59070", "2020-03-31": "30.37700", "2019-12-31": "32.56890", "2019-09-30": "32.95880", "2019-06-30": "34.63230", "2019-03-31": "34.81240", "2018-12-31": "35.21010", "2018-09-30": "36.87590", "2018-06-30": "37.60000", "2018-03-31": "40.69810", "2017-12-31": "39.61560", "2017-09-30": "31.76890", "2017-06-30": "35.92420", "2017-03-31": "35.50300", "2016-12-31": "37.63810", "2016-09-30": "-0.68620", "2016-06-30": "-1.93050", "2016-03-31": "-1.72150", "2015-12-31": "-2.81410", "2015-09-30": "-1.46190", "2015-06-30": "-5.72130", "2015-03-31": "-4.90040", "2014-12-31": "-5.67160", "2014-09-30": "-4.19930", "2014-06-30": "-4.89010", "2014-03-31": "-4.30240", "2013-12-31": "-5.14830", "2013-09-30": "-5.52220", "2013-06-30": "-6.18900", "2013-03-31": "-11.41980", "2012-12-31": "-11.73980", "2012-09-30": "", "2012-06-30": "", "2012-03-31": "", "2011-12-31": "", "2010-12-31": ""}, "Operating Cash Flow Per Share": {"2020-09-30": 2.8769, "2020-06-30": 2.4934, "2020-03-31": "0.83290", "2019-12-31": 2.9082, "2019-09-30": 1.6785, "2019-06-30": 1.9523, "2019-03-31": "0.56020", "2018-12-31": 1.9757, "2018-09-30": 1.6987, "2018-06-30": 1.4902, "2018-03-31": "0.85850", "2017-12-31": 0.9923, "2017-09-30": 2.0113, "2017-06-30": 1.1156, "2017-03-31": "0.23840", "2016-12-31": 2.2503, "2016-09-30": 2.1483, "2016-06-30": 0.3367, "2016-03-31": "0.92260", "2015-12-31": 1.6406, "2015-09-30": 2.2564, "2015-06-30": 0.3975, "2015-03-31": "-0.50470", "2014-12-31": 1.957, "2014-09-30": 1.0527, "2014-06-30": 0.5068, "2014-03-31": "-0.21370", "2013-12-31": 1.7415, "2013-09-30": 1.3241, "2013-06-30": 0.1916, "2013-03-31": "-0.18070", "2012-12-31": 1.35, "2012-09-30": 0.7494, "2012-06-30": 0.7024, "2012-03-31": "0.03950", "2011-12-31": 0, "2010-12-31": 0}, "Free Cash Flow Per Share": {"2020-09-30": 2.1017, "2020-06-30": 1.7315, "2020-03-31": "0.11240", "2019-12-31": 2.2286, "2019-09-30": 0.9179, "2019-06-30": 1.1757, "2019-03-31": "-0.13880", "2018-12-31": 1.3232, "2018-09-30": 1.0898, "2018-06-30": 0.962, "2018-03-31": "0.44340", "2017-12-31": 0.5538, "2017-09-30": 1.5928, "2017-06-30": 0.647, "2017-03-31": "-0.09370", "2016-12-31": 1.8149, "2016-09-30": 1.9739, "2016-06-30": 0.0817, "2016-03-31": "0.70840", "2015-12-31": 1.4719, "2015-09-30": 2.0564, "2015-06-30": 0.2742, "2015-03-31": "-0.63370", "2014-12-31": 1.7662, "2014-09-30": 0.8818, "2014-06-30": 0.3685, "2014-03-31": "-0.34680", "2013-12-31": 1.6212, "2013-09-30": 1.2373, "2013-06-30": -0.017, "2013-03-31": "-0.44010", "2012-12-31": 1.1723, "2012-09-30": 0.6219, "2012-06-30": 0.5141, "2012-03-31": "-0.04760", "2011-12-31": 0, "2010-12-31": 0}}, "revenue": {"IQVIA Holdings Annual Revenue (Millions of US $)": {"2019": "$11,088", "2018": "$10,412", "2017": "$9,702", "2016": "$6,815", "2015": "$5,737", "2014": "$5,460", "2013": "$5,100", "2012": "$4,866", "2011": "$4,328", "2010": "$3,924"}, "IQVIA Holdings Quarterly Revenue (Millions of US $)": {"2020-09-30": "$2,786", "2020-06-30": "$2,521", "2020-03-31": "$2,754", "2019-12-31": "$2,895", "2019-09-30": "$2,769", "2019-06-30": "$2,740", "2019-03-31": "$2,684", "2018-12-31": "$2,688", "2018-09-30": "$2,594", "2018-06-30": "$2,567", "2018-03-31": "$2,563", "2017-12-31": "$2,521", "2017-09-30": "$2,466", "2017-06-30": "$2,355", "2017-03-31": "$2,360", "2016-12-31": "$2,275", "2016-09-30": "$1,497", "2016-06-30": "$1,553", "2016-03-31": "$1,490", "2015-12-31": "$1,521", "2015-09-30": "$1,425", "2015-06-30": "$1,444", "2015-03-31": "$1,348", "2014-12-31": "$1,411", "2014-09-30": "$1,400", "2014-06-30": "$1,341", "2014-03-31": "$1,308", "2013-12-31": "$1,379", "2013-09-30": "$1,196", "2013-06-30": "$1,296", "2013-03-31": "$1,229", "2012-12-31": "$1,279", "2012-09-30": "$1,200", "2012-06-30": "$1,231", "2012-03-31": "$1,157", "2011-12-31": "", "2010-12-31": ""}}, "gross-profit": {"IQVIA Holdings Annual Gross Profit (Millions of US $)": {"2019": "$3,788", "2018": "$3,666", "2017": "$3,401", "2016": "$2,067", "2015": "$1,621", "2014": "$1,501", "2013": "$1,337", "2012": "$1,233", "2011": "$1,142", "2010": "$1,119"}, "IQVIA Holdings Quarterly Gross Profit (Millions of US $)": {"2020-09-30": "$986", "2020-06-30": "$817", "2020-03-31": "$930", "2019-12-31": "$994", "2019-09-30": "$917", "2019-06-30": "$941", "2019-03-31": "$936", "2018-12-31": "$946", "2018-09-30": "$916", "2018-06-30": "$893", "2018-03-31": "$911", "2017-12-31": "$914", "2017-09-30": "$855", "2017-06-30": "$798", "2017-03-31": "$834", "2016-12-31": "$780", "2016-09-30": "$441", "2016-06-30": "$432", "2016-03-31": "$414", "2015-12-31": "$452", "2015-09-30": "$410", "2015-06-30": "$391", "2015-03-31": "$368", "2014-12-31": "$409", "2014-09-30": "$370", "2014-06-30": "$361", "2014-03-31": "$362", "2013-12-31": "$362", "2013-09-30": "$332", "2013-06-30": "$327", "2013-03-31": "$316", "2012-12-31": "$317", "2012-09-30": "$301", "2012-06-30": "$317", "2012-03-31": "$297", "2011-12-31": "", "2010-12-31": ""}}, "operating-income": {"IQVIA Holdings Annual Operating Income (Millions of US $)": {"2019": "$777", "2018": "$741", "2017": "$665", "2016": "$576", "2015": "$646", "2014": "$590", "2013": "$462", "2012": "$396", "2011": "$345", "2010": "$395"}, "IQVIA Holdings Quarterly Operating Income (Millions of US $)": {"2020-09-30": "$187", "2020-06-30": "$62", "2020-03-31": "$193", "2019-12-31": "$166", "2019-09-30": "$204", "2019-06-30": "$197", "2019-03-31": "$210", "2018-12-31": "$207", "2018-09-30": "$181", "2018-06-30": "$170", "2018-03-31": "$183", "2017-12-31": "$142", "2017-09-30": "$195", "2017-06-30": "$126", "2017-03-31": "$202", "2016-12-31": "$79", "2016-09-30": "$168", "2016-06-30": "$150", "2016-03-31": "$179", "2015-12-31": "$177", "2015-09-30": "$167", "2015-06-30": "$158", "2015-03-31": "$143", "2014-12-31": "$159", "2014-09-30": "$149", "2014-06-30": "$141", "2014-03-31": "$141", "2013-12-31": "$127", "2013-09-30": "$125", "2013-06-30": "$95", "2013-03-31": "$115", "2012-12-31": "$94", "2012-09-30": "$109", "2012-06-30": "$101", "2012-03-31": "$92", "2011-12-31": "", "2010-12-31": ""}}, "ebitda": {"IQVIA Holdings Annual EBITDA (Millions of US $)": {"2019": "$1,992", "2018": "$1,893", "2017": "$1,728", "2016": "$926", "2015": "$793", "2014": "$718", "2013": "$592", "2012": "$504", "2011": "$467", "2010": "$498"}, "IQVIA Holdings Quarterly EBITDA (Millions of US $)": {"2020-09-30": "$511", "2020-06-30": "$375", "2020-03-31": "$512", "2019-12-31": "$483", "2019-09-30": "$507", "2019-06-30": "$494", "2019-03-31": "$508", "2018-12-31": "$504", "2018-09-30": "$467", "2018-06-30": "$454", "2018-03-31": "$468", "2017-12-31": "$423", "2017-09-30": "$453", "2017-06-30": "$413", "2017-03-31": "$439", "2016-12-31": "$295", "2016-09-30": "$232", "2016-06-30": "$183", "2016-03-31": "$216", "2015-12-31": "$219", "2015-09-30": "$205", "2015-06-30": "$194", "2015-03-31": "$175", "2014-12-31": "$193", "2014-09-30": "$181", "2014-06-30": "$172", "2014-03-31": "$172", "2013-12-31": "$162", "2013-09-30": "$154", "2013-06-30": "$132", "2013-03-31": "$143", "2012-12-31": "$124", "2012-09-30": "$137", "2012-06-30": "$127", "2012-03-31": "$117", "2011-12-31": "", "2010-12-31": ""}}, "net-income": {"IQVIA Holdings Annual Net Income (Millions of US $)": {"2019": "$191", "2018": "$259", "2017": "$1,277", "2016": "$72", "2015": "$387", "2014": "$357", "2013": "$227", "2012": "$178", "2011": "$242", "2010": "$161"}, "IQVIA Holdings Quarterly Net Income (Millions of US $)": {"2020-09-30": "$101", "2020-06-30": "$-23", "2020-03-31": "$82", "2019-12-31": "$16", "2019-09-30": "$57", "2019-06-30": "$60", "2019-03-31": "$58", "2018-12-31": "$69", "2018-09-30": "$60", "2018-06-30": "$61", "2018-03-31": "$69", "2017-12-31": "$1,027", "2017-09-30": "$88", "2017-06-30": "$62", "2017-03-31": "$100", "2016-12-31": "$-221", "2016-09-30": "$100", "2016-06-30": "$86", "2016-03-31": "$107", "2015-12-31": "$104", "2015-09-30": "$111", "2015-06-30": "$85", "2015-03-31": "$86", "2014-12-31": "$89", "2014-09-30": "$93", "2014-06-30": "$85", "2014-03-31": "$90", "2013-12-31": "$73", "2013-09-30": "$67", "2013-06-30": "$39", "2013-03-31": "$48", "2012-12-31": "$35", "2012-09-30": "$52", "2012-06-30": "$47", "2012-03-31": "$43", "2011-12-31": "", "2010-12-31": ""}}, "eps-earnings-per-share-diluted": {"IQVIA Holdings Annual EPS": {"2019": "$0.96", "2018": "$1.24", "2017": "$5.74", "2016": "$0.47", "2015": "$3.08", "2014": "$2.72", "2013": "$1.77", "2012": "$1.51", "2011": "$2.05", "2010": "$1.36"}, "IQVIA Holdings Quarterly EPS": {"2020-09-30": "$0.52", "2020-06-30": "$-0.12", "2020-03-31": "$0.42", "2019-12-31": "$0.08", "2019-09-30": "$0.29", "2019-06-30": "$0.30", "2019-03-31": "$0.29", "2018-12-31": "$0.34", "2018-09-30": "$0.29", "2018-06-30": "$0.29", "2018-03-31": "$0.32", "2017-12-31": "$4.63", "2017-09-30": "$0.40", "2017-06-30": "$0.28", "2017-03-31": "$0.43", "2016-12-31": "$-1.94", "2016-09-30": "$0.82", "2016-06-30": "$0.71", "2016-03-31": "$0.88", "2015-12-31": "$0.84", "2015-09-30": "$0.89", "2015-06-30": "$0.67", "2015-03-31": "$0.68", "2014-12-31": "$0.69", "2014-09-30": "$0.71", "2014-06-30": "$0.64", "2014-03-31": "$0.68", "2013-12-31": "$0.56", "2013-09-30": "$0.50", "2013-06-30": "$0.30", "2013-03-31": "$0.41", "2012-12-31": "$0.30", "2012-09-30": "$0.44", "2012-06-30": "$0.40", "2012-03-31": "$0.37", "2011-12-31": "$0.00", "2010-12-31": "$0.00"}}, "shares-outstanding": {"IQVIA Holdings Annual Shares Outstanding (Millions of Shares)": {"2019": "200", "2018": "208", "2017": "223", "2016": "152", "2015": "126", "2014": "131", "2013": "128", "2012": "118", "2011": "118", "2010": "118"}, "IQVIA Holdings Quarterly Shares Outstanding (Millions of Shares)": {"2020-09-30": "195", "2020-06-30": "191", "2020-03-31": "196", "2019-12-31": "200", "2019-09-30": "199", "2019-06-30": "201", "2019-03-31": "202", "2018-12-31": "208", "2018-09-30": "207", "2018-06-30": "210", "2018-03-31": "212", "2017-12-31": "223", "2017-09-30": "219", "2017-06-30": "222", "2017-03-31": "235", "2016-12-31": "152", "2016-09-30": "121", "2016-06-30": "122", "2016-03-31": "121", "2015-12-31": "126", "2015-09-30": "125", "2015-06-30": "127", "2015-03-31": "127", "2014-12-31": "131", "2014-09-30": "131", "2014-06-30": "132", "2014-03-31": "133", "2013-12-31": "128", "2013-09-30": "133", "2013-06-30": "127", "2013-03-31": "119", "2012-12-31": "118", "2012-09-30": "118", "2012-06-30": "118", "2012-03-31": "118", "2011-12-31": "", "2010-12-31": ""}}, "total-assets": {"IQVIA Holdings Annual Total Assets (Millions of US $)": {"2019": "$23,251", "2018": "$22,549", "2017": "$22,857", "2016": "$21,208", "2015": "$3,926", "2014": "$3,296", "2013": "$3,067", "2012": "$2,499", "2011": "$2,323", "2010": "$0"}, "IQVIA Holdings Quarterly Total Assets (Millions of US $)": {"2020-09-30": "$23,837", "2020-06-30": "$23,183", "2020-03-31": "$23,078", "2019-12-31": "$23,251", "2019-09-30": "$22,892", "2019-06-30": "$23,068", "2019-03-31": "$23,109", "2018-12-31": "$22,549", "2018-09-30": "$22,498", "2018-06-30": "$22,626", "2018-03-31": "$23,235", "2017-12-31": "$22,857", "2017-09-30": "$22,445", "2017-06-30": "$21,782", "2017-03-31": "$21,183", "2016-12-31": "$21,208", "2016-09-30": "$4,129", "2016-06-30": "$3,963", "2016-03-31": "$3,983", "2015-12-31": "$3,926", "2015-09-30": "$4,034", "2015-06-30": "$3,342", "2015-03-31": "$3,237", "2014-12-31": "$3,296", "2014-09-30": "$3,107", "2014-06-30": "$2,979", "2014-03-31": "$3,062", "2013-12-31": "$3,067", "2013-09-30": "$2,842", "2013-06-30": "$2,648", "2013-03-31": "$2,427", "2012-12-31": "$2,499", "2012-09-30": "$0", "2012-06-30": "$0", "2012-03-31": "$0", "2011-12-31": "$2,323", "2010-12-31": "$0"}}, "cash-on-hand": {"IQVIA Holdings Annual Cash on Hand (Millions of US $)": {"2019": "$899", "2018": "$938", "2017": "$1,005", "2016": "$1,238", "2015": "$977", "2014": "$870", "2013": "$781", "2012": "$571", "2011": "$519", "2010": "$"}, "IQVIA Holdings Quarterly Cash on Hand (Millions of US $)": {"2020-09-30": "$1,543", "2020-06-30": "$1,182", "2020-03-31": "$990", "2019-12-31": "$899", "2019-09-30": "$920", "2019-06-30": "$994", "2019-03-31": "$991", "2018-12-31": "$938", "2018-09-30": "$879", "2018-06-30": "$928", "2018-03-31": "$1,007", "2017-12-31": "$1,005", "2017-09-30": "$1,147", "2017-06-30": "$945", "2017-03-31": "$905", "2016-12-31": "$1,238", "2016-09-30": "$1,252", "2016-06-30": "$997", "2016-03-31": "$1,093", "2015-12-31": "$977", "2015-09-30": "$1,084", "2015-06-30": "$807", "2015-03-31": "$782", "2014-12-31": "$870", "2014-09-30": "$649", "2014-06-30": "$640", "2014-03-31": "$745", "2013-12-31": "$781", "2013-09-30": "$613", "2013-06-30": "$588", "2013-03-31": "$458", "2012-12-31": "$571", "2012-09-30": "", "2012-06-30": "", "2012-03-31": "", "2011-12-31": "$519", "2010-12-31": ""}}, "long-term-debt": {"IQVIA Holdings Annual Long Term Debt (Millions of US $)": {"2019": "$11,545", "2018": "$10,907", "2017": "$10,122", "2016": "$7,108", "2015": "$2,419", "2014": "$2,283", "2013": "$2,036", "2012": "$2,366", "2011": "$1,952", "2010": "$"}, "IQVIA Holdings Quarterly Long Term Debt (Millions of US $)": {"2020-09-30": "$12,195", "2020-06-30": "$11,965", "2020-03-31": "$11,894", "2019-12-31": "$11,545", "2019-09-30": "$11,444", "2019-06-30": "$11,299", "2019-03-31": "$11,187", "2018-12-31": "$10,907", "2018-09-30": "$10,518", "2018-06-30": "$10,627", "2018-03-31": "$10,342", "2017-12-31": "$10,122", "2017-09-30": "$9,651", "2017-06-30": "$8,858", "2017-03-31": "$8,254", "2016-12-31": "$7,108", "2016-09-30": "$2,387", "2016-06-30": "$2,398", "2016-03-31": "$2,409", "2015-12-31": "$2,419", "2015-09-30": "$2,430", "2015-06-30": "$2,441", "2015-03-31": "$2,288", "2014-12-31": "$2,283", "2014-09-30": "$2,023", "2014-06-30": "$2,027", "2014-03-31": "$2,031", "2013-12-31": "$2,036", "2013-09-30": "$2,042", "2013-06-30": "$2,045", "2013-03-31": "$2,355", "2012-12-31": "$2,366", "2012-09-30": "", "2012-06-30": "", "2012-03-31": "", "2011-12-31": "$1,952", "2010-12-31": ""}}, "total-liabilities": {"IQVIA Holdings Annual Total Liabilities (Millions of US $)": {"2019": "$16,988", "2018": "$15,595", "2017": "$14,613", "2016": "$12,348", "2015": "$4,262", "2014": "$4,000", "2013": "$3,734", "2012": "$3,858", "2011": "$3,293", "2010": "$0"}, "IQVIA Holdings Quarterly Total Liabilities (Millions of US $)": {"2020-09-30": "$17,730", "2020-06-30": "$17,331", "2020-03-31": "$17,276", "2019-12-31": "$16,988", "2019-09-30": "$16,498", "2019-06-30": "$16,287", "2019-03-31": "$16,244", "2018-12-31": "$15,595", "2018-09-30": "$15,038", "2018-06-30": "$15,012", "2018-03-31": "$14,782", "2017-12-31": "$14,613", "2017-09-30": "$14,938", "2017-06-30": "$14,008", "2017-03-31": "$13,383", "2016-12-31": "$12,348", "2016-09-30": "$4,211", "2016-06-30": "$4,191", "2016-03-31": "$4,189", "2015-12-31": "$4,262", "2015-09-30": "$4,214", "2015-06-30": "$4,043", "2015-03-31": "$3,849", "2014-12-31": "$4,000", "2014-09-30": "$3,643", "2014-06-30": "$3,600", "2014-03-31": "$3,621", "2013-12-31": "$3,734", "2013-09-30": "$3,554", "2013-06-30": "$3,446", "2013-03-31": "$3,749", "2012-12-31": "$3,858", "2012-09-30": "$0", "2012-06-30": "$0", "2012-03-31": "$0", "2011-12-31": "$3,293", "2010-12-31": "$0"}}, "total-share-holder-equity": {"IQVIA Holdings Annual Share Holder Equity (Millions of US $)": {"2019": "$6,263", "2018": "$6,954", "2017": "$8,244", "2016": "$8,860", "2015": "$-336", "2014": "$-704", "2013": "$-667", "2012": "$-1,359", "2011": "$-970", "2010": "$0"}, "IQVIA Holdings Quarterly Share Holder Equity (Millions of US $)": {"2020-09-30": "$6,107", "2020-06-30": "$5,852", "2020-03-31": "$5,802", "2019-12-31": "$6,263", "2019-09-30": "$6,394", "2019-06-30": "$6,781", "2019-03-31": "$6,865", "2018-12-31": "$6,954", "2018-09-30": "$7,460", "2018-06-30": "$7,614", "2018-03-31": "$8,453", "2017-12-31": "$8,244", "2017-09-30": "$7,507", "2017-06-30": "$7,774", "2017-03-31": "$7,800", "2016-12-31": "$8,860", "2016-09-30": "$-82", "2016-06-30": "$-229", "2016-03-31": "$-206", "2015-12-31": "$-336", "2015-09-30": "$-180", "2015-06-30": "$-702", "2015-03-31": "$-612", "2014-12-31": "$-704", "2014-09-30": "$-536", "2014-06-30": "$-622", "2014-03-31": "$-560", "2013-12-31": "$-667", "2013-09-30": "$-712", "2013-06-30": "$-798", "2013-03-31": "$-1,322", "2012-12-31": "$-1,359", "2012-09-30": "$0", "2012-06-30": "$0", "2012-03-31": "$0", "2011-12-31": "$-970", "2010-12-31": "$0"}}, "profit-margins": {"current": "1.61%"}, "gross margin": {"2020-09-30": "34.02%", "2020-06-30": "33.44%", "2020-03-31": "33.89%", "2019-12-31": "34.16%", "2019-09-30": "34.37%", "2019-06-30": "34.92%", "2019-03-31": "35.04%", "2018-12-31": "35.21%", "2018-09-30": "35.47%", "2018-06-30": "35.32%", "2018-03-31": "35.11%", "2017-12-31": "35.05%", "2017-09-30": "34.55%", "2017-06-30": "33.62%", "2017-03-31": "32.36%", "2016-12-31": "30.33%", "2016-09-30": "28.69%", "2016-06-30": "28.52%", "2016-03-31": "28.35%", "2015-12-31": "28.25%", "2015-09-30": "28.04%", "2015-06-30": "27.45%", "2015-03-31": "27.42%", "2014-12-31": "27.51%", "2014-09-30": "26.81%", "2014-06-30": "27.12%", "2014-03-31": "26.70%", "2013-12-31": "26.22%", "2013-09-30": "25.84%", "2013-06-30": "25.20%", "2013-03-31": "25.33%", "2012-12-31": "25.31%"}, "operating margin": {"2020-09-30": "5.55%", "2020-06-30": "5.71%", "2020-03-31": "6.81%", "2019-12-31": "7.01%", "2019-09-30": "7.52%", "2019-06-30": "7.43%", "2019-03-31": "7.29%", "2018-12-31": "7.12%", "2018-09-30": "6.60%", "2018-06-30": "6.82%", "2018-03-31": "6.52%", "2017-12-31": "6.85%", "2017-09-30": "6.37%", "2017-06-30": "6.78%", "2017-03-31": "7.79%", "2016-12-31": "8.45%", "2016-09-30": "11.12%", "2016-06-30": "11.24%", "2016-03-31": "11.58%", "2015-12-31": "11.24%", "2015-09-30": "11.14%", "2015-06-30": "10.87%", "2015-03-31": "10.76%", "2014-12-31": "10.81%", "2014-09-30": "10.28%", "2014-06-30": "10.22%", "2014-03-31": "9.42%", "2013-12-31": "9.06%", "2013-09-30": "8.58%", "2013-06-30": "8.25%", "2013-03-31": "8.48%", "2012-12-31": "8.14%"}, "ebitda margin": {"2020-09-30": "17.17%", "2020-06-30": "17.16%", "2020-03-31": "17.89%", "2019-12-31": "17.97%", "2019-09-30": "18.50%", "2019-06-30": "18.43%", "2019-03-31": "18.35%", "2018-12-31": "18.18%", "2018-09-30": "17.69%", "2018-06-30": "17.77%", "2018-03-31": "17.74%", "2017-12-31": "17.81%", "2017-09-30": "16.92%", "2017-06-30": "16.25%", "2017-03-31": "14.95%", "2016-12-31": "13.59%", "2016-09-30": "14.02%", "2016-06-30": "13.74%", "2016-03-31": "14.18%", "2015-12-31": "13.82%", "2015-09-30": "13.63%", "2015-06-30": "13.26%", "2015-03-31": "13.11%", "2014-12-31": "13.15%", "2014-09-30": "12.66%", "2014-06-30": "12.63%", "2014-03-31": "11.97%", "2013-12-31": "11.59%", "2013-09-30": "11.06%", "2013-06-30": "10.71%", "2013-03-31": "10.75%", "2012-12-31": "10.38%"}, "pre tax profit margin": {"2020-09-30": "2.51%", "2020-06-30": "2.21%", "2020-03-31": "3.09%", "2019-12-31": "3.17%", "2019-09-30": "3.31%", "2019-06-30": "3.19%", "2019-03-31": "3.34%", "2018-12-31": "3.15%", "2018-09-30": "2.51%", "2018-06-30": "2.89%", "2018-03-31": "2.54%", "2017-12-31": "3.03%", "2017-09-30": "2.69%", "2017-06-30": "3.66%", "2017-03-31": "5.13%", "2016-12-31": "6.10%", "2016-09-30": "9.60%", "2016-06-30": "9.73%", "2016-03-31": "9.64%", "2015-12-31": "9.41%", "2015-09-30": "9.12%", "2015-06-30": "8.94%", "2015-03-31": "9.09%", "2014-12-31": "9.18%", "2014-09-30": "8.64%", "2014-06-30": "8.25%", "2014-03-31": "7.03%", "2013-12-31": "6.33%", "2013-09-30": "5.56%", "2013-06-30": "5.14%", "2013-03-31": "5.75%", "2012-12-31": "5.49%"}, "net profit margin": {"2020-09-30": "1.61%", "2020-06-30": "1.21%", "2020-03-31": "1.93%", "2019-12-31": "1.72%", "2019-09-30": "2.24%", "2019-06-30": "2.31%", "2019-03-31": "2.35%", "2018-12-31": "2.49%", "2018-09-30": "11.88%", "2018-06-30": "12.31%", "2018-03-31": "12.58%", "2017-12-31": "13.16%", "2017-09-30": "0.31%", "2017-06-30": "0.48%", "2017-03-31": "0.85%", "2016-12-31": "1.06%", "2016-09-30": "6.55%", "2016-06-30": "6.81%", "2016-03-31": "6.92%", "2015-12-31": "6.73%", "2015-09-30": "6.59%", "2015-06-30": "6.30%", "2015-03-31": "6.42%", "2014-12-31": "6.54%", "2014-09-30": "6.28%", "2014-06-30": "6.03%", "2014-03-31": "5.19%", "2013-12-31": "4.45%", "2013-09-30": "3.78%", "2013-06-30": "3.48%", "2013-03-31": "3.68%", "2012-12-31": "3.64%"}, "pe ratio": {"current": "33.65", "2021-02-05": "204.51", "2020-09-30": "173.22", "2020-06-30": "208.65", "2020-03-31": "98.05", "2019-12-31": "159.29", "2019-09-30": "122.44", "2019-06-30": "131.89", "2019-03-31": "118.88", "2018-12-31": "93.69", "2018-09-30": "21.92", "2018-06-30": "16.61", "2018-03-31": "16.19", "2017-12-31": "16.18", "2017-09-30": "327.83", "2017-06-30": "122.60", "2017-03-31": "73.21", "2016-12-31": "45.54", "2016-09-30": "24.87", "2016-06-30": "19.62", "2016-03-31": "19.79", "2015-12-31": "22.22", "2015-09-30": "23.74", "2015-06-30": "26.40", "2015-03-31": "24.62", "2014-12-31": "21.64", "2014-09-30": "21.62", "2014-06-30": "22.49", "2014-03-31": "25.01"}, "price sales": {"2021-02-05": "3.32", "2020-09-30": "2.81", "2020-06-30": "2.55", "2020-03-31": "1.92", "2019-12-31": "2.79", "2019-09-30": "2.78", "2019-06-30": "3.07", "2019-03-31": "2.82", "2018-12-31": "2.33", "2018-09-30": "2.69", "2018-06-30": "2.13", "2018-03-31": "2.17", "2017-12-31": "2.26", "2017-09-30": "2.03", "2017-06-30": "1.87", "2017-03-31": "1.61", "2016-12-31": "1.45", "2016-09-30": "1.64", "2016-06-30": "1.35", "2016-03-31": "1.38", "2015-12-31": "1.51", "2015-09-30": "1.58", "2015-06-30": "1.67", "2015-03-31": "1.59", "2014-12-31": "1.42", "2014-09-30": "1.34", "2014-06-30": "1.34", "2014-03-31": "1.27"}, "price book": {"current": "5.84", "2021-02-05": "5.84", "2020-09-30": "4.95", "2020-06-30": "4.64", "2020-03-31": "3.55", "2019-12-31": "4.74", "2019-09-30": "4.53", "2019-06-30": "4.65", "2019-03-31": "4.13", "2018-12-31": "3.30", "2018-09-30": "3.52", "2018-06-30": "2.65", "2018-03-31": "2.41", "2017-12-31": "2.47", "2017-09-30": "2.99", "2017-06-30": "2.49", "2017-03-31": "2.27", "2016-12-31": "2.02", "2016-09-30": "-118.13", "2016-06-30": "-33.84", "2016-03-31": "-37.82", "2015-12-31": "-24.40", "2015-09-30": "-47.59", "2015-06-30": "-12.69", "2015-03-31": "-13.67", "2014-12-31": "-10.38", "2014-09-30": "-13.28", "2014-06-30": "-10.90", "2014-03-31": "-11.80", "2013-12-31": "-9.00", "2013-09-30": "-8.13", "2013-06-30": "-6.88"}, "price fcf": {"2021-02-05": "", "2020-09-30": "$6.17", "2020-06-30": "$4.99", "2020-03-31": "$4.43", "2019-12-31": "$4.18", "2019-09-30": "$3.28", "2019-06-30": "$3.45", "2019-03-31": "$3.24", "2018-12-31": "$3.82", "2018-09-30": "$3.05", "2018-06-30": "$3.55", "2018-03-31": "$3.24", "2017-12-31": "$2.70", "2017-09-30": "$3.96", "2017-06-30": "$4.34", "2017-03-31": "$3.78", "2016-12-31": "$4.58", "2016-09-30": "$4.24", "2016-06-30": "$4.32", "2016-03-31": "$4.51", "2015-12-31": "$3.17", "2015-09-30": "$3.46", "2015-06-30": "$2.29", "2015-03-31": "$2.38", "2014-12-31": "$2.67", "2014-09-30": "$2.52", "2014-06-30": "$2.88", "2014-03-31": "$2.05"}, "net worth": {"value": "$35.68B"}, "current ratio": {"current": "1.12", "2020-09-30": "1.12", "2020-06-30": "1.10", "2020-03-31": "1.10", "2019-12-31": "1.05", "2019-09-30": "1.12", "2019-06-30": "1.14", "2019-03-31": "1.14", "2018-12-31": "1.10", "2018-09-30": "1.09", "2018-06-30": "1.13", "2018-03-31": "1.16", "2017-12-31": "1.13", "2017-09-30": "1.22", "2017-06-30": "1.23", "2017-03-31": "1.20", "2016-12-31": "1.23", "2016-09-30": "1.63", "2016-06-30": "1.52", "2016-03-31": "1.54", "2015-12-31": "1.51", "2015-09-30": "1.65", "2015-06-30": "1.64", "2015-03-31": "1.59", "2014-12-31": "1.46", "2014-09-30": "1.36", "2014-06-30": "1.38", "2014-03-31": "1.42", "2013-12-31": "1.31", "2013-09-30": "1.29", "2013-06-30": "1.35", "2013-03-31": "1.18", "2012-12-31": "1.15", "2012-09-30": "0.00", "2012-06-30": "0.00", "2012-03-31": "0.00", "2011-12-31": "1.15", "2010-12-31": "0.00"}, "quick ratio": {"2020-09-30": "0.00", "2020-06-30": "0.00", "2020-03-31": "0.00", "2019-12-31": "0.00", "2019-09-30": "0.00", "2019-06-30": "0.00", "2019-03-31": "0.00", "2018-12-31": "0.00", "2018-09-30": "0.00", "2018-06-30": "0.00", "2018-03-31": "0.00", "2017-12-31": "0.00", "2017-09-30": "0.00", "2017-06-30": "0.00", "2017-03-31": "0.00", "2016-12-31": "0.00", "2016-09-30": "0.00", "2016-06-30": "0.00", "2016-03-31": "0.00", "2015-12-31": "0.00", "2015-09-30": "0.00", "2015-06-30": "0.00", "2015-03-31": "0.00", "2014-12-31": "0.00", "2014-09-30": "0.00", "2014-06-30": "0.00", "2014-03-31": "0.00", "2013-12-31": "0.00", "2013-09-30": "0.00", "2013-06-30": "0.00", "2013-03-31": "0.00", "2012-12-31": "0.00", "2012-09-30": "0.00", "2012-06-30": "0.00", "2012-03-31": "0.00", "2011-12-31": "0.00", "2010-12-31": "0.00"}, "debt equity ratio": {"current": "2.00", "2020-09-30": "2.90", "2020-06-30": "2.96", "2020-03-31": "2.98", "2019-12-31": "2.71", "2019-09-30": "2.58", "2019-06-30": "2.40", "2019-03-31": "2.37", "2018-12-31": "2.24", "2018-09-30": "2.02", "2018-06-30": "1.97", "2018-03-31": "1.75", "2017-12-31": "1.77", "2017-09-30": "1.99", "2017-06-30": "1.80", "2017-03-31": "1.72", "2016-12-31": "1.39", "2016-09-30": "-51.40", "2016-06-30": "-18.33", "2016-03-31": "-20.34", "2015-12-31": "-12.69", "2015-09-30": "-23.42", "2015-06-30": "-5.76", "2015-03-31": "-6.29", "2014-12-31": "-5.68", "2014-09-30": "-6.79", "2014-06-30": "-5.79", "2014-03-31": "-6.47", "2013-12-31": "-5.60", "2013-09-30": "-4.99", "2013-06-30": "-4.32", "2013-03-31": "-2.84", "2012-12-31": "-2.84", "2012-09-30": "0.00", "2012-06-30": "0.00", "2012-03-31": "0.00", "2011-12-31": "-3.40", "2010-12-31": "0.00"}, "return on equity": {"2020-09-30": "2.93%", "2020-06-30": "2.17%", "2020-03-31": "3.41%", "2019-12-31": "2.90%", "2019-09-30": "3.62%", "2019-06-30": "3.52%", "2019-03-31": "3.43%", "2018-12-31": "3.40%", "2018-09-30": "15.32%", "2018-06-30": "15.65%", "2018-03-31": "15.59%", "2017-12-31": "16.31%", "2017-09-30": "0.36%", "2017-06-30": "0.67%", "2017-03-31": "1.59%", "2016-12-31": "3.45%", "2016-09-30": "-186.17%", "2016-06-30": "-171.61%", "2016-03-31": "-114.33%", "2015-12-31": "-84.37%", "2015-09-30": "-67.52%", "2015-06-30": "-55.29%", "2015-03-31": "-57.07%", "2014-12-31": "-58.96%", "2014-09-30": "-57.19%", "2014-06-30": "-49.20%", "2014-03-31": "-39.31%", "2013-12-31": "-25.95%", "2013-09-30": "-18.04%", "2013-06-30": "-20.01%", "2013-03-31": "-27.15%", "2012-12-31": "-52.10%"}, "return on assets": {"2020-09-30": "0.75%", "2020-06-30": "0.57%", "2020-03-31": "0.93%", "2019-12-31": "0.83%", "2019-09-30": "1.07%", "2019-06-30": "1.08%", "2019-03-31": "1.09%", "2018-12-31": "1.14%", "2018-09-30": "5.34%", "2018-06-30": "5.46%", "2018-03-31": "5.52%", "2017-12-31": "5.79%", "2017-09-30": "0.13%", "2017-06-30": "0.24%", "2017-03-31": "0.52%", "2016-12-31": "0.87%", "2016-09-30": "9.92%", "2016-06-30": "10.26%", "2016-03-31": "10.65%", "2015-12-31": "10.62%", "2015-09-30": "10.67%", "2015-06-30": "10.88%", "2015-03-31": "11.19%", "2014-12-31": "11.48%", "2014-09-30": "11.17%", "2014-06-30": "10.54%", "2014-03-31": "9.26%", "2013-12-31": "8.27%", "2013-09-30": "7.26%", "2013-06-30": "9.19%", "2013-03-31": "14.78%", "2012-12-31": "28.33%"}, "return on investments": {"2020-09-30": "3.40%", "2020-06-30": "3.51%", "2020-03-31": "4.26%", "2019-12-31": "4.33%", "2019-09-30": "4.56%", "2019-06-30": "4.42%", "2019-03-31": "4.26%", "2018-12-31": "4.07%", "2018-09-30": "3.68%", "2018-06-30": "3.80%", "2018-03-31": "3.64%", "2017-12-31": "3.90%", "2017-09-30": "3.66%", "2017-06-30": "4.51%", "2017-03-31": "6.57%", "2016-12-31": "10.17%", "2016-09-30": "30.78%", "2016-06-30": "30.92%", "2016-03-31": "32.92%", "2015-12-31": "33.30%", "2015-09-30": "34.62%", "2015-06-30": "37.59%", "2015-03-31": "38.53%", "2014-12-31": "39.72%", "2014-09-30": "38.95%", "2014-06-30": "38.31%", "2014-03-31": "36.03%", "2013-12-31": "37.13%", "2013-09-30": "37.18%", "2013-06-30": "50.27%", "2013-03-31": "82.20%", "2012-12-31": "157.30%"}, "return on tangible equity": {"2020-09-30": "-1.53%", "2020-06-30": "-1.16%", "2020-03-31": "-1.92%", "2019-12-31": "-1.73%", "2019-09-30": "-2.24%", "2019-06-30": "-2.30%", "2019-03-31": "-2.33%", "2018-12-31": "-2.47%", "2018-09-30": "-11.78%", "2018-06-30": "-11.99%", "2018-03-31": "-12.16%", "2017-12-31": "-12.66%", "2017-09-30": "-0.30%", "2017-06-30": "-0.57%", "2017-03-31": "-1.29%", "2016-12-31": "-2.41%", "2016-09-30": "-30.96%", "2016-06-30": "-30.86%", "2016-03-31": "-30.04%", "2015-12-31": "-28.19%", "2015-09-30": "-26.97%", "2015-06-30": "-25.59%", "2015-03-31": "-26.14%", "2014-12-31": "-26.87%", "2014-09-30": "-26.03%", "2014-06-30": "-23.41%", "2014-03-31": "-19.80%", "2013-12-31": "-14.96%", "2013-09-30": "-11.41%", "2013-06-30": "-13.40%", "2013-03-31": "-19.02%", "2012-12-31": "-36.61%"}, "dividend yield history": {"last payout": "$0.00", "last yield": "0.00%"}}