{"ticker": "IRM", "price": {"title": "Iron Mountain Historical Annual Stock Price Data", "value": 33.24, "historical": {"2021": {"Average Stock Price": "31.2279", "Year Open": "28.6600", "Year High": "37.0100", "Year Low": "28.0000", "Year Close": "33.2400", "Annual % Change": "12.75%"}, "2020": {"Average Stock Price": "27.9225", "Year Open": "30.4100", "Year High": "34.4500", "Year Low": "21.5200", "Year Close": "29.4800", "Annual % Change": "-7.50%"}, "2019": {"Average Stock Price": "33.0448", "Year Open": "32.1000", "Year High": "37.2000", "Year Low": "29.4100", "Year Close": "31.8700", "Annual % Change": "-1.67%"}, "2018": {"Average Stock Price": "33.9757", "Year Open": "37.6100", "Year High": "37.6100", "Year Low": "30.4800", "Year Close": "32.4100", "Annual % Change": "-14.10%"}, "2017": {"Average Stock Price": "36.8639", "Year Open": "33.1000", "Year High": "41.4400", "Year Low": "33.1000", "Year Close": "37.7300", "Annual % Change": "16.16%"}, "2016": {"Average Stock Price": "34.3029", "Year Open": "26.8400", "Year High": "41.2500", "Year Low": "24.5600", "Year Close": "32.4800", "Annual % Change": "20.25%"}, "2015": {"Average Stock Price": "33.1275", "Year Open": "38.9600", "Year High": "41.0900", "Year Low": "26.1300", "Year Close": "27.0100", "Annual % Change": "-30.13%"}, "2014": {"Average Stock Price": "32.1518", "Year Open": "29.4900", "Year High": "40.2700", "Year Low": "25.9000", "Year Close": "38.6600", "Annual % Change": "27.38%"}, "2013": {"Average Stock Price": "31.1157", "Year Open": "32.0800", "Year High": "39.5400", "Year Low": "25.3000", "Year Close": "30.3500", "Annual % Change": "-2.25%"}, "2012": {"Average Stock Price": "31.6732", "Year Open": "31.0100", "Year High": "37.6900", "Year Low": "27.4100", "Year Close": "31.0500", "Annual % Change": "0.81%"}, "2011": {"Average Stock Price": "30.5897", "Year Open": "24.8600", "Year High": "35.4000", "Year Low": "24.3900", "Year Close": "30.8000", "Annual % Change": "23.15%"}, "2010": {"Average Stock Price": "23.7293", "Year Open": "22.8900", "Year High": "28.3900", "Year Low": "20.2500", "Year Close": "25.0100", "Annual % Change": "9.89%"}, "2009": {"Average Stock Price": "25.5548", "Year Open": "24.7900", "Year High": "31.9500", "Year Low": "17.0700", "Year Close": "22.7600", "Annual % Change": "-7.97%"}, "2008": {"Average Stock Price": "27.1419", "Year Open": "35.9100", "Year High": "36.0400", "Year Low": "17.6400", "Year Close": "24.7300", "Annual % Change": "-33.20%"}, "2007": {"Average Stock Price": "29.3747", "Year Open": "27.5100", "Year High": "38.5400", "Year Low": "25.5400", "Year Close": "37.0200", "Annual % Change": "34.33%"}, "2006": {"Average Stock Price": "26.8698", "Year Open": "28.0333", "Year High": "29.8533", "Year Low": "22.9400", "Year Close": "27.5600", "Annual % Change": "-2.08%"}, "2005": {"Average Stock Price": "22.1143", "Year Open": "19.8733", "Year High": "29.8133", "Year Low": "18.0133", "Year Close": "28.1467", "Annual % Change": "38.47%"}, "2004": {"Average Stock Price": "20.4705", "Year Open": "17.4267", "Year High": "23.3667", "Year Low": "17.4267", "Year Close": "20.3267", "Annual % Change": "15.67%"}, "2003": {"Average Stock Price": "16.3825", "Year Open": "14.7778", "Year High": "17.9156", "Year Low": "13.8000", "Year Close": "17.5733", "Annual % Change": "19.78%"}, "2002": {"Average Stock Price": "13.1985", "Year Open": "13.1067", "Year High": "14.9111", "Year Low": "9.5244", "Year Close": "14.6711", "Annual % Change": "13.05%"}, "2001": {"Average Stock Price": "11.9235", "Year Open": "9.7778", "Year High": "13.5200", "Year Low": "9.7778", "Year Close": "12.9778", "Annual % Change": "17.96%"}, "2000": {"Average Stock Price": "9.9228", "Year Open": "10.5748", "Year High": "11.0015", "Year Low": "8.6489", "Year Close": "11.0015", "Annual % Change": "-5.55%"}, "1999": {"Average Stock Price": "9.1972", "Year Open": "10.1481", "Year High": "11.6474", "Year Low": "7.5378", "Year Close": "11.6474", "Annual % Change": "9.01%"}, "1998": {"Average Stock Price": "8.0099", "Year Open": "7.1111", "Year High": "10.6844", "Year Low": "6.3210", "Year Close": "10.6844", "Annual % Change": "50.25%"}, "1997": {"Average Stock Price": "6.1043", "Year Open": "6.0247", "Year High": "7.8025", "Year Low": "4.5926", "Year Close": "7.1111", "Annual % Change": "19.01%"}}}, "market cap": {"value": "$9.62B"}, "income statement": {"Revenue": {"2019-12-31": "4262.58400", "2018-12-31": "4225.76100", "2017-12-31": "3845.57800", "2016-12-31": "3511.45300", "2015-12-31": "3007.97600", "2014-12-31": "3117.69300", "2013-12-31": "3024.62300", "2012-12-31": "3003.95500", "2011-12-31": "3014.70300", "2010-12-31": "2892.34900", "2009-12-31": "2774.38400", "2008-12-31": "3055.13400", "2007-12-31": "2730.03500", "2006-12-31": "2350.34200", "2005-12-31": "2078.15500"}, "Cost Of Goods Sold": {"2019-12-31": "1833.31500", "2018-12-31": "1793.95400", "2017-12-31": "1664.82500", "2016-12-31": "1567.77700", "2015-12-31": "1290.02500", "2014-12-31": "1344.63600", "2013-12-31": "1288.87800", "2012-12-31": "1277.11300", "2011-12-31": "1245.20000", "2010-12-31": "1192.86200", "2009-12-31": "1201.87100", "2008-12-31": "1382.01900", "2007-12-31": "1260.12000", "2006-12-31": "1074.26800", "2005-12-31": "938.23900"}, "Gross Profit": {"2019-12-31": "2429.26900", "2018-12-31": "2431.80700", "2017-12-31": "2180.75300", "2016-12-31": "1943.67600", "2015-12-31": "1717.95100", "2014-12-31": "1773.05700", "2013-12-31": "1735.74500", "2012-12-31": "1726.84200", "2011-12-31": "1769.50300", "2010-12-31": "1699.48700", "2009-12-31": "1572.51300", "2008-12-31": "1673.11500", "2007-12-31": "1469.91500", "2006-12-31": "1276.07400", "2005-12-31": "1139.91600"}, "Research And Development Expenses": {"2019-12-31": "", "2018-12-31": "", "2017-12-31": "", "2016-12-31": "", "2015-12-31": "", "2014-12-31": "", "2013-12-31": "", "2012-12-31": "", "2011-12-31": "", "2010-12-31": "", "2009-12-31": "", "2008-12-31": "", "2007-12-31": "", "2006-12-31": "", "2005-12-31": ""}, "SG&A Expenses": {"2019-12-31": "991.66400", "2018-12-31": "1006.98300", "2017-12-31": "937.18000", "2016-12-31": "988.33200", "2015-12-31": "844.96000", "2014-12-31": "869.57200", "2013-12-31": "924.03100", "2012-12-31": "850.37100", "2011-12-31": "834.59100", "2010-12-31": "772.81100", "2009-12-31": "749.93400", "2008-12-31": "882.36400", "2007-12-31": "771.37500", "2006-12-31": "670.07400", "2005-12-31": "569.69500"}, "Other Operating Income Or Expenses": {"2019-12-31": "63.82400", "2018-12-31": "73.62200", "2017-12-31": "-2.24500", "2016-12-31": "-1.41200", "2015-12-31": "-3.00000", "2014-12-31": "-1.06500", "2013-12-31": "-0.43000", "2012-12-31": "-4.66100", "2011-12-31": "-44.21400", "2010-12-31": "-74.92200", "2009-12-31": "-0.16800", "2008-12-31": "-7.48300", "2007-12-31": "5.47200", "2006-12-31": "9.56000", "2005-12-31": "3.48500"}, "Operating Expenses": {"2019-12-31": "3481.24600", "2018-12-31": "3417.49400", "2017-12-31": "3211.52700", "2016-12-31": "3009.84700", "2015-12-31": "2483.44900", "2014-12-31": "2568.41600", "2013-12-31": "2535.37600", "2012-12-31": "2448.48900", "2011-12-31": "2443.50400", "2010-12-31": "2344.80000", "2009-12-31": "2229.15900", "2008-12-31": "2562.60400", "2007-12-31": "2275.31700", "2006-12-31": "1943.15500", "2005-12-31": "1691.37100"}, "Operating Income": {"2019-12-31": "781.33810", "2018-12-31": "808.26730", "2017-12-31": "634.05100", "2016-12-31": "501.60570", "2015-12-31": "524.52710", "2014-12-31": "549.27710", "2013-12-31": "489.24710", "2012-12-31": "555.46610", "2011-12-31": "571.19870", "2010-12-31": "547.54930", "2009-12-31": "545.22510", "2008-12-31": "492.53000", "2007-12-31": "454.71780", "2006-12-31": "407.18710", "2005-12-31": "386.78410"}, "Total Non-Operating Income/Expense": {"2019-12-31": "-453.19600", "2018-12-31": "-397.95600", "2017-12-31": "-433.07400", "2016-12-31": "-354.96200", "2015-12-31": "-362.46100", "2014-12-31": "-325.90400", "2013-12-31": "-329.37600", "2012-12-31": "-258.66100", "2011-12-31": "-218.29900", "2010-12-31": "-213.32700", "2009-12-31": "-199.94600", "2008-12-31": "-267.66300", "2007-12-31": "-231.69400", "2006-12-31": "-182.96900", "2005-12-31": "-189.76600"}, "Pre-Tax Income": {"2019-12-31": "328.14200", "2018-12-31": "410.31100", "2017-12-31": "200.97700", "2016-12-31": "146.64400", "2015-12-31": "162.06600", "2014-12-31": "223.37300", "2013-12-31": "159.87100", "2012-12-31": "296.80500", "2011-12-31": "352.90000", "2010-12-31": "334.22200", "2009-12-31": "345.27900", "2008-12-31": "224.86700", "2007-12-31": "223.02400", "2006-12-31": "224.21800", "2005-12-31": "197.01800"}, "Income Taxes": {"2019-12-31": "59.93100", "2018-12-31": "42.75300", "2017-12-31": "22.96200", "2016-12-31": "44.94400", "2015-12-31": "37.71300", "2014-12-31": "-97.27500", "2013-12-31": "62.12700", "2012-12-31": "114.30400", "2011-12-31": "106.48800", "2010-12-31": "167.48300", "2009-12-31": "113.76200", "2008-12-31": "142.92400", "2007-12-31": "69.01000", "2006-12-31": "93.79500", "2005-12-31": "81.48400"}, "Income After Taxes": {"2019-12-31": "268.21100", "2018-12-31": "367.55800", "2017-12-31": "178.01500", "2016-12-31": "101.70000", "2015-12-31": "124.35300", "2014-12-31": "320.64800", "2013-12-31": "97.74400", "2012-12-31": "182.50100", "2011-12-31": "246.41200", "2010-12-31": "166.73900", "2009-12-31": "231.51700", "2008-12-31": "81.94300", "2007-12-31": "154.01400", "2006-12-31": "130.42300", "2005-12-31": "115.53400"}, "Other Income": {"2019-12-31": "", "2018-12-31": "", "2017-12-31": "", "2016-12-31": "2.18000", "2015-12-31": "0.85000", "2014-12-31": "8.30700", "2013-12-31": "1.41700", "2012-12-31": "0.20600", "2011-12-31": "", "2010-12-31": "", "2009-12-31": "", "2008-12-31": "", "2007-12-31": "", "2006-12-31": "", "2005-12-31": ""}, "Income From Continuous Operations": {"2019-12-31": "268.21100", "2018-12-31": "367.55800", "2017-12-31": "178.01500", "2016-12-31": "103.88000", "2015-12-31": "125.20300", "2014-12-31": "328.95500", "2013-12-31": "99.16100", "2012-12-31": "182.70700", "2011-12-31": "246.41200", "2010-12-31": "166.73900", "2009-12-31": "231.51700", "2008-12-31": "81.94300", "2007-12-31": "153.09400", "2006-12-31": "128.86300", "2005-12-31": "113.85000"}, "Income From Discontinued Operations": {"2019-12-31": "0.10400", "2018-12-31": "-12.42700", "2017-12-31": "-6.29100", "2016-12-31": "3.35300", "2015-12-31": "", "2014-12-31": "-0.20900", "2013-12-31": "0.83100", "2012-12-31": "-8.65900", "2011-12-31": "153.18000", "2010-12-31": "-219.41700", "2009-12-31": "-12.13800", "2008-12-31": "", "2007-12-31": "", "2006-12-31": "", "2005-12-31": ""}, "Net Income": {"2019-12-31": "267.37700", "2018-12-31": "353.93300", "2017-12-31": "170.11300", "2016-12-31": "104.82400", "2015-12-31": "123.24100", "2014-12-31": "326.11900", "2013-12-31": "96.46200", "2012-12-31": "170.92200", "2011-12-31": "395.53800", "2010-12-31": "-57.58600", "2009-12-31": "217.95000", "2008-12-31": "82.03700", "2007-12-31": "153.09400", "2006-12-31": "128.86300", "2005-12-31": "111.09900"}, "EBITDA": {"2019-12-31": "1456.27900", "2018-12-31": "1463.45600", "2017-12-31": "1174.40000", "2016-12-31": "967.08270", "2015-12-31": "879.24010", "2014-12-31": "910.42910", "2013-12-31": "818.54210", "2012-12-31": "878.75810", "2011-12-31": "943.51570", "2010-12-31": "943.02030", "2009-12-31": "827.52810", "2008-12-31": "788.25000", "2007-12-31": "709.37280", "2006-12-31": "621.02310", "2005-12-31": "578.65700"}, "EBIT": {"2019-12-31": "781.33810", "2018-12-31": "808.26730", "2017-12-31": "634.05100", "2016-12-31": "501.60570", "2015-12-31": "524.52710", "2014-12-31": "549.27710", "2013-12-31": "489.24710", "2012-12-31": "555.46610", "2011-12-31": "571.19870", "2010-12-31": "547.54930", "2009-12-31": "545.22510", "2008-12-31": "492.53000", "2007-12-31": "454.71780", "2006-12-31": "407.18710", "2005-12-31": "386.78410"}, "Basic Shares Outstanding": {"2019-12-31": "286.97100", "2018-12-31": "285.91300", "2017-12-31": "265.89800", "2016-12-31": "246.17800", "2015-12-31": "210.76400", "2014-12-31": "195.27800", "2013-12-31": "190.99400", "2012-12-31": "173.60400", "2011-12-31": "194.77700", "2010-12-31": "201.99100", "2009-12-31": "202.81200", "2008-12-31": "201.27900", "2007-12-31": "199.93800", "2006-12-31": "198.11600", "2005-12-31": "195.98800"}, "Shares Outstanding": {"2019-12-31": "287.68700", "2018-12-31": "286.65300", "2017-12-31": "266.84500", "2016-12-31": "247.26700", "2015-12-31": "212.11800", "2014-12-31": "196.74900", "2013-12-31": "192.41200", "2012-12-31": "174.86700", "2011-12-31": "195.93800", "2010-12-31": "201.99100", "2009-12-31": "204.27100", "2008-12-31": "203.29000", "2007-12-31": "202.06200", "2006-12-31": "200.46300", "2005-12-31": "198.10400"}, "Basic EPS": {"2019-12-31": "0.93000", "2018-12-31": "1.24000", "2017-12-31": "0.64000", "2016-12-31": "0.43000", "2015-12-31": "0.58000", "2014-12-31": "1.67000", "2013-12-31": "0.51000", "2012-12-31": "0.98000", "2011-12-31": "2.03000", "2010-12-31": "-0.29000", "2009-12-31": "1.07000", "2008-12-31": "0.41000", "2007-12-31": "0.77000", "2006-12-31": "0.65000", "2005-12-31": "0.57000"}, "EPS - Earnings Per Share": {"2019-12-31": "0.93000", "2018-12-31": "1.23000", "2017-12-31": "0.64000", "2016-12-31": "0.42000", "2015-12-31": "0.58000", "2014-12-31": "1.66000", "2013-12-31": "0.50000", "2012-12-31": "0.98000", "2011-12-31": "2.02000", "2010-12-31": "-0.29000", "2009-12-31": "1.07000", "2008-12-31": "0.40000", "2007-12-31": "0.76000", "2006-12-31": "0.64000", "2005-12-31": "0.56000"}}, "income statement, quarterly": {"Revenue": {"2020-09-30": "1036.64700", "2020-06-30": "982.23900", "2020-03-31": "1068.73100", "2019-12-31": "1079.59000", "2019-09-30": "1062.22400", "2019-06-30": "1066.90700", "2019-03-31": "1053.86300", "2018-12-31": "1061.48900", "2018-09-30": "1060.99100", "2018-06-30": "1060.82300", "2018-03-31": "1042.45800", "2017-12-31": "991.23500", "2017-09-30": "965.66100", "2017-06-30": "949.80600", "2017-03-31": "938.87600", "2016-12-31": "934.19280", "2016-09-30": "942.82200", "2016-06-30": "883.74800", "2016-03-31": "750.69000", "2015-12-31": "752.42700", "2015-09-30": "746.52900", "2015-06-30": "759.73400", "2015-03-31": "749.28600", "2014-12-31": "777.97800", "2014-09-30": "782.69700", "2014-06-30": "786.89200", "2014-03-31": "770.12600", "2013-12-31": "767.88210", "2013-09-30": "755.31400", "2013-06-30": "754.39600", "2013-03-31": "747.03100", "2012-12-31": "757.16710", "2012-09-30": "748.12500", "2012-06-30": "752.16500", "2012-03-31": "746.49800", "2011-12-31": "741.83700", "2011-09-30": "768.30600", "2011-06-30": "758.55100", "2011-03-31": "746.00900", "2010-12-31": "659.92810", "2010-09-30": "731.13200", "2010-06-30": "724.78300", "2010-03-31": "776.50600", "2009-12-31": "540.12490", "2009-09-30": "764.88500", "2009-06-30": "746.02800", "2009-03-31": "723.34600", "2008-12-31": "752.55500", "2008-09-30": "784.33800", "2008-06-30": "768.85700", "2008-03-31": "749.38400", "2007-12-31": "727.00090", "2007-09-30": "701.83300", "2007-06-30": "668.68900", "2007-03-31": "632.51200", "2006-12-31": "609.50710", "2006-09-30": "595.61000", "2006-06-30": "581.56800", "2006-03-31": "563.65700", "2005-12-31": "538.35510", "2005-09-30": "526.47200", "2005-06-30": "511.92200", "2005-03-31": "501.40600"}, "Cost Of Goods Sold": {"2020-09-30": "434.50500", "2020-06-30": "406.69300", "2020-03-31": "466.92100", "2019-12-31": "459.48790", "2019-09-30": "449.37200", "2019-06-30": "463.80900", "2019-03-31": "460.64600", "2018-12-31": "445.75100", "2018-09-30": "448.01800", "2018-06-30": "451.46400", "2018-03-31": "448.72100", "2017-12-31": "405.50690", "2017-09-30": "418.32700", "2017-06-30": "414.28400", "2017-03-31": "426.70700", "2016-12-31": "416.21500", "2016-09-30": "429.80800", "2016-06-30": "395.64900", "2016-03-31": "326.10500", "2015-12-31": "324.42510", "2015-09-30": "317.66300", "2015-06-30": "326.28300", "2015-03-31": "321.65400", "2014-12-31": "337.02400", "2014-09-30": "335.50600", "2014-06-30": "336.96100", "2014-03-31": "335.14500", "2013-12-31": "336.08100", "2013-09-30": "310.66500", "2013-06-30": "321.05600", "2013-03-31": "321.07600", "2012-12-31": "338.41100", "2012-09-30": "310.34400", "2012-06-30": "313.06000", "2012-03-31": "315.29800", "2011-12-31": "315.30700", "2011-09-30": "306.36100", "2011-06-30": "307.57700", "2011-03-31": "315.95500", "2010-12-31": "273.32710", "2010-09-30": "299.62200", "2010-06-30": "294.68100", "2010-03-31": "325.23200", "2009-12-31": "250.72300", "2009-09-30": "321.47000", "2009-06-30": "312.69800", "2009-03-31": "316.98000", "2008-12-31": "335.04610", "2008-09-30": "352.25100", "2008-06-30": "346.97100", "2008-03-31": "347.75100", "2007-12-31": "334.55400", "2007-09-30": "322.59800", "2007-06-30": "307.96300", "2007-03-31": "295.00500", "2006-12-31": "275.38300", "2006-09-30": "277.22700", "2006-06-30": "259.29000", "2006-03-31": "262.36800", "2005-12-31": "242.10900", "2005-09-30": "237.41400", "2005-06-30": "228.08800", "2005-03-31": "230.62800"}, "Gross Profit": {"2020-09-30": "602.14200", "2020-06-30": "575.54600", "2020-03-31": "601.80990", "2019-12-31": "620.10190", "2019-09-30": "612.85200", "2019-06-30": "603.09800", "2019-03-31": "593.21700", "2018-12-31": "615.73820", "2018-09-30": "612.97300", "2018-06-30": "609.35900", "2018-03-31": "593.73700", "2017-12-31": "585.72800", "2017-09-30": "547.33400", "2017-06-30": "535.52200", "2017-03-31": "512.16890", "2016-12-31": "517.97780", "2016-09-30": "513.01400", "2016-06-30": "488.09900", "2016-03-31": "424.58500", "2015-12-31": "428.00190", "2015-09-30": "428.86600", "2015-06-30": "433.45100", "2015-03-31": "427.63200", "2014-12-31": "440.95400", "2014-09-30": "447.19100", "2014-06-30": "449.93100", "2014-03-31": "434.98100", "2013-12-31": "431.80110", "2013-09-30": "444.64900", "2013-06-30": "433.34000", "2013-03-31": "425.95500", "2012-12-31": "418.75600", "2012-09-30": "437.78100", "2012-06-30": "439.10500", "2012-03-31": "431.20000", "2011-12-31": "426.53000", "2011-09-30": "461.94500", "2011-06-30": "450.97400", "2011-03-31": "430.05400", "2010-12-31": "386.60100", "2010-09-30": "431.51000", "2010-06-30": "430.10200", "2010-03-31": "451.27400", "2009-12-31": "289.40190", "2009-09-30": "443.41500", "2009-06-30": "433.33000", "2009-03-31": "406.36600", "2008-12-31": "417.50890", "2008-09-30": "432.08700", "2008-06-30": "421.88600", "2008-03-31": "401.63300", "2007-12-31": "392.44700", "2007-09-30": "379.23500", "2007-06-30": "360.72600", "2007-03-31": "337.50700", "2006-12-31": "334.12410", "2006-09-30": "318.38300", "2006-06-30": "322.27800", "2006-03-31": "301.28900", "2005-12-31": "296.24610", "2005-09-30": "289.05800", "2005-06-30": "283.83400", "2005-03-31": "270.77800"}, "Research And Development Expenses": {"2020-09-30": "", "2020-06-30": "", "2020-03-31": "", "2019-12-31": "", "2019-09-30": "", "2019-06-30": "", "2019-03-31": "", "2018-12-31": "", "2018-09-30": "", "2018-06-30": "", "2018-03-31": "", "2017-12-31": "", "2017-09-30": "", "2017-06-30": "", "2017-03-31": "", "2016-12-31": "", "2016-09-30": "", "2016-06-30": "", "2016-03-31": "", "2015-12-31": "", "2015-09-30": "", "2015-06-30": "", "2015-03-31": "", "2014-12-31": "", "2014-09-30": "", "2014-06-30": "", "2014-03-31": "", "2013-12-31": "", "2013-09-30": "", "2013-06-30": "", "2013-03-31": "", "2012-12-31": "", "2012-09-30": "", "2012-06-30": "", "2012-03-31": "", "2011-12-31": "", "2011-09-30": "", "2011-06-30": "", "2011-03-31": "", "2010-12-31": "", "2010-09-30": "", "2010-06-30": "", "2010-03-31": "", "2009-12-31": "", "2009-09-30": "", "2009-06-30": "", "2009-03-31": "", "2008-12-31": "", "2008-09-30": "", "2008-06-30": "", "2008-03-31": "", "2007-12-31": "", "2007-09-30": "", "2007-06-30": "", "2007-03-31": "", "2006-12-31": "", "2006-09-30": "", "2006-06-30": "", "2006-03-31": "", "2005-12-31": "", "2005-09-30": "", "2005-06-30": "", "2005-03-31": ""}, "SG&A Expenses": {"2020-09-30": "232.09500", "2020-06-30": "241.94700", "2020-03-31": "238.73300", "2019-12-31": "233.64600", "2019-09-30": "237.15100", "2019-06-30": "252.15600", "2019-03-31": "268.71100", "2018-12-31": "225.09890", "2018-09-30": "259.92900", "2018-06-30": "252.22500", "2018-03-31": "269.73000", "2017-12-31": "217.21200", "2017-09-30": "242.35700", "2017-06-30": "237.44500", "2017-03-31": "240.16600", "2016-12-31": "250.54490", "2016-09-30": "252.94400", "2016-06-30": "277.07700", "2016-03-31": "207.76600", "2015-12-31": "216.96800", "2015-09-30": "215.69300", "2015-06-30": "215.88500", "2015-03-31": "196.41400", "2014-12-31": "224.64800", "2014-09-30": "216.33700", "2014-06-30": "213.80700", "2014-03-31": "214.78000", "2013-12-31": "250.84400", "2013-09-30": "225.20500", "2013-06-30": "224.53100", "2013-03-31": "223.45100", "2012-12-31": "231.69800", "2012-09-30": "204.49800", "2012-06-30": "203.51500", "2012-03-31": "210.66000", "2011-12-31": "189.44400", "2011-09-30": "209.00300", "2011-06-30": "223.38900", "2011-03-31": "212.75500", "2010-12-31": "162.02800", "2010-09-30": "180.15600", "2010-06-30": "196.77500", "2010-03-31": "233.85200", "2009-12-31": "105.05400", "2009-09-30": "218.63300", "2009-06-30": "215.85400", "2009-03-31": "210.39300", "2008-12-31": "215.24600", "2008-09-30": "218.95800", "2008-06-30": "225.93200", "2008-03-31": "222.22800", "2007-12-31": "209.75100", "2007-09-30": "192.27400", "2007-06-30": "188.84500", "2007-03-31": "180.50500", "2006-12-31": "175.34400", "2006-09-30": "167.60200", "2006-06-30": "168.28500", "2006-03-31": "158.84300", "2005-12-31": "151.60000", "2005-09-30": "141.44200", "2005-06-30": "141.31300", "2005-03-31": "135.34000"}, "Other Operating Income Or Expenses": {"2020-09-30": "75.84000", "2020-06-30": "1.27500", "2020-03-31": "-21.94500", "2019-12-31": "46.73700", "2019-09-30": "9.28400", "2019-06-30": "8.40500", "2019-03-31": "-0.60200", "2018-12-31": "71.55800", "2018-09-30": "0.38800", "2018-06-30": "0.54600", "2018-03-31": "1.13000", "2017-12-31": "-3.21200", "2017-09-30": "0.29200", "2017-06-30": "0.21600", "2017-03-31": "0.45900", "2016-12-31": "-2.54300", "2016-09-30": "0.05400", "2016-06-30": "0.62600", "2016-03-31": "0.45100", "2015-12-31": "-2.29300", "2015-09-30": "0.14100", "2015-06-30": "-0.51500", "2015-03-31": "-0.33300", "2014-12-31": "0.16400", "2014-09-30": "-0.18400", "2014-06-30": "0.10700", "2014-03-31": "-1.15200", "2013-12-31": "-2.80500", "2013-09-30": "0.17300", "2013-06-30": "1.66300", "2013-03-31": "0.53900", "2012-12-31": "-6.17600", "2012-09-30": "1.62700", "2012-06-30": "0.60700", "2012-03-31": "-0.71900", "2011-12-31": "-4.05900", "2011-09-30": "-40.83900", "2011-06-30": "0.22000", "2011-03-31": "0.46400", "2010-12-31": "-85.49300", "2010-09-30": "9.37900", "2010-06-30": "0.13900", "2010-03-31": "1.05300", "2009-12-31": "-0.22500", "2009-09-30": "-0.70500", "2009-06-30": "-0.74200", "2009-03-31": "1.50400", "2008-12-31": "-2.84900", "2008-09-30": "-1.92800", "2008-06-30": "0.83900", "2008-03-31": "-3.54500", "2007-12-31": "0.83300", "2007-09-30": "5.03300", "2007-06-30": "-0.35700", "2007-03-31": "-0.03700", "2006-12-31": "10.05400", "2006-09-30": "-0.50500", "2006-06-30": "0.17400", "2006-03-31": "-0.16300", "2005-12-31": "4.09100", "2005-09-30": "0.25900", "2005-06-30": "-1.08300", "2005-03-31": "0.21800"}, "Operating Expenses": {"2020-09-30": "796.38310", "2020-06-30": "850.51290", "2020-03-31": "931.22910", "2019-12-31": "873.51590", "2019-09-30": "838.75000", "2019-06-30": "873.79200", "2019-03-31": "895.18800", "2018-12-31": "814.87600", "2018-09-30": "865.35600", "2018-06-30": "859.36290", "2018-03-31": "877.89900", "2017-12-31": "851.88870", "2017-09-30": "788.90500", "2017-06-30": "779.61200", "2017-03-31": "791.12100", "2016-12-31": "794.73320", "2016-09-30": "807.36800", "2016-06-30": "787.12200", "2016-03-31": "620.62400", "2015-12-31": "629.15800", "2015-09-30": "619.70700", "2015-06-30": "630.23200", "2015-03-31": "604.35200", "2014-12-31": "650.08300", "2014-09-30": "641.22100", "2014-06-30": "639.60200", "2014-03-31": "637.51000", "2013-12-31": "672.97900", "2013-09-30": "615.35600", "2013-06-30": "622.85200", "2013-03-31": "624.18900", "2012-12-31": "656.16710", "2012-09-30": "594.15900", "2012-06-30": "593.47800", "2012-03-31": "604.68500", "2011-12-31": "592.37420", "2011-09-30": "633.10700", "2011-06-30": "609.61400", "2011-03-31": "608.40900", "2010-12-31": "510.03490", "2010-09-30": "624.13400", "2010-06-30": "566.81600", "2010-03-31": "643.81500", "2009-12-31": "396.79990", "2009-09-30": "622.23600", "2009-06-30": "607.97400", "2009-03-31": "602.14900", "2008-12-31": "626.58610", "2008-09-30": "647.99300", "2008-06-30": "644.97100", "2008-03-31": "643.05400", "2007-12-31": "612.09720", "2007-09-30": "573.04600", "2007-06-30": "557.45500", "2007-03-31": "532.71900", "2006-12-31": "494.77890", "2006-09-30": "498.48000", "2006-06-30": "478.67400", "2006-03-31": "471.22200", "2005-12-31": "441.55090", "2005-09-30": "424.29500", "2005-06-30": "415.22900", "2005-03-31": "410.29600"}, "Operating Income": {"2020-09-30": "240.26390", "2020-06-30": "131.72610", "2020-03-31": "137.50190", "2019-12-31": "206.07400", "2019-09-30": "223.47400", "2019-06-30": "193.11500", "2019-03-31": "158.67500", "2018-12-31": "246.61330", "2018-09-30": "195.63490", "2018-06-30": "201.46010", "2018-03-31": "164.55900", "2017-12-31": "139.34630", "2017-09-30": "176.75600", "2017-06-30": "170.19400", "2017-03-31": "147.75490", "2016-12-31": "139.45970", "2016-09-30": "135.45400", "2016-06-30": "96.62600", "2016-03-31": "130.06600", "2015-12-31": "123.26900", "2015-09-30": "126.82200", "2015-06-30": "129.50200", "2015-03-31": "144.93400", "2014-12-31": "127.89500", "2014-09-30": "141.47600", "2014-06-30": "147.29000", "2014-03-31": "132.61600", "2013-12-31": "94.90310", "2013-09-30": "139.95800", "2013-06-30": "131.54400", "2013-03-31": "122.84200", "2012-12-31": "101.00000", "2012-09-30": "153.96600", "2012-06-30": "158.68700", "2012-03-31": "141.81300", "2011-12-31": "149.46280", "2011-09-30": "135.19900", "2011-06-30": "148.93700", "2011-03-31": "137.60000", "2010-12-31": "149.89320", "2010-09-30": "106.99800", "2010-06-30": "157.96700", "2010-03-31": "132.69100", "2009-12-31": "143.32510", "2009-09-30": "142.64900", "2009-06-30": "138.05400", "2009-03-31": "121.19700", "2008-12-31": "125.96890", "2008-09-30": "136.34500", "2008-06-30": "123.88600", "2008-03-31": "106.33000", "2007-12-31": "114.90370", "2007-09-30": "128.78700", "2007-06-30": "111.23400", "2007-03-31": "99.79300", "2006-12-31": "114.72820", "2006-09-30": "97.13000", "2006-06-30": "102.89400", "2006-03-31": "92.43500", "2005-12-31": "96.80420", "2005-09-30": "102.17700", "2005-06-30": "96.69300", "2005-03-31": "91.11000"}, "Total Non-Operating Income/Expense": {"2020-09-30": "-187.76800", "2020-06-30": "-129.15600", "2020-03-31": "-62.92300", "2019-12-31": "-152.16600", "2019-09-30": "-93.26200", "2019-06-30": "-90.12200", "2019-03-31": "-117.64600", "2018-12-31": "-92.77600", "2018-09-30": "-104.26300", "2018-06-30": "-83.14000", "2018-03-31": "-117.77700", "2017-12-31": "-134.31490", "2017-09-30": "-148.46800", "2017-06-30": "-70.60000", "2017-03-31": "-79.69100", "2016-12-31": "-92.72800", "2016-09-30": "-106.60200", "2016-06-30": "-100.50700", "2016-03-31": "-55.12500", "2015-12-31": "-106.74200", "2015-09-30": "-100.38100", "2015-06-30": "-68.09100", "2015-03-31": "-87.24700", "2014-12-31": "-115.18400", "2014-09-30": "-85.72800", "2014-06-30": "-57.36300", "2014-03-31": "-67.62900", "2013-12-31": "-74.75300", "2013-09-30": "-110.43800", "2013-06-30": "-78.26400", "2013-03-31": "-65.92100", "2012-12-31": "-65.77200", "2012-09-30": "-69.12700", "2012-06-30": "-68.28200", "2012-03-31": "-55.48000", "2011-12-31": "-60.73600", "2011-09-30": "-66.67800", "2011-06-30": "-51.22500", "2011-03-31": "-39.66000", "2010-12-31": "-40.98300", "2010-09-30": "-50.19800", "2010-06-30": "-56.76500", "2010-03-31": "-65.38100", "2009-12-31": "-39.63000", "2009-09-30": "-60.85900", "2009-06-30": "-36.78100", "2009-03-31": "-62.67600", "2008-12-31": "-75.30700", "2008-09-30": "-75.08300", "2008-06-30": "-63.28900", "2008-03-31": "-53.98400", "2007-12-31": "-65.03500", "2007-09-30": "-66.06000", "2007-06-30": "-57.98700", "2007-03-31": "-42.61200", "2006-12-31": "-47.79700", "2006-09-30": "-51.04500", "2006-06-30": "-40.39600", "2006-03-31": "-43.73100", "2005-12-31": "-49.36300", "2005-09-30": "-37.76600", "2005-06-30": "-52.16800", "2005-03-31": "-50.46900"}, "Pre-Tax Income": {"2020-09-30": "52.49600", "2020-06-30": "2.57000", "2020-03-31": "74.57900", "2019-12-31": "53.90800", "2019-09-30": "130.21200", "2019-06-30": "102.99300", "2019-03-31": "41.02900", "2018-12-31": "153.83700", "2018-09-30": "91.37200", "2018-06-30": "118.32000", "2018-03-31": "46.78200", "2017-12-31": "5.03100", "2017-09-30": "28.28800", "2017-06-30": "99.59400", "2017-03-31": "68.06400", "2016-12-31": "46.73200", "2016-09-30": "28.85200", "2016-06-30": "-3.88100", "2016-03-31": "74.94100", "2015-12-31": "16.52700", "2015-09-30": "26.44100", "2015-06-30": "61.41100", "2015-03-31": "57.68700", "2014-12-31": "12.71100", "2014-09-30": "55.74800", "2014-06-30": "89.92700", "2014-03-31": "64.98700", "2013-12-31": "20.15000", "2013-09-30": "29.52000", "2013-06-30": "53.28000", "2013-03-31": "56.92100", "2012-12-31": "35.22800", "2012-09-30": "84.83900", "2012-06-30": "90.40500", "2012-03-31": "86.33300", "2011-12-31": "88.72700", "2011-09-30": "68.52100", "2011-06-30": "97.71200", "2011-03-31": "97.94000", "2010-12-31": "108.91000", "2010-09-30": "56.80000", "2010-06-30": "101.20200", "2010-03-31": "67.31000", "2009-12-31": "103.69500", "2009-09-30": "81.79000", "2009-06-30": "101.27300", "2009-03-31": "58.52100", "2008-12-31": "50.66200", "2008-09-30": "61.26200", "2008-06-30": "60.59700", "2008-03-31": "52.34600", "2007-12-31": "49.86900", "2007-09-30": "62.72700", "2007-06-30": "53.24700", "2007-03-31": "57.18100", "2006-12-31": "66.93100", "2006-09-30": "46.08500", "2006-06-30": "62.49800", "2006-03-31": "48.70400", "2005-12-31": "47.44100", "2005-09-30": "64.41100", "2005-06-30": "44.52500", "2005-03-31": "40.64100"}, "Income Taxes": {"2020-09-30": "13.93400", "2020-06-30": "9.68300", "2020-03-31": "9.68700", "2019-12-31": "16.80400", "2019-09-30": "21.92800", "2019-06-30": "10.64600", "2019-03-31": "10.55300", "2018-12-31": "1.50500", "2018-09-30": "14.02300", "2018-06-30": "26.05700", "2018-03-31": "1.16800", "2017-12-31": "-6.53500", "2017-09-30": "2.26800", "2017-06-30": "18.00900", "2017-03-31": "9.22000", "2016-12-31": "-1.21300", "2016-09-30": "23.41800", "2016-06-30": "10.83900", "2016-03-31": "11.90000", "2015-12-31": "10.58700", "2015-09-30": "3.77400", "2015-06-30": "7.40400", "2015-03-31": "15.94800", "2014-12-31": "0.87600", "2014-09-30": "54.89000", "2014-06-30": "-182.77500", "2014-03-31": "29.73400", "2013-12-31": "-26.57400", "2013-09-30": "24.19000", "2013-06-30": "25.94000", "2013-03-31": "38.57100", "2012-12-31": "8.96000", "2012-09-30": "31.12000", "2012-06-30": "48.96400", "2012-03-31": "25.26000", "2011-12-31": "41.34500", "2011-09-30": "18.12700", "2011-06-30": "30.25200", "2011-03-31": "16.76400", "2010-12-31": "44.42800", "2010-09-30": "29.31000", "2010-06-30": "52.27400", "2010-03-31": "41.47100", "2009-12-31": "29.81100", "2009-09-30": "38.61300", "2009-06-30": "13.76100", "2009-03-31": "31.57700", "2008-12-31": "49.78300", "2008-09-30": "50.01000", "2008-06-30": "24.85900", "2008-03-31": "18.27200", "2007-12-31": "22.25600", "2007-09-30": "10.64700", "2007-06-30": "14.02400", "2007-03-31": "22.08300", "2006-12-31": "29.40700", "2006-09-30": "19.20500", "2006-06-30": "24.21200", "2006-03-31": "20.97100", "2005-12-31": "17.74500", "2005-09-30": "27.63700", "2005-06-30": "18.86600", "2005-03-31": "17.23600"}, "Income After Taxes": {"2020-09-30": "38.56200", "2020-06-30": "-7.11300", "2020-03-31": "64.89200", "2019-12-31": "37.10400", "2019-09-30": "108.28400", "2019-06-30": "92.34700", "2019-03-31": "30.47600", "2018-12-31": "152.33200", "2018-09-30": "77.34900", "2018-06-30": "92.26300", "2018-03-31": "45.61400", "2017-12-31": "11.56600", "2017-09-30": "26.02000", "2017-06-30": "81.58500", "2017-03-31": "58.84400", "2016-12-31": "47.94500", "2016-09-30": "5.43400", "2016-06-30": "-14.72000", "2016-03-31": "63.04100", "2015-12-31": "5.94000", "2015-09-30": "22.66700", "2015-06-30": "54.00700", "2015-03-31": "41.73900", "2014-12-31": "11.83500", "2014-09-30": "0.85800", "2014-06-30": "272.70200", "2014-03-31": "35.25300", "2013-12-31": "46.72400", "2013-09-30": "5.33000", "2013-06-30": "27.34000", "2013-03-31": "18.35000", "2012-12-31": "26.26800", "2012-09-30": "53.71900", "2012-06-30": "41.44100", "2012-03-31": "61.07300", "2011-12-31": "47.38200", "2011-09-30": "50.39400", "2011-06-30": "67.46000", "2011-03-31": "81.17600", "2010-12-31": "64.48200", "2010-09-30": "27.49000", "2010-06-30": "48.92800", "2010-03-31": "25.83900", "2009-12-31": "73.88400", "2009-09-30": "43.17700", "2009-06-30": "87.51200", "2009-03-31": "26.94400", "2008-12-31": "0.87900", "2008-09-30": "11.25200", "2008-06-30": "35.73800", "2008-03-31": "34.07400", "2007-12-31": "27.61300", "2007-09-30": "52.08000", "2007-06-30": "39.22300", "2007-03-31": "35.09800", "2006-12-31": "37.52400", "2006-09-30": "26.88000", "2006-06-30": "38.28600", "2006-03-31": "27.73300", "2005-12-31": "29.69600", "2005-09-30": "36.77400", "2005-06-30": "25.65900", "2005-03-31": "23.40500"}, "Other Income": {"2020-09-30": "", "2020-06-30": "", "2020-03-31": "", "2019-12-31": "", "2019-09-30": "", "2019-06-30": "", "2019-03-31": "", "2018-12-31": "", "2018-09-30": "", "2018-06-30": "", "2018-03-31": "", "2017-12-31": "", "2017-09-30": "-0.63800", "2017-06-30": "1.56300", "2017-03-31": "", "2016-12-31": "1.85500", "2016-09-30": "0.32500", "2016-06-30": "", "2016-03-31": "", "2015-12-31": "", "2015-09-30": "0.85000", "2015-06-30": "", "2015-03-31": "", "2014-12-31": "0.83900", "2014-09-30": "", "2014-06-30": "", "2014-03-31": "7.46800", "2013-12-31": "", "2013-09-30": "", "2013-06-30": "", "2013-03-31": "", "2012-12-31": "", "2012-09-30": "", "2012-06-30": "", "2012-03-31": "", "2011-12-31": "", "2011-09-30": "", "2011-06-30": "", "2011-03-31": "", "2010-12-31": "", "2010-09-30": "", "2010-06-30": "", "2010-03-31": "", "2009-12-31": "", "2009-09-30": "", "2009-06-30": "", "2009-03-31": "", "2008-12-31": "", "2008-09-30": "", "2008-06-30": "", "2008-03-31": "", "2007-12-31": "", "2007-09-30": "", "2007-06-30": "", "2007-03-31": "", "2006-12-31": "", "2006-09-30": "", "2006-06-30": "", "2006-03-31": "", "2005-12-31": "", "2005-09-30": "", "2005-06-30": "", "2005-03-31": ""}, "Income From Continuous Operations": {"2020-09-30": "38.56200", "2020-06-30": "-7.11300", "2020-03-31": "64.89200", "2019-12-31": "37.10400", "2019-09-30": "108.28400", "2019-06-30": "92.34700", "2019-03-31": "30.47600", "2018-12-31": "152.33200", "2018-09-30": "77.34900", "2018-06-30": "92.26300", "2018-03-31": "45.61400", "2017-12-31": "10.64100", "2017-09-30": "25.38200", "2017-06-30": "83.14800", "2017-03-31": "58.84400", "2016-12-31": "49.80000", "2016-09-30": "5.75900", "2016-06-30": "-14.72000", "2016-03-31": "63.04100", "2015-12-31": "5.94000", "2015-09-30": "23.51700", "2015-06-30": "54.00700", "2015-03-31": "41.73900", "2014-12-31": "12.67400", "2014-09-30": "0.85800", "2014-06-30": "272.70200", "2014-03-31": "42.72100", "2013-12-31": "48.14100", "2013-09-30": "5.33000", "2013-06-30": "27.34000", "2013-03-31": "18.35000", "2012-12-31": "26.47400", "2012-09-30": "53.71900", "2012-06-30": "41.44100", "2012-03-31": "61.07300", "2011-12-31": "47.38200", "2011-09-30": "50.39400", "2011-06-30": "67.46000", "2011-03-31": "81.17600", "2010-12-31": "64.48200", "2010-09-30": "27.49000", "2010-06-30": "48.92800", "2010-03-31": "25.83900", "2009-12-31": "73.88400", "2009-09-30": "43.17700", "2009-06-30": "87.51200", "2009-03-31": "26.94400", "2008-12-31": "1.26100", "2008-09-30": "11.31400", "2008-06-30": "35.88600", "2008-03-31": "33.48200", "2007-12-31": "28.00100", "2007-09-30": "51.33400", "2007-06-30": "39.05200", "2007-03-31": "34.70700", "2006-12-31": "37.13500", "2006-09-30": "26.61300", "2006-06-30": "37.84200", "2006-03-31": "27.27300", "2005-12-31": "29.11400", "2005-09-30": "36.37700", "2005-06-30": "25.41000", "2005-03-31": "22.94900"}, "Income From Discontinued Operations": {"2020-09-30": "", "2020-06-30": "", "2020-03-31": "", "2019-12-31": "0.00000", "2019-09-30": "", "2019-06-30": "0.12800", "2019-03-31": "-0.02400", "2018-12-31": "0.00000", "2018-09-30": "-11.60500", "2018-06-30": "-0.36000", "2018-03-31": "-0.46200", "2017-12-31": "-2.87000", "2017-09-30": "-1.05800", "2017-06-30": "-2.02600", "2017-03-31": "-0.33700", "2016-12-31": "-0.27500", "2016-09-30": "2.04100", "2016-06-30": "1.58700", "2016-03-31": "", "2015-12-31": "", "2015-09-30": "", "2015-06-30": "", "2015-03-31": "", "2014-12-31": "0.72900", "2014-09-30": "", "2014-06-30": "-0.32600", "2014-03-31": "-0.61200", "2013-12-31": "-0.68400", "2013-09-30": "-0.57100", "2013-06-30": "-0.09800", "2013-03-31": "2.18400", "2012-12-31": "-1.07400", "2012-09-30": "0.03200", "2012-06-30": "-2.52400", "2012-03-31": "-5.09300", "2011-12-31": "-13.38100", "2011-09-30": "-12.46900", "2011-06-30": "185.58700", "2011-03-31": "-6.55700", "2010-12-31": "-33.93400", "2010-09-30": "-178.30700", "2010-06-30": "-7.17600", "2010-03-31": "", "2009-12-31": "", "2009-09-30": "", "2009-06-30": "", "2009-03-31": "", "2008-12-31": "", "2008-09-30": "", "2008-06-30": "", "2008-03-31": "", "2007-12-31": "", "2007-09-30": "", "2007-06-30": "", "2007-03-31": "", "2006-12-31": "", "2006-09-30": "", "2006-06-30": "", "2006-03-31": "", "2005-12-31": "", "2005-09-30": "", "2005-06-30": "", "2005-03-31": ""}, "Net Income": {"2020-09-30": "38.39400", "2020-06-30": "-7.08600", "2020-03-31": "63.97500", "2019-12-31": "37.70000", "2019-09-30": "107.67500", "2019-06-30": "92.44100", "2019-03-31": "29.56100", "2018-12-31": "151.61900", "2018-09-30": "65.86900", "2018-06-30": "91.76100", "2018-03-31": "44.68400", "2017-12-31": "9.01300", "2017-09-30": "24.34500", "2017-06-30": "78.63000", "2017-03-31": "58.12500", "2016-12-31": "48.93800", "2016-09-30": "7.08000", "2016-06-30": "-13.96800", "2016-03-31": "62.77400", "2015-12-31": "5.70500", "2015-09-30": "23.11000", "2015-06-30": "53.33000", "2015-03-31": "41.09600", "2014-12-31": "12.74900", "2014-09-30": "0.06600", "2014-06-30": "271.63700", "2014-03-31": "41.66700", "2013-12-31": "46.86100", "2013-09-30": "3.84900", "2013-06-30": "26.36600", "2013-03-31": "19.38600", "2012-12-31": "24.70800", "2012-09-30": "52.80900", "2012-06-30": "38.05500", "2012-03-31": "55.35000", "2011-12-31": "32.05600", "2011-09-30": "37.33800", "2011-06-30": "252.68400", "2011-03-31": "73.46000", "2010-12-31": "29.33200", "2010-09-30": "-153.77600", "2010-06-30": "41.29200", "2010-03-31": "25.56600", "2009-12-31": "58.32700", "2009-09-30": "43.18600", "2009-06-30": "87.63800", "2009-03-31": "28.79900", "2008-12-31": "1.35500", "2008-09-30": "11.31400", "2008-06-30": "35.88600", "2008-03-31": "33.48200", "2007-12-31": "28.00100", "2007-09-30": "51.33400", "2007-06-30": "39.05200", "2007-03-31": "34.70700", "2006-12-31": "37.13500", "2006-09-30": "26.61300", "2006-06-30": "37.84200", "2006-03-31": "27.27300", "2005-12-31": "26.36300", "2005-09-30": "36.37700", "2005-06-30": "25.41000", "2005-03-31": "22.94900"}, "EBITDA": {"2020-09-30": "401.66600", "2020-06-30": "300.06410", "2020-03-31": "327.59890", "2019-12-31": "384.35400", "2019-09-30": "385.11300", "2019-06-30": "361.54600", "2019-03-31": "325.26610", "2018-12-31": "415.67020", "2018-09-30": "357.38900", "2018-06-30": "361.70710", "2018-03-31": "328.68990", "2017-12-31": "286.47220", "2017-09-30": "309.29810", "2017-06-30": "302.26100", "2017-03-31": "276.36900", "2016-12-31": "268.79970", "2016-09-30": "263.71300", "2016-06-30": "214.55100", "2016-03-31": "220.01900", "2015-12-31": "211.54700", "2015-09-30": "215.39700", "2015-06-30": "219.31900", "2015-03-31": "232.97700", "2014-12-31": "218.94400", "2014-09-30": "232.50400", "2014-06-30": "238.02610", "2014-03-31": "220.95500", "2013-12-31": "180.12710", "2013-09-30": "221.12600", "2013-06-30": "212.33600", "2013-03-31": "204.95300", "2012-12-31": "182.70900", "2012-09-30": "236.58700", "2012-06-30": "237.89900", "2012-03-31": "221.56300", "2011-12-31": "238.82480", "2011-09-30": "256.26610", "2011-06-30": "229.23600", "2011-03-31": "219.18900", "2010-12-31": "236.53130", "2010-09-30": "262.07100", "2010-06-30": "224.62200", "2010-03-31": "219.79600", "2009-12-31": "185.44210", "2009-09-30": "225.35800", "2009-06-30": "218.01100", "2009-03-31": "198.71700", "2008-12-31": "200.64290", "2008-09-30": "212.51600", "2008-06-30": "197.98400", "2008-03-31": "177.10700", "2007-12-31": "184.75980", "2007-09-30": "193.15600", "2007-06-30": "172.98100", "2007-03-31": "158.47600", "2006-12-31": "170.35620", "2006-09-30": "151.75100", "2006-06-30": "155.40100", "2006-03-31": "143.51500", "2005-12-31": "149.92720", "2005-09-30": "149.22000", "2005-06-30": "142.64800", "2005-03-31": "136.86200"}, "EBIT": {"2020-09-30": "240.26390", "2020-06-30": "131.72610", "2020-03-31": "137.50190", "2019-12-31": "206.07410", "2019-09-30": "223.47400", "2019-06-30": "193.11500", "2019-03-31": "158.67500", "2018-12-31": "246.61330", "2018-09-30": "195.63490", "2018-06-30": "201.46010", "2018-03-31": "164.55900", "2017-12-31": "139.34600", "2017-09-30": "176.75600", "2017-06-30": "170.19400", "2017-03-31": "147.75490", "2016-12-31": "139.45970", "2016-09-30": "135.45400", "2016-06-30": "96.62600", "2016-03-31": "130.06600", "2015-12-31": "123.26910", "2015-09-30": "126.82200", "2015-06-30": "129.50200", "2015-03-31": "144.93400", "2014-12-31": "127.89510", "2014-09-30": "141.47600", "2014-06-30": "147.29000", "2014-03-31": "132.61600", "2013-12-31": "94.90300", "2013-09-30": "139.95800", "2013-06-30": "131.54400", "2013-03-31": "122.84200", "2012-12-31": "101.00010", "2012-09-30": "153.96600", "2012-06-30": "158.68700", "2012-03-31": "141.81300", "2011-12-31": "149.46270", "2011-09-30": "135.19900", "2011-06-30": "148.93700", "2011-03-31": "137.60000", "2010-12-31": "149.89320", "2010-09-30": "106.99800", "2010-06-30": "157.96700", "2010-03-31": "132.69100", "2009-12-31": "143.32510", "2009-09-30": "142.64900", "2009-06-30": "138.05400", "2009-03-31": "121.19700", "2008-12-31": "125.96910", "2008-09-30": "136.34500", "2008-06-30": "123.88600", "2008-03-31": "106.33000", "2007-12-31": "114.90370", "2007-09-30": "128.78700", "2007-06-30": "111.23400", "2007-03-31": "99.79300", "2006-12-31": "114.72820", "2006-09-30": "97.13000", "2006-06-30": "102.89400", "2006-03-31": "92.43500", "2005-12-31": "96.80410", "2005-09-30": "102.17700", "2005-06-30": "96.69300", "2005-03-31": "91.11000"}, "Basic Shares Outstanding": {"2020-09-30": "288.40300", "2020-06-30": "288.07100", "2020-03-31": "287.84000", "2019-12-31": "286.97100", "2019-09-30": "287.15200", "2019-06-30": "286.92500", "2019-03-31": "286.52800", "2018-12-31": "285.91300", "2018-09-30": "286.15900", "2018-06-30": "285.98400", "2018-03-31": "285.25900", "2017-12-31": "265.89800", "2017-09-30": "265.19800", "2017-06-30": "264.21700", "2017-03-31": "263.85500", "2016-12-31": "246.17800", "2016-09-30": "263.26900", "2016-06-30": "246.38700", "2016-03-31": "211.52600", "2015-12-31": "210.76400", "2015-09-30": "210.91200", "2015-06-30": "210.69900", "2015-03-31": "210.23700", "2014-12-31": "195.27800", "2014-09-30": "193.36000", "2014-06-30": "192.38100", "2014-03-31": "191.87900", "2013-12-31": "190.99400", "2013-09-30": "191.33200", "2013-06-30": "190.82300", "2013-03-31": "190.21300", "2012-12-31": "173.60400", "2012-09-30": "171.77600", "2012-06-30": "171.29600", "2012-03-31": "171.32000", "2011-12-31": "194.77700", "2011-09-30": "195.61000", "2011-06-30": "201.65300", "2011-03-31": "200.22800", "2010-12-31": "201.99100", "2010-09-30": "201.24900", "2010-06-30": "203.00600", "2010-03-31": "203.58100", "2009-12-31": "202.81200", "2009-09-30": "203.21600", "2009-06-30": "202.50200", "2009-03-31": "202.06600", "2008-12-31": "201.27900", "2008-09-30": "201.57500", "2008-06-30": "200.85500", "2008-03-31": "200.87100", "2007-12-31": "199.93800", "2007-09-30": "200.20300", "2007-06-30": "199.79200", "2007-03-31": "199.23000", "2006-12-31": "198.11600", "2006-09-30": "198.30800", "2006-06-30": "197.89400", "2006-03-31": "197.52200", "2005-12-31": "195.98800", "2005-09-30": "196.29300", "2005-06-30": "195.71100", "2005-03-31": "194.97150"}, "Shares Outstanding": {"2020-09-30": "288.81100", "2020-06-30": "288.07100", "2020-03-31": "288.35900", "2019-12-31": "287.68700", "2019-09-30": "287.69100", "2019-06-30": "287.48100", "2019-03-31": "287.49200", "2018-12-31": "286.65300", "2018-09-30": "286.98200", "2018-06-30": "286.56900", "2018-03-31": "285.99300", "2017-12-31": "266.84500", "2017-09-30": "266.13900", "2017-06-30": "264.93000", "2017-03-31": "264.81000", "2016-12-31": "247.26700", "2016-09-30": "264.50200", "2016-06-30": "246.38700", "2016-03-31": "212.47100", "2015-12-31": "212.11800", "2015-09-30": "211.91700", "2015-06-30": "212.07700", "2015-03-31": "212.24900", "2014-12-31": "196.74900", "2014-09-30": "194.90500", "2014-06-30": "193.52600", "2014-03-31": "193.06900", "2013-12-31": "192.41200", "2013-09-30": "192.26800", "2013-06-30": "192.56900", "2013-03-31": "192.11000", "2012-12-31": "174.86700", "2012-09-30": "173.04700", "2012-06-30": "172.23100", "2012-03-31": "172.22300", "2011-12-31": "195.93800", "2011-09-30": "196.71700", "2011-06-30": "203.31100", "2011-03-31": "201.25100", "2010-12-31": "201.99100", "2010-09-30": "201.24900", "2010-06-30": "204.21000", "2010-03-31": "204.70500", "2009-12-31": "204.27100", "2009-09-30": "204.89300", "2009-06-30": "204.19900", "2009-03-31": "203.31200", "2008-12-31": "203.29000", "2008-09-30": "203.51800", "2008-06-30": "203.03800", "2008-03-31": "203.42100", "2007-12-31": "202.06200", "2007-09-30": "202.11100", "2007-06-30": "201.74200", "2007-03-31": "201.41600", "2006-12-31": "200.46300", "2006-09-30": "200.58500", "2006-06-30": "200.16700", "2006-03-31": "199.97100", "2005-12-31": "198.10400", "2005-09-30": "198.42450", "2005-06-30": "197.20500", "2005-03-31": "197.27550"}, "Basic EPS": {"2020-09-30": "0.13000", "2020-06-30": "-0.02000", "2020-03-31": "0.22000", "2019-12-31": "0.14000", "2019-09-30": "0.37000", "2019-06-30": "0.32000", "2019-03-31": "0.10000", "2018-12-31": "0.53000", "2018-09-30": "0.23000", "2018-06-30": "0.32000", "2018-03-31": "0.16000", "2017-12-31": "0.03000", "2017-09-30": "0.09000", "2017-06-30": "0.30000", "2017-03-31": "0.22000", "2016-12-31": "0.16000", "2016-09-30": "0.03000", "2016-06-30": "-0.06000", "2016-03-31": "0.30000", "2015-12-31": "0.02000", "2015-09-30": "0.11000", "2015-06-30": "0.25000", "2015-03-31": "0.20000", "2014-12-31": "0.04000", "2014-09-30": "0.00000", "2014-06-30": "1.41000", "2014-03-31": "0.22000", "2013-12-31": "0.25000", "2013-09-30": "0.02000", "2013-06-30": "0.14000", "2013-03-31": "0.10000", "2012-12-31": "0.13000", "2012-09-30": "0.31000", "2012-06-30": "0.22000", "2012-03-31": "0.32000", "2011-12-31": "0.22000", "2011-09-30": "0.19000", "2011-06-30": "1.25000", "2011-03-31": "0.37000", "2010-12-31": "0.14000", "2010-09-30": "-0.76000", "2010-06-30": "0.20000", "2010-03-31": "0.13000", "2009-12-31": "0.29000", "2009-09-30": "0.21000", "2009-06-30": "0.43000", "2009-03-31": "0.14000", "2008-12-31": "0.00000", "2008-09-30": "0.06000", "2008-06-30": "0.18000", "2008-03-31": "0.17000", "2007-12-31": "0.14000", "2007-09-30": "0.26000", "2007-06-30": "0.20000", "2007-03-31": "0.17000", "2006-12-31": "0.19000", "2006-09-30": "0.13000", "2006-06-30": "0.19000", "2006-03-31": "0.14000", "2005-12-31": "0.13670", "2005-09-30": "0.18670", "2005-06-30": "0.12670", "2005-03-31": "0.12000"}, "EPS - Earnings Per Share": {"2020-09-30": "0.13000", "2020-06-30": "-0.02000", "2020-03-31": "0.22000", "2019-12-31": "0.14000", "2019-09-30": "0.37000", "2019-06-30": "0.32000", "2019-03-31": "0.10000", "2018-12-31": "0.52000", "2018-09-30": "0.23000", "2018-06-30": "0.32000", "2018-03-31": "0.16000", "2017-12-31": "0.03000", "2017-09-30": "0.09000", "2017-06-30": "0.30000", "2017-03-31": "0.22000", "2016-12-31": "0.15000", "2016-09-30": "0.03000", "2016-06-30": "-0.06000", "2016-03-31": "0.30000", "2015-12-31": "0.02000", "2015-09-30": "0.11000", "2015-06-30": "0.25000", "2015-03-31": "0.20000", "2014-12-31": "0.03970", "2014-09-30": "0.00030", "2014-06-30": "1.40000", "2014-03-31": "0.22000", "2013-12-31": "0.24000", "2013-09-30": "0.02000", "2013-06-30": "0.14000", "2013-03-31": "0.10000", "2012-12-31": "0.13000", "2012-09-30": "0.31000", "2012-06-30": "0.22000", "2012-03-31": "0.32000", "2011-12-31": "0.22000", "2011-09-30": "0.19000", "2011-06-30": "1.24000", "2011-03-31": "0.37000", "2010-12-31": "0.15000", "2010-09-30": "-0.76000", "2010-06-30": "0.20000", "2010-03-31": "0.12000", "2009-12-31": "0.29000", "2009-09-30": "0.21000", "2009-06-30": "0.43000", "2009-03-31": "0.14000", "2008-12-31": "0.00000", "2008-09-30": "0.06000", "2008-06-30": "0.18000", "2008-03-31": "0.16000", "2007-12-31": "0.15000", "2007-09-30": "0.25000", "2007-06-30": "0.19000", "2007-03-31": "0.17000", "2006-12-31": "0.18000", "2006-09-30": "0.13000", "2006-06-30": "0.19000", "2006-03-31": "0.14000", "2005-12-31": "0.14000", "2005-09-30": "0.18000", "2005-06-30": "0.12670", "2005-03-31": "0.11330"}}, "balance sheet": {"Cash On Hand": {"2019-12-31": "193.55500", "2018-12-31": "165.48500", "2017-12-31": "925.69900", "2016-12-31": "236.48400", "2015-12-31": "128.38100", "2014-12-31": "159.79300", "2013-12-31": "154.38600", "2012-12-31": "277.02700", "2011-12-31": "214.95500", "2010-12-31": "293.79800", "2009-12-31": "446.65600", "2008-12-31": "278.37000", "2007-12-31": "125.60700", "2006-12-31": "45.36900", "2005-12-31": "53.41300"}, "Receivables": {"2019-12-31": "850.70100", "2018-12-31": "846.88900", "2017-12-31": "835.74200", "2016-12-31": "691.24900", "2015-12-31": "564.40100", "2014-12-31": "604.26500", "2013-12-31": "616.79700", "2012-12-31": "572.20000", "2011-12-31": "543.46700", "2010-12-31": "524.32600", "2009-12-31": "585.37600", "2008-12-31": "552.83000", "2007-12-31": "564.04900", "2006-12-31": "473.36600", "2005-12-31": "408.56400"}, "Inventory": {"2019-12-31": "", "2018-12-31": "", "2017-12-31": "", "2016-12-31": "", "2015-12-31": "", "2014-12-31": "", "2013-12-31": "", "2012-12-31": "", "2011-12-31": "", "2010-12-31": "", "2009-12-31": "", "2008-12-31": "", "2007-12-31": "", "2006-12-31": "", "2005-12-31": ""}, "Pre-Paid Expenses": {"2019-12-31": "192.08300", "2018-12-31": "195.74000", "2017-12-31": "188.87400", "2016-12-31": "184.37400", "2015-12-31": "142.95100", "2014-12-31": "139.46900", "2013-12-31": "144.80100", "2012-12-31": "164.71300", "2011-12-31": "105.53700", "2010-12-31": "136.90500", "2009-12-31": "141.46900", "2008-12-31": "103.88700", "2007-12-31": "91.27500", "2006-12-31": "100.44900", "2005-12-31": "64.56800"}, "Other Current Assets": {"2019-12-31": "", "2018-12-31": "", "2017-12-31": "", "2016-12-31": "", "2015-12-31": "", "2014-12-31": "", "2013-12-31": "", "2012-12-31": "", "2011-12-31": "", "2010-12-31": "", "2009-12-31": "", "2008-12-31": "", "2007-12-31": "", "2006-12-31": "", "2005-12-31": ""}, "Total Current Assets": {"2019-12-31": "1236.33900", "2018-12-31": "1208.11400", "2017-12-31": "1950.31500", "2016-12-31": "1112.10700", "2015-12-31": "857.91200", "2014-12-31": "917.71900", "2013-12-31": "933.60700", "2012-12-31": "1024.09200", "2011-12-31": "914.45000", "2010-12-31": "1212.46200", "2009-12-31": "1211.42500", "2008-12-31": "976.39200", "2007-12-31": "822.39600", "2006-12-31": "679.72100", "2005-12-31": "554.16800"}, "Property, Plant, And Equipment": {"2019-12-31": "4623.03700", "2018-12-31": "4489.55700", "2017-12-31": "3417.67900", "2016-12-31": "3083.32600", "2015-12-31": "2497.15800", "2014-12-31": "2550.72700", "2013-12-31": "2578.26000", "2012-12-31": "2477.72700", "2011-12-31": "2407.08300", "2010-12-31": "2468.24400", "2009-12-31": "2568.20000", "2008-12-31": "2386.75400", "2007-12-31": "2335.96100", "2006-12-31": "2015.23500", "2005-12-31": "1781.26600"}, "Long-Term Investments": {"2019-12-31": "", "2018-12-31": "", "2017-12-31": "", "2016-12-31": "", "2015-12-31": "", "2014-12-31": "", "2013-12-31": "", "2012-12-31": "", "2011-12-31": "", "2010-12-31": "", "2009-12-31": "", "2008-12-31": "", "2007-12-31": "", "2006-12-31": "", "2005-12-31": ""}, "Goodwill And Intangible Assets": {"2019-12-31": "5878.39200", "2018-12-31": "5947.55200", "2017-12-31": "5470.81400", "2016-12-31": "5157.54400", "2015-12-31": "2964.29200", "2014-12-31": "3031.62000", "2013-12-31": "3068.83600", "2012-12-31": "2790.87900", "2011-12-31": "2664.41700", "2010-12-31": "2659.36900", "2009-12-31": "2973.52500", "2008-12-31": "2896.03300", "2007-12-31": "3054.69500", "2006-12-31": "2447.88500", "2005-12-31": "2367.64700"}, "Other Long-Term Assets": {"2019-12-31": "209.94710", "2018-12-31": "211.99500", "2017-12-31": "133.59400", "2016-12-31": "133.82300", "2015-12-31": "31.22500", "2014-12-31": "23.19900", "2013-12-31": "26.69500", "2012-12-31": "21.79100", "2011-12-31": "19.51000", "2010-12-31": "27.68600", "2009-12-31": "58.47800", "2008-12-31": "64.48900", "2007-12-31": "60.83900", "2006-12-31": "36.88500", "2005-12-31": "31.45300"}, "Total Long-Term Assets": {"2019-12-31": "12580.48000", "2018-12-31": "10649.10000", "2017-12-31": "9022.08700", "2016-12-31": "8374.69300", "2015-12-31": "5492.67500", "2014-12-31": "5605.54600", "2013-12-31": "5719.39700", "2012-12-31": "5334.24700", "2011-12-31": "5126.80800", "2010-12-31": "5203.93100", "2009-12-31": "5635.40900", "2008-12-31": "5380.46200", "2007-12-31": "5485.52500", "2006-12-31": "4529.80000", "2005-12-31": "4211.97200"}, "Total Assets": {"2019-12-31": "13816.82000", "2018-12-31": "11857.22000", "2017-12-31": "10972.40000", "2016-12-31": "9486.80000", "2015-12-31": "6350.58700", "2014-12-31": "6523.26500", "2013-12-31": "6653.00500", "2012-12-31": "6358.33900", "2011-12-31": "6041.25800", "2010-12-31": "6416.39300", "2009-12-31": "6846.83400", "2008-12-31": "6356.85400", "2007-12-31": "6307.92100", "2006-12-31": "5209.52100", "2005-12-31": "4766.14000"}, "Total Current Liabilities": {"2019-12-31": "1949.50900", "2018-12-31": "1490.77500", "2017-12-31": "1330.17300", "2016-12-31": "1046.55700", "2015-12-31": "841.83100", "2014-12-31": "856.73600", "2013-12-31": "969.10100", "2012-12-31": "904.95300", "2011-12-31": "849.03000", "2010-12-31": "874.70300", "2009-12-31": "814.71400", "2008-12-31": "729.59700", "2007-12-31": "765.67700", "2006-12-31": "638.64700", "2005-12-31": "591.99600"}, "Long Term Debt": {"2019-12-31": "8275.56600", "2018-12-31": "8016.41700", "2017-12-31": "6896.97100", "2016-12-31": "6078.20600", "2015-12-31": "4757.61000", "2014-12-31": "4564.35900", "2013-12-31": "4119.13900", "2012-12-31": "3732.11600", "2011-12-31": "3280.26800", "2010-12-31": "2912.12600", "2009-12-31": "3211.22300", "2008-12-31": "3207.46400", "2007-12-31": "3232.84800", "2006-12-31": "2605.71100", "2005-12-31": "2503.52600"}, "Other Non-Current Liabilities": {"2019-12-31": "143.01800", "2018-12-31": "111.33100", "2017-12-31": "73.03900", "2016-12-31": "99.54000", "2015-12-31": "71.84400", "2014-12-31": "73.50600", "2013-12-31": "68.21900", "2012-12-31": "62.91700", "2011-12-31": "53.16900", "2010-12-31": "86.60500", "2009-12-31": "105.85600", "2008-12-31": "113.13600", "2007-12-31": "89.99000", "2006-12-31": "72.77800", "2005-12-31": "33.54500"}, "Total Long Term Liabilities": {"2019-12-31": "10403.08000", "2018-12-31": "8503.98000", "2017-12-31": "7343.38700", "2016-12-31": "6503.57200", "2015-12-31": "4980.14900", "2014-12-31": "4796.57400", "2013-12-31": "4632.17000", "2012-12-31": "4290.93800", "2011-12-31": "3937.97200", "2010-12-31": "3588.82500", "2009-12-31": "3874.64900", "2008-12-31": "3820.92900", "2007-12-31": "3746.78900", "2006-12-31": "3017.60100", "2005-12-31": "2804.01500"}, "Total Liabilities": {"2019-12-31": "12352.59000", "2018-12-31": "9994.75500", "2017-12-31": "8673.55800", "2016-12-31": "7550.12900", "2015-12-31": "5821.98000", "2014-12-31": "5653.31000", "2013-12-31": "5601.27100", "2012-12-31": "5195.89100", "2011-12-31": "4787.00200", "2010-12-31": "4463.52800", "2009-12-31": "4689.36300", "2008-12-31": "4550.52600", "2007-12-31": "4512.46600", "2006-12-31": "3656.24800", "2005-12-31": "3396.01100"}, "Common Stock Net": {"2019-12-31": "2.87300", "2018-12-31": "2.86300", "2017-12-31": "2.83100", "2016-12-31": "2.63600", "2015-12-31": "2.11300", "2014-12-31": "2.09800", "2013-12-31": "1.91400", "2012-12-31": "1.90000", "2011-12-31": "1.72100", "2010-12-31": "2.00100", "2009-12-31": "2.03500", "2008-12-31": "2.01900", "2007-12-31": "2.00700", "2006-12-31": "1.99100", "2005-12-31": "1.97500"}, "Retained Earnings (Accumulated Deficit)": {"2019-12-31": "-2574.89600", "2018-12-31": "-2139.49300", "2017-12-31": "-1765.96600", "2016-12-31": "-1343.31100", "2015-12-31": "-942.21800", "2014-12-31": "-659.55300", "2013-12-31": "67.82000", "2012-12-31": "185.55800", "2011-12-31": "902.56700", "2010-12-31": "685.31000", "2009-12-31": "825.01400", "2008-12-31": "591.91200", "2007-12-31": "509.87500", "2006-12-31": "373.38700", "2005-12-31": "244.52400"}, "Comprehensive Income": {"2019-12-31": "-262.58100", "2018-12-31": "-265.66400", "2017-12-31": "-103.98900", "2016-12-31": "-212.57300", "2015-12-31": "-174.91700", "2014-12-31": "-75.03100", "2013-12-31": "-8.66000", "2012-12-31": "20.31400", "2011-12-31": "-2.20300", "2010-12-31": "29.48200", "2009-12-31": "27.66100", "2008-12-31": "-41.21500", "2007-12-31": "74.06100", "2006-12-31": "33.79400", "2005-12-31": "18.68400"}, "Other Share Holders Equity": {"2019-12-31": "", "2018-12-31": "", "2017-12-31": "", "2016-12-31": "", "2015-12-31": "", "2014-12-31": "", "2013-12-31": "", "2012-12-31": "", "2011-12-31": "", "2010-12-31": "", "2009-12-31": "", "2008-12-31": "", "2007-12-31": "", "2006-12-31": "", "2005-12-31": ""}, "Share Holder Equity": {"2019-12-31": "1464.22700", "2018-12-31": "1862.46300", "2017-12-31": "2298.84200", "2016-12-31": "1936.67100", "2015-12-31": "528.60700", "2014-12-31": "869.95500", "2013-12-31": "1051.73400", "2012-12-31": "1162.44800", "2011-12-31": "1254.25600", "2010-12-31": "1952.86500", "2009-12-31": "2157.47100", "2008-12-31": "1806.32800", "2007-12-31": "1795.45500", "2006-12-31": "1553.27300", "2005-12-31": "1370.12900"}, "Total Liabilities And Share Holders Equity": {"2019-12-31": "13816.82000", "2018-12-31": "11857.22000", "2017-12-31": "10972.40000", "2016-12-31": "9486.80000", "2015-12-31": "6350.58700", "2014-12-31": "6523.26500", "2013-12-31": "6653.00500", "2012-12-31": "6358.33900", "2011-12-31": "6041.25800", "2010-12-31": "6416.39300", "2009-12-31": "6846.83400", "2008-12-31": "6356.85400", "2007-12-31": "6307.92100", "2006-12-31": "5209.52100", "2005-12-31": "4766.14000"}}, "balance sheet, quarterly": {"Cash On Hand": {"2020-09-30": "151.97200", "2020-06-30": "907.18000", "2020-03-31": "152.68400", "2019-12-31": "193.55500", "2019-09-30": "186.77800", "2019-06-30": "161.99600", "2019-03-31": "161.47500", "2018-12-31": "165.48500", "2018-09-30": "197.67600", "2018-06-30": "188.19200", "2018-03-31": "442.49100", "2017-12-31": "925.69900", "2017-09-30": "337.88600", "2017-06-30": "291.01900", "2017-03-31": "295.62800", "2016-12-31": "236.48400", "2016-09-30": "458.12800", "2016-06-30": "236.98900", "2016-03-31": "117.94500", "2015-12-31": "128.38100", "2015-09-30": "492.89900", "2015-06-30": "117.09800", "2015-03-31": "139.60500", "2014-12-31": "159.79300", "2014-09-30": "217.84800", "2014-06-30": "179.20300", "2014-03-31": "203.76600", "2013-12-31": "154.38600", "2013-09-30": "205.64400", "2013-06-30": "292.47900", "2013-03-31": "263.61200", "2012-12-31": "277.02700", "2012-09-30": "371.19500", "2012-06-30": "206.84200", "2012-03-31": "213.40500", "2011-12-31": "214.95500", "2011-09-30": "515.98800", "2011-06-30": "306.53200", "2011-03-31": "224.92400", "2010-12-31": "293.79800", "2010-09-30": "219.27700", "2010-06-30": "375.58200", "2010-03-31": "360.52400", "2009-12-31": "446.65600", "2009-09-30": "449.26300", "2009-06-30": "316.05600", "2009-03-31": "271.83100", "2008-12-31": "278.37000", "2008-09-30": "318.24400", "2008-06-30": "203.19700", "2008-03-31": "107.42400", "2007-12-31": "125.60700", "2007-09-30": "90.75100", "2007-06-30": "94.96400", "2007-03-31": "61.48100", "2006-12-31": "45.36900", "2006-09-30": "45.38900", "2006-06-30": "40.95200", "2006-03-31": "42.55200", "2005-12-31": "53.41300", "2005-09-30": "43.99000", "2005-06-30": "29.51700", "2005-03-31": "28.77600"}, "Receivables": {"2020-09-30": "791.85900", "2020-06-30": "805.90100", "2020-03-31": "831.50700", "2019-12-31": "850.70100", "2019-09-30": "821.92600", "2019-06-30": "852.33000", "2019-03-31": "837.52100", "2018-12-31": "846.88900", "2018-09-30": "847.45200", "2018-06-30": "867.04100", "2018-03-31": "859.10600", "2017-12-31": "835.74200", "2017-09-30": "784.88400", "2017-06-30": "730.36600", "2017-03-31": "721.03000", "2016-12-31": "691.24900", "2016-09-30": "700.23800", "2016-06-30": "710.52600", "2016-03-31": "574.71700", "2015-12-31": "564.40100", "2015-09-30": "573.88900", "2015-06-30": "596.25200", "2015-03-31": "590.02600", "2014-12-31": "604.26500", "2014-09-30": "618.99600", "2014-06-30": "636.97800", "2014-03-31": "626.11600", "2013-12-31": "616.79700", "2013-09-30": "614.64900", "2013-06-30": "581.48100", "2013-03-31": "571.40200", "2012-12-31": "572.20000", "2012-09-30": "576.50000", "2012-06-30": "572.37700", "2012-03-31": "558.35700", "2011-12-31": "543.46700", "2011-09-30": "548.42200", "2011-06-30": "577.61600", "2011-03-31": "610.14900", "2010-12-31": "524.32600", "2010-09-30": "590.23000", "2010-06-30": "581.17600", "2010-03-31": "582.59900", "2009-12-31": "585.37600", "2009-09-30": "596.42700", "2009-06-30": "589.15600", "2009-03-31": "562.65600", "2008-12-31": "552.83000", "2008-09-30": "610.47200", "2008-06-30": "603.41900", "2008-03-31": "586.45800", "2007-12-31": "564.04900", "2007-09-30": "560.08500", "2007-06-30": "522.44800", "2007-03-31": "485.68700", "2006-12-31": "473.36600", "2006-09-30": "457.99600", "2006-06-30": "440.28500", "2006-03-31": "421.93600", "2005-12-31": "408.56400", "2005-09-30": "394.59900", "2005-06-30": "375.83900", "2005-03-31": "376.86600"}, "Inventory": {"2020-09-30": "", "2020-06-30": "", "2020-03-31": "", "2019-12-31": "", "2019-09-30": "", "2019-06-30": "", "2019-03-31": "", "2018-12-31": "", "2018-09-30": "", "2018-06-30": "", "2018-03-31": "", "2017-12-31": "", "2017-09-30": "", "2017-06-30": "", "2017-03-31": "", "2016-12-31": "", "2016-09-30": "", "2016-06-30": "", "2016-03-31": "", "2015-12-31": "", "2015-09-30": "", "2015-06-30": "", "2015-03-31": "", "2014-12-31": "", "2014-09-30": "", "2014-06-30": "", "2014-03-31": "", "2013-12-31": "", "2013-09-30": "", "2013-06-30": "", "2013-03-31": "", "2012-12-31": "", "2012-09-30": "", "2012-06-30": "", "2012-03-31": "", "2011-12-31": "", "2011-09-30": "", "2011-06-30": "", "2011-03-31": "", "2010-12-31": "", "2010-09-30": "", "2010-06-30": "", "2010-03-31": "", "2009-12-31": "", "2009-09-30": "", "2009-06-30": "", "2009-03-31": "", "2008-12-31": "", "2008-09-30": "", "2008-06-30": "", "2008-03-31": "", "2007-12-31": "", "2007-09-30": "", "2007-06-30": "", "2007-03-31": "", "2006-12-31": "", "2006-09-30": "", "2006-06-30": "", "2006-03-31": "", "2005-12-31": "", "2005-09-30": "", "2005-06-30": "", "2005-03-31": ""}, "Pre-Paid Expenses": {"2020-09-30": "190.19400", "2020-06-30": "184.29200", "2020-03-31": "214.86500", "2019-12-31": "192.08300", "2019-09-30": "195.18900", "2019-06-30": "200.77700", "2019-03-31": "210.85400", "2018-12-31": "195.74000", "2018-09-30": "170.84700", "2018-06-30": "189.10100", "2018-03-31": "223.27600", "2017-12-31": "188.87400", "2017-09-30": "205.45400", "2017-06-30": "184.49100", "2017-03-31": "181.97900", "2016-12-31": "184.37400", "2016-09-30": "169.98800", "2016-06-30": "192.69700", "2016-03-31": "116.97300", "2015-12-31": "142.95100", "2015-09-30": "139.15700", "2015-06-30": "139.76800", "2015-03-31": "136.79000", "2014-12-31": "139.46900", "2014-09-30": "128.90600", "2014-06-30": "145.01700", "2014-03-31": "131.77200", "2013-12-31": "144.80100", "2013-09-30": "106.35700", "2013-06-30": "156.10400", "2013-03-31": "166.12200", "2012-12-31": "164.71300", "2012-09-30": "113.89600", "2012-06-30": "97.48900", "2012-03-31": "110.65400", "2011-12-31": "105.53700", "2011-09-30": "132.31500", "2011-06-30": "120.67000", "2011-03-31": "140.44900", "2010-12-31": "136.90500", "2010-09-30": "157.14000", "2010-06-30": "142.71700", "2010-03-31": "115.95200", "2009-12-31": "141.46900", "2009-09-30": "126.72700", "2009-06-30": "169.41300", "2009-03-31": "100.14600", "2008-12-31": "103.88700", "2008-09-30": "95.55500", "2008-06-30": "90.76000", "2008-03-31": "107.02300", "2007-12-31": "91.27500", "2007-09-30": "98.33800", "2007-06-30": "81.38300", "2007-03-31": "85.46700", "2006-12-31": "100.44900", "2006-09-30": "89.00100", "2006-06-30": "82.61400", "2006-03-31": "71.44000", "2005-12-31": "64.56800", "2005-09-30": "74.47400", "2005-06-30": "71.40000", "2005-03-31": "70.87700"}, "Other Current Assets": {"2020-09-30": "", "2020-06-30": "", "2020-03-31": "", "2019-12-31": "", "2019-09-30": "", "2019-06-30": "", "2019-03-31": "", "2018-12-31": "", "2018-09-30": "", "2018-06-30": "", "2018-03-31": "", "2017-12-31": "", "2017-09-30": "", "2017-06-30": "", "2017-03-31": "", "2016-12-31": "", "2016-09-30": "127.91200", "2016-06-30": "143.96800", "2016-03-31": "", "2015-12-31": "", "2015-09-30": "", "2015-06-30": "", "2015-03-31": "", "2014-12-31": "", "2014-09-30": "", "2014-06-30": "", "2014-03-31": "", "2013-12-31": "", "2013-09-30": "", "2013-06-30": "", "2013-03-31": "", "2012-12-31": "", "2012-09-30": "", "2012-06-30": "", "2012-03-31": "", "2011-12-31": "", "2011-09-30": "", "2011-06-30": "", "2011-03-31": "", "2010-12-31": "", "2010-09-30": "", "2010-06-30": "", "2010-03-31": "", "2009-12-31": "", "2009-09-30": "", "2009-06-30": "", "2009-03-31": "", "2008-12-31": "", "2008-09-30": "", "2008-06-30": "", "2008-03-31": "", "2007-12-31": "", "2007-09-30": "", "2007-06-30": "", "2007-03-31": "", "2006-12-31": "", "2006-09-30": "", "2006-06-30": "", "2006-03-31": "", "2005-12-31": "", "2005-09-30": "", "2005-06-30": "", "2005-03-31": ""}, "Total Current Assets": {"2020-09-30": "1134.02500", "2020-06-30": "1897.37300", "2020-03-31": "1199.05600", "2019-12-31": "1236.33900", "2019-09-30": "1203.89300", "2019-06-30": "1215.10300", "2019-03-31": "1209.85000", "2018-12-31": "1208.11400", "2018-09-30": "1215.97500", "2018-06-30": "1244.33400", "2018-03-31": "1524.87300", "2017-12-31": "1950.31500", "2017-09-30": "1328.22400", "2017-06-30": "1205.87600", "2017-03-31": "1198.63700", "2016-12-31": "1112.10700", "2016-09-30": "1467.34100", "2016-06-30": "1289.37000", "2016-03-31": "831.89600", "2015-12-31": "857.91200", "2015-09-30": "1228.29800", "2015-06-30": "874.72700", "2015-03-31": "887.47300", "2014-12-31": "917.71900", "2014-09-30": "976.38600", "2014-06-30": "962.86800", "2014-03-31": "987.62900", "2013-12-31": "933.60700", "2013-09-30": "942.47800", "2013-06-30": "1045.98200", "2013-03-31": "1001.13600", "2012-12-31": "1024.09200", "2012-09-30": "1065.98400", "2012-06-30": "891.15400", "2012-03-31": "931.99900", "2011-12-31": "914.45000", "2011-09-30": "1259.94300", "2011-06-30": "1069.64600", "2011-03-31": "1018.60200", "2010-12-31": "1212.46200", "2010-09-30": "994.61000", "2010-06-30": "1125.23400", "2010-03-31": "1090.32300", "2009-12-31": "1211.42500", "2009-09-30": "1197.66700", "2009-06-30": "1112.61300", "2009-03-31": "973.93800", "2008-12-31": "976.39200", "2008-09-30": "1082.30000", "2008-06-30": "955.14900", "2008-03-31": "860.25700", "2007-12-31": "822.39600", "2007-09-30": "751.39700", "2007-06-30": "712.96200", "2007-03-31": "667.59200", "2006-12-31": "679.72100", "2006-09-30": "619.91900", "2006-06-30": "589.59600", "2006-03-31": "563.09300", "2005-12-31": "554.16800", "2005-09-30": "545.85200", "2005-06-30": "511.29800", "2005-03-31": "512.32400"}, "Property, Plant, And Equipment": {"2020-09-30": "4459.06700", "2020-06-30": "4535.72800", "2020-03-31": "4521.09200", "2019-12-31": "4623.03700", "2019-09-30": "4556.71900", "2019-06-30": "4558.55900", "2019-03-31": "4525.58300", "2018-12-31": "4489.55700", "2018-09-30": "4424.69300", "2018-06-30": "4406.48700", "2018-03-31": "4365.47100", "2017-12-31": "3417.67900", "2017-09-30": "3344.47500", "2017-06-30": "3175.43900", "2017-03-31": "3111.74000", "2016-12-31": "3083.32600", "2016-09-30": "3166.52800", "2016-06-30": "3196.24800", "2016-03-31": "2539.30400", "2015-12-31": "2497.15800", "2015-09-30": "2428.72500", "2015-06-30": "2493.01300", "2015-03-31": "2476.80200", "2014-12-31": "2550.72700", "2014-09-30": "2560.70400", "2014-06-30": "2606.90300", "2014-03-31": "2561.78600", "2013-12-31": "2578.26000", "2013-09-30": "2505.98200", "2013-06-30": "2452.30900", "2013-03-31": "2478.11100", "2012-12-31": "2477.72700", "2012-09-30": "2410.12400", "2012-06-30": "2376.34700", "2012-03-31": "2402.65800", "2011-12-31": "2407.08300", "2011-09-30": "2395.96700", "2011-06-30": "2478.19900", "2011-03-31": "2526.66400", "2010-12-31": "2468.24400", "2010-09-30": "2498.87000", "2010-06-30": "2456.81900", "2010-03-31": "2507.73000", "2009-12-31": "2568.20000", "2009-09-30": "2467.92200", "2009-06-30": "2387.31600", "2009-03-31": "2336.35300", "2008-12-31": "2386.75400", "2008-09-30": "2391.11300", "2008-06-30": "2371.33900", "2008-03-31": "2334.33100", "2007-12-31": "2335.96100", "2007-09-30": "2198.33600", "2007-06-30": "2135.49400", "2007-03-31": "2047.61600", "2006-12-31": "2015.23500", "2006-09-30": "1927.78200", "2006-06-30": "1875.51600", "2006-03-31": "1806.79300", "2005-12-31": "1781.26600", "2005-09-30": "1702.47700", "2005-06-30": "1708.38600", "2005-03-31": "1673.96600"}, "Long-Term Investments": {"2020-09-30": "", "2020-06-30": "", "2020-03-31": "", "2019-12-31": "", "2019-09-30": "", "2019-06-30": "", "2019-03-31": "", "2018-12-31": "", "2018-09-30": "", "2018-06-30": "", "2018-03-31": "", "2017-12-31": "", "2017-09-30": "", "2017-06-30": "", "2017-03-31": "", "2016-12-31": "", "2016-09-30": "", "2016-06-30": "", "2016-03-31": "", "2015-12-31": "", "2015-09-30": "", "2015-06-30": "", "2015-03-31": "", "2014-12-31": "", "2014-09-30": "", "2014-06-30": "", "2014-03-31": "", "2013-12-31": "", "2013-09-30": "", "2013-06-30": "", "2013-03-31": "", "2012-12-31": "", "2012-09-30": "", "2012-06-30": "", "2012-03-31": "", "2011-12-31": "", "2011-09-30": "", "2011-06-30": "", "2011-03-31": "", "2010-12-31": "", "2010-09-30": "", "2010-06-30": "", "2010-03-31": "", "2009-12-31": "", "2009-09-30": "", "2009-06-30": "", "2009-03-31": "", "2008-12-31": "", "2008-09-30": "", "2008-06-30": "", "2008-03-31": "", "2007-12-31": "", "2007-09-30": "", "2007-06-30": "", "2007-03-31": "", "2006-12-31": "", "2006-09-30": "", "2006-06-30": "", "2006-03-31": "", "2005-12-31": "", "2005-09-30": "", "2005-06-30": "", "2005-03-31": ""}, "Goodwill And Intangible Assets": {"2020-09-30": "5778.92800", "2020-06-30": "5767.34400", "2020-03-31": "5736.44600", "2019-12-31": "5878.39200", "2019-09-30": "5837.28200", "2019-06-30": "5940.44900", "2019-03-31": "5960.71600", "2018-12-31": "5947.55200", "2018-09-30": "5995.60800", "2018-06-30": "5997.18300", "2018-03-31": "5917.96600", "2017-12-31": "5470.81400", "2017-09-30": "5455.80400", "2017-06-30": "5285.77700", "2017-03-31": "5233.98700", "2016-12-31": "5157.54400", "2016-09-30": "5167.82100", "2016-06-30": "5150.89900", "2016-03-31": "3019.05800", "2015-12-31": "2964.29200", "2015-09-30": "2922.35100", "2015-06-30": "2984.16500", "2015-03-31": "2939.00200", "2014-12-31": "3031.62000", "2014-09-30": "3022.36000", "2014-06-30": "3096.98400", "2014-03-31": "3085.61100", "2013-12-31": "3068.83600", "2013-09-30": "2864.38900", "2013-06-30": "2774.86700", "2013-03-31": "2755.00900", "2012-12-31": "2790.87900", "2012-09-30": "2779.51700", "2012-06-30": "2769.00700", "2012-03-31": "2698.93900", "2011-12-31": "2664.41700", "2011-09-30": "2676.91200", "2011-06-30": "2808.23700", "2011-03-31": "2856.01900", "2010-12-31": "2659.36900", "2010-09-30": "2756.87900", "2010-06-30": "2960.16800", "2010-03-31": "3022.23400", "2009-12-31": "2973.52500", "2009-09-30": "2946.37000", "2009-06-30": "2881.90000", "2009-03-31": "2840.38800", "2008-12-31": "2896.03300", "2008-09-30": "3060.85700", "2008-06-30": "3082.66500", "2008-03-31": "3037.61400", "2007-12-31": "3054.69500", "2007-09-30": "2870.61400", "2007-06-30": "2797.47600", "2007-03-31": "2489.36700", "2006-12-31": "2447.88500", "2006-09-30": "2449.86700", "2006-06-30": "2430.26900", "2006-03-31": "2363.42200", "2005-12-31": "2367.64700", "2005-09-30": "2247.29700", "2005-06-30": "2261.17200", "2005-03-31": "2259.74300"}, "Other Long-Term Assets": {"2020-09-30": "347.62100", "2020-06-30": "219.44290", "2020-03-31": "203.06400", "2019-12-31": "209.94700", "2019-09-30": "213.77700", "2019-06-30": "213.06400", "2019-03-31": "201.67800", "2018-12-31": "211.99500", "2018-09-30": "169.69300", "2018-06-30": "164.53000", "2018-03-31": "189.83900", "2017-12-31": "133.59400", "2017-09-30": "131.50300", "2017-06-30": "147.60100", "2017-03-31": "127.77000", "2016-12-31": "133.82300", "2016-09-30": "103.22600", "2016-06-30": "104.53700", "2016-03-31": "32.05100", "2015-12-31": "31.22500", "2015-09-30": "24.58000", "2015-06-30": "26.84500", "2015-03-31": "23.11600", "2014-12-31": "23.19900", "2014-09-30": "25.92700", "2014-06-30": "25.99900", "2014-03-31": "27.65200", "2013-12-31": "26.69500", "2013-09-30": "20.91400", "2013-06-30": "20.73800", "2013-03-31": "21.43600", "2012-12-31": "21.79100", "2012-09-30": "26.52600", "2012-06-30": "17.79700", "2012-03-31": "18.59100", "2011-12-31": "19.51000", "2011-09-30": "21.45200", "2011-06-30": "22.51400", "2011-03-31": "41.90700", "2010-12-31": "27.68600", "2010-09-30": "70.25300", "2010-06-30": "72.29600", "2010-03-31": "84.37900", "2009-12-31": "58.47800", "2009-09-30": "58.13000", "2009-06-30": "59.81300", "2009-03-31": "62.03900", "2008-12-31": "64.48900", "2008-09-30": "68.27400", "2008-06-30": "63.08800", "2008-03-31": "61.70400", "2007-12-31": "60.83900", "2007-09-30": "50.04600", "2007-06-30": "34.39600", "2007-03-31": "31.50100", "2006-12-31": "36.88500", "2006-09-30": "31.48400", "2006-06-30": "32.48500", "2006-03-31": "33.78500", "2005-12-31": "31.45300", "2005-09-30": "24.19100", "2005-06-30": "25.40500", "2005-03-31": "26.56300"}, "Total Long-Term Assets": {"2020-09-30": "12548.63000", "2020-06-30": "12470.18000", "2020-03-31": "12367.28000", "2019-12-31": "12580.48000", "2019-09-30": "12373.28000", "2019-06-30": "12505.88000", "2019-03-31": "12479.51000", "2018-12-31": "10649.10000", "2018-09-30": "10589.99000", "2018-06-30": "10568.20000", "2018-03-31": "10473.28000", "2017-12-31": "9022.08700", "2017-09-30": "8931.78200", "2017-06-30": "8608.81600", "2017-03-31": "8473.49700", "2016-12-31": "8374.69300", "2016-09-30": "8437.57500", "2016-06-30": "8451.68400", "2016-03-31": "5590.41300", "2015-12-31": "5492.67500", "2015-09-30": "5441.52400", "2015-06-30": "5547.85000", "2015-03-31": "5483.98100", "2014-12-31": "5605.54600", "2014-09-30": "5659.95300", "2014-06-30": "5772.25600", "2014-03-31": "5718.98700", "2013-12-31": "5719.39700", "2013-09-30": "5438.30100", "2013-06-30": "5288.83600", "2013-03-31": "5297.04400", "2012-12-31": "5334.24700", "2012-09-30": "5261.59100", "2012-06-30": "5196.05800", "2012-03-31": "5154.62300", "2011-12-31": "5126.80800", "2011-09-30": "5131.50000", "2011-06-30": "5341.05300", "2011-03-31": "5451.50000", "2010-12-31": "5203.93100", "2010-09-30": "5356.30800", "2010-06-30": "5521.86200", "2010-03-31": "5648.35600", "2009-12-31": "5635.40900", "2009-09-30": "5508.55800", "2009-06-30": "5359.88600", "2009-03-31": "5270.62600", "2008-12-31": "5380.46200", "2008-09-30": "5555.39400", "2008-06-30": "5553.46100", "2008-03-31": "5466.32200", "2007-12-31": "5485.52500", "2007-09-30": "5151.78600", "2007-06-30": "5000.83300", "2007-03-31": "4602.13900", "2006-12-31": "4529.80000", "2006-09-30": "4439.02800", "2006-06-30": "4367.31600", "2006-03-31": "4234.26400", "2005-12-31": "4211.97200", "2005-09-30": "4006.63800", "2005-06-30": "4029.15700", "2005-03-31": "3995.60600"}, "Total Assets": {"2020-09-30": "13682.66000", "2020-06-30": "14367.55000", "2020-03-31": "13566.34000", "2019-12-31": "13816.82000", "2019-09-30": "13577.17000", "2019-06-30": "13720.98000", "2019-03-31": "13689.36000", "2018-12-31": "11857.22000", "2018-09-30": "11805.97000", "2018-06-30": "11812.53000", "2018-03-31": "11998.15000", "2017-12-31": "10972.40000", "2017-09-30": "10260.01000", "2017-06-30": "9814.69300", "2017-03-31": "9672.13400", "2016-12-31": "9486.80000", "2016-09-30": "9904.91600", "2016-06-30": "9741.05400", "2016-03-31": "6422.30900", "2015-12-31": "6350.58700", "2015-09-30": "6669.82200", "2015-06-30": "6422.57700", "2015-03-31": "6371.45400", "2014-12-31": "6523.26500", "2014-09-30": "6636.33900", "2014-06-30": "6735.12400", "2014-03-31": "6706.61700", "2013-12-31": "6653.00500", "2013-09-30": "6380.77900", "2013-06-30": "6334.81900", "2013-03-31": "6298.18000", "2012-12-31": "6358.33900", "2012-09-30": "6327.57500", "2012-06-30": "6087.21200", "2012-03-31": "6086.62200", "2011-12-31": "6041.25800", "2011-09-30": "6391.44300", "2011-06-30": "6410.69900", "2011-03-31": "6470.10200", "2010-12-31": "6416.39300", "2010-09-30": "6350.91800", "2010-06-30": "6647.09600", "2010-03-31": "6738.67900", "2009-12-31": "6846.83400", "2009-09-30": "6706.22500", "2009-06-30": "6472.49900", "2009-03-31": "6244.56400", "2008-12-31": "6356.85400", "2008-09-30": "6637.69400", "2008-06-30": "6508.61000", "2008-03-31": "6326.57900", "2007-12-31": "6307.92100", "2007-09-30": "5903.18300", "2007-06-30": "5713.79600", "2007-03-31": "5269.73100", "2006-12-31": "5209.52100", "2006-09-30": "5058.94700", "2006-06-30": "4956.91200", "2006-03-31": "4797.35700", "2005-12-31": "4766.14000", "2005-09-30": "4552.49000", "2005-06-30": "4540.45500", "2005-03-31": "4507.93000"}, "Total Current Liabilities": {"2020-09-30": "1890.90300", "2020-06-30": "2383.27100", "2020-03-31": "1581.26300", "2019-12-31": "1949.50900", "2019-09-30": "1830.11100", "2019-06-30": "1616.78700", "2019-03-31": "1515.13300", "2018-12-31": "1490.77500", "2018-09-30": "1247.35200", "2018-06-30": "1273.10300", "2018-03-31": "1231.06200", "2017-12-31": "1330.17300", "2017-09-30": "1232.36900", "2017-06-30": "1474.60600", "2017-03-31": "1418.46900", "2016-12-31": "1046.55700", "2016-09-30": "1024.02700", "2016-06-30": "982.02900", "2016-03-31": "748.49300", "2015-12-31": "841.83100", "2015-09-30": "910.77700", "2015-06-30": "752.13500", "2015-03-31": "720.33100", "2014-12-31": "856.73600", "2014-09-30": "1598.30800", "2014-06-30": "901.70800", "2014-03-31": "867.85000", "2013-12-31": "969.10100", "2013-09-30": "828.50000", "2013-06-30": "1072.92500", "2013-03-31": "844.57800", "2012-12-31": "904.95300", "2012-09-30": "772.61500", "2012-06-30": "780.72600", "2012-03-31": "778.14000", "2011-12-31": "849.03000", "2011-09-30": "754.68900", "2011-06-30": "798.39200", "2011-03-31": "807.94700", "2010-12-31": "874.70300", "2010-09-30": "747.16600", "2010-06-30": "731.65000", "2010-03-31": "725.90900", "2009-12-31": "814.71400", "2009-09-30": "721.49700", "2009-06-30": "676.77100", "2009-03-31": "663.71300", "2008-12-31": "729.59700", "2008-09-30": "781.58500", "2008-06-30": "755.60800", "2008-03-31": "681.30500", "2007-12-31": "765.67700", "2007-09-30": "657.46300", "2007-06-30": "632.16800", "2007-03-31": "665.69500", "2006-12-31": "638.64700", "2006-09-30": "616.18600", "2006-06-30": "609.21400", "2006-03-31": "550.53700", "2005-12-31": "591.99600", "2005-09-30": "527.84100", "2005-06-30": "545.97800", "2005-03-31": "533.08300"}, "Long Term Debt": {"2020-09-30": "8618.85600", "2020-06-30": "8750.11600", "2020-03-31": "8708.01600", "2019-12-31": "8275.56600", "2019-09-30": "8220.34700", "2019-06-30": "8390.18200", "2019-03-31": "8365.73700", "2018-12-31": "8016.41700", "2018-09-30": "8109.17900", "2018-06-30": "7961.76100", "2018-03-31": "8020.87300", "2017-12-31": "6896.97100", "2017-09-30": "6700.09400", "2017-06-30": "6028.98500", "2017-03-31": "5922.74800", "2016-12-31": "6078.20600", "2016-09-30": "6338.02400", "2016-06-30": "6103.05800", "2016-03-31": "4931.29600", "2015-12-31": "4757.61000", "2015-09-30": "4920.56800", "2015-06-30": "4718.91500", "2015-03-31": "4667.35900", "2014-12-31": "4564.35900", "2014-09-30": "4331.68600", "2014-06-30": "4297.94200", "2014-03-31": "4288.60500", "2013-12-31": "4119.13900", "2013-09-30": "3973.79900", "2013-06-30": "3614.01800", "2013-03-31": "3757.85300", "2012-12-31": "3732.11600", "2012-09-30": "3668.04700", "2012-06-30": "3430.15700", "2012-03-31": "3390.44700", "2011-12-31": "3280.26800", "2011-09-30": "3257.21300", "2011-06-30": "2866.92000", "2011-03-31": "2960.88000", "2010-12-31": "2912.12600", "2010-09-30": "2972.97300", "2010-06-30": "3129.15300", "2010-03-31": "3183.34900", "2009-12-31": "3211.22300", "2009-09-30": "3275.93500", "2009-06-30": "3208.38400", "2009-03-31": "3130.36300", "2008-12-31": "3207.46400", "2008-09-30": "3393.36700", "2008-06-30": "3318.95000", "2008-03-31": "3279.21700", "2007-12-31": "3232.84800", "2007-09-30": "3074.29900", "2007-06-30": "2971.65400", "2007-03-31": "2592.71900", "2006-12-31": "2605.71100", "2006-09-30": "2575.08100", "2006-06-30": "2541.99600", "2006-03-31": "2531.26700", "2005-12-31": "2503.52600", "2005-09-30": "2382.13900", "2005-06-30": "2406.19600", "2005-03-31": "2448.52600"}, "Other Non-Current Liabilities": {"2020-09-30": "158.50700", "2020-06-30": "159.80000", "2020-03-31": "153.26400", "2019-12-31": "143.01800", "2019-09-30": "130.29000", "2019-06-30": "131.90900", "2019-03-31": "127.12700", "2018-12-31": "111.33100", "2018-09-30": "116.75700", "2018-06-30": "119.09500", "2018-03-31": "96.73100", "2017-12-31": "73.03900", "2017-09-30": "87.48400", "2017-06-30": "85.94800", "2017-03-31": "86.58300", "2016-12-31": "99.54000", "2016-09-30": "88.79400", "2016-06-30": "86.36700", "2016-03-31": "74.35600", "2015-12-31": "71.84400", "2015-09-30": "74.59100", "2015-06-30": "79.12400", "2015-03-31": "72.36300", "2014-12-31": "73.50600", "2014-09-30": "72.35400", "2014-06-30": "66.49700", "2014-03-31": "69.94400", "2013-12-31": "68.21900", "2013-09-30": "70.78900", "2013-06-30": "66.55200", "2013-03-31": "66.39700", "2012-12-31": "62.91700", "2012-09-30": "55.04300", "2012-06-30": "61.50100", "2012-03-31": "57.69700", "2011-12-31": "53.16900", "2011-09-30": "52.69500", "2011-06-30": "85.73200", "2011-03-31": "85.74200", "2010-12-31": "86.60500", "2010-09-30": "89.74700", "2010-06-30": "128.61500", "2010-03-31": "124.57200", "2009-12-31": "105.85600", "2009-09-30": "112.35100", "2009-06-30": "114.01200", "2009-03-31": "114.45900", "2008-12-31": "113.13600", "2008-09-30": "97.94000", "2008-06-30": "104.85500", "2008-03-31": "93.14700", "2007-12-31": "89.99000", "2007-09-30": "105.76800", "2007-06-30": "105.30500", "2007-03-31": "101.07200", "2006-12-31": "72.77800", "2006-09-30": "33.03400", "2006-06-30": "35.15000", "2006-03-31": "33.57300", "2005-12-31": "33.54500", "2005-09-30": "29.21000", "2005-06-30": "30.77900", "2005-03-31": "20.74800"}, "Total Long Term Liabilities": {"2020-09-30": "10854.51000", "2020-06-30": "10959.95000", "2020-03-31": "10861.23000", "2019-12-31": "10403.08000", "2019-09-30": "10235.21000", "2019-06-30": "10445.21000", "2019-03-31": "10413.50000", "2018-12-31": "8503.98000", "2018-09-30": "8619.74100", "2018-06-30": "8481.98400", "2018-03-31": "8505.81300", "2017-12-31": "7343.38700", "2017-09-30": "7158.99100", "2017-06-30": "6482.79000", "2017-03-31": "6349.89100", "2016-12-31": "6503.57200", "2016-09-30": "6730.63500", "2016-06-30": "6512.99500", "2016-03-31": "5152.67200", "2015-12-31": "4980.14900", "2015-09-30": "5139.26800", "2015-06-30": "4948.21700", "2015-03-31": "4894.62100", "2014-12-31": "4796.57400", "2014-09-30": "4570.36900", "2014-06-30": "4536.26600", "2014-03-31": "4787.59600", "2013-12-31": "4632.17000", "2013-09-30": "4480.11300", "2013-06-30": "4168.35500", "2013-03-31": "4325.52500", "2012-12-31": "4290.93800", "2012-09-30": "4255.83500", "2012-06-30": "4056.16200", "2012-03-31": "4039.67900", "2011-12-31": "3937.97200", "2011-09-30": "3923.05300", "2011-06-30": "3550.19800", "2011-03-31": "3634.16900", "2010-12-31": "3588.82500", "2010-09-30": "3636.54000", "2010-06-30": "3799.39100", "2010-03-31": "3860.83000", "2009-12-31": "3874.64900", "2009-09-30": "3934.65400", "2009-06-30": "3844.16200", "2009-03-31": "3762.81300", "2008-12-31": "3820.92900", "2008-09-30": "3958.64300", "2008-06-30": "3852.66000", "2008-03-31": "3810.73300", "2007-12-31": "3746.78900", "2007-09-30": "3526.92400", "2007-06-30": "3429.22000", "2007-03-31": "3016.52700", "2006-12-31": "3017.60100", "2006-09-30": "2939.17600", "2006-06-30": "2884.09500", "2006-03-31": "2844.77100", "2005-12-31": "2804.01500", "2005-09-30": "2697.22700", "2005-06-30": "2703.60700", "2005-03-31": "2719.37900"}, "Total Liabilities": {"2020-09-30": "12745.41000", "2020-06-30": "13343.22000", "2020-03-31": "12442.50000", "2019-12-31": "12352.59000", "2019-09-30": "12065.32000", "2019-06-30": "12062.00000", "2019-03-31": "11928.63000", "2018-12-31": "9994.75500", "2018-09-30": "9867.09300", "2018-06-30": "9755.08700", "2018-03-31": "9736.87400", "2017-12-31": "8673.55800", "2017-09-30": "8391.36000", "2017-06-30": "7957.39600", "2017-03-31": "7768.36000", "2016-12-31": "7550.12900", "2016-09-30": "7754.66200", "2016-06-30": "7495.02400", "2016-03-31": "5901.16500", "2015-12-31": "5821.98000", "2015-09-30": "6050.04500", "2015-06-30": "5700.35200", "2015-03-31": "5614.95200", "2014-12-31": "5653.31000", "2014-09-30": "6168.67700", "2014-06-30": "5437.97400", "2014-03-31": "5655.44600", "2013-12-31": "5601.27100", "2013-09-30": "5308.61300", "2013-06-30": "5241.28000", "2013-03-31": "5170.10300", "2012-12-31": "5195.89100", "2012-09-30": "5028.45000", "2012-06-30": "4836.88800", "2012-03-31": "4817.81900", "2011-12-31": "4787.00200", "2011-09-30": "4677.74200", "2011-06-30": "4348.59000", "2011-03-31": "4442.11600", "2010-12-31": "4463.52800", "2010-09-30": "4383.70600", "2010-06-30": "4531.04100", "2010-03-31": "4586.73900", "2009-12-31": "4689.36300", "2009-09-30": "4656.15100", "2009-06-30": "4520.93300", "2009-03-31": "4426.52600", "2008-12-31": "4550.52600", "2008-09-30": "4740.22800", "2008-06-30": "4608.26800", "2008-03-31": "4492.03800", "2007-12-31": "4512.46600", "2007-09-30": "4184.38700", "2007-06-30": "4061.38800", "2007-03-31": "3682.22200", "2006-12-31": "3656.24800", "2006-09-30": "3555.36200", "2006-06-30": "3493.30900", "2006-03-31": "3395.30800", "2005-12-31": "3396.01100", "2005-09-30": "3225.06800", "2005-06-30": "3249.58500", "2005-03-31": "3252.46200"}, "Common Stock Net": {"2020-09-30": "2.88200", "2020-06-30": "2.88100", "2020-03-31": "2.87900", "2019-12-31": "2.87300", "2019-09-30": "2.87100", "2019-06-30": "2.87000", "2019-03-31": "2.86800", "2018-12-31": "2.86300", "2018-09-30": "2.86200", "2018-06-30": "2.86100", "2018-03-31": "2.85900", "2017-12-31": "2.83100", "2017-09-30": "2.66800", "2017-06-30": "2.64400", "2017-03-31": "2.64100", "2016-12-31": "2.63600", "2016-09-30": "2.63400", "2016-06-30": "2.63000", "2016-03-31": "2.11900", "2015-12-31": "2.11300", "2015-09-30": "2.11100", "2015-06-30": "2.10800", "2015-03-31": "2.10500", "2014-12-31": "2.09800", "2014-09-30": "1.93700", "2014-06-30": "1.93000", "2014-03-31": "1.91900", "2013-12-31": "1.91400", "2013-09-30": "1.91200", "2013-06-30": "1.91100", "2013-03-31": "1.90600", "2012-12-31": "1.90000", "2012-09-30": "1.72100", "2012-06-30": "1.71600", "2012-03-31": "1.71200", "2011-12-31": "1.72100", "2011-09-30": "1.86600", "2011-06-30": "2.02900", "2011-03-31": "2.00300", "2010-12-31": "2.00100", "2010-09-30": "2.00500", "2010-06-30": "2.02000", "2010-03-31": "2.03400", "2009-12-31": "2.03500", "2009-09-30": "2.03300", "2009-06-30": "2.02700", "2009-03-31": "2.02200", "2008-12-31": "2.01900", "2008-09-30": "2.01600", "2008-06-30": "2.01400", "2008-03-31": "2.01000", "2007-12-31": "2.00700", "2007-09-30": "2.00300", "2007-06-30": "2.00000", "2007-03-31": "1.99500", "2006-12-31": "1.99100", "2006-09-30": "1.32400", "2006-06-30": "1.32200", "2006-03-31": "1.31800", "2005-12-31": "1.97500", "2005-09-30": "1.31100", "2005-06-30": "1.30700", "2005-03-31": "1.30300"}, "Retained Earnings (Accumulated Deficit)": {"2020-09-30": "-3018.14400", "2020-06-30": "-2876.86100", "2020-03-31": "-2690.43300", "2019-12-31": "-2574.89600", "2019-09-30": "-2433.80200", "2019-06-30": "-2364.81200", "2019-03-31": "-2257.48500", "2018-12-31": "-2139.49300", "2018-09-30": "-2098.40300", "2018-06-30": "-1996.36500", "2018-03-31": "-1919.78700", "2017-12-31": "-1765.96600", "2017-09-30": "-1621.53800", "2017-06-30": "-1498.28500", "2017-03-31": "-1430.61300", "2016-12-31": "-1343.31100", "2016-09-30": "-1246.40800", "2016-06-30": "-1124.92400", "2016-03-31": "-982.53200", "2015-12-31": "-942.21800", "2015-09-30": "-844.67500", "2015-06-30": "-766.84900", "2015-03-31": "-718.99600", "2014-12-31": "-659.55300", "2014-09-30": "-516.36100", "2014-06-30": "276.34800", "2014-03-31": "63.29700", "2013-12-31": "67.82000", "2013-09-30": "78.86200", "2013-06-30": "126.96400", "2013-03-31": "152.49600", "2012-12-31": "185.55800", "2012-09-30": "913.13900", "2012-06-30": "906.81100", "2012-03-31": "915.12600", "2011-12-31": "902.56700", "2011-09-30": "924.08700", "2011-06-30": "933.62600", "2011-03-31": "731.56600", "2010-12-31": "685.31000", "2010-09-30": "700.20300", "2010-06-30": "866.51100", "2010-03-31": "837.86000", "2009-12-31": "825.01400", "2009-09-30": "751.53500", "2009-06-30": "708.34900", "2009-03-31": "620.71100", "2008-12-31": "591.91200", "2008-09-30": "590.55700", "2008-06-30": "579.24300", "2008-03-31": "543.35700", "2007-12-31": "509.87500", "2007-09-30": "481.87400", "2007-06-30": "430.54000", "2007-03-31": "391.48800", "2006-12-31": "373.38700", "2006-09-30": "336.25200", "2006-06-30": "309.63900", "2006-03-31": "271.79700", "2005-12-31": "244.52400", "2005-09-30": "218.16100", "2005-06-30": "181.78400", "2005-03-31": "156.37400"}, "Comprehensive Income": {"2020-09-30": "-383.17800", "2020-06-30": "-427.52300", "2020-03-31": "-493.24800", "2019-12-31": "-262.58100", "2019-09-30": "-346.20300", "2019-06-30": "-261.82100", "2019-03-31": "-250.96000", "2018-12-31": "-265.66400", "2018-09-30": "-228.26000", "2018-06-30": "-207.45000", "2018-03-31": "-74.08200", "2017-12-31": "-103.98900", "2017-09-30": "-115.34300", "2017-06-30": "-153.59000", "2017-03-31": "-161.23900", "2016-12-31": "-212.57300", "2016-09-30": "-138.44600", "2016-06-30": "-149.28900", "2016-03-31": "-152.16000", "2015-12-31": "-174.91700", "2015-09-30": "-163.68700", "2015-06-30": "-129.75000", "2015-03-31": "-131.08200", "2014-12-31": "-75.03100", "2014-09-30": "-47.23200", "2014-06-30": "-2.33500", "2014-03-31": "-6.98300", "2013-12-31": "-8.66000", "2013-09-30": "-4.49700", "2013-06-30": "-21.69700", "2013-03-31": "5.35200", "2012-12-31": "20.31400", "2012-09-30": "18.27000", "2012-06-30": "-1.28500", "2012-03-31": "25.28600", "2011-12-31": "-2.20300", "2011-09-30": "5.55200", "2011-06-30": "70.80100", "2011-03-31": "52.00000", "2010-12-31": "29.48200", "2010-09-30": "22.31700", "2010-06-30": "-23.96300", "2010-03-31": "8.18300", "2009-12-31": "27.66100", "2009-09-30": "4.82200", "2009-06-30": "-34.56200", "2009-03-31": "-65.73200", "2008-12-31": "-41.21500", "2008-09-30": "64.27500", "2008-06-30": "85.50600", "2008-03-31": "71.65000", "2007-12-31": "74.06100", "2007-09-30": "60.61800", "2007-06-30": "53.53400", "2007-03-31": "41.42000", "2006-12-31": "33.79400", "2006-09-30": "34.26100", "2006-06-30": "29.02000", "2006-03-31": "17.12200", "2005-12-31": "18.68400", "2005-09-30": "17.69400", "2005-06-30": "25.86600", "2005-03-31": "23.77300"}, "Other Share Holders Equity": {"2020-09-30": "", "2020-06-30": "", "2020-03-31": "", "2019-12-31": "", "2019-09-30": "", "2019-06-30": "", "2019-03-31": "", "2018-12-31": "", "2018-09-30": "", "2018-06-30": "", "2018-03-31": "", "2017-12-31": "", "2017-09-30": "", "2017-06-30": "", "2017-03-31": "", "2016-12-31": "", "2016-09-30": "", "2016-06-30": "", "2016-03-31": "", "2015-12-31": "", "2015-09-30": "", "2015-06-30": "", "2015-03-31": "", "2014-12-31": "", "2014-09-30": "", "2014-06-30": "", "2014-03-31": "", "2013-12-31": "", "2013-09-30": "", "2013-06-30": "", "2013-03-31": "", "2012-12-31": "", "2012-09-30": "", "2012-06-30": "", "2012-03-31": "", "2011-12-31": "", "2011-09-30": "", "2011-06-30": "", "2011-03-31": "", "2010-12-31": "", "2010-09-30": "", "2010-06-30": "", "2010-03-31": "", "2009-12-31": "", "2009-09-30": "", "2009-06-30": "", "2009-03-31": "", "2008-12-31": "", "2008-09-30": "", "2008-06-30": "", "2008-03-31": "", "2007-12-31": "", "2007-09-30": "", "2007-06-30": "", "2007-03-31": "", "2006-12-31": "", "2006-09-30": "", "2006-06-30": "", "2006-03-31": "", "2005-12-31": "", "2005-09-30": "", "2005-06-30": "", "2005-03-31": ""}, "Share Holder Equity": {"2020-09-30": "937.24600", "2020-06-30": "1024.33100", "2020-03-31": "1123.84100", "2019-12-31": "1464.22700", "2019-09-30": "1511.84900", "2019-06-30": "1658.98100", "2019-03-31": "1760.73400", "2018-12-31": "1862.46300", "2018-09-30": "1938.87600", "2018-06-30": "2057.44700", "2018-03-31": "2261.27500", "2017-12-31": "2298.84200", "2017-09-30": "1868.64600", "2017-06-30": "1857.29700", "2017-03-31": "1903.77400", "2016-12-31": "1936.67100", "2016-09-30": "2150.25400", "2016-06-30": "2246.03000", "2016-03-31": "521.14400", "2015-12-31": "528.60700", "2015-09-30": "619.77700", "2015-06-30": "722.22500", "2015-03-31": "756.50200", "2014-12-31": "869.95500", "2014-09-30": "467.66200", "2014-06-30": "1297.15000", "2014-03-31": "1051.17100", "2013-12-31": "1051.73400", "2013-09-30": "1072.16600", "2013-06-30": "1093.53900", "2013-03-31": "1128.07700", "2012-12-31": "1162.44800", "2012-09-30": "1299.12500", "2012-06-30": "1250.32400", "2012-03-31": "1268.80300", "2011-12-31": "1254.25600", "2011-09-30": "1713.70100", "2011-06-30": "2062.10900", "2011-03-31": "2027.98600", "2010-12-31": "1952.86500", "2010-09-30": "1967.21200", "2010-06-30": "2116.05500", "2010-03-31": "2151.94000", "2009-12-31": "2157.47100", "2009-09-30": "2050.07400", "2009-06-30": "1951.56600", "2009-03-31": "1818.03800", "2008-12-31": "1806.32800", "2008-09-30": "1897.46600", "2008-06-30": "1900.34200", "2008-03-31": "1834.54100", "2007-12-31": "1795.45500", "2007-09-30": "1718.79600", "2007-06-30": "1652.40800", "2007-03-31": "1587.50900", "2006-12-31": "1553.27300", "2006-09-30": "1503.58500", "2006-06-30": "1463.60300", "2006-03-31": "1402.04900", "2005-12-31": "1370.12900", "2005-09-30": "1327.42200", "2005-06-30": "1290.87000", "2005-03-31": "1255.46800"}, "Total Liabilities And Share Holders Equity": {"2020-09-30": "13682.66000", "2020-06-30": "14367.55000", "2020-03-31": "13566.34000", "2019-12-31": "13816.82000", "2019-09-30": "13577.17000", "2019-06-30": "13720.98000", "2019-03-31": "13689.36000", "2018-12-31": "11857.22000", "2018-09-30": "11805.97000", "2018-06-30": "11812.53000", "2018-03-31": "11998.15000", "2017-12-31": "10972.40000", "2017-09-30": "10260.01000", "2017-06-30": "9814.69300", "2017-03-31": "9672.13400", "2016-12-31": "9486.80000", "2016-09-30": "9904.91600", "2016-06-30": "9741.05400", "2016-03-31": "6422.30900", "2015-12-31": "6350.58700", "2015-09-30": "6669.82200", "2015-06-30": "6422.57700", "2015-03-31": "6371.45400", "2014-12-31": "6523.26500", "2014-09-30": "6636.33900", "2014-06-30": "6735.12400", "2014-03-31": "6706.61700", "2013-12-31": "6653.00500", "2013-09-30": "6380.77900", "2013-06-30": "6334.81900", "2013-03-31": "6298.18000", "2012-12-31": "6358.33900", "2012-09-30": "6327.57500", "2012-06-30": "6087.21200", "2012-03-31": "6086.62200", "2011-12-31": "6041.25800", "2011-09-30": "6391.44300", "2011-06-30": "6410.69900", "2011-03-31": "6470.10200", "2010-12-31": "6416.39300", "2010-09-30": "6350.91800", "2010-06-30": "6647.09600", "2010-03-31": "6738.67900", "2009-12-31": "6846.83400", "2009-09-30": "6706.22500", "2009-06-30": "6472.49900", "2009-03-31": "6244.56400", "2008-12-31": "6356.85400", "2008-09-30": "6637.69400", "2008-06-30": "6508.61000", "2008-03-31": "6326.57900", "2007-12-31": "6307.92100", "2007-09-30": "5903.18300", "2007-06-30": "5713.79600", "2007-03-31": "5269.73100", "2006-12-31": "5209.52100", "2006-09-30": "5058.94700", "2006-06-30": "4956.91200", "2006-03-31": "4797.35700", "2005-12-31": "4766.14000", "2005-09-30": "4552.49000", "2005-06-30": "4540.45500", "2005-03-31": "4507.93000"}}, "cash flow statement": {"Net Income/Loss": {"2019-12-31": "268.31500", "2018-12-31": "355.13100", "2017-12-31": "171.72400", "2016-12-31": "107.23300", "2015-12-31": "125.20300", "2014-12-31": "328.74600", "2013-12-31": "99.99200", "2012-12-31": "174.04800", "2011-12-31": "399.59200", "2010-12-31": "-52.67800", "2009-12-31": "219.37900", "2008-12-31": "81.94300", "2007-12-31": "154.01400", "2006-12-31": "128.86300", "2005-12-31": "111.09900"}, "Total Depreciation And Amortization - Cash Flow": {"2019-12-31": "674.94100", "2018-12-31": "655.18900", "2017-12-31": "540.34900", "2016-12-31": "465.47700", "2015-12-31": "354.71300", "2014-12-31": "361.15200", "2013-12-31": "329.29500", "2012-12-31": "323.29200", "2011-12-31": "372.31700", "2010-12-31": "395.47100", "2009-12-31": "282.30300", "2008-12-31": "295.72000", "2007-12-31": "254.65500", "2006-12-31": "213.83600", "2005-12-31": "191.87300"}, "Other Non-Cash Items": {"2019-12-31": "14.64300", "2018-12-31": "-35.88800", "2017-12-31": "94.15300", "2016-12-31": "31.99800", "2015-12-31": "105.24900", "2014-12-31": "-183.89800", "2013-12-31": "36.59300", "2012-12-31": "-22.30600", "2011-12-31": "-157.61200", "2010-12-31": "305.11600", "2009-12-31": "78.53300", "2008-12-31": "186.31000", "2007-12-31": "75.01500", "2006-12-31": "43.50800", "2005-12-31": "73.08100"}, "Total Non-Cash Items": {"2019-12-31": "689.58400", "2018-12-31": "619.30090", "2017-12-31": "634.50200", "2016-12-31": "497.47500", "2015-12-31": "459.96200", "2014-12-31": "177.25400", "2013-12-31": "365.88800", "2012-12-31": "300.98600", "2011-12-31": "214.70500", "2010-12-31": "700.58700", "2009-12-31": "360.83600", "2008-12-31": "482.03000", "2007-12-31": "329.67000", "2006-12-31": "257.34400", "2005-12-31": "264.95400"}, "Change In Accounts Receivable": {"2019-12-31": "", "2018-12-31": "", "2017-12-31": "", "2016-12-31": "", "2015-12-31": "17.98400", "2014-12-31": "0.11300", "2013-12-31": "-33.18100", "2012-12-31": "-17.96400", "2011-12-31": "-20.79900", "2010-12-31": "11.79300", "2009-12-31": "-14.89700", "2008-12-31": "-25.93400", "2007-12-31": "-33.65000", "2006-12-31": "-53.86700", "2005-12-31": "-45.57200"}, "Change In Inventories": {"2019-12-31": "", "2018-12-31": "", "2017-12-31": "", "2016-12-31": "", "2015-12-31": "", "2014-12-31": "", "2013-12-31": "", "2012-12-31": "", "2011-12-31": "", "2010-12-31": "", "2009-12-31": "", "2008-12-31": "", "2007-12-31": "", "2006-12-31": "", "2005-12-31": ""}, "Change In Accounts Payable": {"2019-12-31": "", "2018-12-31": "", "2017-12-31": "", "2016-12-31": "", "2015-12-31": "18.01700", "2014-12-31": "16.87000", "2013-12-31": "24.16800", "2012-12-31": "-0.70600", "2011-12-31": "7.06900", "2010-12-31": "-0.54700", "2009-12-31": "10.18000", "2008-12-31": "-21.66600", "2007-12-31": "14.21300", "2006-12-31": "9.00800", "2005-12-31": "21.01700"}, "Change In Assets/Liabilities": {"2019-12-31": "8.75600", "2018-12-31": "-38.88300", "2017-12-31": "-85.25800", "2016-12-31": "-60.81300", "2015-12-31": "-1.93700", "2014-12-31": "51.39200", "2013-12-31": "55.79900", "2012-12-31": "-59.92300", "2011-12-31": "-0.75800", "2010-12-31": "4.05700", "2009-12-31": "-3.78700", "2008-12-31": "7.82000", "2007-12-31": "-5.53500", "2006-12-31": "-4.38600", "2005-12-31": "-8.68200"}, "Total Change In Assets/Liabilities": {"2019-12-31": "8.75600", "2018-12-31": "-38.88300", "2017-12-31": "-85.25800", "2016-12-31": "-60.81300", "2015-12-31": "-43.40500", "2014-12-31": "-33.05200", "2013-12-31": "41.66600", "2012-12-31": "-42.29800", "2011-12-31": "1.14100", "2010-12-31": "-22.76900", "2009-12-31": "36.69600", "2008-12-31": "-26.94400", "2007-12-31": "0.96000", "2006-12-31": "-11.92500", "2005-12-31": "1.12300"}, "Cash Flow From Operating Activities": {"2019-12-31": "966.65500", "2018-12-31": "935.54900", "2017-12-31": "720.96800", "2016-12-31": "543.89500", "2015-12-31": "541.76000", "2014-12-31": "472.94800", "2013-12-31": "507.54600", "2012-12-31": "432.73600", "2011-12-31": "615.43800", "2010-12-31": "625.14000", "2009-12-31": "616.91100", "2008-12-31": "537.02900", "2007-12-31": "484.64400", "2006-12-31": "374.28200", "2005-12-31": "377.17600"}, "Net Change In Property, Plant, And Equipment": {"2019-12-31": "-526.84000", "2018-12-31": "-373.90300", "2017-12-31": "-333.79400", "2016-12-31": "-320.62600", "2015-12-31": "-287.97700", "2014-12-31": "-317.43800", "2013-12-31": "-285.21100", "2012-12-31": "-239.22600", "2011-12-31": "-204.92400", "2010-12-31": "-236.31300", "2009-12-31": "-283.32600", "2008-12-31": "-387.07100", "2007-12-31": "-368.70600", "2006-12-31": "-365.31200", "2005-12-31": "-244.50600"}, "Net Change In Intangible Assets": {"2019-12-31": "-46.10500", "2018-12-31": "-63.57700", "2017-12-31": "-55.12600", "2016-12-31": "-31.56100", "2015-12-31": "-32.61100", "2014-12-31": "-15.07400", "2013-12-31": "-11.04300", "2012-12-31": "-28.87200", "2011-12-31": "-21.70300", "2010-12-31": "-13.20200", "2009-12-31": "-10.74100", "2008-12-31": "-14.18200", "2007-12-31": "-16.40300", "2006-12-31": "-14.25100", "2005-12-31": "-13.43100"}, "Net Acquisitions/Divestitures": {"2019-12-31": "-58.23700", "2018-12-31": "-1758.55700", "2017-12-31": "-219.70500", "2016-12-31": "-291.96500", "2015-12-31": "-113.55800", "2014-12-31": "-128.09300", "2013-12-31": "-317.10000", "2012-12-31": "-125.13400", "2011-12-31": "-75.24600", "2010-12-31": "-13.84100", "2009-12-31": "-1.51800", "2008-12-31": "-56.63200", "2007-12-31": "-481.52600", "2006-12-31": "-81.20800", "2005-12-31": "-178.23800"}, "Net Change In Short-term Investments": {"2019-12-31": "", "2018-12-31": "", "2017-12-31": "", "2016-12-31": "", "2015-12-31": "", "2014-12-31": "", "2013-12-31": "", "2012-12-31": "", "2011-12-31": "", "2010-12-31": "", "2009-12-31": "", "2008-12-31": "", "2007-12-31": "", "2006-12-31": "", "2005-12-31": ""}, "Net Change In Long-Term Investments": {"2019-12-31": "-19.22200", "2018-12-31": "", "2017-12-31": "", "2016-12-31": "", "2015-12-31": "", "2014-12-31": "", "2013-12-31": "", "2012-12-31": "-2.33000", "2011-12-31": "-0.33500", "2010-12-31": "", "2009-12-31": "-3.11400", "2008-12-31": "-1.70900", "2007-12-31": "", "2006-12-31": "-5.94300", "2005-12-31": ""}, "Net Change In Investments - Total": {"2019-12-31": "-19.22200", "2018-12-31": "", "2017-12-31": "", "2016-12-31": "", "2015-12-31": "", "2014-12-31": "", "2013-12-31": "", "2012-12-31": "-2.33000", "2011-12-31": "-0.33500", "2010-12-31": "", "2009-12-31": "-3.11400", "2008-12-31": "-1.70900", "2007-12-31": "", "2006-12-31": "-5.94300", "2005-12-31": ""}, "Investing Activities - Other": {"2019-12-31": "-80.48100", "2018-12-31": "-25.84100", "2017-12-31": "9.17700", "2016-12-31": "108.16100", "2015-12-31": "-22.50000", "2014-12-31": "-19.37300", "2013-12-31": "-24.33300", "2012-12-31": "-4.63800", "2011-12-31": "380.71600", "2010-12-31": "-169.31400", "2009-12-31": "-25.36700", "2008-12-31": "", "2007-12-31": "", "2006-12-31": "", "2005-12-31": ""}, "Cash Flow From Investing Activities": {"2019-12-31": "-730.88500", "2018-12-31": "-2221.87800", "2017-12-31": "-599.44800", "2016-12-31": "-535.99100", "2015-12-31": "-456.64600", "2014-12-31": "-479.97800", "2013-12-31": "-637.68700", "2012-12-31": "-400.20000", "2011-12-31": "78.50800", "2010-12-31": "-432.67000", "2009-12-31": "-324.06600", "2008-12-31": "-459.59400", "2007-12-31": "-866.63500", "2006-12-31": "-466.71400", "2005-12-31": "-436.17500"}, "Net Long-Term Debt": {"2019-12-31": "512.20310", "2018-12-31": "1159.47600", "2017-12-31": "397.45310", "2016-12-31": "618.39060", "2015-12-31": "299.10840", "2014-12-31": "536.54000", "2013-12-31": "232.25100", "2012-12-31": "345.65800", "2011-12-31": "316.55000", "2010-12-31": "-250.90100", "2009-12-31": "-157.56010", "2008-12-31": "66.13610", "2007-12-31": "434.53100", "2006-12-31": "58.56700", "2005-12-31": "59.13100"}, "Net Current Debt": {"2019-12-31": "", "2018-12-31": "", "2017-12-31": "", "2016-12-31": "", "2015-12-31": "", "2014-12-31": "", "2013-12-31": "", "2012-12-31": "", "2011-12-31": "", "2010-12-31": "", "2009-12-31": "", "2008-12-31": "", "2007-12-31": "", "2006-12-31": "", "2005-12-31": ""}, "Debt Issuance/Retirement Net - Total": {"2019-12-31": "512.20310", "2018-12-31": "1159.47600", "2017-12-31": "397.45310", "2016-12-31": "618.39060", "2015-12-31": "299.10840", "2014-12-31": "536.54000", "2013-12-31": "232.25100", "2012-12-31": "345.65800", "2011-12-31": "316.55000", "2010-12-31": "-250.90100", "2009-12-31": "-157.56010", "2008-12-31": "66.13610", "2007-12-31": "434.53100", "2006-12-31": "58.56700", "2005-12-31": "59.13100"}, "Net Common Equity Issued/Repurchased": {"2019-12-31": "1.02700", "2018-12-31": "75.05000", "2017-12-31": "529.55700", "2016-12-31": "31.92200", "2015-12-31": "7.14900", "2014-12-31": "44.29000", "2013-12-31": "17.66400", "2012-12-31": "2.19200", "2011-12-31": "-899.21100", "2010-12-31": "-93.33800", "2009-12-31": "24.23300", "2008-12-31": "16.14500", "2007-12-31": "21.84300", "2006-12-31": "22.24500", "2005-12-31": "25.64900"}, "Net Total Equity Issued/Repurchased": {"2019-12-31": "1.02700", "2018-12-31": "75.05000", "2017-12-31": "529.55700", "2016-12-31": "31.92200", "2015-12-31": "7.14900", "2014-12-31": "44.29000", "2013-12-31": "17.66400", "2012-12-31": "2.19200", "2011-12-31": "-899.21100", "2010-12-31": "-93.33800", "2009-12-31": "24.23300", "2008-12-31": "16.14500", "2007-12-31": "21.84300", "2006-12-31": "22.24500", "2005-12-31": "25.64900"}, "Total Common And Preferred Stock Dividends Paid": {"2019-12-31": "-704.52600", "2018-12-31": "-673.63500", "2017-12-31": "-439.99900", "2016-12-31": "-505.87100", "2015-12-31": "-406.50800", "2014-12-31": "-542.29800", "2013-12-31": "-206.79800", "2012-12-31": "-318.84500", "2011-12-31": "-172.61600", "2010-12-31": "-37.89300", "2009-12-31": "", "2008-12-31": "", "2007-12-31": "", "2006-12-31": "", "2005-12-31": ""}, "Financial Activities - Other": {"2019-12-31": "-7.67700", "2018-12-31": "-10.21200", "2017-12-31": "53.41500", "2016-12-31": "-19.06900", "2015-12-31": "-8.26000", "2014-12-31": "-18.67600", "2013-12-31": "-24.55300", "2012-12-31": "-0.77500", "2011-12-31": "-8.53100", "2010-12-31": "0.89800", "2009-12-31": "3.63500", "2008-12-31": "5.08700", "2007-12-31": "0.63100", "2006-12-31": "1.92200", "2005-12-31": "-3.33100"}, "Cash Flow From Financial Activities": {"2019-12-31": "-198.97300", "2018-12-31": "550.67800", "2017-12-31": "540.42500", "2016-12-31": "125.37300", "2015-12-31": "-108.51100", "2014-12-31": "19.85700", "2013-12-31": "18.56400", "2012-12-31": "28.23000", "2011-12-31": "-763.80800", "2010-12-31": "-381.23400", "2009-12-31": "-129.69200", "2008-12-31": "87.36800", "2007-12-31": "457.00500", "2006-12-31": "82.73400", "2005-12-31": "81.44900"}, "Net Cash Flow": {"2019-12-31": "28.07000", "2018-12-31": "-760.21400", "2017-12-31": "689.21500", "2016-12-31": "108.10300", "2015-12-31": "-31.41200", "2014-12-31": "5.40700", "2013-12-31": "-122.88900", "2012-12-31": "63.57000", "2011-12-31": "-78.84800", "2010-12-31": "-187.96300", "2009-12-31": "168.28600", "2008-12-31": "152.76300", "2007-12-31": "80.23800", "2006-12-31": "-8.04400", "2005-12-31": "21.47100"}, "Stock-Based Compensation": {"2019-12-31": "35.65400", "2018-12-31": "31.16700", "2017-12-31": "30.01900", "2016-12-31": "28.97600", "2015-12-31": "27.58500", "2014-12-31": "29.62400", "2013-12-31": "30.35400", "2012-12-31": "30.36000", "2011-12-31": "17.25000", "2010-12-31": "17.27400", "2009-12-31": "15.21000", "2008-12-31": "18.98800", "2007-12-31": "13.86100", "2006-12-31": "12.38700", "2005-12-31": "6.18900"}, "Common Stock Dividends Paid": {"2019-12-31": "-704.52600", "2018-12-31": "-673.63500", "2017-12-31": "-439.99900", "2016-12-31": "-505.87100", "2015-12-31": "-406.50800", "2014-12-31": "-542.29800", "2013-12-31": "-206.79800", "2012-12-31": "-318.84500", "2011-12-31": "-172.61600", "2010-12-31": "-37.89300", "2009-12-31": "0.00000", "2008-12-31": "0.00000", "2007-12-31": "", "2006-12-31": "", "2005-12-31": ""}}, "cash flow statement, quarterly": {"Net Income/Loss": {"2020-09-30": 38.562, "2020-06-30": -7.113, "2020-03-31": "64.89200", "2019-12-31": 37.104, "2019-09-30": 108.284, "2019-06-30": 92.475, "2019-03-31": "30.45200", "2018-12-31": 158.557, "2018-09-30": 65.744, "2018-06-30": 85.678, "2018-03-31": "45.15200", "2017-12-31": 7.771, "2017-09-30": 24.324, "2017-06-30": 81.122, "2017-03-31": "58.50700", "2016-12-31": 49.525, "2016-09-30": 7.8, "2016-06-30": -13.133, "2016-03-31": "63.04100", "2015-12-31": 5.94, "2015-09-30": 23.517, "2015-06-30": 54.007, "2015-03-31": "41.73900", "2014-12-31": 13.403, "2014-09-30": 0.858, "2014-06-30": 272.376, "2014-03-31": "42.10900", "2013-12-31": 47.655, "2013-09-30": 4.759, "2013-06-30": 27.044, "2013-03-31": "20.53400", "2012-12-31": 25.4, "2012-09-30": 53.751, "2012-06-30": 38.917, "2012-03-31": "55.98000", "2011-12-31": 34.001, "2011-09-30": 37.925, "2011-06-30": 253.047, "2011-03-31": "74.61900", "2010-12-31": 30.548, "2010-09-30": -150.817, "2010-06-30": 41.752, "2010-03-31": "25.83900", "2009-12-31": 61.746, "2009-09-30": 43.177, "2009-06-30": 87.512, "2009-03-31": "26.94400", "2008-12-31": 0.879, "2008-09-30": 11.252, "2008-06-30": 35.738, "2008-03-31": "34.07400", "2007-12-31": 28.921, "2007-09-30": 51.334, "2007-06-30": 39.052, "2007-03-31": "34.70700", "2006-12-31": 37.135, "2006-09-30": 26.613, "2006-06-30": 37.842, "2006-03-31": "27.27300", "2005-12-31": 26.363, "2005-09-30": 36.377, "2005-06-30": 25.41, "2005-03-31": "22.94900"}, "Total Depreciation And Amortization - Cash Flow": {"2020-09-30": 161.402, "2020-06-30": 168.338, "2020-03-31": "190.09700", "2019-12-31": 178.28, "2019-09-30": 161.639, "2019-06-30": 168.431, "2019-03-31": "166.59100", "2018-12-31": 169.057, "2018-09-30": 161.754, "2018-06-30": 160.247, "2018-03-31": "164.13100", "2017-12-31": 147.126, "2017-09-30": 132.542, "2017-06-30": 132.067, "2017-03-31": "128.61400", "2016-12-31": 129.34, "2016-09-30": 128.259, "2016-06-30": 117.925, "2016-03-31": "89.95300", "2015-12-31": 88.278, "2015-09-30": 88.575, "2015-06-30": 89.817, "2015-03-31": "88.04300", "2014-12-31": 91.049, "2014-09-30": 91.028, "2014-06-30": 90.736, "2014-03-31": "88.33900", "2013-12-31": 85.224, "2013-09-30": 81.168, "2013-06-30": 80.792, "2013-03-31": "82.11100", "2012-12-31": 81.709, "2012-09-30": 82.621, "2012-06-30": 79.212, "2012-03-31": "79.75000", "2011-12-31": 89.362, "2011-09-30": 121.067, "2011-06-30": 80.299, "2011-03-31": "81.58900", "2010-12-31": 86.638, "2010-09-30": 155.073, "2010-06-30": 66.655, "2010-03-31": "87.10500", "2009-12-31": 42.117, "2009-09-30": 82.709, "2009-06-30": 79.957, "2009-03-31": "77.52000", "2008-12-31": 74.674, "2008-09-30": 76.171, "2008-06-30": 74.098, "2008-03-31": "70.77700", "2007-12-31": 69.856, "2007-09-30": 64.369, "2007-06-30": 61.747, "2007-03-31": "58.68300", "2006-12-31": 55.628, "2006-09-30": 54.621, "2006-06-30": 52.507, "2006-03-31": "51.08000", "2005-12-31": 53.123, "2005-09-30": 47.043, "2005-06-30": 45.955, "2005-03-31": "45.75200"}, "Other Non-Cash Items": {"2020-09-30": 20.667, "2020-06-30": 50.464, "2020-03-31": "-36.80200", "2019-12-31": 15.917, "2019-09-30": -16.813, "2019-06-30": -10.381, "2019-03-31": "25.92000", "2018-12-31": -77.068, "2018-09-30": 18.757, "2018-06-30": -11.1, "2018-03-31": "33.52300", "2017-12-31": 48.374, "2017-09-30": 51.916, "2017-06-30": -7.213, "2017-03-31": "1.07600", "2016-12-31": -13.487, "2016-09-30": 20.232, "2016-06-30": 33.365, "2016-03-31": "-8.11200", "2015-12-31": 53.82, "2015-09-30": 47.655, "2015-06-30": -7.383, "2015-03-31": "11.15700", "2014-12-31": 21.372, "2014-09-30": 38.438, "2014-06-30": -221.53, "2014-03-31": "-22.17800", "2013-12-31": -131.894, "2013-09-30": 97.771, "2013-06-30": 58.677, "2013-03-31": "12.03900", "2012-12-31": -14.796, "2012-09-30": 4.759, "2012-06-30": -12.872, "2012-03-31": "0.60300", "2011-12-31": 12.662, "2011-09-30": 2.349, "2011-06-30": -174.887, "2011-03-31": "2.26400", "2010-12-31": 30.655, "2010-09-30": 228.79, "2010-06-30": 32.476, "2010-03-31": "13.19500", "2009-12-31": 31.212, "2009-09-30": 34.333, "2009-06-30": -29.489, "2009-03-31": "42.47700", "2008-12-31": 116.13, "2008-09-30": 48.574, "2008-06-30": 9.244, "2008-03-31": "12.36200", "2007-12-31": 28.419, "2007-09-30": 17.406, "2007-06-30": 20.29, "2007-03-31": "8.90000", "2006-12-31": 0.517, "2006-09-30": 14.864, "2006-06-30": 14.264, "2006-03-31": "13.86300", "2005-12-31": 66.981, "2005-09-30": -4.964, "2005-06-30": 7.676, "2005-03-31": "3.38800"}, "Total Non-Cash Items": {"2020-09-30": 182.0691, "2020-06-30": 218.802, "2020-03-31": "153.29500", "2019-12-31": 194.197, "2019-09-30": 144.826, "2019-06-30": 158.05, "2019-03-31": "192.51100", "2018-12-31": 91.9889, "2018-09-30": 180.511, "2018-06-30": 149.147, "2018-03-31": "197.65400", "2017-12-31": 195.5, "2017-09-30": 184.458, "2017-06-30": 124.854, "2017-03-31": "129.69000", "2016-12-31": 115.853, "2016-09-30": 148.491, "2016-06-30": 151.29, "2016-03-31": "81.84100", "2015-12-31": 142.098, "2015-09-30": 136.23, "2015-06-30": 82.434, "2015-03-31": "99.20000", "2014-12-31": 112.421, "2014-09-30": 129.466, "2014-06-30": -130.794, "2014-03-31": "66.16100", "2013-12-31": -46.67, "2013-09-30": 178.939, "2013-06-30": 139.469, "2013-03-31": "94.15000", "2012-12-31": 66.913, "2012-09-30": 87.38, "2012-06-30": 66.34, "2012-03-31": "80.35300", "2011-12-31": 102.024, "2011-09-30": 123.416, "2011-06-30": -94.588, "2011-03-31": "83.85300", "2010-12-31": 117.2929, "2010-09-30": 383.8631, "2010-06-30": 99.131, "2010-03-31": "100.30000", "2009-12-31": 73.329, "2009-09-30": 117.042, "2009-06-30": 50.468, "2009-03-31": "119.99700", "2008-12-31": 190.804, "2008-09-30": 124.745, "2008-06-30": 83.342, "2008-03-31": "83.13900", "2007-12-31": 98.275, "2007-09-30": 81.775, "2007-06-30": 82.037, "2007-03-31": "67.58300", "2006-12-31": 56.145, "2006-09-30": 69.485, "2006-06-30": 66.771, "2006-03-31": "64.94300", "2005-12-31": 120.104, "2005-09-30": 42.079, "2005-06-30": 53.631, "2005-03-31": "49.14000"}, "Change In Accounts Receivable": {"2020-09-30": 0, "2020-06-30": 0, "2020-03-31": "", "2019-12-31": 0, "2019-09-30": 0, "2019-06-30": 0, "2019-03-31": "", "2018-12-31": 0, "2018-09-30": 0, "2018-06-30": 0, "2018-03-31": "", "2017-12-31": 0, "2017-09-30": 0, "2017-06-30": 8.971, "2017-03-31": "-8.97100", "2016-12-31": 6.996, "2016-09-30": -8.742, "2016-06-30": 9.897, "2016-03-31": "-8.15100", "2015-12-31": 6.888, "2015-09-30": 6.153, "2015-06-30": 1.506, "2015-03-31": "3.43700", "2014-12-31": 9.474, "2014-09-30": 3.225, "2014-06-30": -3.377, "2014-03-31": "-9.20900", "2013-12-31": 4.686, "2013-09-30": -16.622, "2013-06-30": -13.635, "2013-03-31": "-7.61000", "2012-12-31": 4.415, "2012-09-30": 2.082, "2012-06-30": -15.63, "2012-03-31": "-8.83100", "2011-12-31": -2.463, "2011-09-30": 17.674, "2011-06-30": -13.152, "2011-03-31": "-22.85800", "2010-12-31": 11.326, "2010-09-30": -4.209, "2010-06-30": -3.3, "2010-03-31": "7.97600", "2009-12-31": 19.613, "2009-09-30": 9.527, "2009-06-30": -16.95, "2009-03-31": "-27.08700", "2008-12-31": 24.349, "2008-09-30": -10.107, "2008-06-30": -15.921, "2008-03-31": "-24.25500", "2007-12-31": 13.874, "2007-09-30": -27.735, "2007-06-30": -14.894, "2007-03-31": "-4.89500", "2006-12-31": -14.161, "2006-09-30": -15.878, "2006-06-30": -14.107, "2006-03-31": "-9.72100", "2005-12-31": -3.518, "2005-09-30": -24.192, "2005-06-30": 2.24, "2005-03-31": "-20.10200"}, "Change In Inventories": {"2020-09-30": 0, "2020-06-30": 0, "2020-03-31": "", "2019-12-31": 0, "2019-09-30": 0, "2019-06-30": 0, "2019-03-31": "", "2018-12-31": 0, "2018-09-30": 0, "2018-06-30": 0, "2018-03-31": "", "2017-12-31": 0, "2017-09-30": 0, "2017-06-30": 0, "2017-03-31": "", "2016-12-31": 0, "2016-09-30": 0, "2016-06-30": 0, "2016-03-31": "", "2015-12-31": 0, "2015-09-30": 0, "2015-06-30": 0, "2015-03-31": "", "2014-12-31": 0, "2014-09-30": 0, "2014-06-30": 0, "2014-03-31": "", "2013-12-31": 0, "2013-09-30": 0, "2013-06-30": 0, "2013-03-31": "", "2012-12-31": 0, "2012-09-30": 0, "2012-06-30": 0, "2012-03-31": "", "2011-12-31": 0, "2011-09-30": 0, "2011-06-30": 0, "2011-03-31": "", "2010-12-31": 0, "2010-09-30": 0, "2010-06-30": 0, "2010-03-31": "", "2009-12-31": 0, "2009-09-30": 0, "2009-06-30": 0, "2009-03-31": "", "2008-12-31": 0, "2008-09-30": 0, "2008-06-30": 0, "2008-03-31": "", "2007-12-31": 0, "2007-09-30": 0, "2007-06-30": 0, "2007-03-31": "", "2006-12-31": 0, "2006-09-30": 0, "2006-06-30": 0, "2006-03-31": "", "2005-12-31": 0, "2005-09-30": 0, "2005-06-30": 0, "2005-03-31": ""}, "Change In Accounts Payable": {"2020-09-30": 0, "2020-06-30": 0, "2020-03-31": "", "2019-12-31": 0, "2019-09-30": 0, "2019-06-30": 0, "2019-03-31": "", "2018-12-31": 0, "2018-09-30": 0, "2018-06-30": 0, "2018-03-31": "", "2017-12-31": 0, "2017-09-30": 0, "2017-06-30": -5.869, "2017-03-31": "5.86900", "2016-12-31": 39.073, "2016-09-30": 0.304, "2016-06-30": -8.443, "2016-03-31": "-30.93400", "2015-12-31": 41.994, "2015-09-30": -1.158, "2015-06-30": -4.824, "2015-03-31": "-17.99500", "2014-12-31": 44.177, "2014-09-30": -10.682, "2014-06-30": -9.557, "2014-03-31": "-7.06800", "2013-12-31": 4.996, "2013-09-30": 12.334, "2013-06-30": -21.394, "2013-03-31": "28.23200", "2012-12-31": 11.912, "2012-09-30": -8.575, "2012-06-30": -1.61, "2012-03-31": "-2.43300", "2011-12-31": 5.359, "2011-09-30": -1.315, "2011-06-30": 8.444, "2011-03-31": "-5.41900", "2010-12-31": 2.4, "2010-09-30": 14.467, "2010-06-30": -1.721, "2010-03-31": "-15.69300", "2009-12-31": 15.793, "2009-09-30": 11.589, "2009-06-30": -4.716, "2009-03-31": "-12.48600", "2008-12-31": 9.104, "2008-09-30": -7.218, "2008-06-30": -5.821, "2008-03-31": "-17.73100", "2007-12-31": 20.354, "2007-09-30": 1.068, "2007-06-30": -1.074, "2007-03-31": "-6.13500", "2006-12-31": 2.146, "2006-09-30": 2.233, "2006-06-30": 18.245, "2006-03-31": "-13.61600", "2005-12-31": 12.821, "2005-09-30": 0.924, "2005-06-30": 10.005, "2005-03-31": "-2.73300"}, "Change In Assets/Liabilities": {"2020-09-30": -32.487, "2020-06-30": 101.97, "2020-03-31": "-92.77200", "2019-12-31": 87.209, "2019-09-30": -34.696, "2019-06-30": 62.139, "2019-03-31": "-105.89600", "2018-12-31": 60.46, "2018-09-30": -15.041, "2018-06-30": 66.936, "2018-03-31": "-151.23800", "2017-12-31": -1.172, "2017-09-30": -9.59, "2017-06-30": -47.35, "2017-03-31": "-27.14600", "2016-12-31": -50.591, "2016-09-30": 36.944, "2016-06-30": -77.981, "2016-03-31": "30.81500", "2015-12-31": -3.324, "2015-09-30": 0.062, "2015-06-30": 0.732, "2015-03-31": "0.59300", "2014-12-31": 15.946, "2014-09-30": 16.042, "2014-06-30": -21.46, "2014-03-31": "40.86400", "2013-12-31": 112.503, "2013-09-30": -42.153, "2013-06-30": -44.351, "2013-03-31": "29.80000", "2012-12-31": -42.257, "2012-09-30": -41.673, "2012-06-30": 37.563, "2012-03-31": "-13.55600", "2011-12-31": 7.661, "2011-09-30": 5.047, "2011-06-30": -27.352, "2011-03-31": "13.88600", "2010-12-31": -0.281, "2010-09-30": -17.932, "2010-06-30": 19.4, "2010-03-31": "2.87000", "2009-12-31": -11.009, "2009-09-30": 2.441, "2009-06-30": 7.579, "2009-03-31": "-2.79800", "2008-12-31": -0.473, "2008-09-30": -3.672, "2008-06-30": 9.806, "2008-03-31": "2.15900", "2007-12-31": -18.634, "2007-09-30": 5.094, "2007-06-30": 6.166, "2007-03-31": "1.83900", "2006-12-31": -5.384, "2006-09-30": 6.377, "2006-06-30": -2.026, "2006-03-31": "-3.35300", "2005-12-31": -66.067, "2005-09-30": 27.756, "2005-06-30": 23.617, "2005-03-31": "6.01200"}, "Total Change In Assets/Liabilities": {"2020-09-30": -32.487, "2020-06-30": 101.97, "2020-03-31": "-92.77200", "2019-12-31": 87.209, "2019-09-30": -34.696, "2019-06-30": 62.139, "2019-03-31": "-105.89600", "2018-12-31": 60.46, "2018-09-30": -15.041, "2018-06-30": 66.936, "2018-03-31": "-151.23800", "2017-12-31": -1.172, "2017-09-30": -9.59, "2017-06-30": -8.136, "2017-03-31": "-66.36000", "2016-12-31": -44.075, "2016-09-30": 59.551, "2016-06-30": -12.525, "2016-03-31": "-63.76400", "2015-12-31": 73.627, "2015-09-30": -19.39, "2015-06-30": 37.785, "2015-03-31": "-135.42700", "2014-12-31": 45.272, "2014-09-30": -24.073, "2014-06-30": -1.622, "2014-03-31": "-52.62900", "2013-12-31": 171.979, "2013-09-30": -63.017, "2013-06-30": -59.217, "2013-03-31": "-8.07900", "2012-12-31": 39.686, "2012-09-30": -52.584, "2012-06-30": 32.049, "2012-03-31": "-61.44900", "2011-12-31": 68.455, "2011-09-30": 6.56, "2011-06-30": -34.739, "2011-03-31": "-39.13500", "2010-12-31": 32.263, "2010-09-30": -56.108, "2010-06-30": -3.952, "2010-03-31": "5.02800", "2009-12-31": 47.946, "2009-09-30": 25.38, "2009-06-30": -17.181, "2009-03-31": "-19.44900", "2008-12-31": -5.064, "2008-09-30": 24.78, "2008-06-30": -1.968, "2008-03-31": "-44.69200", "2007-12-31": 29.568, "2007-09-30": -11.992, "2007-06-30": -16.291, "2007-03-31": "-0.32500", "2006-12-31": 1.787, "2006-09-30": 9.382, "2006-06-30": 7.124, "2006-03-31": "-30.21800", "2005-12-31": -48.152, "2005-09-30": 9.05, "2005-06-30": 48.9, "2005-03-31": "-8.67500"}, "Cash Flow From Operating Activities": {"2020-09-30": 188.144, "2020-06-30": 313.659, "2020-03-31": "125.41500", "2019-12-31": 318.51, "2019-09-30": 218.414, "2019-06-30": 312.664, "2019-03-31": "117.06700", "2018-12-31": 311.006, "2018-09-30": 231.214, "2018-06-30": 301.761, "2018-03-31": "91.56800", "2017-12-31": 202.099, "2017-09-30": 199.192, "2017-06-30": 197.84, "2017-03-31": "121.83700", "2016-12-31": 121.303, "2016-09-30": 215.842, "2016-06-30": 125.632, "2016-03-31": "81.11800", "2015-12-31": 221.665, "2015-09-30": 140.357, "2015-06-30": 174.226, "2015-03-31": "5.51200", "2014-12-31": 171.096, "2014-09-30": 106.251, "2014-06-30": 139.96, "2014-03-31": "55.64100", "2013-12-31": 172.964, "2013-09-30": 120.681, "2013-06-30": 107.296, "2013-03-31": "106.60500", "2012-12-31": 131.999, "2012-09-30": 88.547, "2012-06-30": 137.306, "2012-03-31": "74.88400", "2011-12-31": 204.48, "2011-09-30": 167.901, "2011-06-30": 123.72, "2011-03-31": "119.33700", "2010-12-31": 180.104, "2010-09-30": 176.938, "2010-06-30": 136.931, "2010-03-31": "131.16700", "2009-12-31": 183.021, "2009-09-30": 185.599, "2009-06-30": 120.799, "2009-03-31": "127.49200", "2008-12-31": 186.619, "2008-09-30": 160.777, "2008-06-30": 117.112, "2008-03-31": "72.52100", "2007-12-31": 156.764, "2007-09-30": 121.117, "2007-06-30": 104.798, "2007-03-31": "101.96500", "2006-12-31": 95.067, "2006-09-30": 105.48, "2006-06-30": 111.737, "2006-03-31": "61.99800", "2005-12-31": 98.315, "2005-09-30": 87.506, "2005-06-30": 127.941, "2005-03-31": "63.41400"}, "Net Change In Property, Plant, And Equipment": {"2020-09-30": -1.941, "2020-06-30": -94.358, "2020-03-31": "-95.89800", "2019-12-31": -75.374, "2019-09-30": -131.167, "2019-06-30": -135.639, "2019-03-31": "-184.66000", "2018-12-31": -44.663, "2018-09-30": -111.846, "2018-06-30": -102.402, "2018-03-31": "-114.99200", "2017-12-31": -98.985, "2017-09-30": -78.149, "2017-06-30": -83.524, "2017-03-31": "-73.13600", "2016-12-31": -76.794, "2016-09-30": -80.538, "2016-06-30": -82.611, "2016-03-31": "-80.68300", "2015-12-31": -87.428, "2015-09-30": -61.998, "2015-06-30": -64.185, "2015-03-31": "-74.36600", "2014-12-31": -58.359, "2014-09-30": -87.942, "2014-06-30": -81.173, "2014-03-31": "-89.96400", "2013-12-31": -82.741, "2013-09-30": -47.129, "2013-06-30": -59.406, "2013-03-31": "-95.93500", "2012-12-31": -75.495, "2012-09-30": -58.232, "2012-06-30": -51.436, "2012-03-31": "-54.06300", "2011-12-31": -60.969, "2011-09-30": -44.8, "2011-06-30": -47.113, "2011-03-31": "-52.04200", "2010-12-31": -64.36, "2010-09-30": -51.847, "2010-06-30": -42.433, "2010-03-31": "-77.67300", "2009-12-31": -68.791, "2009-09-30": -82.497, "2009-06-30": -61.662, "2009-03-31": "-70.37600", "2008-12-31": -112.939, "2008-09-30": -100.028, "2008-06-30": -80.348, "2008-03-31": "-93.75600", "2007-12-31": -117.694, "2007-09-30": -92.332, "2007-06-30": -85.7, "2007-03-31": "-72.98000", "2006-12-31": -105.731, "2006-09-30": -103.878, "2006-06-30": -81.281, "2006-03-31": "-74.42200", "2005-12-31": -54.795, "2005-09-30": -57.861, "2005-06-30": -73.204, "2005-03-31": "-58.64600"}, "Net Change In Intangible Assets": {"2020-09-30": -0.644, "2020-06-30": -1.151, "2020-03-31": "-1.73400", "2019-12-31": -3.115, "2019-09-30": -9.615, "2019-06-30": -9.441, "2019-03-31": "-23.93400", "2018-12-31": -24.748, "2018-09-30": -15.446, "2018-06-30": -10.781, "2018-03-31": "-12.60200", "2017-12-31": -11.57, "2017-09-30": -22.519, "2017-06-30": -3.905, "2017-03-31": "-17.13200", "2016-12-31": -6.805, "2016-09-30": -14.432, "2016-06-30": -4.192, "2016-03-31": "-6.13200", "2015-12-31": -12.403, "2015-09-30": -4.693, "2015-06-30": -10.653, "2015-03-31": "-4.86200", "2014-12-31": 10.773, "2014-09-30": -8.637, "2014-06-30": -9.052, "2014-03-31": "-8.15800", "2013-12-31": 5.53, "2013-09-30": -8.312, "2013-06-30": -3.625, "2013-03-31": "-4.63600", "2012-12-31": -15.495, "2012-09-30": -5.233, "2012-06-30": -5.136, "2012-03-31": "-3.00800", "2011-12-31": -4.834, "2011-09-30": -5.792, "2011-06-30": -8.184, "2011-03-31": "-2.89300", "2010-12-31": -3.16, "2010-09-30": -4.573, "2010-06-30": -3.04, "2010-03-31": "-2.42900", "2009-12-31": -3.589, "2009-09-30": -2.713, "2009-06-30": -2.092, "2009-03-31": "-2.34700", "2008-12-31": -3.867, "2008-09-30": -3.676, "2008-06-30": -3.858, "2008-03-31": "-2.78100", "2007-12-31": -4.625, "2007-09-30": -2.99, "2007-06-30": -5.521, "2007-03-31": "-3.26700", "2006-12-31": -3.906, "2006-09-30": -3.071, "2006-06-30": -4.296, "2006-03-31": "-2.97800", "2005-12-31": -3.477, "2005-09-30": -3.259, "2005-06-30": -3.812, "2005-03-31": "-2.88300"}, "Net Acquisitions/Divestitures": {"2020-09-30": -0.069, "2020-06-30": -0.443, "2020-03-31": "-118.06900", "2019-12-31": -1.738, "2019-09-30": -11.848, "2019-06-30": -5.228, "2019-03-31": "-39.42300", "2018-12-31": -47.546, "2018-09-30": -44.142, "2018-06-30": -237.895, "2018-03-31": "-1428.97400", "2017-12-31": -25.577, "2017-09-30": -155.905, "2017-06-30": -26.036, "2017-03-31": "-12.18700", "2016-12-31": -15.594, "2016-09-30": 0.182, "2016-06-30": -257.213, "2016-03-31": "-19.34000", "2015-12-31": -85.583, "2015-09-30": -6.261, "2015-06-30": -15.283, "2015-03-31": "-6.43100", "2014-12-31": -81.727, "2014-09-30": 0, "2014-06-30": -15.585, "2014-03-31": "-30.78100", "2013-12-31": -194.419, "2013-09-30": -69.889, "2013-06-30": -52.866, "2013-03-31": "0.07400", "2012-12-31": -18.913, "2012-09-30": 1.069, "2012-06-30": -98.472, "2012-03-31": "-8.81800", "2011-12-31": -0.074, "2011-09-30": 0, "2011-06-30": -40.467, "2011-03-31": "-34.70500", "2010-12-31": -0.619, "2010-09-30": -1.458, "2010-06-30": 106.576, "2010-03-31": "-118.34000", "2009-12-31": 0.445, "2009-09-30": -0.515, "2009-06-30": -0.016, "2009-03-31": "-1.43200", "2008-12-31": -0.478, "2008-09-30": -9.836, "2008-06-30": -42.539, "2008-03-31": "-3.77900", "2007-12-31": -141.711, "2007-09-30": -75.963, "2007-06-30": -244.54, "2007-03-31": "-19.31200", "2006-12-31": -6.608, "2006-09-30": -5.743, "2006-06-30": -45.49, "2006-03-31": "-23.36700", "2005-12-31": -132.142, "2005-09-30": -11.222, "2005-06-30": -1.661, "2005-03-31": "-33.21300"}, "Net Change In Short-term Investments": {"2020-09-30": 0, "2020-06-30": 0, "2020-03-31": "", "2019-12-31": 0, "2019-09-30": 0, "2019-06-30": 0, "2019-03-31": "", "2018-12-31": 0, "2018-09-30": 0, "2018-06-30": 0, "2018-03-31": "", "2017-12-31": 0, "2017-09-30": 0, "2017-06-30": 0, "2017-03-31": "", "2016-12-31": 0, "2016-09-30": 0, "2016-06-30": 0, "2016-03-31": "", "2015-12-31": 0, "2015-09-30": 0, "2015-06-30": 0, "2015-03-31": "", "2014-12-31": 0, "2014-09-30": 0, "2014-06-30": 0, "2014-03-31": "", "2013-12-31": 0, "2013-09-30": 0, "2013-06-30": 0, "2013-03-31": "", "2012-12-31": 0, "2012-09-30": 0, "2012-06-30": 0, "2012-03-31": "", "2011-12-31": 0, "2011-09-30": 0, "2011-06-30": 0, "2011-03-31": "", "2010-12-31": 0, "2010-09-30": 0, "2010-06-30": 0, "2010-03-31": "", "2009-12-31": 0, "2009-09-30": 0, "2009-06-30": 0, "2009-03-31": "", "2008-12-31": 0, "2008-09-30": 0, "2008-06-30": 0, "2008-03-31": "", "2007-12-31": 0, "2007-09-30": 0, "2007-06-30": 0, "2007-03-31": "", "2006-12-31": 0, "2006-09-30": 0, "2006-06-30": 0, "2006-03-31": "", "2005-12-31": 0, "2005-09-30": 0, "2005-06-30": 0, "2005-03-31": ""}, "Net Change In Long-Term Investments": {"2020-09-30": 0, "2020-06-30": -6.85, "2020-03-31": "", "2019-12-31": 0, "2019-09-30": 0, "2019-06-30": 0, "2019-03-31": "-19.22200", "2018-12-31": 0, "2018-09-30": 0, "2018-06-30": 0, "2018-03-31": "", "2017-12-31": 0, "2017-09-30": 0, "2017-06-30": 0, "2017-03-31": "", "2016-12-31": 0, "2016-09-30": 0, "2016-06-30": 0, "2016-03-31": "", "2015-12-31": 0, "2015-09-30": 0, "2015-06-30": 0, "2015-03-31": "", "2014-12-31": 0, "2014-09-30": 0, "2014-06-30": 0, "2014-03-31": "", "2013-12-31": 0, "2013-09-30": 0, "2013-06-30": 0, "2013-03-31": "", "2012-12-31": 0, "2012-09-30": -2.33, "2012-06-30": 0, "2012-03-31": "", "2011-12-31": 0, "2011-09-30": 0.123, "2011-06-30": -0.408, "2011-03-31": "-0.05000", "2010-12-31": 0, "2010-09-30": 0, "2010-06-30": 0, "2010-03-31": "", "2009-12-31": -3.114, "2009-09-30": 0, "2009-06-30": 0, "2009-03-31": "", "2008-12-31": 0, "2008-09-30": 0, "2008-06-30": -1.709, "2008-03-31": "", "2007-12-31": 0, "2007-09-30": 0, "2007-06-30": 0, "2007-03-31": "", "2006-12-31": -2.814, "2006-09-30": 0, "2006-06-30": -0.031, "2006-03-31": "-3.09800", "2005-12-31": 0, "2005-09-30": 0, "2005-06-30": 0, "2005-03-31": ""}, "Net Change In Investments - Total": {"2020-09-30": 0, "2020-06-30": -6.85, "2020-03-31": "", "2019-12-31": 0, "2019-09-30": 0, "2019-06-30": 0, "2019-03-31": "-19.22200", "2018-12-31": 0, "2018-09-30": 0, "2018-06-30": 0, "2018-03-31": "", "2017-12-31": 0, "2017-09-30": 0, "2017-06-30": 0, "2017-03-31": "", "2016-12-31": 0, "2016-09-30": 0, "2016-06-30": 0, "2016-03-31": "", "2015-12-31": 0, "2015-09-30": 0, "2015-06-30": 0, "2015-03-31": "", "2014-12-31": 0, "2014-09-30": 0, "2014-06-30": 0, "2014-03-31": "", "2013-12-31": 0, "2013-09-30": 0, "2013-06-30": 0, "2013-03-31": "", "2012-12-31": 0, "2012-09-30": -2.33, "2012-06-30": 0, "2012-03-31": "", "2011-12-31": 0, "2011-09-30": 0.123, "2011-06-30": -0.408, "2011-03-31": "-0.05000", "2010-12-31": 0, "2010-09-30": 0, "2010-06-30": 0, "2010-03-31": "", "2009-12-31": -3.114, "2009-09-30": 0, "2009-06-30": 0, "2009-03-31": "", "2008-12-31": 0, "2008-09-30": 0, "2008-06-30": -1.709, "2008-03-31": "", "2007-12-31": 0, "2007-09-30": 0, "2007-06-30": 0, "2007-03-31": "", "2006-12-31": -2.814, "2006-09-30": 0, "2006-06-30": -0.031, "2006-03-31": "-3.09800", "2005-12-31": 0, "2005-09-30": 0, "2005-06-30": 0, "2005-03-31": ""}, "Investing Activities - Other": {"2020-09-30": -13.266, "2020-06-30": -10.238, "2020-03-31": "-15.47000", "2019-12-31": -15.023, "2019-09-30": -13.332, "2019-06-30": -8.148, "2019-03-31": "-43.97800", "2018-12-31": -2.128, "2018-09-30": -9.863, "2018-06-30": -8.406, "2018-03-31": "-5.44400", "2017-12-31": 20.085, "2017-09-30": -5.858, "2017-06-30": -3.202, "2017-03-31": "-1.84800", "2016-12-31": 70.322, "2016-09-30": -9.779, "2016-06-30": 48.744, "2016-03-31": "-1.12600", "2015-12-31": -41.405, "2015-09-30": -6.263, "2015-06-30": 15.689, "2015-03-31": "9.47900", "2014-12-31": -19.373, "2014-09-30": 0, "2014-06-30": 0, "2014-03-31": "", "2013-12-31": -19.395, "2013-09-30": -4.919, "2013-06-30": -0.008, "2013-03-31": "-0.01100", "2012-12-31": 3, "2012-09-30": 0, "2012-06-30": -6.495, "2012-03-31": "-1.14300", "2011-12-31": 9.617, "2011-09-30": -5.25, "2011-06-30": 385.65, "2011-03-31": "-9.30100", "2010-12-31": -11.975, "2010-09-30": -4.11, "2010-06-30": -118.127, "2010-03-31": "-35.10200", "2009-12-31": -25.367, "2009-09-30": 0, "2009-06-30": 0, "2009-03-31": "", "2008-12-31": 0, "2008-09-30": 0, "2008-06-30": 0, "2008-03-31": "", "2007-12-31": 0, "2007-09-30": 0, "2007-06-30": 0, "2007-03-31": "", "2006-12-31": 0, "2006-09-30": 0, "2006-06-30": 0, "2006-03-31": "", "2005-12-31": -9.574, "2005-09-30": 8.655, "2005-06-30": 0.648, "2005-03-31": "0.27100"}, "Cash Flow From Investing Activities": {"2020-09-30": -15.92, "2020-06-30": -113.04, "2020-03-31": "-231.17100", "2019-12-31": -95.25, "2019-09-30": -165.962, "2019-06-30": -158.456, "2019-03-31": "-311.21700", "2018-12-31": -119.085, "2018-09-30": -181.297, "2018-06-30": -359.484, "2018-03-31": "-1562.01200", "2017-12-31": -116.047, "2017-09-30": -262.431, "2017-06-30": -116.667, "2017-03-31": "-104.30300", "2016-12-31": -28.871, "2016-09-30": -104.567, "2016-06-30": -295.272, "2016-03-31": "-107.28100", "2015-12-31": -226.819, "2015-09-30": -79.215, "2015-06-30": -74.432, "2015-03-31": "-76.18000", "2014-12-31": -148.686, "2014-09-30": -96.579, "2014-06-30": -105.81, "2014-03-31": "-128.90300", "2013-12-31": -291.025, "2013-09-30": -130.249, "2013-06-30": -115.905, "2013-03-31": "-100.50800", "2012-12-31": -106.903, "2012-09-30": -64.726, "2012-06-30": -161.539, "2012-03-31": "-67.03200", "2011-12-31": -56.26, "2011-09-30": -55.719, "2011-06-30": 289.478, "2011-03-31": "-98.99100", "2010-12-31": -80.114, "2010-09-30": -61.988, "2010-06-30": -57.024, "2010-03-31": "-233.54400", "2009-12-31": -100.416, "2009-09-30": -85.725, "2009-06-30": -63.77, "2009-03-31": "-74.15500", "2008-12-31": -117.284, "2008-09-30": -113.54, "2008-06-30": -128.454, "2008-03-31": "-100.31600", "2007-12-31": -264.03, "2007-09-30": -171.285, "2007-06-30": -335.761, "2007-03-31": "-95.55900", "2006-12-31": -119.059, "2006-09-30": -112.692, "2006-06-30": -131.098, "2006-03-31": "-103.86500", "2005-12-31": -199.988, "2005-09-30": -63.687, "2005-06-30": -78.029, "2005-03-31": "-94.47100"}, "Net Long-Term Debt": {"2020-09-30": -740.4102, "2020-06-30": 730.2283, "2020-03-31": "268.67990", "2019-12-31": -40.8819, "2019-09-30": 157.9002, "2019-06-30": 22.9647, "2019-03-31": "372.22010", "2018-12-31": -51.37, "2018-09-30": 143.226, "2018-06-30": -18.215, "2018-03-31": "1085.83500", "2017-12-31": 66.5517, "2017-09-30": 255.5093, "2017-06-30": 42.957, "2017-03-31": "32.43510", "2016-12-31": -174.0567, "2016-09-30": 254.0059, "2016-06-30": 412.8115, "2016-03-31": "125.62990", "2015-12-31": -288.7578, "2015-09-30": 427.876, "2015-06-30": -8.1519, "2015-03-31": "168.14210", "2014-12-31": 305.2138, "2014-09-30": 81.8784, "2014-06-30": -24.6333, "2014-03-31": "174.08110", "2013-12-31": 137.2329, "2013-09-30": -17.7548, "2013-06-30": 81.6339, "2013-03-31": "31.13900", "2012-12-31": 52.4341, "2012-09-30": 173.6538, "2012-06-30": 54.0041, "2012-03-31": "65.56600", "2011-12-31": 36.711, "2011-09-30": 428.73, "2011-06-30": -96.506, "2011-03-31": "-52.38500", "2010-12-31": -0.946, "2010-09-30": -223.463, "2010-06-30": -14.609, "2010-03-31": "-11.88300", "2009-12-31": -90.4661, "2009-09-30": 17.236, "2009-06-30": -24.65, "2009-03-31": "-59.68000", "2008-12-31": -103.1389, "2008-09-30": 64.993, "2008-06-30": 96.115, "2008-03-31": "8.16700", "2007-12-31": 132.353, "2007-09-30": 41.1541, "2007-06-30": 257.2069, "2007-03-31": "3.81700", "2006-12-31": 13.861, "2006-09-30": 4.663, "2006-06-30": 9.736, "2006-03-31": "30.30700", "2005-12-31": 103.904, "2005-09-30": -13.13, "2005-06-30": -55.473, "2005-03-31": "23.83000"}, "Net Current Debt": {"2020-09-30": 0, "2020-06-30": 0, "2020-03-31": "", "2019-12-31": 0, "2019-09-30": 0, "2019-06-30": 0, "2019-03-31": "", "2018-12-31": 0, "2018-09-30": 0, "2018-06-30": 0, "2018-03-31": "", "2017-12-31": 0, "2017-09-30": 0, "2017-06-30": 0, "2017-03-31": "", "2016-12-31": 0, "2016-09-30": 0, "2016-06-30": 0, "2016-03-31": "", "2015-12-31": 0, "2015-09-30": 0, "2015-06-30": 0, "2015-03-31": "", "2014-12-31": 0, "2014-09-30": 0, "2014-06-30": 0, "2014-03-31": "", "2013-12-31": 0, "2013-09-30": 0, "2013-06-30": 0, "2013-03-31": "", "2012-12-31": 0, "2012-09-30": 0, "2012-06-30": 0, "2012-03-31": "", "2011-12-31": 0, "2011-09-30": 0, "2011-06-30": 0, "2011-03-31": "", "2010-12-31": 0, "2010-09-30": 0, "2010-06-30": 0, "2010-03-31": "", "2009-12-31": 0, "2009-09-30": 0, "2009-06-30": 0, "2009-03-31": "", "2008-12-31": 0, "2008-09-30": 0, "2008-06-30": 0, "2008-03-31": "", "2007-12-31": 0, "2007-09-30": 0, "2007-06-30": 0, "2007-03-31": "", "2006-12-31": 0, "2006-09-30": 0, "2006-06-30": 0, "2006-03-31": "", "2005-12-31": 0, "2005-09-30": 0, "2005-06-30": 0, "2005-03-31": ""}, "Debt Issuance/Retirement Net - Total": {"2020-09-30": -740.4102, "2020-06-30": 730.2283, "2020-03-31": "268.67990", "2019-12-31": -40.8819, "2019-09-30": 157.9002, "2019-06-30": 22.9647, "2019-03-31": "372.22010", "2018-12-31": -51.37, "2018-09-30": 143.226, "2018-06-30": -18.215, "2018-03-31": "1085.83500", "2017-12-31": 66.5517, "2017-09-30": 255.5093, "2017-06-30": 42.957, "2017-03-31": "32.43510", "2016-12-31": -174.0567, "2016-09-30": 254.0059, "2016-06-30": 412.8115, "2016-03-31": "125.62990", "2015-12-31": -288.7578, "2015-09-30": 427.876, "2015-06-30": -8.1519, "2015-03-31": "168.14210", "2014-12-31": 305.2138, "2014-09-30": 81.8784, "2014-06-30": -24.6333, "2014-03-31": "174.08110", "2013-12-31": 137.2329, "2013-09-30": -17.7548, "2013-06-30": 81.6339, "2013-03-31": "31.13900", "2012-12-31": 52.4341, "2012-09-30": 173.6538, "2012-06-30": 54.0041, "2012-03-31": "65.56600", "2011-12-31": 36.711, "2011-09-30": 428.73, "2011-06-30": -96.506, "2011-03-31": "-52.38500", "2010-12-31": -0.946, "2010-09-30": -223.463, "2010-06-30": -14.609, "2010-03-31": "-11.88300", "2009-12-31": -90.4661, "2009-09-30": 17.236, "2009-06-30": -24.65, "2009-03-31": "-59.68000", "2008-12-31": -103.1389, "2008-09-30": 64.993, "2008-06-30": 96.115, "2008-03-31": "8.16700", "2007-12-31": 132.353, "2007-09-30": 41.1541, "2007-06-30": 257.2069, "2007-03-31": "3.81700", "2006-12-31": 13.861, "2006-09-30": 4.663, "2006-06-30": 9.736, "2006-03-31": "30.30700", "2005-12-31": 103.904, "2005-09-30": -13.13, "2005-06-30": -55.473, "2005-03-31": "23.83000"}, "Net Common Equity Issued/Repurchased": {"2020-09-30": 1.051, "2020-06-30": 2.58, "2020-03-31": "-4.61000", "2019-12-31": 3.086, "2019-09-30": -0.332, "2019-06-30": 4.236, "2019-03-31": "-5.96300", "2018-12-31": 1.658, "2018-09-30": -0.541, "2018-06-30": 3.691, "2018-03-31": "70.24200", "2017-12-31": 522.942, "2017-09-30": 5.805, "2017-06-30": 5.118, "2017-03-31": "-4.30800", "2016-12-31": 5.548, "2016-09-30": 7.733, "2016-06-30": 20.616, "2016-03-31": "-1.97500", "2015-12-31": -6.839, "2015-09-30": 4.534, "2015-06-30": 5.09, "2015-03-31": "4.36400", "2014-12-31": 6.934, "2014-09-30": 19.538, "2014-06-30": 15.401, "2014-03-31": "2.41700", "2013-12-31": 2.938, "2013-09-30": -0.171, "2013-06-30": 9.892, "2013-03-31": "5.00500", "2012-12-31": 17.916, "2012-09-30": 11.299, "2012-06-30": 9.708, "2012-03-31": "-36.73100", "2011-12-31": -432.643, "2011-09-30": -275.099, "2011-06-30": -189.663, "2011-03-31": "-1.80600", "2010-12-31": -12.085, "2010-09-30": -39.863, "2010-06-30": -35.604, "2010-03-31": "-5.78600", "2009-12-31": 4.135, "2009-09-30": 9.115, "2009-06-30": 8.303, "2009-03-31": "2.68000", "2008-12-31": 4.144, "2008-09-30": 2.061, "2008-06-30": 8.074, "2008-03-31": "1.86600", "2007-12-31": 6.752, "2007-09-30": 2.782, "2007-06-30": 8.667, "2007-03-31": "3.64200", "2006-12-31": 8.162, "2006-09-30": 3.881, "2006-06-30": 8.034, "2006-03-31": "2.16800", "2005-12-31": 9.004, "2005-09-30": 4.273, "2005-06-30": 6.986, "2005-03-31": "5.38600"}, "Net Total Equity Issued/Repurchased": {"2020-09-30": 1.051, "2020-06-30": 2.58, "2020-03-31": "-4.61000", "2019-12-31": 3.086, "2019-09-30": -0.332, "2019-06-30": 4.236, "2019-03-31": "-5.96300", "2018-12-31": 1.658, "2018-09-30": -0.541, "2018-06-30": 3.691, "2018-03-31": "70.24200", "2017-12-31": 522.942, "2017-09-30": 5.805, "2017-06-30": 5.118, "2017-03-31": "-4.30800", "2016-12-31": 5.548, "2016-09-30": 7.733, "2016-06-30": 20.616, "2016-03-31": "-1.97500", "2015-12-31": -6.839, "2015-09-30": 4.534, "2015-06-30": 5.09, "2015-03-31": "4.36400", "2014-12-31": 6.934, "2014-09-30": 19.538, "2014-06-30": 15.401, "2014-03-31": "2.41700", "2013-12-31": 2.938, "2013-09-30": -0.171, "2013-06-30": 9.892, "2013-03-31": "5.00500", "2012-12-31": 17.916, "2012-09-30": 11.299, "2012-06-30": 9.708, "2012-03-31": "-36.73100", "2011-12-31": -432.643, "2011-09-30": -275.099, "2011-06-30": -189.663, "2011-03-31": "-1.80600", "2010-12-31": -12.085, "2010-09-30": -39.863, "2010-06-30": -35.604, "2010-03-31": "-5.78600", "2009-12-31": 4.135, "2009-09-30": 9.115, "2009-06-30": 8.303, "2009-03-31": "2.68000", "2008-12-31": 4.144, "2008-09-30": 2.061, "2008-06-30": 8.074, "2008-03-31": "1.86600", "2007-12-31": 6.752, "2007-09-30": 2.782, "2007-06-30": 8.667, "2007-03-31": "3.64200", "2006-12-31": 8.162, "2006-09-30": 3.881, "2006-06-30": 8.034, "2006-03-31": "2.16800", "2005-12-31": 9.004, "2005-09-30": 4.273, "2005-06-30": 6.986, "2005-03-31": "5.38600"}, "Total Common And Preferred Stock Dividends Paid": {"2020-09-30": -178.392, "2020-06-30": -178.159, "2020-03-31": "-181.30200", "2019-12-31": -175.618, "2019-09-30": -175.551, "2019-06-30": -175.334, "2019-03-31": "-178.02300", "2018-12-31": -168.232, "2018-09-30": -168.351, "2018-06-30": -168.046, "2018-03-31": "-169.00600", "2017-12-31": -147.019, "2017-09-30": -145.587, "2017-06-30": -145.333, "2017-03-31": "-2.06000", "2016-12-31": -145.409, "2016-09-30": -127.866, "2016-06-30": -127.665, "2016-03-31": "-104.93100", "2015-12-31": -102.796, "2015-09-30": -100.483, "2015-06-30": -100.69, "2015-03-31": "-102.53900", "2014-12-31": -385.28, "2014-09-30": -52.157, "2014-06-30": -52.126, "2014-03-31": "-52.73500", "2013-12-31": -51.771, "2013-09-30": -51.718, "2013-06-30": -51.647, "2013-03-31": "-51.66200", "2012-12-31": -186.538, "2012-09-30": -46.336, "2012-06-30": -42.791, "2012-03-31": "-43.18000", "2011-12-31": -46.877, "2011-09-30": -50.695, "2011-06-30": -37.53, "2011-03-31": "-37.51400", "2010-12-31": -12.532, "2010-09-30": -12.641, "2010-06-30": -12.72, "2010-03-31": "", "2009-12-31": 0, "2009-09-30": 0, "2009-06-30": 0, "2009-03-31": "", "2008-12-31": 0, "2008-09-30": 0, "2008-06-30": 0, "2008-03-31": "", "2007-12-31": 0, "2007-09-30": 0, "2007-06-30": 0, "2007-03-31": "", "2006-12-31": 0, "2006-09-30": 0, "2006-06-30": 0, "2006-03-31": "", "2005-12-31": 0, "2005-09-30": 0, "2005-06-30": 0, "2005-03-31": ""}, "Financial Activities - Other": {"2020-09-30": -6.335, "2020-06-30": -11.495, "2020-03-31": "-9.01000", "2019-12-31": -5.444, "2019-09-30": -1.234, "2019-06-30": -0.501, "2019-03-31": "-0.49800", "2018-12-31": -0.936, "2018-09-30": -3.528, "2018-06-30": -3.929, "2018-03-31": "-1.81900", "2017-12-31": 56.471, "2017-09-30": -12.663, "2017-06-30": -0.988, "2017-03-31": "10.59500", "2016-12-31": -2.047, "2016-09-30": -5.475, "2016-06-30": -12.084, "2016-03-31": "0.53700", "2015-12-31": 4.342, "2015-09-30": -10.918, "2015-06-30": -0.58, "2015-03-31": "-1.10400", "2014-12-31": -1.845, "2014-09-30": -14.253, "2014-06-30": 0.346, "2014-03-31": "-2.92400", "2013-12-31": -20.031, "2013-09-30": -7.079, "2013-06-30": 1.127, "2013-03-31": "1.43000", "2012-12-31": 0.718, "2012-09-30": -2, "2012-06-30": 0.258, "2012-03-31": "0.24900", "2011-12-31": -0.365, "2011-09-30": -0.075, "2011-06-30": -9.285, "2011-03-31": "1.19400", "2010-12-31": -0.627, "2010-09-30": 0.11, "2010-06-30": 0.901, "2010-03-31": "0.51400", "2009-12-31": -1.134, "2009-09-30": 1.853, "2009-06-30": 2.026, "2009-03-31": "0.89000", "2008-12-31": 1.229, "2008-09-30": 0.091, "2008-06-30": 2.988, "2008-03-31": "0.77900", "2007-12-31": 1.863, "2007-09-30": 0.807, "2007-06-30": -3.416, "2007-03-31": "1.37700", "2006-12-31": 1.47, "2006-09-30": 2.451, "2006-06-30": -0.714, "2006-03-31": "-1.28500", "2005-12-31": -0.688, "2005-09-30": -0.652, "2005-06-30": -0.229, "2005-03-31": "-1.76200"}, "Cash Flow From Financial Activities": {"2020-09-30": -924.086, "2020-06-30": 543.154, "2020-03-31": "73.75800", "2019-12-31": -218.858, "2019-09-30": -19.217, "2019-06-30": -148.634, "2019-03-31": "187.73600", "2018-12-31": -218.881, "2018-09-30": -29.194, "2018-06-30": -186.499, "2018-03-31": "985.25200", "2017-12-31": 498.945, "2017-09-30": 103.064, "2017-06-30": -98.246, "2017-03-31": "36.66200", "2016-12-31": -315.964, "2016-09-30": 128.398, "2016-06-30": 293.678, "2016-03-31": "19.26100", "2015-12-31": -394.051, "2015-09-30": 321.009, "2015-06-30": -104.332, "2015-03-31": "68.86300", "2014-12-31": -74.976, "2014-09-30": 35.006, "2014-06-30": -61.012, "2014-03-31": "120.83900", "2013-12-31": 68.369, "2013-09-30": -76.723, "2013-06-30": 41.006, "2013-03-31": "-14.08800", "2012-12-31": -115.47, "2012-09-30": 136.617, "2012-06-30": 21.179, "2012-03-31": "-14.09600", "2011-12-31": -443.174, "2011-09-30": 102.861, "2011-06-30": -332.984, "2011-03-31": "-90.51100", "2010-12-31": -26.19, "2010-09-30": -275.857, "2010-06-30": -62.032, "2010-03-31": "-17.15500", "2009-12-31": -87.465, "2009-09-30": 28.204, "2009-06-30": -14.321, "2009-03-31": "-56.11000", "2008-12-31": -97.766, "2008-09-30": 67.145, "2008-06-30": 107.177, "2008-03-31": "10.81200", "2007-12-31": 140.968, "2007-09-30": 44.743, "2007-06-30": 262.458, "2007-03-31": "8.83600", "2006-12-31": 23.493, "2006-09-30": 10.995, "2006-06-30": 17.056, "2006-03-31": "31.19000", "2005-12-31": 112.22, "2005-09-30": -9.509, "2005-06-30": -48.716, "2005-03-31": "27.45400"}, "Net Cash Flow": {"2020-09-30": -755.208, "2020-06-30": 754.496, "2020-03-31": "-40.87100", "2019-12-31": 6.777, "2019-09-30": 24.782, "2019-06-30": 0.521, "2019-03-31": "-4.01000", "2018-12-31": -32.191, "2018-09-30": 9.484, "2018-06-30": -254.299, "2018-03-31": "-483.20800", "2017-12-31": 587.813, "2017-09-30": 46.867, "2017-06-30": -4.609, "2017-03-31": "59.14400", "2016-12-31": -221.644, "2016-09-30": 221.139, "2016-06-30": 119.044, "2016-03-31": "-10.43600", "2015-12-31": -398.378, "2015-09-30": 375.801, "2015-06-30": -2.507, "2015-03-31": "-6.32800", "2014-12-31": -58.055, "2014-09-30": 38.645, "2014-06-30": -24.563, "2014-03-31": "49.38000", "2013-12-31": -51.505, "2013-09-30": -86.835, "2013-06-30": 28.867, "2013-03-31": "-13.41600", "2012-12-31": -91.168, "2012-09-30": 164.353, "2012-06-30": -8.063, "2012-03-31": "-1.55200", "2011-12-31": -301.034, "2011-09-30": 209.455, "2011-06-30": 81.607, "2011-03-31": "-68.87600", "2010-12-31": 74.52, "2010-09-30": -156.306, "2010-06-30": 15.057, "2010-03-31": "-121.23400", "2009-12-31": -2.607, "2009-09-30": 133.207, "2009-06-30": 44.225, "2009-03-31": "-6.53900", "2008-12-31": -39.874, "2008-09-30": 115.047, "2008-06-30": 95.773, "2008-03-31": "-18.18300", "2007-12-31": 34.856, "2007-09-30": -4.213, "2007-06-30": 33.483, "2007-03-31": "16.11200", "2006-12-31": -0.02, "2006-09-30": 4.437, "2006-06-30": -1.6, "2006-03-31": "-10.86100", "2005-12-31": 9.423, "2005-09-30": 14.473, "2005-06-30": 0.741, "2005-03-31": "-3.16600"}, "Stock-Based Compensation": {"2020-09-30": 8.946, "2020-06-30": 20.145, "2020-03-31": "6.52700", "2019-12-31": 7.514, "2019-09-30": 7.12, "2019-06-30": 12.501, "2019-03-31": "8.51900", "2018-12-31": 7.815, "2018-09-30": 7.279, "2018-06-30": 8.689, "2018-03-31": "7.38400", "2017-12-31": 7.166, "2017-09-30": 7.761, "2017-06-30": 8.543, "2017-03-31": "6.54900", "2016-12-31": 7.106, "2016-09-30": 5.957, "2016-06-30": 9.028, "2016-03-31": "6.88500", "2015-12-31": 6.649, "2015-09-30": 6.159, "2015-06-30": 7.921, "2015-03-31": "6.85600", "2014-12-31": 6.495, "2014-09-30": 8.671, "2014-06-30": 7.317, "2014-03-31": "7.14100", "2013-12-31": 7.338, "2013-09-30": 9.423, "2013-06-30": 7.883, "2013-03-31": "5.71000", "2012-12-31": 9.561, "2012-09-30": 4.682, "2012-06-30": 6.317, "2012-03-31": "9.80000", "2011-12-31": 4.808, "2011-09-30": 4.403, "2011-06-30": 3.6, "2011-03-31": "4.43900", "2010-12-31": 4.144, "2010-09-30": 4.013, "2010-06-30": 4.39, "2010-03-31": "4.72700", "2009-12-31": 1.223, "2009-09-30": 4.851, "2009-06-30": 4.877, "2009-03-31": "4.25900", "2008-12-31": 4.473, "2008-09-30": 4.68, "2008-06-30": 4.828, "2008-03-31": "5.00700", "2007-12-31": 4.11, "2007-09-30": 3.945, "2007-06-30": 3.33, "2007-03-31": "2.47600", "2006-12-31": 3.536, "2006-09-30": 3.028, "2006-06-30": 3.117, "2006-03-31": "2.70600", "2005-12-31": 2.178, "2005-09-30": 1.865, "2005-06-30": 1.103, "2005-03-31": "1.04300"}, "Common Stock Dividends Paid": {"2020-09-30": -178.392, "2020-06-30": -178.159, "2020-03-31": "-181.30200", "2019-12-31": -175.618, "2019-09-30": -175.551, "2019-06-30": -175.334, "2019-03-31": "-178.02300", "2018-12-31": -168.232, "2018-09-30": -168.351, "2018-06-30": -168.046, "2018-03-31": "-169.00600", "2017-12-31": -147.019, "2017-09-30": -145.587, "2017-06-30": -145.333, "2017-03-31": "-2.06000", "2016-12-31": -145.409, "2016-09-30": -127.866, "2016-06-30": -127.665, "2016-03-31": "-104.93100", "2015-12-31": -102.796, "2015-09-30": -100.483, "2015-06-30": -100.69, "2015-03-31": "-102.53900", "2014-12-31": -385.28, "2014-09-30": -52.157, "2014-06-30": -52.126, "2014-03-31": "-52.73500", "2013-12-31": -51.771, "2013-09-30": -51.718, "2013-06-30": -51.647, "2013-03-31": "-51.66200", "2012-12-31": -186.538, "2012-09-30": -46.336, "2012-06-30": -42.791, "2012-03-31": "-43.18000", "2011-12-31": -46.877, "2011-09-30": -50.695, "2011-06-30": -37.53, "2011-03-31": "-37.51400", "2010-12-31": -12.532, "2010-09-30": -12.641, "2010-06-30": -12.72, "2010-03-31": "0.00000", "2009-12-31": 0, "2009-09-30": 0, "2009-06-30": 0, "2009-03-31": "", "2008-12-31": 0, "2008-09-30": 0, "2008-06-30": 0, "2008-03-31": "", "2007-12-31": 0, "2007-09-30": 0, "2007-06-30": 0, "2007-03-31": "", "2006-12-31": 0, "2006-09-30": 0, "2006-06-30": 0, "2006-03-31": "", "2005-12-31": 0, "2005-09-30": 0, "2005-06-30": 0, "2005-03-31": ""}}, "financial ratios": {"Current Ratio": {"2019-12-31": "0.63420", "2018-12-31": "0.81040", "2017-12-31": "1.46620", "2016-12-31": "1.06260", "2015-12-31": "1.01910", "2014-12-31": "1.07120", "2013-12-31": "0.96340", "2012-12-31": "1.13170", "2011-12-31": "1.07710", "2010-12-31": "1.38610", "2009-12-31": "1.48690", "2008-12-31": "1.33830", "2007-12-31": "1.07410", "2006-12-31": "1.06430", "2005-12-31": "0.93610"}, "Long-term Debt / Capital": {"2019-12-31": "0.84970", "2018-12-31": "0.81150", "2017-12-31": "0.75000", "2016-12-31": "0.75840", "2015-12-31": "0.90000", "2014-12-31": "0.83990", "2013-12-31": "0.79660", "2012-12-31": "0.76250", "2011-12-31": "0.72340", "2010-12-31": "0.59860", "2009-12-31": "0.59810", "2008-12-31": "0.63970", "2007-12-31": "0.64290", "2006-12-31": "0.62650", "2005-12-31": "0.64630"}, "Debt/Equity Ratio": {"2019-12-31": "5.91750", "2018-12-31": "4.37210", "2017-12-31": "3.06380", "2016-12-31": "3.22780", "2015-12-31": "9.16690", "2014-12-31": "5.30650", "2013-12-31": "3.96650", "2012-12-31": "3.29050", "2011-12-31": "2.67380", "2010-12-31": "1.54040", "2009-12-31": "1.50720", "2008-12-31": "1.79550", "2007-12-31": "1.81920", "2006-12-31": "1.71820", "2005-12-31": "1.84610"}, "Gross Margin": {"2019-12-31": "56.99050", "2018-12-31": "57.54720", "2017-12-31": "56.70810", "2016-12-31": "55.35250", "2015-12-31": "57.11320", "2014-12-31": "56.87080", "2013-12-31": "57.38720", "2012-12-31": "57.48560", "2011-12-31": "58.69580", "2010-12-31": "58.75800", "2009-12-31": "56.67970", "2008-12-31": "54.76410", "2007-12-31": "53.84240", "2006-12-31": "54.29310", "2005-12-31": "54.85230"}, "Operating Margin": {"2019-12-31": "18.33020", "2018-12-31": "19.12710", "2017-12-31": "16.48780", "2016-12-31": "14.28490", "2015-12-31": "17.43790", "2014-12-31": "17.61810", "2013-12-31": "16.17550", "2012-12-31": "18.49120", "2011-12-31": "18.94710", "2010-12-31": "18.93100", "2009-12-31": "19.65210", "2008-12-31": "16.12140", "2007-12-31": "16.65610", "2006-12-31": "17.32460", "2005-12-31": "18.61190"}, "EBIT Margin": {"2019-12-31": "18.33020", "2018-12-31": "19.12710", "2017-12-31": "16.48780", "2016-12-31": "14.28490", "2015-12-31": "17.43790", "2014-12-31": "17.61810", "2013-12-31": "16.17550", "2012-12-31": "18.49120", "2011-12-31": "18.94710", "2010-12-31": "18.93100", "2009-12-31": "19.65210", "2008-12-31": "16.12140", "2007-12-31": "16.65610", "2006-12-31": "17.32460", "2005-12-31": "18.61190"}, "EBITDA Margin": {"2019-12-31": "34.16420", "2018-12-31": "34.63180", "2017-12-31": "30.53900", "2016-12-31": "27.54080", "2015-12-31": "29.23030", "2014-12-31": "29.20200", "2013-12-31": "27.06260", "2012-12-31": "29.25340", "2011-12-31": "31.29710", "2010-12-31": "32.60400", "2009-12-31": "29.82750", "2008-12-31": "25.80080", "2007-12-31": "25.98400", "2006-12-31": "26.42270", "2005-12-31": "27.84480"}, "Pre-Tax Profit Margin": {"2019-12-31": "7.69820", "2018-12-31": "9.70980", "2017-12-31": "5.22620", "2016-12-31": "4.17620", "2015-12-31": "5.38790", "2014-12-31": "7.16470", "2013-12-31": "5.28570", "2012-12-31": "9.88050", "2011-12-31": "11.70600", "2010-12-31": "11.55540", "2009-12-31": "12.44530", "2008-12-31": "7.36030", "2007-12-31": "8.16930", "2006-12-31": "9.53980", "2005-12-31": "9.48040"}, "Net Profit Margin": {"2019-12-31": "6.27270", "2018-12-31": "8.37560", "2017-12-31": "4.42360", "2016-12-31": "2.98520", "2015-12-31": "4.09710", "2014-12-31": "10.46030", "2013-12-31": "3.18920", "2012-12-31": "5.68990", "2011-12-31": "13.12030", "2010-12-31": "-1.99100", "2009-12-31": "7.85580", "2008-12-31": "2.68520", "2007-12-31": "5.60780", "2006-12-31": "5.48270", "2005-12-31": "5.34600"}, "Asset Turnover": {"2019-12-31": "0.30850", "2018-12-31": "0.35640", "2017-12-31": "0.35050", "2016-12-31": "0.37010", "2015-12-31": "0.47370", "2014-12-31": "0.47790", "2013-12-31": "0.45460", "2012-12-31": "0.47240", "2011-12-31": "0.49900", "2010-12-31": "0.45080", "2009-12-31": "0.40520", "2008-12-31": "0.48060", "2007-12-31": "0.43280", "2006-12-31": "0.45120", "2005-12-31": "0.43600"}, "Inventory Turnover Ratio": {"2019-12-31": "", "2018-12-31": "", "2017-12-31": "", "2016-12-31": "", "2015-12-31": "", "2014-12-31": "", "2013-12-31": "", "2012-12-31": "", "2011-12-31": "", "2010-12-31": "", "2009-12-31": "", "2008-12-31": "", "2007-12-31": "", "2006-12-31": "", "2005-12-31": ""}, "Receiveable Turnover": {"2019-12-31": "5.01070", "2018-12-31": "4.98970", "2017-12-31": "4.60140", "2016-12-31": "5.07990", "2015-12-31": "5.32950", "2014-12-31": "5.15950", "2013-12-31": "4.90380", "2012-12-31": "5.24980", "2011-12-31": "5.54720", "2010-12-31": "5.51630", "2009-12-31": "4.73950", "2008-12-31": "5.52640", "2007-12-31": "4.84010", "2006-12-31": "4.96520", "2005-12-31": "5.08650"}, "Days Sales In Receivables": {"2019-12-31": "72.84450", "2018-12-31": "73.15000", "2017-12-31": "79.32380", "2016-12-31": "71.85230", "2015-12-31": "68.48670", "2014-12-31": "70.74360", "2013-12-31": "74.43270", "2012-12-31": "69.52600", "2011-12-31": "65.79930", "2010-12-31": "66.16730", "2009-12-31": "77.01250", "2008-12-31": "66.04720", "2007-12-31": "75.41220", "2006-12-31": "73.51210", "2005-12-31": "71.75880"}, "ROE - Return On Equity": {"2019-12-31": "18.31760", "2018-12-31": "19.73510", "2017-12-31": "7.74370", "2016-12-31": "5.36380", "2015-12-31": "23.68550", "2014-12-31": "37.81290", "2013-12-31": "9.42830", "2012-12-31": "15.71740", "2011-12-31": "19.64610", "2010-12-31": "8.53820", "2009-12-31": "10.73090", "2008-12-31": "4.53640", "2007-12-31": "8.52680", "2006-12-31": "8.29620", "2005-12-31": "8.30940"}, "Return On Tangible Equity": {"2019-12-31": "-6.07610", "2018-12-31": "-8.99760", "2017-12-31": "-5.61210", "2016-12-31": "-3.22520", "2015-12-31": "-5.14040", "2014-12-31": "-15.21770", "2013-12-31": "-4.91600", "2012-12-31": "-11.21980", "2011-12-31": "-17.47400", "2010-12-31": "-23.60060", "2009-12-31": "-28.37030", "2008-12-31": "-7.51970", "2007-12-31": "-12.15770", "2006-12-31": "-14.40430", "2005-12-31": "-11.41330"}, "ROA - Return On Assets": {"2019-12-31": "1.94120", "2018-12-31": "3.09990", "2017-12-31": "1.62240", "2016-12-31": "1.09500", "2015-12-31": "1.97150", "2014-12-31": "5.04280", "2013-12-31": "1.49050", "2012-12-31": "2.87350", "2011-12-31": "4.07880", "2010-12-31": "2.59860", "2009-12-31": "3.38140", "2008-12-31": "1.28910", "2007-12-31": "2.42700", "2006-12-31": "2.47360", "2005-12-31": "2.38870"}, "ROI - Return On Investment": {"2019-12-31": "2.75380", "2018-12-31": "3.72060", "2017-12-31": "1.93580", "2016-12-31": "1.29610", "2015-12-31": "2.36850", "2014-12-31": "6.05330", "2013-12-31": "1.91770", "2012-12-31": "3.73290", "2011-12-31": "5.43410", "2010-12-31": "3.42730", "2009-12-31": "4.31240", "2008-12-31": "1.63440", "2007-12-31": "3.04460", "2006-12-31": "3.09840", "2005-12-31": "2.93910"}, "Book Value Per Share": {"2019-12-31": "5.09650", "2018-12-31": "6.50480", "2017-12-31": "8.12000", "2016-12-31": "7.34470", "2015-12-31": "2.50120", "2014-12-31": "4.14620", "2013-12-31": "5.49420", "2012-12-31": "6.11800", "2011-12-31": "7.28620", "2010-12-31": "9.76120", "2009-12-31": "10.59940", "2008-12-31": "8.94530", "2007-12-31": "8.94630", "2006-12-31": "7.80110", "2005-12-31": "6.93760"}, "Operating Cash Flow Per Share": {"2019-12-31": 0.0964, "2018-12-31": 0.5619, "2017-12-31": 0.5022, "2016-12-31": -0.3545, "2015-12-31": 0.1503, "2014-12-31": -0.234, "2013-12-31": 0.1631, "2012-12-31": -0.6663, "2011-12-31": 0.0461, "2010-12-31": 0.0748, "2009-12-31": 0.3784, "2008-12-31": 0.2432, "2007-12-31": 0.5314, "2006-12-31": -0.0368, "2005-12-31": 1.9039}, "Free Cash Flow Per Share": {"2019-12-31": -0.4305, "2018-12-31": 0.5084, "2017-12-31": 0.548, "2016-12-31": -0.2935, "2015-12-31": 0.406, "2014-12-31": -0.3651, "2013-12-31": 0.0489, "2012-12-31": -0.9885, "2011-12-31": 0.1701, "2010-12-31": 0.2919, "2009-12-31": 0.8954, "2008-12-31": 0.1639, "2007-12-31": 0.5291, "2006-12-31": -0.625, "2005-12-31": 0.6697}}, "financial ratios, quarterly": {"Current Ratio": {"2020-09-30": "0.59970", "2020-06-30": "0.79610", "2020-03-31": "0.75830", "2019-12-31": "0.63420", "2019-09-30": "0.65780", "2019-06-30": "0.75160", "2019-03-31": "0.79850", "2018-12-31": "0.81040", "2018-09-30": "0.97480", "2018-06-30": "0.97740", "2018-03-31": "1.23870", "2017-12-31": "1.46620", "2017-09-30": "1.07780", "2017-06-30": "0.81780", "2017-03-31": "0.84500", "2016-12-31": "1.06260", "2016-09-30": "1.43290", "2016-06-30": "1.31300", "2016-03-31": "1.11140", "2015-12-31": "1.01910", "2015-09-30": "1.34860", "2015-06-30": "1.16300", "2015-03-31": "1.23200", "2014-12-31": "1.07120", "2014-09-30": "0.61090", "2014-06-30": "1.06780", "2014-03-31": "1.13800", "2013-12-31": "0.96340", "2013-09-30": "1.13760", "2013-06-30": "0.97490", "2013-03-31": "1.18540", "2012-12-31": "1.13170", "2012-09-30": "1.37970", "2012-06-30": "1.14140", "2012-03-31": "1.19770", "2011-12-31": "1.07710", "2011-09-30": "1.66950", "2011-06-30": "1.33980", "2011-03-31": "1.26070", "2010-12-31": "1.38610", "2010-09-30": "1.33120", "2010-06-30": "1.53790", "2010-03-31": "1.50200", "2009-12-31": "1.48690", "2009-09-30": "1.66000", "2009-06-30": "1.64400", "2009-03-31": "1.46740", "2008-12-31": "1.33830", "2008-09-30": "1.38480", "2008-06-30": "1.26410", "2008-03-31": "1.26270", "2007-12-31": "1.07410", "2007-09-30": "1.14290", "2007-06-30": "1.12780", "2007-03-31": "1.00290", "2006-12-31": "1.06430", "2006-09-30": "1.00610", "2006-06-30": "0.96780", "2006-03-31": "1.02280", "2005-12-31": "0.93610", "2005-09-30": "1.03410", "2005-06-30": "0.93650", "2005-03-31": "0.96110"}, "Long-term Debt / Capital": {"2020-09-30": "0.90190", "2020-06-30": "0.89520", "2020-03-31": "0.88570", "2019-12-31": "0.84970", "2019-09-30": "0.84470", "2019-06-30": "0.83490", "2019-03-31": "0.82610", "2018-12-31": "0.81150", "2018-09-30": "0.80700", "2018-06-30": "0.79460", "2018-03-31": "0.78010", "2017-12-31": "0.75000", "2017-09-30": "0.78190", "2017-06-30": "0.76450", "2017-03-31": "0.75680", "2016-12-31": "0.75840", "2016-09-30": "0.74670", "2016-06-30": "0.73100", "2016-03-31": "0.90440", "2015-12-31": "0.90000", "2015-09-30": "0.88810", "2015-06-30": "0.86730", "2015-03-31": "0.86050", "2014-12-31": "0.83990", "2014-09-30": "0.90260", "2014-06-30": "0.76820", "2014-03-31": "0.80310", "2013-12-31": "0.79660", "2013-09-30": "0.78750", "2013-06-30": "0.76770", "2013-03-31": "0.76910", "2012-12-31": "0.76250", "2012-09-30": "0.73850", "2012-06-30": "0.73290", "2012-03-31": "0.72770", "2011-12-31": "0.72340", "2011-09-30": "0.65530", "2011-06-30": "0.58160", "2011-03-31": "0.59350", "2010-12-31": "0.59860", "2010-09-30": "0.60180", "2010-06-30": "0.59660", "2010-03-31": "0.59670", "2009-12-31": "0.59810", "2009-09-30": "0.61510", "2009-06-30": "0.62180", "2009-03-31": "0.63260", "2008-12-31": "0.63970", "2008-09-30": "0.64140", "2008-06-30": "0.63590", "2008-03-31": "0.64130", "2007-12-31": "0.64290", "2007-09-30": "0.64140", "2007-06-30": "0.64270", "2007-03-31": "0.62020", "2006-12-31": "0.62650", "2006-09-30": "0.63140", "2006-06-30": "0.63460", "2006-03-31": "0.64350", "2005-12-31": "0.64630", "2005-09-30": "0.64220", "2005-06-30": "0.65080", "2005-03-31": "0.66110"}, "Debt/Equity Ratio": {"2020-09-30": "9.61480", "2020-06-30": "9.40160", "2020-03-31": "7.86190", "2019-12-31": "5.91750", "2019-09-30": "5.69840", "2019-06-30": "5.13190", "2019-03-31": "4.82240", "2018-12-31": "4.37210", "2018-09-30": "4.24520", "2018-06-30": "3.92990", "2018-03-31": "3.60770", "2017-12-31": "3.06380", "2017-09-30": "3.68210", "2017-06-30": "3.47400", "2017-03-31": "3.33230", "2016-12-31": "3.22780", "2016-09-30": "3.00390", "2016-06-30": "2.76740", "2016-03-31": "9.63510", "2015-12-31": "9.16690", "2015-09-30": "8.34860", "2015-06-30": "6.63110", "2015-03-31": "6.24170", "2014-12-31": "5.30650", "2014-09-30": "9.39240", "2014-06-30": "3.35700", "2014-03-31": "4.13220", "2013-12-31": "3.96650", "2013-09-30": "3.75440", "2013-06-30": "3.60180", "2013-03-31": "3.41260", "2012-12-31": "3.29050", "2012-09-30": "2.87840", "2012-06-30": "2.79370", "2012-03-31": "2.72200", "2011-12-31": "2.67380", "2011-09-30": "1.93760", "2011-06-30": "1.42240", "2011-03-31": "1.48210", "2010-12-31": "1.54040", "2010-09-30": "1.52990", "2010-06-30": "1.49660", "2010-03-31": "1.49690", "2009-12-31": "1.50720", "2009-09-30": "1.61290", "2009-06-30": "1.65970", "2009-03-31": "1.73840", "2008-12-31": "1.79550", "2008-09-30": "1.80020", "2008-06-30": "1.79850", "2008-03-31": "1.80150", "2007-12-31": "1.81920", "2007-09-30": "1.80510", "2007-06-30": "1.81760", "2007-03-31": "1.69610", "2006-12-31": "1.71820", "2006-09-30": "1.75240", "2006-06-30": "1.78170", "2006-03-31": "1.82910", "2005-12-31": "1.84610", "2005-09-30": "1.81440", "2005-06-30": "1.88230", "2005-03-31": "1.99080"}, "Gross Margin": {"2020-09-30": "58.08550", "2020-06-30": "58.59530", "2020-03-31": "56.31070", "2019-12-31": "57.43870", "2019-09-30": "57.69520", "2019-06-30": "56.52770", "2019-03-31": "56.28980", "2018-12-31": "58.00700", "2018-09-30": "57.77360", "2018-06-30": "57.44210", "2018-03-31": "56.95550", "2017-12-31": "59.09070", "2017-09-30": "56.67970", "2017-06-30": "56.38220", "2017-03-31": "54.55130", "2016-12-31": "55.44660", "2016-09-30": "54.41260", "2016-06-30": "55.23060", "2016-03-31": "56.55930", "2015-12-31": "56.88290", "2015-09-30": "57.44800", "2015-06-30": "57.05300", "2015-03-31": "57.07190", "2014-12-31": "56.67950", "2014-09-30": "57.13460", "2014-06-30": "57.17820", "2014-03-31": "56.48180", "2013-12-31": "56.23270", "2013-09-30": "58.86940", "2013-06-30": "57.44200", "2013-03-31": "57.01970", "2012-12-31": "55.30560", "2012-09-30": "58.51710", "2012-06-30": "58.37880", "2012-03-31": "57.76310", "2011-12-31": "57.49650", "2011-09-30": "60.12510", "2011-06-30": "59.45200", "2011-03-31": "57.64730", "2010-12-31": "58.58230", "2010-09-30": "59.01940", "2010-06-30": "59.34220", "2010-03-31": "58.11600", "2009-12-31": "53.58060", "2009-09-30": "57.97150", "2009-06-30": "58.08500", "2009-03-31": "56.17870", "2008-12-31": "55.47890", "2008-09-30": "55.08940", "2008-06-30": "54.87180", "2008-03-31": "53.59510", "2007-12-31": "53.98160", "2007-09-30": "54.03490", "2007-06-30": "53.94530", "2007-03-31": "53.35980", "2006-12-31": "54.81870", "2006-09-30": "53.45500", "2006-06-30": "55.41540", "2006-03-31": "53.45260", "2005-12-31": "55.02800", "2005-09-30": "54.90470", "2005-06-30": "55.44480", "2005-03-31": "54.00380"}, "Operating Margin": {"2020-09-30": "23.17700", "2020-06-30": "13.41080", "2020-03-31": "12.86590", "2019-12-31": "19.08820", "2019-09-30": "21.03830", "2019-06-30": "18.10050", "2019-03-31": "15.05650", "2018-12-31": "23.23280", "2018-09-30": "18.43890", "2018-06-30": "18.99090", "2018-03-31": "15.78570", "2017-12-31": "14.05780", "2017-09-30": "18.30420", "2017-06-30": "17.91880", "2017-03-31": "15.73740", "2016-12-31": "14.92840", "2016-09-30": "14.36690", "2016-06-30": "10.93370", "2016-03-31": "17.32620", "2015-12-31": "16.38290", "2015-09-30": "16.98820", "2015-06-30": "17.04570", "2015-03-31": "19.34300", "2014-12-31": "16.43940", "2014-09-30": "18.07550", "2014-06-30": "18.71800", "2014-03-31": "17.22000", "2013-12-31": "12.35910", "2013-09-30": "18.52980", "2013-06-30": "17.43700", "2013-03-31": "16.44400", "2012-12-31": "13.33920", "2012-09-30": "20.58030", "2012-06-30": "21.09740", "2012-03-31": "18.99710", "2011-12-31": "20.14770", "2011-09-30": "17.59700", "2011-06-30": "19.63440", "2011-03-31": "18.44480", "2010-12-31": "22.71360", "2010-09-30": "14.63460", "2010-06-30": "21.79510", "2010-03-31": "17.08820", "2009-12-31": "26.53550", "2009-09-30": "18.64970", "2009-06-30": "18.50520", "2009-03-31": "16.75510", "2008-12-31": "16.73880", "2008-09-30": "17.38350", "2008-06-30": "16.11300", "2008-03-31": "14.18900", "2007-12-31": "15.80520", "2007-09-30": "18.35010", "2007-06-30": "16.63460", "2007-03-31": "15.77730", "2006-12-31": "18.82310", "2006-09-30": "16.30770", "2006-06-30": "17.69250", "2006-03-31": "16.39920", "2005-12-31": "17.98150", "2005-09-30": "19.40790", "2005-06-30": "18.88820", "2005-03-31": "18.17090"}, "EBIT Margin": {"2020-09-30": "23.17700", "2020-06-30": "13.41080", "2020-03-31": "12.86590", "2019-12-31": "19.08820", "2019-09-30": "21.03830", "2019-06-30": "18.10050", "2019-03-31": "15.05650", "2018-12-31": "23.23280", "2018-09-30": "18.43890", "2018-06-30": "18.99090", "2018-03-31": "15.78570", "2017-12-31": "14.05780", "2017-09-30": "18.30420", "2017-06-30": "17.91880", "2017-03-31": "15.73740", "2016-12-31": "14.92840", "2016-09-30": "14.36690", "2016-06-30": "10.93370", "2016-03-31": "17.32620", "2015-12-31": "16.38290", "2015-09-30": "16.98820", "2015-06-30": "17.04570", "2015-03-31": "19.34300", "2014-12-31": "16.43940", "2014-09-30": "18.07550", "2014-06-30": "18.71800", "2014-03-31": "17.22000", "2013-12-31": "12.35910", "2013-09-30": "18.52980", "2013-06-30": "17.43700", "2013-03-31": "16.44400", "2012-12-31": "13.33920", "2012-09-30": "20.58030", "2012-06-30": "21.09740", "2012-03-31": "18.99710", "2011-12-31": "20.14770", "2011-09-30": "17.59700", "2011-06-30": "19.63440", "2011-03-31": "18.44480", "2010-12-31": "22.71360", "2010-09-30": "14.63460", "2010-06-30": "21.79510", "2010-03-31": "17.08820", "2009-12-31": "26.53550", "2009-09-30": "18.64970", "2009-06-30": "18.50520", "2009-03-31": "16.75510", "2008-12-31": "16.73890", "2008-09-30": "17.38350", "2008-06-30": "16.11300", "2008-03-31": "14.18900", "2007-12-31": "15.80520", "2007-09-30": "18.35010", "2007-06-30": "16.63460", "2007-03-31": "15.77730", "2006-12-31": "18.82310", "2006-09-30": "16.30770", "2006-06-30": "17.69250", "2006-03-31": "16.39920", "2005-12-31": "17.98150", "2005-09-30": "19.40790", "2005-06-30": "18.88820", "2005-03-31": "18.17090"}, "EBITDA Margin": {"2020-09-30": "", "2020-06-30": "", "2020-03-31": "", "2019-12-31": "", "2019-09-30": "", "2019-06-30": "", "2019-03-31": "", "2018-12-31": "", "2018-09-30": "", "2018-06-30": "", "2018-03-31": "", "2017-12-31": "", "2017-09-30": "", "2017-06-30": "", "2017-03-31": "", "2016-12-31": "", "2016-09-30": "", "2016-06-30": "", "2016-03-31": "", "2015-12-31": "", "2015-09-30": "", "2015-06-30": "", "2015-03-31": "", "2014-12-31": "", "2014-09-30": "", "2014-06-30": "", "2014-03-31": "", "2013-12-31": "", "2013-09-30": "", "2013-06-30": "", "2013-03-31": "", "2012-12-31": "", "2012-09-30": "", "2012-06-30": "", "2012-03-31": "", "2011-12-31": "", "2011-09-30": "", "2011-06-30": "", "2011-03-31": "", "2010-12-31": "", "2010-09-30": "", "2010-06-30": "", "2010-03-31": "", "2009-12-31": "", "2009-09-30": "", "2009-06-30": "", "2009-03-31": "", "2008-12-31": "", "2008-09-30": "", "2008-06-30": "", "2008-03-31": "", "2007-12-31": "", "2007-09-30": "", "2007-06-30": "", "2007-03-31": "", "2006-12-31": "", "2006-09-30": "", "2006-06-30": "", "2006-03-31": "", "2005-12-31": "", "2005-09-30": "", "2005-06-30": "", "2005-03-31": ""}, "Pre-Tax Profit Margin": {"2020-09-30": "5.06400", "2020-06-30": "0.26160", "2020-03-31": "6.97830", "2019-12-31": "4.99340", "2019-09-30": "12.25840", "2019-06-30": "9.65340", "2019-03-31": "3.89320", "2018-12-31": "14.49260", "2018-09-30": "8.61190", "2018-06-30": "11.15360", "2018-03-31": "4.48770", "2017-12-31": "0.50750", "2017-09-30": "2.92940", "2017-06-30": "10.48570", "2017-03-31": "7.24950", "2016-12-31": "5.00240", "2016-09-30": "3.06020", "2016-06-30": "-0.43920", "2016-03-31": "9.98290", "2015-12-31": "2.19650", "2015-09-30": "3.54190", "2015-06-30": "8.08320", "2015-03-31": "7.69890", "2014-12-31": "1.63390", "2014-09-30": "7.12260", "2014-06-30": "11.42810", "2014-03-31": "8.43850", "2013-12-31": "2.62410", "2013-09-30": "3.90830", "2013-06-30": "7.06260", "2013-03-31": "7.61960", "2012-12-31": "4.65260", "2012-09-30": "11.34020", "2012-06-30": "12.01930", "2012-03-31": "11.56510", "2011-12-31": "11.96040", "2011-09-30": "8.91850", "2011-06-30": "12.88140", "2011-03-31": "13.12850", "2010-12-31": "16.50330", "2010-09-30": "7.76880", "2010-06-30": "13.96310", "2010-03-31": "8.66830", "2009-12-31": "19.19830", "2009-09-30": "10.69310", "2009-06-30": "13.57500", "2009-03-31": "8.09030", "2008-12-31": "6.73200", "2008-09-30": "7.81070", "2008-06-30": "7.88140", "2008-03-31": "6.98520", "2007-12-31": "6.85960", "2007-09-30": "8.93760", "2007-06-30": "7.96290", "2007-03-31": "9.04030", "2006-12-31": "10.98120", "2006-09-30": "7.73740", "2006-06-30": "10.74650", "2006-03-31": "8.64070", "2005-12-31": "8.81220", "2005-09-30": "12.23450", "2005-06-30": "8.69760", "2005-03-31": "8.10540"}, "Net Profit Margin": {"2020-09-30": "3.70370", "2020-06-30": "-0.72140", "2020-03-31": "5.98610", "2019-12-31": "3.49210", "2019-09-30": "10.13680", "2019-06-30": "8.66440", "2019-03-31": "2.80500", "2018-12-31": "14.28360", "2018-09-30": "6.20830", "2018-06-30": "8.65000", "2018-03-31": "4.28640", "2017-12-31": "0.90930", "2017-09-30": "2.52110", "2017-06-30": "8.27850", "2017-03-31": "6.19090", "2016-12-31": "5.23850", "2016-09-30": "0.75090", "2016-06-30": "-1.58050", "2016-03-31": "8.36220", "2015-12-31": "0.75820", "2015-09-30": "3.09570", "2015-06-30": "7.01960", "2015-03-31": "5.48470", "2014-12-31": "1.63870", "2014-09-30": "0.00840", "2014-06-30": "34.52020", "2014-03-31": "5.41040", "2013-12-31": "6.10260", "2013-09-30": "0.50960", "2013-06-30": "3.49500", "2013-03-31": "2.59510", "2012-12-31": "3.26320", "2012-09-30": "7.05880", "2012-06-30": "5.05940", "2012-03-31": "7.41460", "2011-12-31": "4.32120", "2011-09-30": "4.85980", "2011-06-30": "33.31140", "2011-03-31": "9.84710", "2010-12-31": "4.44470", "2010-09-30": "-21.03260", "2010-06-30": "5.69720", "2010-03-31": "3.29240", "2009-12-31": "10.79880", "2009-09-30": "5.64610", "2009-06-30": "11.74730", "2009-03-31": "3.98140", "2008-12-31": "0.18010", "2008-09-30": "1.44250", "2008-06-30": "4.66740", "2008-03-31": "4.46790", "2007-12-31": "3.85160", "2007-09-30": "7.31430", "2007-06-30": "5.84010", "2007-03-31": "5.48720", "2006-12-31": "6.09260", "2006-09-30": "4.46820", "2006-06-30": "6.50690", "2006-03-31": "4.83860", "2005-12-31": "4.89700", "2005-09-30": "6.90960", "2005-06-30": "4.96360", "2005-03-31": "4.57690"}, "Asset Turnover": {"2020-09-30": "0.07580", "2020-06-30": "0.06840", "2020-03-31": "0.07880", "2019-12-31": "0.07810", "2019-09-30": "0.07820", "2019-06-30": "0.07780", "2019-03-31": "0.07700", "2018-12-31": "0.08950", "2018-09-30": "0.08990", "2018-06-30": "0.08980", "2018-03-31": "0.08690", "2017-12-31": "0.09030", "2017-09-30": "0.09410", "2017-06-30": "0.09680", "2017-03-31": "0.09710", "2016-12-31": "0.09850", "2016-09-30": "0.09520", "2016-06-30": "0.09070", "2016-03-31": "0.11690", "2015-12-31": "0.11850", "2015-09-30": "0.11190", "2015-06-30": "0.11830", "2015-03-31": "0.11760", "2014-12-31": "0.11930", "2014-09-30": "0.11790", "2014-06-30": "0.11680", "2014-03-31": "0.11480", "2013-12-31": "0.11540", "2013-09-30": "0.11840", "2013-06-30": "0.11910", "2013-03-31": "0.11860", "2012-12-31": "0.11910", "2012-09-30": "0.11820", "2012-06-30": "0.12360", "2012-03-31": "0.12260", "2011-12-31": "0.12280", "2011-09-30": "0.12020", "2011-06-30": "0.11830", "2011-03-31": "0.11530", "2010-12-31": "0.10290", "2010-09-30": "0.11510", "2010-06-30": "0.10900", "2010-03-31": "0.11520", "2009-12-31": "0.07890", "2009-09-30": "0.11410", "2009-06-30": "0.11530", "2009-03-31": "0.11580", "2008-12-31": "0.11840", "2008-09-30": "0.11820", "2008-06-30": "0.11810", "2008-03-31": "0.11850", "2007-12-31": "0.11530", "2007-09-30": "0.11890", "2007-06-30": "0.11700", "2007-03-31": "0.12000", "2006-12-31": "0.11700", "2006-09-30": "0.11770", "2006-06-30": "0.11730", "2006-03-31": "0.11750", "2005-12-31": "0.11300", "2005-09-30": "0.11560", "2005-06-30": "0.11270", "2005-03-31": "0.11120"}, "Inventory Turnover Ratio": {"2020-09-30": "", "2020-06-30": "", "2020-03-31": "", "2019-12-31": "", "2019-09-30": "", "2019-06-30": "", "2019-03-31": "", "2018-12-31": "", "2018-09-30": "", "2018-06-30": "", "2018-03-31": "", "2017-12-31": "", "2017-09-30": "", "2017-06-30": "", "2017-03-31": "", "2016-12-31": "", "2016-09-30": "", "2016-06-30": "", "2016-03-31": "", "2015-12-31": "", "2015-09-30": "", "2015-06-30": "", "2015-03-31": "", "2014-12-31": "", "2014-09-30": "", "2014-06-30": "", "2014-03-31": "", "2013-12-31": "", "2013-09-30": "", "2013-06-30": "", "2013-03-31": "", "2012-12-31": "", "2012-09-30": "", "2012-06-30": "", "2012-03-31": "", "2011-12-31": "", "2011-09-30": "", "2011-06-30": "", "2011-03-31": "", "2010-12-31": "", "2010-09-30": "", "2010-06-30": "", "2010-03-31": "", "2009-12-31": "", "2009-09-30": "", "2009-06-30": "", "2009-03-31": "", "2008-12-31": "", "2008-09-30": "", "2008-06-30": "", "2008-03-31": "", "2007-12-31": "", "2007-09-30": "", "2007-06-30": "", "2007-03-31": "", "2006-12-31": "", "2006-09-30": "", "2006-06-30": "", "2006-03-31": "", "2005-12-31": "", "2005-09-30": "", "2005-06-30": "", "2005-03-31": ""}, "Receiveable Turnover": {"2020-09-30": "1.30910", "2020-06-30": "1.21880", "2020-03-31": "1.28530", "2019-12-31": "1.26910", "2019-09-30": "1.29240", "2019-06-30": "1.25180", "2019-03-31": "1.25830", "2018-12-31": "1.25340", "2018-09-30": "1.25200", "2018-06-30": "1.22350", "2018-03-31": "1.21340", "2017-12-31": "1.18610", "2017-09-30": "1.23030", "2017-06-30": "1.30050", "2017-03-31": "1.30210", "2016-12-31": "1.35150", "2016-09-30": "1.34640", "2016-06-30": "1.24380", "2016-03-31": "1.30620", "2015-12-31": "1.33310", "2015-09-30": "1.30080", "2015-06-30": "1.27420", "2015-03-31": "1.26990", "2014-12-31": "1.28750", "2014-09-30": "1.26450", "2014-06-30": "1.23540", "2014-03-31": "1.23000", "2013-12-31": "1.24500", "2013-09-30": "1.22890", "2013-06-30": "1.29740", "2013-03-31": "1.30740", "2012-12-31": "1.32330", "2012-09-30": "1.29770", "2012-06-30": "1.31410", "2012-03-31": "1.33700", "2011-12-31": "1.36500", "2011-09-30": "1.40090", "2011-06-30": "1.31320", "2011-03-31": "1.22270", "2010-12-31": "1.25860", "2010-09-30": "1.23870", "2010-06-30": "1.24710", "2010-03-31": "1.33280", "2009-12-31": "0.92270", "2009-09-30": "1.28240", "2009-06-30": "1.26630", "2009-03-31": "1.28560", "2008-12-31": "1.36130", "2008-09-30": "1.28480", "2008-06-30": "1.27420", "2008-03-31": "1.27780", "2007-12-31": "1.28890", "2007-09-30": "1.25310", "2007-06-30": "1.27990", "2007-03-31": "1.30230", "2006-12-31": "1.28760", "2006-09-30": "1.30050", "2006-06-30": "1.32090", "2006-03-31": "1.33590", "2005-12-31": "1.31770", "2005-09-30": "1.33420", "2005-06-30": "1.36210", "2005-03-31": "1.33050"}, "Days Sales In Receivables": {"2020-09-30": "68.74790", "2020-06-30": "73.84260", "2020-03-31": "70.02290", "2019-12-31": "70.91870", "2019-09-30": "69.64010", "2019-06-30": "71.89920", "2019-03-31": "71.52440", "2018-12-31": "71.80480", "2018-09-30": "71.88630", "2018-06-30": "73.55960", "2018-03-31": "74.17040", "2017-12-31": "75.88190", "2017-09-30": "73.15150", "2017-06-30": "69.20670", "2017-03-31": "69.11740", "2016-12-31": "66.59480", "2016-09-30": "66.84340", "2016-06-30": "72.35930", "2016-03-31": "68.90270", "2015-12-31": "67.50970", "2015-09-30": "69.18690", "2015-06-30": "70.63350", "2015-03-31": "70.87060", "2014-12-31": "69.90410", "2014-09-30": "71.17650", "2014-06-30": "72.85370", "2014-03-31": "73.17040", "2013-12-31": "72.29200", "2013-09-30": "73.23900", "2013-06-30": "69.37110", "2013-03-31": "68.84080", "2012-12-31": "68.01410", "2012-09-30": "69.35340", "2012-06-30": "68.48760", "2012-03-31": "67.31720", "2011-12-31": "65.93370", "2011-09-30": "64.24260", "2011-06-30": "68.53260", "2011-03-31": "73.60960", "2010-12-31": "71.50680", "2010-09-30": "72.65540", "2010-06-30": "72.16760", "2010-03-31": "67.52540", "2009-12-31": "97.54010", "2009-09-30": "70.17840", "2009-06-30": "71.07510", "2009-03-31": "70.00670", "2008-12-31": "66.11440", "2008-09-30": "70.04950", "2008-06-30": "70.63440", "2008-03-31": "70.43280", "2007-12-31": "69.82720", "2007-09-30": "71.82290", "2007-06-30": "70.31720", "2007-03-31": "69.10830", "2006-12-31": "69.89740", "2006-09-30": "69.20580", "2006-06-30": "68.13590", "2006-03-31": "67.37120", "2005-12-31": "68.30210", "2005-09-30": "67.45640", "2005-06-30": "66.07550", "2005-03-31": "67.64570"}, "ROE - Return On Equity": {"2020-09-30": "4.11440", "2020-06-30": "-0.69440", "2020-03-31": "5.77410", "2019-12-31": "2.53400", "2019-09-30": "7.16240", "2019-06-30": "5.56650", "2019-03-31": "1.73090", "2018-12-31": "8.17910", "2018-09-30": "3.98940", "2018-06-30": "4.48430", "2018-03-31": "2.01720", "2017-12-31": "0.46290", "2017-09-30": "1.35830", "2017-06-30": "4.47680", "2017-03-31": "3.09090", "2016-12-31": "2.57140", "2016-09-30": "0.26780", "2016-06-30": "-0.65540", "2016-03-31": "12.09670", "2015-12-31": "1.12370", "2015-09-30": "3.79440", "2015-06-30": "7.47790", "2015-03-31": "5.51740", "2014-12-31": "1.45690", "2014-09-30": "0.18350", "2014-06-30": "21.02320", "2014-03-31": "4.06410", "2013-12-31": "4.57730", "2013-09-30": "0.49710", "2013-06-30": "2.50010", "2013-03-31": "1.62670", "2012-12-31": "2.27740", "2012-09-30": "4.13500", "2012-06-30": "3.31440", "2012-03-31": "4.81340", "2011-12-31": "3.77770", "2011-09-30": "2.94070", "2011-06-30": "3.27140", "2011-03-31": "4.00280", "2010-12-31": "3.30190", "2010-09-30": "1.39740", "2010-06-30": "2.31220", "2010-03-31": "1.20070", "2009-12-31": "3.42460", "2009-09-30": "2.10610", "2009-06-30": "4.48420", "2009-03-31": "1.48200", "2008-12-31": "0.06980", "2008-09-30": "0.59630", "2008-06-30": "1.88840", "2008-03-31": "1.82510", "2007-12-31": "1.55960", "2007-09-30": "2.98660", "2007-06-30": "2.36330", "2007-03-31": "2.18630", "2006-12-31": "2.39080", "2006-09-30": "1.77000", "2006-06-30": "2.58550", "2006-03-31": "1.94520", "2005-12-31": "2.12490", "2005-09-30": "2.74040", "2005-06-30": "1.96840", "2005-03-31": "1.82790"}, "Return On Tangible Equity": {"2020-09-30": "-0.79650", "2020-06-30": "0.15000", "2020-03-31": "-1.40680", "2019-12-31": "-0.84060", "2019-09-30": "-2.50340", "2019-06-30": "-2.15690", "2019-03-31": "-0.72560", "2018-12-31": "-3.72900", "2018-09-30": "-1.90670", "2018-06-30": "-2.34190", "2018-03-31": "-1.24740", "2017-12-31": "-0.33550", "2017-09-30": "-0.70760", "2017-06-30": "-2.42520", "2017-03-31": "-1.76700", "2016-12-31": "-1.54620", "2016-09-30": "-0.19080", "2016-06-30": "0.50670", "2016-03-31": "-2.52370", "2015-12-31": "-0.24390", "2015-09-30": "-1.02130", "2015-06-30": "-2.38760", "2015-03-31": "-1.91240", "2014-12-31": "-0.58630", "2014-09-30": "-0.03360", "2014-06-30": "-15.15150", "2014-03-31": "-2.09990", "2013-12-31": "-2.38660", "2013-09-30": "-0.29740", "2013-06-30": "-1.62610", "2013-03-31": "-1.12790", "2012-12-31": "-1.62570", "2012-09-30": "-3.62870", "2012-06-30": "-2.72870", "2012-03-31": "-4.27040", "2011-12-31": "-3.36000", "2011-09-30": "-5.23190", "2011-06-30": "-9.04140", "2011-03-31": "-9.80350", "2010-12-31": "-9.12690", "2010-09-30": "-3.48120", "2010-06-30": "-5.79640", "2010-03-31": "-2.96900", "2009-12-31": "-9.05380", "2009-09-30": "-4.81730", "2009-06-30": "-9.40650", "2009-03-31": "-2.63550", "2008-12-31": "-0.11570", "2008-09-30": "-0.97250", "2008-06-30": "-3.03520", "2008-03-31": "-2.78300", "2007-12-31": "-2.22360", "2007-09-30": "-4.45680", "2007-06-30": "-3.41050", "2007-03-31": "-3.84840", "2006-12-31": "-4.15100", "2006-09-30": "-2.81240", "2006-06-30": "-3.91470", "2006-03-31": "-2.83690", "2005-12-31": "-2.91860", "2005-09-30": "-3.95460", "2005-06-30": "-2.61880", "2005-03-31": "-2.28510"}, "ROA - Return On Assets": {"2020-09-30": "0.28180", "2020-06-30": "-0.04950", "2020-03-31": "0.47830", "2019-12-31": "0.26850", "2019-09-30": "0.79750", "2019-06-30": "0.67300", "2019-03-31": "0.22260", "2018-12-31": "1.28470", "2018-09-30": "0.65520", "2018-06-30": "0.78110", "2018-03-31": "0.38020", "2017-12-31": "0.09700", "2017-09-30": "0.24740", "2017-06-30": "0.84720", "2017-03-31": "0.60840", "2016-12-31": "0.52490", "2016-09-30": "0.05810", "2016-06-30": "-0.15110", "2016-03-31": "0.98160", "2015-12-31": "0.09350", "2015-09-30": "0.35260", "2015-06-30": "0.84090", "2015-03-31": "0.65510", "2014-12-31": "0.19430", "2014-09-30": "0.01290", "2014-06-30": "4.04900", "2014-03-31": "0.63700", "2013-12-31": "0.72360", "2013-09-30": "0.08350", "2013-06-30": "0.43160", "2013-03-31": "0.29140", "2012-12-31": "0.41640", "2012-09-30": "0.84900", "2012-06-30": "0.68080", "2012-03-31": "1.00340", "2011-12-31": "0.78430", "2011-09-30": "0.78850", "2011-06-30": "1.05230", "2011-03-31": "1.25460", "2010-12-31": "1.00500", "2010-09-30": "0.43290", "2010-06-30": "0.73610", "2010-03-31": "0.38340", "2009-12-31": "1.07910", "2009-09-30": "0.64380", "2009-06-30": "1.35210", "2009-03-31": "0.43150", "2008-12-31": "0.01980", "2008-09-30": "0.17050", "2008-06-30": "0.55140", "2008-03-31": "0.52920", "2007-12-31": "0.44390", "2007-09-30": "0.86960", "2007-06-30": "0.68350", "2007-03-31": "0.65860", "2006-12-31": "0.71280", "2006-09-30": "0.52610", "2006-06-30": "0.76340", "2006-03-31": "0.56850", "2005-12-31": "0.61090", "2005-09-30": "0.79910", "2005-06-30": "0.55960", "2005-03-31": "0.50910"}, "ROI - Return On Investment": {"2020-09-30": "0.40350", "2020-06-30": "-0.07280", "2020-03-31": "0.66000", "2019-12-31": "0.38100", "2019-09-30": "1.11260", "2019-06-30": "0.91900", "2019-03-31": "0.30100", "2018-12-31": "1.54200", "2018-09-30": "0.76980", "2018-06-30": "0.92090", "2018-03-31": "0.44360", "2017-12-31": "0.11570", "2017-09-30": "0.29620", "2017-06-30": "1.05430", "2017-03-31": "0.75190", "2016-12-31": "0.62130", "2016-09-30": "0.06780", "2016-06-30": "-0.17630", "2016-03-31": "1.15620", "2015-12-31": "0.11240", "2015-09-30": "0.42450", "2015-06-30": "0.99260", "2015-03-31": "0.76950", "2014-12-31": "0.23320", "2014-09-30": "0.01790", "2014-06-30": "4.87400", "2014-03-31": "0.80010", "2013-12-31": "0.93100", "2013-09-30": "0.10560", "2013-06-30": "0.58080", "2013-03-31": "0.37560", "2012-12-31": "0.54090", "2012-09-30": "1.08150", "2012-06-30": "0.88540", "2012-03-31": "1.31080", "2011-12-31": "1.04490", "2011-09-30": "1.01380", "2011-06-30": "1.36860", "2011-03-31": "1.62710", "2010-12-31": "1.32540", "2010-09-30": "0.55650", "2010-06-30": "0.93280", "2010-03-31": "0.48430", "2009-12-31": "1.37620", "2009-09-30": "0.81070", "2009-06-30": "1.69600", "2009-03-31": "0.54450", "2008-12-31": "0.02520", "2008-09-30": "0.21380", "2008-06-30": "0.68760", "2008-03-31": "0.65470", "2007-12-31": "0.55690", "2007-09-30": "1.07100", "2007-06-30": "0.84450", "2007-03-31": "0.83030", "2006-12-31": "0.89290", "2006-09-30": "0.65250", "2006-06-30": "0.94470", "2006-03-31": "0.69340", "2005-12-31": "0.75160", "2005-09-30": "0.98060", "2005-06-30": "0.68730", "2005-03-31": "0.61960"}, "Book Value Per Share": {"2020-09-30": "3.25250", "2020-06-30": "3.55490", "2020-03-31": "3.90390", "2019-12-31": "5.09650", "2019-09-30": "5.26530", "2019-06-30": "5.77920", "2019-03-31": "6.13860", "2018-12-31": "6.50480", "2018-09-30": "6.77410", "2018-06-30": "7.19140", "2018-03-31": "7.90870", "2017-12-31": "8.12000", "2017-09-30": "7.00180", "2017-06-30": "7.02510", "2017-03-31": "7.20830", "2016-12-31": "7.34470", "2016-09-30": "8.16270", "2016-06-30": "8.53930", "2016-03-31": "2.45950", "2015-12-31": "2.50120", "2015-09-30": "2.93620", "2015-06-30": "3.42610", "2015-03-31": "3.59340", "2014-12-31": "4.14620", "2014-09-30": "2.41460", "2014-06-30": "6.72120", "2014-03-31": "5.47710", "2013-12-31": "5.49420", "2013-09-30": "5.60720", "2013-06-30": "5.72200", "2013-03-31": "5.91820", "2012-12-31": "6.11800", "2012-09-30": "7.54720", "2012-06-30": "7.28480", "2012-03-31": "7.41200", "2011-12-31": "7.28620", "2011-09-30": "9.18300", "2011-06-30": "10.16460", "2011-03-31": "10.12690", "2010-12-31": "9.76120", "2010-09-30": "9.81480", "2010-06-30": "10.47680", "2010-03-31": "10.57820", "2009-12-31": "10.59940", "2009-09-30": "10.08240", "2009-06-30": "9.62700", "2009-03-31": "8.99200", "2008-12-31": "8.94530", "2008-09-30": "9.41140", "2008-06-30": "9.43310", "2008-03-31": "9.12860", "2007-12-31": "8.94630", "2007-09-30": "8.58120", "2007-06-30": "8.26030", "2007-03-31": "7.95680", "2006-12-31": "7.80110", "2006-09-30": "7.57200", "2006-06-30": "7.38270", "2006-03-31": "7.08930", "2005-12-31": "6.93760", "2005-09-30": "6.74860", "2005-06-30": "6.58520", "2005-03-31": "6.42210"}, "Operating Cash Flow Per Share": {"2020-09-30": 0.6475, "2020-06-30": 1.0893, "2020-03-31": "0.43490", "2019-12-31": 1.1072, "2019-09-30": 0.7581, "2019-06-30": 1.0876, "2019-03-31": "0.40720", "2018-12-31": 1.0875, "2018-09-30": 0.8037, "2018-06-30": 1.0523, "2018-03-31": "0.32020", "2017-12-31": 0.7522, "2017-09-30": 0.743, "2017-06-30": 0.7465, "2017-03-31": "0.46010", "2016-12-31": 0.6019, "2016-09-30": 0.7586, "2016-06-30": 0.4573, "2016-03-31": "0.38180", "2015-12-31": 1.0436, "2015-09-30": 0.663, "2015-06-30": 0.8215, "2015-03-31": "0.02600", "2014-12-31": 0.8551, "2014-09-30": 0.538, "2014-06-30": 0.7225, "2014-03-31": "0.28820", "2013-12-31": 0.8976, "2013-09-30": 0.6294, "2013-06-30": 0.5559, "2013-03-31": "0.55490", "2012-12-31": 0.7368, "2012-09-30": 0.5059, "2012-06-30": 0.7972, "2012-03-31": "0.43480", "2011-12-31": 1.0519, "2011-09-30": 0.8936, "2011-06-30": 0.6025, "2011-03-31": "0.59300", "2010-12-31": 0.8835, "2010-09-30": 0.8985, "2010-06-30": 0.6721, "2010-03-31": "0.64080", "2009-12-31": 0.9025, "2009-09-30": 0.9017, "2009-06-30": 0.5888, "2009-03-31": "0.62710", "2008-12-31": 0.9199, "2008-09-30": 0.7878, "2008-06-30": 0.5775, "2008-03-31": "0.35650", "2007-12-31": 0.7762, "2007-09-30": 0.5974, "2007-06-30": 0.5187, "2007-03-31": "0.50620", "2006-12-31": 0.4751, "2006-09-30": 0.524, "2006-06-30": 0.558, "2006-03-31": "0.31000", "2005-12-31": 0.4985, "2005-09-30": 0.4351, "2005-06-30": 0.6489, "2005-03-31": "0.32140"}, "Free Cash Flow Per Share": {"2020-09-30": 0.6425, "2020-06-30": 0.7613, "2020-03-31": "0.10240", "2019-12-31": 0.8452, "2019-09-30": 0.3029, "2019-06-30": 0.6158, "2019-03-31": "-0.23510", "2018-12-31": 0.9303, "2018-09-30": 0.4151, "2018-06-30": 0.6958, "2018-03-31": "-0.08190", "2017-12-31": 0.3836, "2017-09-30": 0.452, "2017-06-30": 0.4314, "2017-03-31": "0.18390", "2016-12-31": 0.2271, "2016-09-30": 0.4994, "2016-06-30": 0.1744, "2016-03-31": "0.00200", "2015-12-31": 0.6323, "2015-09-30": 0.3699, "2015-06-30": 0.5186, "2015-03-31": "-0.32440", "2014-12-31": 0.5709, "2014-09-30": 0.0931, "2014-06-30": 0.3042, "2014-03-31": "-0.17780", "2013-12-31": 0.4684, "2013-09-30": 0.383, "2013-06-30": 0.2486, "2013-03-31": "0.05550", "2012-12-31": 0.3149, "2012-09-30": 0.1722, "2012-06-30": 0.4986, "2012-03-31": "0.12090", "2011-12-31": 0.7378, "2011-09-30": 0.6495, "2011-06-30": 0.3734, "2011-03-31": "0.33440", "2010-12-31": 0.5681, "2010-09-30": 0.6322, "2010-06-30": 0.4634, "2010-03-31": "0.26130", "2009-12-31": 0.5625, "2009-09-30": 0.5013, "2009-06-30": 0.2884, "2009-03-31": "0.28090", "2008-12-31": 0.3629, "2008-09-30": 0.2983, "2008-06-30": 0.1809, "2008-03-31": "-0.10440", "2007-12-31": 0.1935, "2007-09-30": 0.142, "2007-06-30": 0.0944, "2007-03-31": "0.14390", "2006-12-31": -0.0532, "2006-09-30": 0.0078, "2006-06-30": 0.1522, "2006-03-31": "-0.06210", "2005-12-31": 0.2204, "2005-09-30": 0.1476, "2005-06-30": 0.2775, "2005-03-31": "0.02420"}}, "revenue": {"Iron Mountain Annual Revenue (Millions of US $)": {"2019": "$4,263", "2018": "$4,226", "2017": "$3,846", "2016": "$3,511", "2015": "$3,008", "2014": "$3,118", "2013": "$3,025", "2012": "$3,004", "2011": "$3,015", "2010": "$2,892", "2009": "$2,774", "2008": "$3,055", "2007": "$2,730", "2006": "$2,350", "2005": "$2,078"}, "Iron Mountain Quarterly Revenue (Millions of US $)": {"2020-09-30": "$1,037", "2020-06-30": "$982", "2020-03-31": "$1,069", "2019-12-31": "$1,080", "2019-09-30": "$1,062", "2019-06-30": "$1,067", "2019-03-31": "$1,054", "2018-12-31": "$1,061", "2018-09-30": "$1,061", "2018-06-30": "$1,061", "2018-03-31": "$1,042", "2017-12-31": "$991", "2017-09-30": "$966", "2017-06-30": "$950", "2017-03-31": "$939", "2016-12-31": "$934", "2016-09-30": "$943", "2016-06-30": "$884", "2016-03-31": "$751", "2015-12-31": "$752", "2015-09-30": "$747", "2015-06-30": "$760", "2015-03-31": "$749", "2014-12-31": "$778", "2014-09-30": "$783", "2014-06-30": "$787", "2014-03-31": "$770", "2013-12-31": "$768", "2013-09-30": "$755", "2013-06-30": "$754", "2013-03-31": "$747", "2012-12-31": "$757", "2012-09-30": "$748", "2012-06-30": "$752", "2012-03-31": "$746", "2011-12-31": "$742", "2011-09-30": "$768", "2011-06-30": "$759", "2011-03-31": "$746", "2010-12-31": "$660", "2010-09-30": "$731", "2010-06-30": "$725", "2010-03-31": "$777", "2009-12-31": "$540", "2009-09-30": "$765", "2009-06-30": "$746", "2009-03-31": "$723", "2008-12-31": "$753", "2008-09-30": "$784", "2008-06-30": "$769", "2008-03-31": "$749", "2007-12-31": "$727", "2007-09-30": "$702", "2007-06-30": "$669", "2007-03-31": "$633", "2006-12-31": "$610", "2006-09-30": "$596", "2006-06-30": "$582", "2006-03-31": "$564", "2005-12-31": "$538", "2005-09-30": "$526", "2005-06-30": "$512", "2005-03-31": "$501"}}, "gross-profit": {"Iron Mountain Annual Gross Profit (Millions of US $)": {"2019": "$2,429", "2018": "$2,432", "2017": "$2,181", "2016": "$1,944", "2015": "$1,718", "2014": "$1,773", "2013": "$1,736", "2012": "$1,727", "2011": "$1,770", "2010": "$1,699", "2009": "$1,573", "2008": "$1,673", "2007": "$1,470", "2006": "$1,276", "2005": "$1,140"}, "Iron Mountain Quarterly Gross Profit (Millions of US $)": {"2020-09-30": "$602", "2020-06-30": "$576", "2020-03-31": "$602", "2019-12-31": "$620", "2019-09-30": "$613", "2019-06-30": "$603", "2019-03-31": "$593", "2018-12-31": "$616", "2018-09-30": "$613", "2018-06-30": "$609", "2018-03-31": "$594", "2017-12-31": "$586", "2017-09-30": "$547", "2017-06-30": "$536", "2017-03-31": "$512", "2016-12-31": "$518", "2016-09-30": "$513", "2016-06-30": "$488", "2016-03-31": "$425", "2015-12-31": "$428", "2015-09-30": "$429", "2015-06-30": "$433", "2015-03-31": "$428", "2014-12-31": "$441", "2014-09-30": "$447", "2014-06-30": "$450", "2014-03-31": "$435", "2013-12-31": "$432", "2013-09-30": "$445", "2013-06-30": "$433", "2013-03-31": "$426", "2012-12-31": "$419", "2012-09-30": "$438", "2012-06-30": "$439", "2012-03-31": "$431", "2011-12-31": "$427", "2011-09-30": "$462", "2011-06-30": "$451", "2011-03-31": "$430", "2010-12-31": "$387", "2010-09-30": "$432", "2010-06-30": "$430", "2010-03-31": "$451", "2009-12-31": "$289", "2009-09-30": "$443", "2009-06-30": "$433", "2009-03-31": "$406", "2008-12-31": "$418", "2008-09-30": "$432", "2008-06-30": "$422", "2008-03-31": "$402", "2007-12-31": "$392", "2007-09-30": "$379", "2007-06-30": "$361", "2007-03-31": "$338", "2006-12-31": "$334", "2006-09-30": "$318", "2006-06-30": "$322", "2006-03-31": "$301", "2005-12-31": "$296", "2005-09-30": "$289", "2005-06-30": "$284", "2005-03-31": "$271"}}, "operating-income": {"Iron Mountain Annual Operating Income (Millions of US $)": {"2019": "$781", "2018": "$808", "2017": "$634", "2016": "$502", "2015": "$525", "2014": "$549", "2013": "$489", "2012": "$555", "2011": "$571", "2010": "$548", "2009": "$545", "2008": "$493", "2007": "$455", "2006": "$407", "2005": "$387"}, "Iron Mountain Quarterly Operating Income (Millions of US $)": {"2020-09-30": "$240", "2020-06-30": "$132", "2020-03-31": "$138", "2019-12-31": "$206", "2019-09-30": "$223", "2019-06-30": "$193", "2019-03-31": "$159", "2018-12-31": "$247", "2018-09-30": "$196", "2018-06-30": "$201", "2018-03-31": "$165", "2017-12-31": "$139", "2017-09-30": "$177", "2017-06-30": "$170", "2017-03-31": "$148", "2016-12-31": "$139", "2016-09-30": "$135", "2016-06-30": "$97", "2016-03-31": "$130", "2015-12-31": "$123", "2015-09-30": "$127", "2015-06-30": "$130", "2015-03-31": "$145", "2014-12-31": "$128", "2014-09-30": "$141", "2014-06-30": "$147", "2014-03-31": "$133", "2013-12-31": "$95", "2013-09-30": "$140", "2013-06-30": "$132", "2013-03-31": "$123", "2012-12-31": "$101", "2012-09-30": "$154", "2012-06-30": "$159", "2012-03-31": "$142", "2011-12-31": "$149", "2011-09-30": "$135", "2011-06-30": "$149", "2011-03-31": "$138", "2010-12-31": "$150", "2010-09-30": "$107", "2010-06-30": "$158", "2010-03-31": "$133", "2009-12-31": "$143", "2009-09-30": "$143", "2009-06-30": "$138", "2009-03-31": "$121", "2008-12-31": "$126", "2008-09-30": "$136", "2008-06-30": "$124", "2008-03-31": "$106", "2007-12-31": "$115", "2007-09-30": "$129", "2007-06-30": "$111", "2007-03-31": "$100", "2006-12-31": "$115", "2006-09-30": "$97", "2006-06-30": "$103", "2006-03-31": "$92", "2005-12-31": "$97", "2005-09-30": "$102", "2005-06-30": "$97", "2005-03-31": "$91"}}, "ebitda": {"Iron Mountain Annual EBITDA (Millions of US $)": {"2019": "$1,456", "2018": "$1,463", "2017": "$1,174", "2016": "$967", "2015": "$879", "2014": "$910", "2013": "$819", "2012": "$879", "2011": "$944", "2010": "$943", "2009": "$828", "2008": "$788", "2007": "$709", "2006": "$621", "2005": "$579"}, "Iron Mountain Quarterly EBITDA (Millions of US $)": {"2020-09-30": "$402", "2020-06-30": "$300", "2020-03-31": "$328", "2019-12-31": "$384", "2019-09-30": "$385", "2019-06-30": "$362", "2019-03-31": "$325", "2018-12-31": "$416", "2018-09-30": "$357", "2018-06-30": "$362", "2018-03-31": "$329", "2017-12-31": "$286", "2017-09-30": "$309", "2017-06-30": "$302", "2017-03-31": "$276", "2016-12-31": "$269", "2016-09-30": "$264", "2016-06-30": "$215", "2016-03-31": "$220", "2015-12-31": "$212", "2015-09-30": "$215", "2015-06-30": "$219", "2015-03-31": "$233", "2014-12-31": "$219", "2014-09-30": "$233", "2014-06-30": "$238", "2014-03-31": "$221", "2013-12-31": "$180", "2013-09-30": "$221", "2013-06-30": "$212", "2013-03-31": "$205", "2012-12-31": "$183", "2012-09-30": "$237", "2012-06-30": "$238", "2012-03-31": "$222", "2011-12-31": "$239", "2011-09-30": "$256", "2011-06-30": "$229", "2011-03-31": "$219", "2010-12-31": "$237", "2010-09-30": "$262", "2010-06-30": "$225", "2010-03-31": "$220", "2009-12-31": "$185", "2009-09-30": "$225", "2009-06-30": "$218", "2009-03-31": "$199", "2008-12-31": "$201", "2008-09-30": "$213", "2008-06-30": "$198", "2008-03-31": "$177", "2007-12-31": "$185", "2007-09-30": "$193", "2007-06-30": "$173", "2007-03-31": "$158", "2006-12-31": "$170", "2006-09-30": "$152", "2006-06-30": "$155", "2006-03-31": "$144", "2005-12-31": "$150", "2005-09-30": "$149", "2005-06-30": "$143", "2005-03-31": "$137"}}, "net-income": {"Iron Mountain Annual Net Income (Millions of US $)": {"2019": "$267", "2018": "$354", "2017": "$170", "2016": "$105", "2015": "$123", "2014": "$326", "2013": "$96", "2012": "$171", "2011": "$396", "2010": "$-58", "2009": "$218", "2008": "$82", "2007": "$153", "2006": "$129", "2005": "$111"}, "Iron Mountain Quarterly Net Income (Millions of US $)": {"2020-09-30": "$38", "2020-06-30": "$-7", "2020-03-31": "$64", "2019-12-31": "$38", "2019-09-30": "$108", "2019-06-30": "$92", "2019-03-31": "$30", "2018-12-31": "$152", "2018-09-30": "$66", "2018-06-30": "$92", "2018-03-31": "$45", "2017-12-31": "$9", "2017-09-30": "$24", "2017-06-30": "$79", "2017-03-31": "$58", "2016-12-31": "$49", "2016-09-30": "$7", "2016-06-30": "$-14", "2016-03-31": "$63", "2015-12-31": "$6", "2015-09-30": "$23", "2015-06-30": "$53", "2015-03-31": "$41", "2014-12-31": "$13", "2014-09-30": "$0", "2014-06-30": "$272", "2014-03-31": "$42", "2013-12-31": "$47", "2013-09-30": "$4", "2013-06-30": "$26", "2013-03-31": "$19", "2012-12-31": "$25", "2012-09-30": "$53", "2012-06-30": "$38", "2012-03-31": "$55", "2011-12-31": "$32", "2011-09-30": "$37", "2011-06-30": "$253", "2011-03-31": "$73", "2010-12-31": "$29", "2010-09-30": "$-154", "2010-06-30": "$41", "2010-03-31": "$26", "2009-12-31": "$58", "2009-09-30": "$43", "2009-06-30": "$88", "2009-03-31": "$29", "2008-12-31": "$1", "2008-09-30": "$11", "2008-06-30": "$36", "2008-03-31": "$33", "2007-12-31": "$28", "2007-09-30": "$51", "2007-06-30": "$39", "2007-03-31": "$35", "2006-12-31": "$37", "2006-09-30": "$27", "2006-06-30": "$38", "2006-03-31": "$27", "2005-12-31": "$26", "2005-09-30": "$36", "2005-06-30": "$25", "2005-03-31": "$23"}}, "eps-earnings-per-share-diluted": {"Iron Mountain Annual EPS": {"2019": "$0.93", "2018": "$1.23", "2017": "$0.64", "2016": "$0.42", "2015": "$0.58", "2014": "$1.66", "2013": "$0.50", "2012": "$0.98", "2011": "$2.02", "2010": "$-0.29", "2009": "$1.07", "2008": "$0.40", "2007": "$0.76", "2006": "$0.64", "2005": "$0.56"}, "Iron Mountain Quarterly EPS": {"2020-09-30": "$0.13", "2020-06-30": "$-0.02", "2020-03-31": "$0.22", "2019-12-31": "$0.14", "2019-09-30": "$0.37", "2019-06-30": "$0.32", "2019-03-31": "$0.10", "2018-12-31": "$0.52", "2018-09-30": "$0.23", "2018-06-30": "$0.32", "2018-03-31": "$0.16", "2017-12-31": "$0.03", "2017-09-30": "$0.09", "2017-06-30": "$0.30", "2017-03-31": "$0.22", "2016-12-31": "$0.15", "2016-09-30": "$0.03", "2016-06-30": "$-0.06", "2016-03-31": "$0.30", "2015-12-31": "$0.02", "2015-09-30": "$0.11", "2015-06-30": "$0.25", "2015-03-31": "$0.20", "2014-12-31": "$0.04", "2014-09-30": "$0.00", "2014-06-30": "$1.40", "2014-03-31": "$0.22", "2013-12-31": "$0.24", "2013-09-30": "$0.02", "2013-06-30": "$0.14", "2013-03-31": "$0.10", "2012-12-31": "$0.13", "2012-09-30": "$0.31", "2012-06-30": "$0.22", "2012-03-31": "$0.32", "2011-12-31": "$0.22", "2011-09-30": "$0.19", "2011-06-30": "$1.24", "2011-03-31": "$0.37", "2010-12-31": "$0.15", "2010-09-30": "$-0.76", "2010-06-30": "$0.20", "2010-03-31": "$0.12", "2009-12-31": "$0.29", "2009-09-30": "$0.21", "2009-06-30": "$0.43", "2009-03-31": "$0.14", "2008-12-31": "$0.00", "2008-09-30": "$0.06", "2008-06-30": "$0.18", "2008-03-31": "$0.16", "2007-12-31": "$0.15", "2007-09-30": "$0.25", "2007-06-30": "$0.19", "2007-03-31": "$0.17", "2006-12-31": "$0.18", "2006-09-30": "$0.13", "2006-06-30": "$0.19", "2006-03-31": "$0.14", "2005-12-31": "$0.14", "2005-09-30": "$0.18", "2005-06-30": "$0.13", "2005-03-31": "$0.11"}}, "shares-outstanding": {"Iron Mountain Annual Shares Outstanding (Millions of Shares)": {"2019": "288", "2018": "287", "2017": "267", "2016": "247", "2015": "212", "2014": "197", "2013": "192", "2012": "175", "2011": "196", "2010": "202", "2009": "204", "2008": "203", "2007": "202", "2006": "200", "2005": "198"}, "Iron Mountain Quarterly Shares Outstanding (Millions of Shares)": {"2020-09-30": "289", "2020-06-30": "288", "2020-03-31": "288", "2019-12-31": "288", "2019-09-30": "288", "2019-06-30": "287", "2019-03-31": "287", "2018-12-31": "287", "2018-09-30": "287", "2018-06-30": "287", "2018-03-31": "286", "2017-12-31": "267", "2017-09-30": "266", "2017-06-30": "265", "2017-03-31": "265", "2016-12-31": "247", "2016-09-30": "265", "2016-06-30": "246", "2016-03-31": "212", "2015-12-31": "212", "2015-09-30": "212", "2015-06-30": "212", "2015-03-31": "212", "2014-12-31": "197", "2014-09-30": "195", "2014-06-30": "194", "2014-03-31": "193", "2013-12-31": "192", "2013-09-30": "192", "2013-06-30": "193", "2013-03-31": "192", "2012-12-31": "175", "2012-09-30": "173", "2012-06-30": "172", "2012-03-31": "172", "2011-12-31": "196", "2011-09-30": "197", "2011-06-30": "203", "2011-03-31": "201", "2010-12-31": "202", "2010-09-30": "201", "2010-06-30": "204", "2010-03-31": "205", "2009-12-31": "204", "2009-09-30": "205", "2009-06-30": "204", "2009-03-31": "203", "2008-12-31": "203", "2008-09-30": "204", "2008-06-30": "203", "2008-03-31": "203", "2007-12-31": "202", "2007-09-30": "202", "2007-06-30": "202", "2007-03-31": "201", "2006-12-31": "200", "2006-09-30": "201", "2006-06-30": "200", "2006-03-31": "200", "2005-12-31": "198", "2005-09-30": "198", "2005-06-30": "197", "2005-03-31": "197"}}, "total-assets": {"Iron Mountain Annual Total Assets (Millions of US $)": {"2019": "$13,817", "2018": "$11,857", "2017": "$10,972", "2016": "$9,487", "2015": "$6,351", "2014": "$6,523", "2013": "$6,653", "2012": "$6,358", "2011": "$6,041", "2010": "$6,416", "2009": "$6,847", "2008": "$6,357", "2007": "$6,308", "2006": "$5,210", "2005": "$4,766"}, "Iron Mountain Quarterly Total Assets (Millions of US $)": {"2020-09-30": "$13,683", "2020-06-30": "$14,368", "2020-03-31": "$13,566", "2019-12-31": "$13,817", "2019-09-30": "$13,577", "2019-06-30": "$13,721", "2019-03-31": "$13,689", "2018-12-31": "$11,857", "2018-09-30": "$11,806", "2018-06-30": "$11,813", "2018-03-31": "$11,998", "2017-12-31": "$10,972", "2017-09-30": "$10,260", "2017-06-30": "$9,815", "2017-03-31": "$9,672", "2016-12-31": "$9,487", "2016-09-30": "$9,905", "2016-06-30": "$9,741", "2016-03-31": "$6,422", "2015-12-31": "$6,351", "2015-09-30": "$6,670", "2015-06-30": "$6,423", "2015-03-31": "$6,371", "2014-12-31": "$6,523", "2014-09-30": "$6,636", "2014-06-30": "$6,735", "2014-03-31": "$6,707", "2013-12-31": "$6,653", "2013-09-30": "$6,381", "2013-06-30": "$6,335", "2013-03-31": "$6,298", "2012-12-31": "$6,358", "2012-09-30": "$6,328", "2012-06-30": "$6,087", "2012-03-31": "$6,087", "2011-12-31": "$6,041", "2011-09-30": "$6,391", "2011-06-30": "$6,411", "2011-03-31": "$6,470", "2010-12-31": "$6,416", "2010-09-30": "$6,351", "2010-06-30": "$6,647", "2010-03-31": "$6,739", "2009-12-31": "$6,847", "2009-09-30": "$6,706", "2009-06-30": "$6,472", "2009-03-31": "$6,245", "2008-12-31": "$6,357", "2008-09-30": "$6,638", "2008-06-30": "$6,509", "2008-03-31": "$6,327", "2007-12-31": "$6,308", "2007-09-30": "$5,903", "2007-06-30": "$5,714", "2007-03-31": "$5,270", "2006-12-31": "$5,210", "2006-09-30": "$5,059", "2006-06-30": "$4,957", "2006-03-31": "$4,797", "2005-12-31": "$4,766", "2005-09-30": "$4,552", "2005-06-30": "$4,540", "2005-03-31": "$4,508"}}, "cash-on-hand": {"Iron Mountain Annual Cash on Hand (Millions of US $)": {"2019": "$194", "2018": "$165", "2017": "$926", "2016": "$236", "2015": "$128", "2014": "$160", "2013": "$154", "2012": "$277", "2011": "$215", "2010": "$294", "2009": "$447", "2008": "$278", "2007": "$126", "2006": "$45", "2005": "$53"}, "Iron Mountain Quarterly Cash on Hand (Millions of US $)": {"2020-09-30": "$152", "2020-06-30": "$907", "2020-03-31": "$153", "2019-12-31": "$194", "2019-09-30": "$187", "2019-06-30": "$162", "2019-03-31": "$161", "2018-12-31": "$165", "2018-09-30": "$198", "2018-06-30": "$188", "2018-03-31": "$442", "2017-12-31": "$926", "2017-09-30": "$338", "2017-06-30": "$291", "2017-03-31": "$296", "2016-12-31": "$236", "2016-09-30": "$458", "2016-06-30": "$237", "2016-03-31": "$118", "2015-12-31": "$128", "2015-09-30": "$493", "2015-06-30": "$117", "2015-03-31": "$140", "2014-12-31": "$160", "2014-09-30": "$218", "2014-06-30": "$179", "2014-03-31": "$204", "2013-12-31": "$154", "2013-09-30": "$206", "2013-06-30": "$292", "2013-03-31": "$264", "2012-12-31": "$277", "2012-09-30": "$371", "2012-06-30": "$207", "2012-03-31": "$213", "2011-12-31": "$215", "2011-09-30": "$516", "2011-06-30": "$307", "2011-03-31": "$225", "2010-12-31": "$294", "2010-09-30": "$219", "2010-06-30": "$376", "2010-03-31": "$361", "2009-12-31": "$447", "2009-09-30": "$449", "2009-06-30": "$316", "2009-03-31": "$272", "2008-12-31": "$278", "2008-09-30": "$318", "2008-06-30": "$203", "2008-03-31": "$107", "2007-12-31": "$126", "2007-09-30": "$91", "2007-06-30": "$95", "2007-03-31": "$61", "2006-12-31": "$45", "2006-09-30": "$45", "2006-06-30": "$41", "2006-03-31": "$43", "2005-12-31": "$53", "2005-09-30": "$44", "2005-06-30": "$30", "2005-03-31": "$29"}}, "long-term-debt": {"Iron Mountain Annual Long Term Debt (Millions of US $)": {"2019": "$8,276", "2018": "$8,016", "2017": "$6,897", "2016": "$6,078", "2015": "$4,758", "2014": "$4,564", "2013": "$4,119", "2012": "$3,732", "2011": "$3,280", "2010": "$2,912", "2009": "$3,211", "2008": "$3,207", "2007": "$3,233", "2006": "$2,606", "2005": "$2,504"}, "Iron Mountain Quarterly Long Term Debt (Millions of US $)": {"2020-09-30": "$8,619", "2020-06-30": "$8,750", "2020-03-31": "$8,708", "2019-12-31": "$8,276", "2019-09-30": "$8,220", "2019-06-30": "$8,390", "2019-03-31": "$8,366", "2018-12-31": "$8,016", "2018-09-30": "$8,109", "2018-06-30": "$7,962", "2018-03-31": "$8,021", "2017-12-31": "$6,897", "2017-09-30": "$6,700", "2017-06-30": "$6,029", "2017-03-31": "$5,923", "2016-12-31": "$6,078", "2016-09-30": "$6,338", "2016-06-30": "$6,103", "2016-03-31": "$4,931", "2015-12-31": "$4,758", "2015-09-30": "$4,921", "2015-06-30": "$4,719", "2015-03-31": "$4,667", "2014-12-31": "$4,564", "2014-09-30": "$4,332", "2014-06-30": "$4,298", "2014-03-31": "$4,289", "2013-12-31": "$4,119", "2013-09-30": "$3,974", "2013-06-30": "$3,614", "2013-03-31": "$3,758", "2012-12-31": "$3,732", "2012-09-30": "$3,668", "2012-06-30": "$3,430", "2012-03-31": "$3,390", "2011-12-31": "$3,280", "2011-09-30": "$3,257", "2011-06-30": "$2,867", "2011-03-31": "$2,961", "2010-12-31": "$2,912", "2010-09-30": "$2,973", "2010-06-30": "$3,129", "2010-03-31": "$3,183", "2009-12-31": "$3,211", "2009-09-30": "$3,276", "2009-06-30": "$3,208", "2009-03-31": "$3,130", "2008-12-31": "$3,207", "2008-09-30": "$3,393", "2008-06-30": "$3,319", "2008-03-31": "$3,279", "2007-12-31": "$3,233", "2007-09-30": "$3,074", "2007-06-30": "$2,972", "2007-03-31": "$2,593", "2006-12-31": "$2,606", "2006-09-30": "$2,575", "2006-06-30": "$2,542", "2006-03-31": "$2,531", "2005-12-31": "$2,504", "2005-09-30": "$2,382", "2005-06-30": "$2,406", "2005-03-31": "$2,449"}}, "total-liabilities": {"Iron Mountain Annual Total Liabilities (Millions of US $)": {"2019": "$12,353", "2018": "$9,995", "2017": "$8,674", "2016": "$7,550", "2015": "$5,822", "2014": "$5,653", "2013": "$5,601", "2012": "$5,196", "2011": "$4,787", "2010": "$4,464", "2009": "$4,689", "2008": "$4,551", "2007": "$4,512", "2006": "$3,656", "2005": "$3,396"}, "Iron Mountain Quarterly Total Liabilities (Millions of US $)": {"2020-09-30": "$12,745", "2020-06-30": "$13,343", "2020-03-31": "$12,443", "2019-12-31": "$12,353", "2019-09-30": "$12,065", "2019-06-30": "$12,062", "2019-03-31": "$11,929", "2018-12-31": "$9,995", "2018-09-30": "$9,867", "2018-06-30": "$9,755", "2018-03-31": "$9,737", "2017-12-31": "$8,674", "2017-09-30": "$8,391", "2017-06-30": "$7,957", "2017-03-31": "$7,768", "2016-12-31": "$7,550", "2016-09-30": "$7,755", "2016-06-30": "$7,495", "2016-03-31": "$5,901", "2015-12-31": "$5,822", "2015-09-30": "$6,050", "2015-06-30": "$5,700", "2015-03-31": "$5,615", "2014-12-31": "$5,653", "2014-09-30": "$6,169", "2014-06-30": "$5,438", "2014-03-31": "$5,655", "2013-12-31": "$5,601", "2013-09-30": "$5,309", "2013-06-30": "$5,241", "2013-03-31": "$5,170", "2012-12-31": "$5,196", "2012-09-30": "$5,028", "2012-06-30": "$4,837", "2012-03-31": "$4,818", "2011-12-31": "$4,787", "2011-09-30": "$4,678", "2011-06-30": "$4,349", "2011-03-31": "$4,442", "2010-12-31": "$4,464", "2010-09-30": "$4,384", "2010-06-30": "$4,531", "2010-03-31": "$4,587", "2009-12-31": "$4,689", "2009-09-30": "$4,656", "2009-06-30": "$4,521", "2009-03-31": "$4,427", "2008-12-31": "$4,551", "2008-09-30": "$4,740", "2008-06-30": "$4,608", "2008-03-31": "$4,492", "2007-12-31": "$4,512", "2007-09-30": "$4,184", "2007-06-30": "$4,061", "2007-03-31": "$3,682", "2006-12-31": "$3,656", "2006-09-30": "$3,555", "2006-06-30": "$3,493", "2006-03-31": "$3,395", "2005-12-31": "$3,396", "2005-09-30": "$3,225", "2005-06-30": "$3,250", "2005-03-31": "$3,252"}}, "total-share-holder-equity": {"Iron Mountain Annual Share Holder Equity (Millions of US $)": {"2019": "$1,464", "2018": "$1,862", "2017": "$2,299", "2016": "$1,937", "2015": "$529", "2014": "$870", "2013": "$1,052", "2012": "$1,162", "2011": "$1,254", "2010": "$1,953", "2009": "$2,157", "2008": "$1,806", "2007": "$1,795", "2006": "$1,553", "2005": "$1,370"}, "Iron Mountain Quarterly Share Holder Equity (Millions of US $)": {"2020-09-30": "$937", "2020-06-30": "$1,024", "2020-03-31": "$1,124", "2019-12-31": "$1,464", "2019-09-30": "$1,512", "2019-06-30": "$1,659", "2019-03-31": "$1,761", "2018-12-31": "$1,862", "2018-09-30": "$1,939", "2018-06-30": "$2,057", "2018-03-31": "$2,261", "2017-12-31": "$2,299", "2017-09-30": "$1,869", "2017-06-30": "$1,857", "2017-03-31": "$1,904", "2016-12-31": "$1,937", "2016-09-30": "$2,150", "2016-06-30": "$2,246", "2016-03-31": "$521", "2015-12-31": "$529", "2015-09-30": "$620", "2015-06-30": "$722", "2015-03-31": "$757", "2014-12-31": "$870", "2014-09-30": "$468", "2014-06-30": "$1,297", "2014-03-31": "$1,051", "2013-12-31": "$1,052", "2013-09-30": "$1,072", "2013-06-30": "$1,094", "2013-03-31": "$1,128", "2012-12-31": "$1,162", "2012-09-30": "$1,299", "2012-06-30": "$1,250", "2012-03-31": "$1,269", "2011-12-31": "$1,254", "2011-09-30": "$1,714", "2011-06-30": "$2,062", "2011-03-31": "$2,028", "2010-12-31": "$1,953", "2010-09-30": "$1,967", "2010-06-30": "$2,116", "2010-03-31": "$2,152", "2009-12-31": "$2,157", "2009-09-30": "$2,050", "2009-06-30": "$1,952", "2009-03-31": "$1,818", "2008-12-31": "$1,806", "2008-09-30": "$1,897", "2008-06-30": "$1,900", "2008-03-31": "$1,835", "2007-12-31": "$1,795", "2007-09-30": "$1,719", "2007-06-30": "$1,652", "2007-03-31": "$1,588", "2006-12-31": "$1,553", "2006-09-30": "$1,504", "2006-06-30": "$1,464", "2006-03-31": "$1,402", "2005-12-31": "$1,370", "2005-09-30": "$1,327", "2005-06-30": "$1,291", "2005-03-31": "$1,255"}}, "profit-margins": {"current": "3.19%"}, "gross margin": {"2020-09-30": "57.58%", "2020-06-30": "57.50%", "2020-03-31": "56.99%", "2019-12-31": "56.98%", "2019-09-30": "57.14%", "2019-06-30": "57.15%", "2019-03-31": "57.38%", "2018-12-31": "57.56%", "2018-09-30": "57.81%", "2018-06-30": "57.54%", "2018-03-31": "57.31%", "2017-12-31": "56.71%", "2017-09-30": "55.77%", "2017-06-30": "55.20%", "2017-03-31": "54.89%", "2016-12-31": "55.35%", "2016-09-30": "55.68%", "2016-06-30": "56.48%", "2016-03-31": "56.98%", "2015-12-31": "57.11%", "2015-09-30": "57.05%", "2015-06-30": "56.97%", "2015-03-31": "57.02%", "2014-12-31": "56.86%", "2014-09-30": "56.76%", "2014-06-30": "57.21%", "2014-03-31": "57.27%", "2013-12-31": "57.41%", "2013-09-30": "57.19%", "2013-06-30": "57.09%", "2013-03-31": "57.32%", "2012-12-31": "57.51%", "2012-09-30": "58.07%", "2012-06-30": "58.48%", "2012-03-31": "58.74%", "2011-12-31": "58.71%", "2011-09-30": "58.98%", "2011-06-30": "58.70%", "2011-03-31": "58.67%", "2010-12-31": "58.76%", "2010-09-30": "57.77%", "2010-06-30": "57.46%", "2010-03-31": "57.14%", "2009-12-31": "56.63%", "2009-09-30": "56.91%", "2009-06-30": "56.19%", "2009-03-31": "55.40%", "2008-12-31": "54.80%", "2008-09-30": "54.41%", "2008-06-30": "54.12%", "2008-03-31": "53.88%", "2007-12-31": "53.83%", "2007-09-30": "54.02%", "2007-06-30": "53.87%", "2007-03-31": "54.19%", "2006-12-31": "54.21%", "2006-09-30": "54.25%", "2006-06-30": "54.66%", "2006-03-31": "54.67%", "2005-12-31": "54.89%"}, "operating margin": {"2020-09-30": "17.18%", "2020-06-30": "16.67%", "2020-03-31": "17.77%", "2019-12-31": "18.32%", "2019-09-30": "19.37%", "2019-06-30": "18.74%", "2019-03-31": "18.95%", "2018-12-31": "19.15%", "2018-09-30": "16.87%", "2018-06-30": "16.80%", "2018-03-31": "16.49%", "2017-12-31": "16.48%", "2017-09-30": "16.73%", "2017-06-30": "15.72%", "2017-03-31": "14.03%", "2016-12-31": "14.27%", "2016-09-30": "14.56%", "2016-06-30": "15.22%", "2016-03-31": "16.94%", "2015-12-31": "17.45%", "2015-09-30": "17.47%", "2015-06-30": "17.72%", "2015-03-31": "18.11%", "2014-12-31": "17.61%", "2014-09-30": "16.60%", "2014-06-30": "16.72%", "2014-03-31": "16.41%", "2013-12-31": "16.20%", "2013-09-30": "16.46%", "2013-06-30": "16.97%", "2013-03-31": "17.88%", "2012-12-31": "18.51%", "2012-09-30": "20.21%", "2012-06-30": "19.45%", "2012-03-31": "19.07%", "2011-12-31": "18.94%", "2011-09-30": "19.50%", "2011-06-30": "18.78%", "2011-03-31": "19.32%", "2010-12-31": "18.94%", "2010-09-30": "19.51%", "2010-06-30": "20.56%", "2010-03-31": "19.70%", "2009-12-31": "19.65%", "2009-09-30": "17.68%", "2009-06-30": "17.33%", "2009-03-31": "16.74%", "2008-12-31": "16.10%", "2008-09-30": "15.88%", "2008-06-30": "16.08%", "2008-03-31": "16.19%", "2007-12-31": "16.66%", "2007-09-30": "17.41%", "2007-06-30": "16.87%", "2007-03-31": "17.14%", "2006-12-31": "17.30%", "2006-09-30": "17.06%", "2006-06-30": "17.83%", "2006-03-31": "18.13%", "2005-12-31": "18.63%"}, "ebitda margin": {"2020-09-30": "33.93%", "2020-06-30": "33.32%", "2020-03-31": "34.10%", "2019-12-31": "34.15%", "2019-09-30": "35.06%", "2019-06-30": "34.41%", "2019-03-31": "34.46%", "2018-12-31": "34.65%", "2018-09-30": "32.11%", "2018-06-30": "31.67%", "2018-03-31": "31.05%", "2017-12-31": "30.50%", "2017-09-30": "30.51%", "2017-06-30": "29.50%", "2017-03-31": "27.68%", "2016-12-31": "27.56%", "2016-09-30": "27.36%", "2016-06-30": "27.50%", "2016-03-31": "28.77%", "2015-12-31": "29.22%", "2015-09-30": "29.20%", "2015-06-30": "29.45%", "2015-03-31": "29.80%", "2014-12-31": "29.22%", "2014-09-30": "28.06%", "2014-06-30": "27.92%", "2014-03-31": "27.37%", "2013-12-31": "27.05%", "2013-09-30": "27.25%", "2013-06-30": "27.84%", "2013-03-31": "28.73%", "2012-12-31": "29.30%", "2012-09-30": "31.33%", "2012-06-30": "31.75%", "2012-03-31": "31.38%", "2011-12-31": "31.28%", "2011-09-30": "32.08%", "2011-06-30": "32.70%", "2011-03-31": "32.95%", "2010-12-31": "32.63%", "2010-09-30": "32.17%", "2010-06-30": "30.46%", "2010-03-31": "29.99%", "2009-12-31": "29.81%", "2009-09-30": "28.22%", "2009-06-30": "27.64%", "2009-03-31": "26.77%", "2008-12-31": "25.83%", "2008-09-30": "25.52%", "2008-06-30": "25.55%", "2008-03-31": "25.57%", "2007-12-31": "25.96%", "2007-09-30": "26.55%", "2007-06-30": "26.04%", "2007-03-31": "26.23%", "2006-12-31": "26.40%", "2006-09-30": "26.36%", "2006-06-30": "27.06%", "2006-03-31": "27.38%", "2005-12-31": "27.88%"}, "pre tax profit margin": {"2020-09-30": "4.41%", "2020-06-30": "6.25%", "2020-03-31": "8.46%", "2019-12-31": "7.69%", "2019-09-30": "10.08%", "2019-06-30": "9.17%", "2019-03-31": "9.54%", "2018-12-31": "9.70%", "2018-09-30": "6.28%", "2018-06-30": "4.88%", "2018-03-31": "4.56%", "2017-12-31": "5.23%", "2017-09-30": "6.41%", "2017-06-30": "6.48%", "2017-03-31": "3.78%", "2016-12-31": "4.19%", "2016-09-30": "3.51%", "2016-06-30": "3.64%", "2016-03-31": "5.95%", "2015-12-31": "5.39%", "2015-09-30": "5.21%", "2015-06-30": "6.12%", "2015-03-31": "7.01%", "2014-12-31": "7.18%", "2014-09-30": "7.43%", "2014-06-30": "6.66%", "2014-03-31": "5.51%", "2013-12-31": "5.29%", "2013-09-30": "5.81%", "2013-06-30": "7.65%", "2013-03-31": "8.89%", "2012-12-31": "9.86%", "2012-09-30": "11.71%", "2012-06-30": "11.10%", "2012-03-31": "11.34%", "2011-12-31": "11.74%", "2011-09-30": "12.75%", "2011-06-30": "12.50%", "2011-03-31": "12.75%", "2010-12-31": "11.55%", "2010-09-30": "11.86%", "2010-06-30": "12.61%", "2010-03-31": "12.52%", "2009-12-31": "12.47%", "2009-09-30": "9.81%", "2009-06-30": "9.05%", "2009-03-31": "7.66%", "2008-12-31": "7.36%", "2008-09-30": "7.40%", "2008-06-30": "7.67%", "2008-03-31": "7.66%", "2007-12-31": "8.17%", "2007-09-30": "9.18%", "2007-06-30": "8.89%", "2007-03-31": "9.58%", "2006-12-31": "9.52%", "2006-09-30": "8.95%", "2006-06-30": "10.05%", "2006-03-31": "9.58%", "2005-12-31": "9.48%"}, "net profit margin": {"2020-09-30": "3.19%", "2020-06-30": "4.84%", "2020-03-31": "7.06%", "2019-12-31": "6.29%", "2019-09-30": "9.00%", "2019-06-30": "8.01%", "2019-03-31": "8.02%", "2018-12-31": "8.40%", "2018-09-30": "5.10%", "2018-06-30": "4.19%", "2018-03-31": "3.98%", "2017-12-31": "4.42%", "2017-09-30": "5.54%", "2017-06-30": "5.12%", "2017-03-31": "2.70%", "2016-12-31": "2.99%", "2016-09-30": "1.86%", "2016-06-30": "2.49%", "2016-03-31": "4.82%", "2015-12-31": "4.09%", "2015-09-30": "4.28%", "2015-06-30": "3.49%", "2015-03-31": "10.53%", "2014-12-31": "10.49%", "2014-09-30": "11.62%", "2014-06-30": "11.85%", "2014-03-31": "3.91%", "2013-12-31": "3.17%", "2013-09-30": "2.46%", "2013-06-30": "4.09%", "2013-03-31": "4.49%", "2012-12-31": "5.69%", "2012-09-30": "5.96%", "2012-06-30": "5.39%", "2012-03-31": "12.50%", "2011-12-31": "13.10%", "2011-09-30": "13.37%", "2011-06-30": "6.94%", "2011-03-31": "-0.38%", "2010-12-31": "-2.00%", "2010-09-30": "-1.05%", "2010-06-30": "5.99%", "2010-03-31": "7.60%", "2009-12-31": "7.86%", "2009-09-30": "5.39%", "2009-06-30": "4.29%", "2009-03-31": "2.54%", "2008-12-31": "2.65%", "2008-09-30": "3.57%", "2008-06-30": "5.02%", "2008-03-31": "5.30%", "2007-12-31": "5.60%", "2007-09-30": "6.20%", "2007-06-30": "5.50%", "2007-03-31": "5.66%", "2006-12-31": "5.48%", "2006-09-30": "5.18%", "2006-06-30": "5.75%", "2006-03-31": "5.33%", "2005-12-31": "5.30%"}, "pe ratio": {"current": "14.02", "2021-02-11": "72.26", "2020-09-30": "57.03", "2020-06-30": "35.75", "2020-03-31": "21.47", "2019-12-31": "31.81", "2019-09-30": "21.77", "2019-06-30": "23.06", "2019-03-31": "25.42", "2018-12-31": "21.75", "2018-09-30": "36.15", "2018-06-30": "43.72", "2018-03-31": "42.26", "2017-12-31": "43.53", "2017-09-30": "38.12", "2017-06-30": "35.90", "2017-03-31": "71.42", "2016-12-31": "52.87", "2016-09-30": "92.14", "2016-06-30": "76.23", "2016-03-31": "35.28", "2015-12-31": "32.90", "2015-09-30": "35.31", "2015-06-30": "42.34", "2015-03-31": "14.88", "2014-12-31": "15.28", "2014-09-30": "11.60", "2014-06-30": "12.46", "2014-03-31": "29.07", "2013-12-31": "39.53", "2013-09-30": "44.47", "2013-06-30": "25.15", "2013-03-31": "30.45", "2012-12-31": "20.10", "2012-09-30": "18.78", "2012-06-30": "20.38", "2012-03-31": "8.33", "2011-12-31": "8.61", "2011-09-30": "8.86", "2011-06-30": "18.38", "2011-03-31": "0.00", "2010-12-31": "0.00", "2010-09-30": "0.00", "2010-06-30": "14.39", "2010-03-31": "13.71", "2009-12-31": "11.15", "2009-09-30": "17.86", "2009-06-30": "23.77", "2009-03-31": "30.08", "2008-12-31": "31.92", "2008-09-30": "23.92", "2008-06-30": "19.25", "2008-03-31": "18.91", "2007-12-31": "26.12", "2007-09-30": "20.42", "2007-06-30": "20.54", "2007-03-31": "20.64", "2006-12-31": "23.03"}, "price sales": {"2021-02-11": "2.30", "2020-09-30": "1.81", "2020-06-30": "1.72", "2020-03-31": "1.50", "2019-12-31": "1.97", "2019-09-30": "1.98", "2019-06-30": "1.87", "2019-03-31": "2.08", "2018-12-31": "1.87", "2018-09-30": "1.96", "2018-06-30": "1.96", "2018-03-31": "1.83", "2017-12-31": "2.08", "2017-09-30": "2.10", "2017-06-30": "1.84", "2017-03-31": "1.87", "2016-12-31": "1.68", "2016-09-30": "1.94", "2016-06-30": "2.04", "2016-03-31": "1.72", "2015-12-31": "1.35", "2015-09-30": "1.48", "2015-06-30": "1.40", "2015-03-31": "1.58", "2014-12-31": "1.60", "2014-09-30": "1.35", "2014-06-30": "1.47", "2014-03-31": "1.16", "2013-12-31": "1.28", "2013-09-30": "1.11", "2013-06-30": "1.05", "2013-03-31": "1.39", "2012-12-31": "1.15", "2012-09-30": "1.15", "2012-06-30": "1.13", "2012-03-31": "1.02", "2011-12-31": "1.13", "2011-09-30": "1.19", "2011-06-30": "1.30", "2011-03-31": "1.19", "2010-12-31": "0.94", "2010-09-30": "0.87", "2010-06-30": "0.87", "2010-03-31": "1.05", "2009-12-31": "0.89", "2009-09-30": "0.96", "2009-06-30": "1.03", "2009-03-31": "0.79", "2008-12-31": "0.87", "2008-09-30": "0.87", "2008-06-30": "0.97", "2008-03-31": "0.99", "2007-12-31": "1.45", "2007-09-30": "1.24", "2007-06-30": "1.11", "2007-03-31": "1.15", "2006-12-31": "1.24"}, "price book": {"current": "10.26", "2021-02-11": "10.22", "2020-09-30": "8.07", "2020-06-30": "7.04", "2020-03-31": "5.72", "2019-12-31": "5.74", "2019-09-30": "5.54", "2019-06-30": "4.79", "2019-03-31": "5.01", "2018-12-31": "4.25", "2018-09-30": "4.27", "2018-06-30": "4.01", "2018-03-31": "3.37", "2017-12-31": "3.70", "2017-09-30": "4.36", "2017-06-30": "3.78", "2017-03-31": "3.77", "2016-12-31": "3.31", "2016-09-30": "3.39", "2016-06-30": "3.39", "2016-03-31": "9.90", "2015-12-31": "7.63", "2015-09-30": "7.34", "2015-06-30": "6.18", "2015-03-31": "6.83", "2014-12-31": "6.19", "2014-09-30": "8.98", "2014-06-30": "3.50", "2014-03-31": "3.34", "2013-12-31": "3.67", "2013-09-30": "3.17", "2013-06-30": "3.03", "2013-03-31": "3.96", "2012-12-31": "3.25", "2012-09-30": "2.56", "2012-06-30": "2.55", "2012-03-31": "2.17", "2011-12-31": "2.34", "2011-09-30": "1.89", "2011-06-30": "1.83", "2011-03-31": "1.67", "2010-12-31": "1.38", "2010-09-30": "1.21", "2010-06-30": "1.14", "2010-03-31": "1.37", "2009-12-31": "1.14", "2009-09-30": "1.40", "2009-06-30": "1.58", "2009-03-31": "1.30", "2008-12-31": "1.46", "2008-09-30": "1.37", "2008-06-30": "1.49", "2008-03-31": "1.53", "2007-12-31": "2.19", "2007-09-30": "1.88", "2007-06-30": "1.67", "2007-03-31": "1.74", "2006-12-31": "1.87", "2006-09-30": "2.00", "2006-06-30": "1.79", "2006-03-31": "2.03"}, "price fcf": {"2021-02-11": "", "2020-09-30": "$2.35", "2020-06-30": "$2.01", "2020-03-31": "$1.87", "2019-12-31": "$1.53", "2019-09-30": "$1.61", "2019-06-30": "$1.73", "2019-03-31": "$1.81", "2018-12-31": "$1.96", "2018-09-30": "$1.41", "2018-06-30": "$1.45", "2018-03-31": "$1.19", "2017-12-31": "$1.45", "2017-09-30": "$1.29", "2017-06-30": "$1.34", "2017-03-31": "$1.08", "2016-12-31": "$0.90", "2016-09-30": "$1.31", "2016-06-30": "$1.18", "2016-03-31": "$1.52", "2015-12-31": "$1.20", "2015-09-30": "$1.14", "2015-06-30": "$0.86", "2015-03-31": "$0.64", "2014-12-31": "$0.79", "2014-09-30": "$0.69", "2014-06-30": "$0.98", "2014-03-31": "$0.92", "2013-12-31": "$1.16", "2013-09-30": "$1.00", "2013-06-30": "$0.79", "2013-03-31": "$1.04", "2012-12-31": "$1.11", "2012-09-30": "$1.53", "2012-06-30": "$2.01", "2012-03-31": "$1.88", "2011-12-31": "$2.10", "2011-09-30": "$1.93", "2011-06-30": "$1.91", "2011-03-31": "$2.00", "2010-12-31": "$1.93", "2010-09-30": "$1.92", "2010-06-30": "$1.79", "2010-03-31": "$1.61", "2009-12-31": "$1.63", "2009-09-30": "$1.43", "2009-06-30": "$1.23", "2009-03-31": "$1.12", "2008-12-31": "$0.74", "2008-09-30": "$0.57", "2008-06-30": "$0.41", "2008-03-31": "$0.33", "2007-12-31": "$0.57", "2007-09-30": "$0.33", "2007-06-30": "$0.19", "2007-03-31": "$0.25", "2006-12-31": "$0.04"}, "net worth": {"value": "$9.62B"}, "current ratio": {"current": "0.60", "2020-09-30": "0.60", "2020-06-30": "0.80", "2020-03-31": "0.76", "2019-12-31": "0.63", "2019-09-30": "0.66", "2019-06-30": "0.75", "2019-03-31": "0.80", "2018-12-31": "0.81", "2018-09-30": "0.98", "2018-06-30": "0.98", "2018-03-31": "1.24", "2017-12-31": "1.47", "2017-09-30": "1.08", "2017-06-30": "0.82", "2017-03-31": "0.85", "2016-12-31": "1.06", "2016-09-30": "1.43", "2016-06-30": "1.31", "2016-03-31": "1.11", "2015-12-31": "1.02", "2015-09-30": "1.35", "2015-06-30": "1.16", "2015-03-31": "1.23", "2014-12-31": "1.07", "2014-09-30": "0.61", "2014-06-30": "1.07", "2014-03-31": "1.14", "2013-12-31": "0.96", "2013-09-30": "1.14", "2013-06-30": "0.98", "2013-03-31": "1.19", "2012-12-31": "1.13", "2012-09-30": "1.38", "2012-06-30": "1.14", "2012-03-31": "1.20", "2011-12-31": "1.08", "2011-09-30": "1.67", "2011-06-30": "1.34", "2011-03-31": "1.26", "2010-12-31": "1.39", "2010-09-30": "1.33", "2010-06-30": "1.54", "2010-03-31": "1.50", "2009-12-31": "1.49", "2009-09-30": "1.66", "2009-06-30": "1.64", "2009-03-31": "1.47", "2008-12-31": "1.34", "2008-09-30": "1.39", "2008-06-30": "1.26", "2008-03-31": "1.26", "2007-12-31": "1.07", "2007-09-30": "1.14", "2007-06-30": "1.13", "2007-03-31": "1.00", "2006-12-31": "1.06", "2006-09-30": "1.01", "2006-06-30": "0.97", "2006-03-31": "1.02", "2005-12-31": "0.94", "2005-09-30": "1.03", "2005-06-30": "0.94", "2005-03-31": "0.96"}, "quick ratio": {"2020-09-30": "0.00", "2020-06-30": "0.00", "2020-03-31": "0.00", "2019-12-31": "0.00", "2019-09-30": "0.00", "2019-06-30": "0.00", "2019-03-31": "0.00", "2018-12-31": "0.00", "2018-09-30": "0.00", "2018-06-30": "0.00", "2018-03-31": "0.00", "2017-12-31": "0.00", "2017-09-30": "0.00", "2017-06-30": "0.00", "2017-03-31": "0.00", "2016-12-31": "0.00", "2016-09-30": "0.00", "2016-06-30": "0.00", "2016-03-31": "0.00", "2015-12-31": "0.00", "2015-09-30": "0.00", "2015-06-30": "0.00", "2015-03-31": "0.00", "2014-12-31": "0.00", "2014-09-30": "0.00", "2014-06-30": "0.00", "2014-03-31": "0.00", "2013-12-31": "0.00", "2013-09-30": "0.00", "2013-06-30": "0.00", "2013-03-31": "0.00", "2012-12-31": "0.00", "2012-09-30": "0.00", "2012-06-30": "0.00", "2012-03-31": "0.00", "2011-12-31": "0.00", "2011-09-30": "0.00", "2011-06-30": "0.00", "2011-03-31": "0.00", "2010-12-31": "0.00", "2010-09-30": "0.00", "2010-06-30": "0.00", "2010-03-31": "0.00", "2009-12-31": "0.00", "2009-09-30": "0.00", "2009-06-30": "0.00", "2009-03-31": "0.00", "2008-12-31": "0.00", "2008-09-30": "0.00", "2008-06-30": "0.00", "2008-03-31": "0.00", "2007-12-31": "0.00", "2007-09-30": "0.00", "2007-06-30": "0.00", "2007-03-31": "0.00", "2006-12-31": "0.00", "2006-09-30": "0.00", "2006-06-30": "0.00", "2006-03-31": "0.00", "2005-12-31": "0.00", "2005-09-30": "0.00", "2005-06-30": "0.00", "2005-03-31": "0.00"}, "debt equity ratio": {"current": "9.20", "2020-09-30": "13.60", "2020-06-30": "13.03", "2020-03-31": "11.07", "2019-12-31": "8.44", "2019-09-30": "7.98", "2019-06-30": "7.27", "2019-03-31": "6.78", "2018-12-31": "5.37", "2018-09-30": "5.09", "2018-06-30": "4.74", "2018-03-31": "4.31", "2017-12-31": "3.77", "2017-09-30": "4.49", "2017-06-30": "4.28", "2017-03-31": "4.08", "2016-12-31": "3.90", "2016-09-30": "3.61", "2016-06-30": "3.34", "2016-03-31": "11.32", "2015-12-31": "11.01", "2015-09-30": "9.76", "2015-06-30": "7.89", "2015-03-31": "7.42", "2014-12-31": "6.50", "2014-09-30": "13.19", "2014-06-30": "4.19", "2014-03-31": "5.38", "2013-12-31": "5.33", "2013-09-30": "4.95", "2013-06-30": "4.79", "2013-03-31": "4.58", "2012-12-31": "4.47", "2012-09-30": "3.87", "2012-06-30": "3.87", "2012-03-31": "3.80", "2011-12-31": "3.82", "2011-09-30": "2.73", "2011-06-30": "2.11", "2011-03-31": "2.19", "2010-12-31": "2.29", "2010-09-30": "2.23", "2010-06-30": "2.14", "2010-03-31": "2.13", "2009-12-31": "2.17", "2009-09-30": "2.27", "2009-06-30": "2.32", "2009-03-31": "2.44", "2008-12-31": "2.52", "2008-09-30": "2.50", "2008-06-30": "2.43", "2008-03-31": "2.45", "2007-12-31": "2.51", "2007-09-30": "2.43", "2007-06-30": "2.46", "2007-03-31": "2.32", "2006-12-31": "2.35", "2006-09-30": "2.37", "2006-06-30": "2.39", "2006-03-31": "2.42", "2005-12-31": "2.48", "2005-09-30": "2.43", "2005-06-30": "2.52", "2005-03-31": "2.59"}, "return on equity": {"2020-09-30": "11.69%", "2020-06-30": "15.85%", "2020-03-31": "20.98%", "2019-12-31": "16.76%", "2019-09-30": "22.49%", "2019-06-30": "18.83%", "2019-03-31": "17.85%", "2018-12-31": "17.49%", "2018-09-30": "9.91%", "2018-06-30": "8.01%", "2018-03-31": "7.58%", "2017-12-31": "8.58%", "2017-09-30": "11.10%", "2017-06-30": "9.84%", "2017-03-31": "4.86%", "2016-12-31": "6.13%", "2016-09-30": "4.55%", "2016-06-30": "7.97%", "2016-03-31": "24.25%", "2015-12-31": "18.72%", "2015-09-30": "17.51%", "2015-06-30": "15.19%", "2015-03-31": "38.44%", "2014-12-31": "35.49%", "2014-09-30": "37.33%", "2014-06-30": "32.65%", "2014-03-31": "11.15%", "2013-12-31": "8.84%", "2013-09-30": "6.64%", "2013-06-30": "10.51%", "2013-03-31": "11.16%", "2012-12-31": "13.73%", "2012-09-30": "14.04%", "2012-06-30": "11.81%", "2012-03-31": "23.94%", "2011-12-31": "22.39%", "2011-09-30": "20.21%", "2011-06-30": "10.04%", "2011-03-31": "-0.55%", "2010-12-31": "-2.83%", "2010-09-30": "-1.38%", "2010-06-30": "7.93%", "2010-03-31": "10.35%", "2009-12-31": "10.93%", "2009-09-30": "8.44%", "2009-06-30": "6.90%", "2009-03-31": "4.15%", "2008-12-31": "4.36%", "2008-09-30": "5.82%", "2008-06-30": "8.17%", "2008-03-31": "8.63%", "2007-12-31": "9.06%", "2007-09-30": "9.95%", "2007-06-30": "8.77%", "2007-03-31": "8.97%", "2006-12-31": "8.71%", "2006-09-30": "8.22%", "2006-06-30": "9.13%", "2006-03-31": "8.46%", "2005-12-31": "8.39%"}, "return on assets": {"2020-09-30": "0.96%", "2020-06-30": "1.47%", "2020-03-31": "2.21%", "2019-12-31": "1.96%", "2019-09-30": "2.89%", "2019-06-30": "2.66%", "2019-03-31": "2.77%", "2018-12-31": "2.99%", "2018-09-30": "1.82%", "2018-06-30": "1.51%", "2018-03-31": "1.46%", "2017-12-31": "1.67%", "2017-09-30": "2.14%", "2017-06-30": "1.99%", "2017-03-31": "1.03%", "2016-12-31": "1.18%", "2016-09-30": "0.76%", "2016-06-30": "1.07%", "2016-03-31": "2.24%", "2015-12-31": "1.91%", "2015-09-30": "2.00%", "2015-06-30": "1.65%", "2015-03-31": "4.96%", "2014-12-31": "4.92%", "2014-09-30": "5.40%", "2014-06-30": "5.51%", "2014-03-31": "1.83%", "2013-12-31": "1.50%", "2013-09-30": "1.17%", "2013-06-30": "1.94%", "2013-03-31": "2.15%", "2012-12-31": "2.75%", "2012-09-30": "2.90%", "2012-06-30": "2.63%", "2012-03-31": "6.05%", "2011-12-31": "6.24%", "2011-09-30": "6.10%", "2011-06-30": "3.13%", "2011-03-31": "-0.17%", "2010-12-31": "-0.89%", "2010-09-30": "-0.44%", "2010-06-30": "2.49%", "2010-03-31": "3.21%", "2009-12-31": "3.32%", "2009-09-30": "2.50%", "2009-06-30": "2.01%", "2009-03-31": "1.20%", "2008-12-31": "1.25%", "2008-09-30": "1.68%", "2008-06-30": "2.36%", "2008-03-31": "2.49%", "2007-12-31": "2.64%", "2007-09-30": "2.93%", "2007-06-30": "2.60%", "2007-03-31": "2.67%", "2006-12-31": "2.58%", "2006-09-30": "2.41%", "2006-06-30": "2.66%", "2006-03-31": "2.44%", "2005-12-31": "2.40%"}, "return on investments": {"2020-09-30": "7.36%", "2020-06-30": "7.15%", "2020-03-31": "7.72%", "2019-12-31": "7.88%", "2019-09-30": "8.26%", "2019-06-30": "7.93%", "2019-03-31": "8.02%", "2018-12-31": "8.04%", "2018-09-30": "7.09%", "2018-06-30": "7.17%", "2018-03-31": "7.25%", "2017-12-31": "7.58%", "2017-09-30": "7.85%", "2017-06-30": "7.35%", "2017-03-31": "6.35%", "2016-12-31": "6.61%", "2016-09-30": "7.04%", "2016-06-30": "7.75%", "2016-03-31": "9.39%", "2015-12-31": "9.68%", "2015-09-30": "9.71%", "2015-06-30": "10.31%", "2015-03-31": "10.56%", "2014-12-31": "10.37%", "2014-09-30": "9.87%", "2014-06-30": "9.74%", "2014-03-31": "9.87%", "2013-12-31": "9.89%", "2013-09-30": "10.16%", "2013-06-30": "10.49%", "2013-03-31": "11.06%", "2012-12-31": "11.58%", "2012-09-30": "12.82%", "2012-06-30": "12.42%", "2012-03-31": "12.05%", "2011-12-31": "11.76%", "2011-09-30": "11.58%", "2011-06-30": "11.03%", "2011-03-31": "11.04%", "2010-12-31": "10.75%", "2010-09-30": "10.36%", "2010-06-30": "10.85%", "2010-03-31": "10.51%", "2009-12-31": "10.48%", "2009-09-30": "10.33%", "2009-06-30": "10.21%", "2009-03-31": "9.91%", "2008-12-31": "9.54%", "2008-09-30": "9.32%", "2008-06-30": "9.41%", "2008-03-31": "9.43%", "2007-12-31": "9.77%", "2007-09-30": "10.25%", "2007-06-30": "9.93%", "2007-03-31": "10.11%", "2006-12-31": "10.06%", "2006-09-30": "9.79%", "2006-06-30": "10.15%", "2006-03-31": "10.20%", "2005-12-31": "10.33%"}, "return on tangible equity": {"2020-09-30": "-2.86%", "2020-06-30": "-4.49%", "2020-03-31": "-6.85%", "2019-12-31": "-6.23%", "2019-09-30": "-9.05%", "2019-06-30": "-8.18%", "2019-03-31": "-8.35%", "2018-12-31": "-9.02%", "2018-09-30": "-5.72%", "2018-06-30": "-4.74%", "2018-03-31": "-4.54%", "2017-12-31": "-5.03%", "2017-09-30": "-6.19%", "2017-06-30": "-5.94%", "2017-03-31": "-3.21%", "2016-12-31": "-3.61%", "2016-09-30": "-2.28%", "2016-06-30": "-3.08%", "2016-03-31": "-6.11%", "2015-12-31": "-5.36%", "2015-09-30": "-5.84%", "2015-06-30": "-4.67%", "2015-03-31": "-14.99%", "2014-12-31": "-15.30%", "2014-09-30": "-17.18%", "2014-06-30": "-19.10%", "2014-03-31": "-6.33%", "2013-12-31": "-5.40%", "2013-09-30": "-4.40%", "2013-06-30": "-7.67%", "2013-03-31": "-8.63%", "2012-12-31": "-11.29%", "2012-09-30": "-12.19%", "2012-06-30": "-12.18%", "2012-03-31": "-33.15%", "2011-12-31": "-40.03%", "2011-09-30": "-48.34%", "2011-06-30": "-26.18%", "2011-03-31": "1.39%", "2010-12-31": "7.23%", "2010-09-30": "3.49%", "2010-06-30": "-19.61%", "2010-03-31": "-24.49%", "2009-12-31": "-23.80%", "2009-09-30": "-16.35%", "2009-06-30": "-12.27%", "2009-03-31": "-6.91%", "2008-12-31": "-6.99%", "2008-09-30": "-8.99%", "2008-06-30": "-12.34%", "2008-03-31": "-12.69%", "2007-12-31": "-13.73%", "2007-09-30": "-15.83%", "2007-06-30": "-14.20%", "2007-03-31": "-14.77%", "2006-12-31": "-13.69%", "2006-09-30": "-12.19%", "2006-06-30": "-13.21%", "2006-03-31": "-11.85%", "2005-12-31": "-11.31%"}, "dividend yield history": {"last payout": "$2.47", "last yield": "7.41%"}}