{"ticker": "IT", "price": {"title": "Gartner Historical Annual Stock Price Data", "value": 181.53, "historical": {"2021": {"Average Stock Price": "163.2789", "Year Open": "158.0700", "Year High": "183.7200", "Year Low": "151.5800", "Year Close": "181.5300", "Annual % Change": "13.32%"}, "2020": {"Average Stock Price": "130.9534", "Year Open": "156.0400", "Year High": "163.8500", "Year Low": "83.2400", "Year Close": "160.1900", "Annual % Change": "3.95%"}, "2019": {"Average Stock Price": "148.3840", "Year Open": "125.8500", "Year High": "171.0400", "Year Low": "123.1900", "Year Close": "154.1000", "Annual % Change": "20.54%"}, "2018": {"Average Stock Price": "135.5961", "Year Open": "124.8500", "Year High": "160.0000", "Year Low": "113.4100", "Year Close": "127.8400", "Annual % Change": "3.81%"}, "2017": {"Average Stock Price": "116.0905", "Year Open": "99.8600", "Year High": "129.5300", "Year Low": "90.5600", "Year Close": "123.1500", "Annual % Change": "21.85%"}, "2016": {"Average Stock Price": "92.5787", "Year Open": "88.1300", "Year High": "104.9300", "Year Low": "79.8600", "Year Close": "101.0700", "Annual % Change": "11.43%"}, "2015": {"Average Stock Price": "86.0153", "Year Open": "83.6000", "Year High": "93.8700", "Year Low": "77.9200", "Year Close": "90.7000", "Annual % Change": "7.71%"}, "2014": {"Average Stock Price": "73.2575", "Year Open": "69.8000", "Year High": "87.4000", "Year Low": "62.5100", "Year Close": "84.2100", "Annual % Change": "18.52%"}, "2013": {"Average Stock Price": "57.5002", "Year Open": "47.4200", "Year High": "71.2200", "Year Low": "47.4200", "Year Close": "71.0500", "Annual % Change": "54.39%"}, "2012": {"Average Stock Price": "43.7960", "Year Open": "34.7000", "Year High": "51.0100", "Year Low": "34.6700", "Year Close": "46.0200", "Annual % Change": "32.36%"}, "2011": {"Average Stock Price": "37.5272", "Year Open": "33.5300", "Year High": "43.0100", "Year Low": "32.1900", "Year Close": "34.7700", "Annual % Change": "4.73%"}, "2010": {"Average Stock Price": "26.3699", "Year Open": "18.7000", "Year High": "33.7500", "Year Low": "18.7000", "Year Close": "33.2000", "Annual % Change": "84.04%"}, "2009": {"Average Stock Price": "15.5205", "Year Open": "18.4700", "Year High": "20.1600", "Year Low": "8.3800", "Year Close": "18.0400", "Annual % Change": "1.18%"}, "2008": {"Average Stock Price": "20.1398", "Year Open": "17.1400", "Year High": "27.8100", "Year Low": "13.5300", "Year Close": "17.8300", "Annual % Change": "1.54%"}, "2007": {"Average Stock Price": "22.9953", "Year Open": "20.3200", "Year High": "28.2200", "Year Low": "16.3800", "Year Close": "17.5600", "Annual % Change": "-11.27%"}, "2006": {"Average Stock Price": "15.6886", "Year Open": "13.0100", "Year High": "20.7500", "Year Low": "13.0100", "Year Close": "19.7900", "Annual % Change": "53.41%"}, "2005": {"Average Stock Price": "10.8789", "Year Open": "12.3500", "Year High": "14.0900", "Year Low": "8.1600", "Year Close": "12.9000", "Annual % Change": "3.53%"}, "2004": {"Average Stock Price": "12.0271", "Year Open": "11.4500", "Year High": "13.3800", "Year Low": "11.0000", "Year Close": "12.4600", "Annual % Change": "10.17%"}, "2003": {"Average Stock Price": "9.4853", "Year Open": "9.4000", "Year High": "13.5200", "Year Low": "6.8600", "Year Close": "11.3100", "Annual % Change": "22.93%"}, "2002": {"Average Stock Price": "10.2517", "Year Open": "11.5500", "Year High": "13.4800", "Year Low": "6.1100", "Year Close": "9.2000", "Annual % Change": "-21.30%"}, "2001": {"Average Stock Price": "8.9385", "Year Open": "6.6600", "Year High": "11.6900", "Year Low": "5.9800", "Year Close": "11.6900", "Annual % Change": "69.18%"}, "2000": {"Average Stock Price": "12.8221", "Year Open": "16.6200", "Year High": "22.1900", "Year Low": "5.9700", "Year Close": "6.9100", "Annual % Change": "-54.69%"}, "1999": {"Average Stock Price": "19.4710", "Year Open": "22.1900", "Year High": "25.6200", "Year Low": "9.7500", "Year Close": "15.2500", "Annual % Change": "-28.24%"}, "1998": {"Average Stock Price": "29.8692", "Year Open": "36.8800", "Year High": "40.8100", "Year Low": "17.8800", "Year Close": "21.2500", "Annual % Change": "-42.95%"}, "1997": {"Average Stock Price": "30.1578", "Year Open": "39.1200", "Year High": "42.0600", "Year Low": "20.3800", "Year Close": "37.2500", "Annual % Change": "-4.34%"}, "1996": {"Average Stock Price": "32.6076", "Year Open": "23.3100", "Year High": "42.5000", "Year Low": "20.2500", "Year Close": "38.9400", "Annual % Change": "62.66%"}, "1995": {"Average Stock Price": "14.2994", "Year Open": "9.5000", "Year High": "23.9400", "Year Low": "9.0300", "Year Close": "23.9400", "Annual % Change": "145.54%"}, "1994": {"Average Stock Price": "6.0189", "Year Open": "4.3438", "Year High": "9.7500", "Year Low": "4.1563", "Year Close": "9.7500", "Annual % Change": "126.09%"}}}, "market cap": {"value": "$16.4B"}, "income statement": {"Revenue": {"2019-12-31": "4245.32100", "2018-12-31": "3975.45400", "2017-12-31": "3311.49400", "2016-12-31": "2444.54000", "2015-12-31": "2163.05600", "2014-12-31": "2021.44100", "2013-12-31": "1784.21300", "2012-12-31": "1615.80800", "2011-12-31": "1468.58800", "2010-12-31": "1288.45400", "2009-12-31": "1139.80000", "2008-12-31": "1279.06500", "2007-12-31": "1168.47500", "2006-12-31": "1037.29900", "2005-12-31": "989.00400"}, "Cost Of Goods Sold": {"2019-12-31": "1550.56800", "2018-12-31": "1468.80000", "2017-12-31": "1320.19800", "2016-12-31": "945.64800", "2015-12-31": "839.07600", "2014-12-31": "797.93300", "2013-12-31": "713.48400", "2012-12-31": "659.06700", "2011-12-31": "608.75500", "2010-12-31": "552.23800", "2009-12-31": "498.36300", "2008-12-31": "572.20800", "2007-12-31": "546.56900", "2006-12-31": "490.56000", "2005-12-31": "486.61100"}, "Gross Profit": {"2019-12-31": "2694.75300", "2018-12-31": "2506.65400", "2017-12-31": "1991.29600", "2016-12-31": "1498.89200", "2015-12-31": "1323.98000", "2014-12-31": "1223.50800", "2013-12-31": "1070.72900", "2012-12-31": "956.74100", "2011-12-31": "859.83300", "2010-12-31": "736.21600", "2009-12-31": "641.43700", "2008-12-31": "706.85690", "2007-12-31": "621.90600", "2006-12-31": "546.73900", "2005-12-31": "502.39300"}, "Research And Development Expenses": {"2019-12-31": "", "2018-12-31": "", "2017-12-31": "", "2016-12-31": "", "2015-12-31": "", "2014-12-31": "", "2013-12-31": "", "2012-12-31": "", "2011-12-31": "", "2010-12-31": "", "2009-12-31": "", "2008-12-31": "", "2007-12-31": "", "2006-12-31": "", "2005-12-31": ""}, "SG&A Expenses": {"2019-12-31": "2103.42400", "2018-12-31": "1884.14100", "2017-12-31": "1599.00400", "2016-12-31": "1089.18400", "2015-12-31": "962.67700", "2014-12-31": "876.06700", "2013-12-31": "760.45800", "2012-12-31": "678.84300", "2011-12-31": "613.70700", "2010-12-31": "543.17400", "2009-12-31": "477.00300", "2008-12-31": "514.99400", "2007-12-31": "456.97500", "2006-12-31": "413.05300", "2005-12-31": "397.25200"}, "Other Operating Income Or Expenses": {"2019-12-31": "", "2018-12-31": "", "2017-12-31": "", "2016-12-31": "", "2015-12-31": "", "2014-12-31": "", "2013-12-31": "", "2012-12-31": "", "2011-12-31": "", "2010-12-31": "", "2009-12-31": "", "2008-12-31": "", "2007-12-31": "-9.08400", "2006-12-31": "", "2005-12-31": "-29.17700"}, "Operating Expenses": {"2019-12-31": "3875.23400", "2018-12-31": "3715.73900", "2017-12-31": "3317.82300", "2016-12-31": "2139.39900", "2015-12-31": "1875.05900", "2014-12-31": "1735.27900", "2013-12-31": "1508.72100", "2012-12-31": "1370.10100", "2011-12-31": "1254.52600", "2010-12-31": "1139.18900", "2009-12-31": "1005.32300", "2008-12-31": "1114.69700", "2007-12-31": "1039.01700", "2006-12-31": "939.26010", "2005-12-31": "963.72400"}, "Operating Income": {"2019-12-31": "370.08690", "2018-12-31": "259.71510", "2017-12-31": "-6.32910", "2016-12-31": "305.14110", "2015-12-31": "287.99680", "2014-12-31": "286.16210", "2013-12-31": "275.49190", "2012-12-31": "245.70690", "2011-12-31": "214.06200", "2010-12-31": "149.26500", "2009-12-31": "134.47710", "2008-12-31": "164.36790", "2007-12-31": "129.45800", "2006-12-31": "98.03890", "2005-12-31": "25.28000"}, "Total Non-Operating Income/Expense": {"2019-12-31": "-94.34800", "2018-12-31": "-78.59400", "2017-12-31": "-121.48800", "2016-12-31": "-16.71000", "2015-12-31": "-15.78600", "2014-12-31": "-11.47900", "2013-12-31": "-9.05300", "2012-12-31": "-10.11100", "2011-12-31": "-11.87800", "2010-12-31": "-15.18000", "2009-12-31": "-18.95100", "2008-12-31": "-19.62700", "2007-12-31": "-18.96100", "2006-12-31": "-17.37800", "2005-12-31": "-19.84200"}, "Pre-Tax Income": {"2019-12-31": "275.73900", "2018-12-31": "181.12100", "2017-12-31": "-127.81700", "2016-12-31": "288.43100", "2015-12-31": "272.21100", "2014-12-31": "274.68300", "2013-12-31": "266.43900", "2012-12-31": "235.59600", "2011-12-31": "202.18400", "2010-12-31": "134.08500", "2009-12-31": "115.52600", "2008-12-31": "144.74100", "2007-12-31": "110.49700", "2006-12-31": "80.66100", "2005-12-31": "5.43800"}, "Income Taxes": {"2019-12-31": "42.44900", "2018-12-31": "58.66500", "2017-12-31": "-131.09600", "2016-12-31": "94.84900", "2015-12-31": "96.57600", "2014-12-31": "90.91700", "2013-12-31": "83.63800", "2012-12-31": "69.69300", "2011-12-31": "65.28200", "2010-12-31": "37.80000", "2009-12-31": "32.56200", "2008-12-31": "47.59300", "2007-12-31": "39.83100", "2006-12-31": "26.40300", "2005-12-31": "7.87500"}, "Income After Taxes": {"2019-12-31": "233.29000", "2018-12-31": "122.45600", "2017-12-31": "3.27900", "2016-12-31": "193.58200", "2015-12-31": "175.63500", "2014-12-31": "183.76600", "2013-12-31": "182.80100", "2012-12-31": "165.90300", "2011-12-31": "136.90200", "2010-12-31": "96.28500", "2009-12-31": "82.96400", "2008-12-31": "97.14800", "2007-12-31": "70.66600", "2006-12-31": "54.25800", "2005-12-31": "-2.43700"}, "Other Income": {"2019-12-31": "", "2018-12-31": "", "2017-12-31": "", "2016-12-31": "", "2015-12-31": "", "2014-12-31": "", "2013-12-31": "", "2012-12-31": "", "2011-12-31": "", "2010-12-31": "", "2009-12-31": "", "2008-12-31": "", "2007-12-31": "", "2006-12-31": "", "2005-12-31": ""}, "Income From Continuous Operations": {"2019-12-31": "233.29000", "2018-12-31": "122.45600", "2017-12-31": "3.27900", "2016-12-31": "193.58200", "2015-12-31": "175.63500", "2014-12-31": "183.76600", "2013-12-31": "182.80100", "2012-12-31": "165.90300", "2011-12-31": "136.90200", "2010-12-31": "96.28500", "2009-12-31": "82.96400", "2008-12-31": "97.14800", "2007-12-31": "70.66600", "2006-12-31": "54.25800", "2005-12-31": "-2.43700"}, "Income From Discontinued Operations": {"2019-12-31": "", "2018-12-31": "", "2017-12-31": "", "2016-12-31": "", "2015-12-31": "", "2014-12-31": "", "2013-12-31": "", "2012-12-31": "", "2011-12-31": "", "2010-12-31": "", "2009-12-31": "", "2008-12-31": "6.72300", "2007-12-31": "2.88700", "2006-12-31": "3.93400", "2005-12-31": ""}, "Net Income": {"2019-12-31": "233.29000", "2018-12-31": "122.45600", "2017-12-31": "3.27900", "2016-12-31": "193.58200", "2015-12-31": "175.63500", "2014-12-31": "183.76600", "2013-12-31": "182.80100", "2012-12-31": "165.90300", "2011-12-31": "136.90200", "2010-12-31": "96.28500", "2009-12-31": "82.96400", "2008-12-31": "103.87100", "2007-12-31": "73.55300", "2006-12-31": "58.19200", "2005-12-31": "-2.43700"}, "EBITDA": {"2019-12-31": "588.36290", "2018-12-31": "529.13110", "2017-12-31": "248.90390", "2016-12-31": "370.19210", "2015-12-31": "336.63980", "2014-12-31": "328.21910", "2013-12-31": "312.64400", "2012-12-31": "277.48590", "2011-12-31": "248.41400", "2010-12-31": "186.70600", "2009-12-31": "162.98010", "2008-12-31": "193.08490", "2007-12-31": "157.21000", "2006-12-31": "133.86290", "2005-12-31": "62.43200"}, "EBIT": {"2019-12-31": "370.08690", "2018-12-31": "259.71510", "2017-12-31": "-6.32910", "2016-12-31": "305.14110", "2015-12-31": "287.99680", "2014-12-31": "286.16210", "2013-12-31": "275.49190", "2012-12-31": "245.70690", "2011-12-31": "214.06200", "2010-12-31": "149.26500", "2009-12-31": "134.47710", "2008-12-31": "164.36790", "2007-12-31": "129.45800", "2006-12-31": "98.03890", "2005-12-31": "25.28000"}, "Basic Shares Outstanding": {"2019-12-31": "89.81700", "2018-12-31": "90.82700", "2017-12-31": "88.46600", "2016-12-31": "82.57100", "2015-12-31": "83.85200", "2014-12-31": "89.33700", "2013-12-31": "93.01500", "2012-12-31": "93.44400", "2011-12-31": "96.01900", "2010-12-31": "95.74700", "2009-12-31": "94.65800", "2008-12-31": "95.24600", "2007-12-31": "103.61300", "2006-12-31": "113.07100", "2005-12-31": "112.25300"}, "Shares Outstanding": {"2019-12-31": "90.97100", "2018-12-31": "92.12200", "2017-12-31": "89.79000", "2016-12-31": "83.82000", "2015-12-31": "85.05600", "2014-12-31": "90.71900", "2013-12-31": "94.83000", "2012-12-31": "95.84200", "2011-12-31": "98.84600", "2010-12-31": "99.83400", "2009-12-31": "97.54900", "2008-12-31": "99.02800", "2007-12-31": "108.32800", "2006-12-31": "116.20300", "2005-12-31": "112.25300"}, "Basic EPS": {"2019-12-31": "2.60000", "2018-12-31": "1.35000", "2017-12-31": "0.04000", "2016-12-31": "2.34000", "2015-12-31": "2.09000", "2014-12-31": "2.06000", "2013-12-31": "1.97000", "2012-12-31": "1.78000", "2011-12-31": "1.43000", "2010-12-31": "1.01000", "2009-12-31": "0.88000", "2008-12-31": "1.09000", "2007-12-31": "0.71000", "2006-12-31": "0.51000", "2005-12-31": "-0.02000"}, "EPS - Earnings Per Share": {"2019-12-31": "2.56000", "2018-12-31": "1.33000", "2017-12-31": "0.04000", "2016-12-31": "2.31000", "2015-12-31": "2.06000", "2014-12-31": "2.03000", "2013-12-31": "1.93000", "2012-12-31": "1.73000", "2011-12-31": "1.39000", "2010-12-31": "0.96000", "2009-12-31": "0.85000", "2008-12-31": "1.05000", "2007-12-31": "0.68000", "2006-12-31": "0.50000", "2005-12-31": "-0.02000"}}, "income statement, quarterly": {"Revenue": {"2020-09-30": "994.61800", "2020-06-30": "973.13500", "2020-03-31": "1018.89100", "2019-12-31": "1203.49300", "2019-09-30": "1000.50200", "2019-06-30": "1070.88200", "2019-03-31": "970.44400", "2018-12-31": "1088.87900", "2018-09-30": "921.67400", "2018-06-30": "1001.33600", "2018-03-31": "963.56500", "2017-12-31": "1014.50900", "2017-09-30": "828.08500", "2017-06-30": "843.73100", "2017-03-31": "625.16900", "2016-12-31": "703.21690", "2016-09-30": "574.05900", "2016-06-30": "609.99800", "2016-03-31": "557.26600", "2015-12-31": "643.76780", "2015-09-30": "500.16600", "2015-06-30": "547.93600", "2015-03-31": "471.18600", "2014-12-31": "583.97890", "2014-09-30": "470.94000", "2014-06-30": "519.82000", "2014-03-31": "446.70200", "2013-12-31": "520.70700", "2013-09-30": "410.70500", "2013-06-30": "446.04700", "2013-03-31": "406.75400", "2012-12-31": "474.74900", "2012-09-30": "374.40600", "2012-06-30": "397.48200", "2012-03-31": "369.17100", "2011-12-31": "427.69400", "2011-09-30": "345.78400", "2011-06-30": "365.54300", "2011-03-31": "329.56700", "2010-12-31": "382.30400", "2010-09-30": "296.12200", "2010-06-30": "314.19500", "2010-03-31": "295.83300", "2009-12-31": "328.82710", "2009-09-30": "267.46900", "2009-06-30": "269.97100", "2009-03-31": "273.53300", "2008-12-31": "347.32090", "2008-09-30": "297.70600", "2008-06-30": "343.93900", "2008-03-31": "290.09900", "2007-12-31": "343.15600", "2007-09-30": "268.27400", "2007-06-30": "292.84800", "2007-03-31": "264.19700", "2006-12-31": "280.91700", "2006-09-30": "241.36000", "2006-06-30": "284.09300", "2006-03-31": "230.92900", "2005-12-31": "289.30000", "2005-09-30": "225.31100", "2005-06-30": "274.56900", "2005-03-31": "199.82400"}, "Cost Of Goods Sold": {"2020-09-30": "329.76700", "2020-06-30": "322.55100", "2020-03-31": "341.27800", "2019-12-31": "450.86800", "2019-09-30": "365.05600", "2019-06-30": "387.99900", "2019-03-31": "346.64500", "2018-12-31": "407.84200", "2018-09-30": "336.11200", "2018-06-30": "367.63700", "2018-03-31": "357.20900", "2017-12-31": "398.37790", "2017-09-30": "332.20700", "2017-06-30": "352.00400", "2017-03-31": "237.60900", "2016-12-31": "279.06300", "2016-09-30": "223.12200", "2016-06-30": "231.42200", "2016-03-31": "212.04100", "2015-12-31": "257.21700", "2015-09-30": "193.60200", "2015-06-30": "210.49500", "2015-03-31": "177.76200", "2014-12-31": "235.87500", "2014-09-30": "188.05900", "2014-06-30": "203.17800", "2014-03-31": "170.82100", "2013-12-31": "210.10800", "2013-09-30": "161.73500", "2013-06-30": "177.90400", "2013-03-31": "163.73700", "2012-12-31": "200.21400", "2012-09-30": "151.14300", "2012-06-30": "161.24700", "2012-03-31": "146.46300", "2011-12-31": "180.28200", "2011-09-30": "142.69600", "2011-06-30": "152.46100", "2011-03-31": "133.31600", "2010-12-31": "164.95900", "2010-09-30": "125.89700", "2010-06-30": "138.33600", "2010-03-31": "123.04600", "2009-12-31": "146.49900", "2009-09-30": "118.12000", "2009-06-30": "117.10000", "2009-03-31": "116.64400", "2008-12-31": "156.64000", "2008-09-30": "128.49000", "2008-06-30": "156.47800", "2008-03-31": "130.60000", "2007-12-31": "162.30000", "2007-09-30": "124.07100", "2007-06-30": "136.84200", "2007-03-31": "123.35600", "2006-12-31": "131.66900", "2006-09-30": "116.25900", "2006-06-30": "137.28300", "2006-03-31": "105.34900", "2005-12-31": "138.71200", "2005-09-30": "112.10400", "2005-06-30": "140.51700", "2005-03-31": "95.27800"}, "Gross Profit": {"2020-09-30": "664.85100", "2020-06-30": "650.58400", "2020-03-31": "677.61300", "2019-12-31": "752.62510", "2019-09-30": "635.44600", "2019-06-30": "682.88290", "2019-03-31": "623.79900", "2018-12-31": "681.03710", "2018-09-30": "585.56200", "2018-06-30": "633.69900", "2018-03-31": "606.35600", "2017-12-31": "616.13100", "2017-09-30": "495.87800", "2017-06-30": "491.72700", "2017-03-31": "387.56000", "2016-12-31": "424.15390", "2016-09-30": "350.93700", "2016-06-30": "378.57600", "2016-03-31": "345.22500", "2015-12-31": "386.55080", "2015-09-30": "306.56400", "2015-06-30": "337.44100", "2015-03-31": "293.42400", "2014-12-31": "348.10390", "2014-09-30": "282.88100", "2014-06-30": "316.64200", "2014-03-31": "275.88100", "2013-12-31": "310.59900", "2013-09-30": "248.97000", "2013-06-30": "268.14300", "2013-03-31": "243.01700", "2012-12-31": "274.53500", "2012-09-30": "223.26300", "2012-06-30": "236.23500", "2012-03-31": "222.70800", "2011-12-31": "247.41200", "2011-09-30": "203.08800", "2011-06-30": "213.08200", "2011-03-31": "196.25100", "2010-12-31": "217.34500", "2010-09-30": "170.22500", "2010-06-30": "175.85900", "2010-03-31": "172.78700", "2009-12-31": "182.32800", "2009-09-30": "149.34900", "2009-06-30": "152.87100", "2009-03-31": "156.88900", "2008-12-31": "190.68090", "2008-09-30": "169.21600", "2008-06-30": "187.46100", "2008-03-31": "159.49900", "2007-12-31": "180.85600", "2007-09-30": "144.20300", "2007-06-30": "156.00600", "2007-03-31": "140.84100", "2006-12-31": "149.24800", "2006-09-30": "125.10100", "2006-06-30": "146.81000", "2006-03-31": "125.58000", "2005-12-31": "150.58800", "2005-09-30": "113.20700", "2005-06-30": "134.05200", "2005-03-31": "104.54600"}, "Research And Development Expenses": {"2020-09-30": "", "2020-06-30": "", "2020-03-31": "", "2019-12-31": "", "2019-09-30": "", "2019-06-30": "", "2019-03-31": "", "2018-12-31": "", "2018-09-30": "", "2018-06-30": "", "2018-03-31": "", "2017-12-31": "", "2017-09-30": "", "2017-06-30": "", "2017-03-31": "", "2016-12-31": "", "2016-09-30": "", "2016-06-30": "", "2016-03-31": "", "2015-12-31": "", "2015-09-30": "", "2015-06-30": "", "2015-03-31": "", "2014-12-31": "", "2014-09-30": "", "2014-06-30": "", "2014-03-31": "", "2013-12-31": "", "2013-09-30": "", "2013-06-30": "", "2013-03-31": "", "2012-12-31": "", "2012-09-30": "", "2012-06-30": "", "2012-03-31": "", "2011-12-31": "", "2011-09-30": "", "2011-06-30": "", "2011-03-31": "", "2010-12-31": "", "2010-09-30": "", "2010-06-30": "", "2010-03-31": "", "2009-12-31": "", "2009-09-30": "", "2009-06-30": "", "2009-03-31": "", "2008-12-31": "", "2008-09-30": "", "2008-06-30": "", "2008-03-31": "", "2007-12-31": "", "2007-09-30": "", "2007-06-30": "", "2007-03-31": "", "2006-12-31": "", "2006-09-30": "", "2006-06-30": "", "2006-03-31": "", "2005-12-31": "", "2005-09-30": "", "2005-06-30": "", "2005-03-31": ""}, "SG&A Expenses": {"2020-09-30": "521.50800", "2020-06-30": "494.84000", "2020-03-31": "496.63900", "2019-12-31": "557.51900", "2019-09-30": "512.15900", "2019-06-30": "514.97600", "2019-03-31": "518.77000", "2018-12-31": "488.05600", "2018-09-30": "447.53700", "2018-06-30": "460.80300", "2018-03-31": "487.74500", "2017-12-31": "465.37110", "2017-09-30": "421.16300", "2017-06-30": "408.22600", "2017-03-31": "304.24400", "2016-12-31": "289.86190", "2016-09-30": "269.90200", "2016-06-30": "272.00900", "2016-03-31": "257.41100", "2015-12-31": "258.80900", "2015-09-30": "236.35500", "2015-06-30": "237.99100", "2015-03-31": "229.52200", "2014-12-31": "235.88800", "2014-09-30": "217.02500", "2014-06-30": "218.53700", "2014-03-31": "204.61700", "2013-12-31": "212.80500", "2013-09-30": "181.54600", "2013-06-30": "185.62900", "2013-03-31": "180.47800", "2012-12-31": "186.21600", "2012-09-30": "164.88800", "2012-06-30": "165.22100", "2012-03-31": "162.51800", "2011-12-31": "170.81600", "2011-09-30": "148.46100", "2011-06-30": "152.75800", "2011-03-31": "141.67200", "2010-12-31": "154.79600", "2010-09-30": "127.48800", "2010-06-30": "130.32200", "2010-03-31": "130.56800", "2009-12-31": "131.02300", "2009-09-30": "115.04900", "2009-06-30": "115.36700", "2009-03-31": "115.56400", "2008-12-31": "127.62000", "2008-09-30": "127.70700", "2008-06-30": "133.42100", "2008-03-31": "126.24600", "2007-12-31": "107.08000", "2007-09-30": "114.91300", "2007-06-30": "119.87500", "2007-03-31": "115.10700", "2006-12-31": "107.07100", "2006-09-30": "99.81400", "2006-06-30": "106.70100", "2006-03-31": "99.46700", "2005-12-31": "108.64900", "2005-09-30": "94.33000", "2005-06-30": "102.72700", "2005-03-31": "91.54600"}, "Other Operating Income Or Expenses": {"2020-09-30": "", "2020-06-30": "", "2020-03-31": "", "2019-12-31": "", "2019-09-30": "", "2019-06-30": "", "2019-03-31": "", "2018-12-31": "", "2018-09-30": "", "2018-06-30": "", "2018-03-31": "", "2017-12-31": "", "2017-09-30": "", "2017-06-30": "", "2017-03-31": "", "2016-12-31": "", "2016-09-30": "", "2016-06-30": "", "2016-03-31": "", "2015-12-31": "", "2015-09-30": "", "2015-06-30": "", "2015-03-31": "", "2014-12-31": "", "2014-09-30": "", "2014-06-30": "", "2014-03-31": "", "2013-12-31": "", "2013-09-30": "", "2013-06-30": "", "2013-03-31": "", "2012-12-31": "", "2012-09-30": "", "2012-06-30": "", "2012-03-31": "", "2011-12-31": "", "2011-09-30": "", "2011-06-30": "", "2011-03-31": "", "2010-12-31": "", "2010-09-30": "", "2010-06-30": "", "2010-03-31": "", "2009-12-31": "", "2009-09-30": "", "2009-06-30": "", "2009-03-31": "", "2008-12-31": "", "2008-09-30": "", "2008-06-30": "", "2008-03-31": "", "2007-12-31": "", "2007-09-30": "", "2007-06-30": "-9.08400", "2007-03-31": "", "2006-12-31": "", "2006-09-30": "", "2006-06-30": "", "2006-03-31": "", "2005-12-31": "-0.69700", "2005-09-30": "-5.98000", "2005-06-30": "-8.22600", "2005-03-31": "-14.27400"}, "Operating Expenses": {"2020-09-30": "906.96800", "2020-06-30": "873.48400", "2020-03-31": "894.17300", "2019-12-31": "1067.35400", "2019-09-30": "931.35500", "2019-06-30": "954.88010", "2019-03-31": "921.64500", "2018-12-31": "959.27310", "2018-09-30": "868.95000", "2018-06-30": "915.23990", "2018-03-31": "972.27600", "2017-12-31": "951.60520", "2017-09-30": "852.43400", "2017-06-30": "942.11900", "2017-03-31": "571.66490", "2016-12-31": "594.52990", "2016-09-30": "525.33300", "2016-06-30": "526.69900", "2016-03-31": "492.83700", "2015-12-31": "542.14710", "2015-09-30": "447.69200", "2015-06-30": "462.71600", "2015-03-31": "422.50400", "2014-12-31": "488.13900", "2014-09-30": "421.54900", "2014-06-30": "438.05900", "2014-03-31": "387.53200", "2013-12-31": "431.95000", "2013-09-30": "351.96200", "2013-06-30": "372.06000", "2013-03-31": "352.74900", "2012-12-31": "395.08810", "2012-09-30": "324.63800", "2012-06-30": "334.76000", "2012-03-31": "315.61500", "2011-12-31": "358.23100", "2011-09-30": "298.53400", "2011-06-30": "313.97500", "2011-03-31": "283.78600", "2010-12-31": "329.23000", "2010-09-30": "263.35900", "2010-06-30": "279.96500", "2010-03-31": "266.63500", "2009-12-31": "287.08300", "2009-09-30": "239.94800", "2009-06-30": "239.21000", "2009-03-31": "239.08200", "2008-12-31": "291.54000", "2008-09-30": "263.02400", "2008-06-30": "296.36400", "2008-03-31": "263.76900", "2007-12-31": "276.13300", "2007-09-30": "245.74800", "2007-06-30": "272.40900", "2007-03-31": "244.72700", "2006-12-31": "245.05600", "2006-09-30": "225.39700", "2006-06-30": "253.49800", "2006-03-31": "215.30900", "2005-12-31": "259.55800", "2005-09-30": "224.12500", "2005-06-30": "269.43100", "2005-03-31": "210.61000"}, "Operating Income": {"2020-09-30": "87.65000", "2020-06-30": "99.65100", "2020-03-31": "124.71800", "2019-12-31": "136.13930", "2019-09-30": "69.14700", "2019-06-30": "116.00190", "2019-03-31": "48.79900", "2018-12-31": "129.60610", "2018-09-30": "52.72400", "2018-06-30": "86.09610", "2018-03-31": "-8.71100", "2017-12-31": "62.90380", "2017-09-30": "-24.34890", "2017-06-30": "-98.38800", "2017-03-31": "53.50410", "2016-12-31": "108.68700", "2016-09-30": "48.72600", "2016-06-30": "83.29900", "2016-03-31": "64.42900", "2015-12-31": "101.62070", "2015-09-30": "52.47400", "2015-06-30": "85.22000", "2015-03-31": "48.68200", "2014-12-31": "95.83990", "2014-09-30": "49.39100", "2014-06-30": "81.76100", "2014-03-31": "59.17000", "2013-12-31": "88.75700", "2013-09-30": "58.74300", "2013-06-30": "73.98700", "2013-03-31": "54.00500", "2012-12-31": "79.66090", "2012-09-30": "49.76800", "2012-06-30": "62.72200", "2012-03-31": "53.55600", "2011-12-31": "69.46300", "2011-09-30": "47.25000", "2011-06-30": "51.56800", "2011-03-31": "45.78100", "2010-12-31": "53.07390", "2010-09-30": "32.76300", "2010-06-30": "34.23000", "2010-03-31": "29.19800", "2009-12-31": "41.74400", "2009-09-30": "27.52100", "2009-06-30": "30.76100", "2009-03-31": "34.45100", "2008-12-31": "55.78090", "2008-09-30": "34.68200", "2008-06-30": "47.57500", "2008-03-31": "26.33000", "2007-12-31": "67.02300", "2007-09-30": "22.52600", "2007-06-30": "20.43900", "2007-03-31": "19.47000", "2006-12-31": "35.86100", "2006-09-30": "15.96300", "2006-06-30": "30.59500", "2006-03-31": "15.62000", "2005-12-31": "29.74200", "2005-09-30": "1.18600", "2005-06-30": "5.13800", "2005-03-31": "-10.78600"}, "Total Non-Operating Income/Expense": {"2020-09-30": "-73.48300", "2020-06-30": "-40.69500", "2020-03-31": "-27.86400", "2019-12-31": "-25.55700", "2019-09-30": "-16.04900", "2019-06-30": "-24.99600", "2019-03-31": "-27.74600", "2018-12-31": "-18.63900", "2018-09-30": "-14.77100", "2018-06-30": "-11.02400", "2018-03-31": "-34.16000", "2017-12-31": "-34.51700", "2017-09-30": "-37.59100", "2017-06-30": "-44.36300", "2017-03-31": "-5.01700", "2016-12-31": "-2.50200", "2016-09-30": "-3.97800", "2016-06-30": "-6.10800", "2016-03-31": "-4.12200", "2015-12-31": "-4.95400", "2015-09-30": "-0.68200", "2015-06-30": "-5.70800", "2015-03-31": "-4.44200", "2014-12-31": "-3.55200", "2014-09-30": "-2.94300", "2014-06-30": "-2.50500", "2014-03-31": "-2.47900", "2013-12-31": "-2.28500", "2013-09-30": "-2.11900", "2013-06-30": "-2.42400", "2013-03-31": "-2.22500", "2012-12-31": "-1.75200", "2012-09-30": "-2.95700", "2012-06-30": "-2.22900", "2012-03-31": "-3.17300", "2011-12-31": "-2.52100", "2011-09-30": "-2.82300", "2011-06-30": "-3.36800", "2011-03-31": "-3.16600", "2010-12-31": "-6.34700", "2010-09-30": "-3.37800", "2010-06-30": "-3.82300", "2010-03-31": "-1.63200", "2009-12-31": "-3.34100", "2009-09-30": "-5.04100", "2009-06-30": "-5.14300", "2009-03-31": "-5.42600", "2008-12-31": "-4.46800", "2008-09-30": "-5.85700", "2008-06-30": "-5.11000", "2008-03-31": "-4.19200", "2007-12-31": "-4.15600", "2007-09-30": "-4.92000", "2007-06-30": "-3.58400", "2007-03-31": "-6.30100", "2006-12-31": "-3.62600", "2006-09-30": "-4.38900", "2006-06-30": "-4.30600", "2006-03-31": "-5.05700", "2005-12-31": "-4.18900", "2005-09-30": "-3.25900", "2005-06-30": "-5.63900", "2005-03-31": "-6.75500"}, "Pre-Tax Income": {"2020-09-30": "14.16700", "2020-06-30": "58.95600", "2020-03-31": "96.85400", "2019-12-31": "110.58200", "2019-09-30": "53.09800", "2019-06-30": "91.00600", "2019-03-31": "21.05300", "2018-12-31": "110.96700", "2018-09-30": "37.95300", "2018-06-30": "75.07200", "2018-03-31": "-42.87100", "2017-12-31": "28.37700", "2017-09-30": "-61.94000", "2017-06-30": "-142.75100", "2017-03-31": "48.49700", "2016-12-31": "106.18500", "2016-09-30": "44.74800", "2016-06-30": "77.19100", "2016-03-31": "60.30700", "2015-12-31": "96.66700", "2015-09-30": "51.79200", "2015-06-30": "79.51200", "2015-03-31": "44.24000", "2014-12-31": "92.28800", "2014-09-30": "46.44800", "2014-06-30": "79.25600", "2014-03-31": "56.69100", "2013-12-31": "86.47200", "2013-09-30": "56.62400", "2013-06-30": "71.56300", "2013-03-31": "51.78000", "2012-12-31": "77.90900", "2012-09-30": "46.81100", "2012-06-30": "60.49300", "2012-03-31": "50.38300", "2011-12-31": "66.94200", "2011-09-30": "44.42700", "2011-06-30": "48.20000", "2011-03-31": "42.61500", "2010-12-31": "46.72700", "2010-09-30": "29.38500", "2010-06-30": "30.40700", "2010-03-31": "27.56600", "2009-12-31": "38.40300", "2009-09-30": "22.48000", "2009-06-30": "25.61800", "2009-03-31": "29.02500", "2008-12-31": "51.31300", "2008-09-30": "28.82500", "2008-06-30": "42.46500", "2008-03-31": "22.13800", "2007-12-31": "62.86700", "2007-09-30": "17.60600", "2007-06-30": "16.85500", "2007-03-31": "13.16900", "2006-12-31": "32.23500", "2006-09-30": "11.57400", "2006-06-30": "26.28900", "2006-03-31": "10.56300", "2005-12-31": "25.55300", "2005-09-30": "-2.07300", "2005-06-30": "-0.50100", "2005-03-31": "-17.54100"}, "Income Taxes": {"2020-09-30": "-2.79700", "2020-06-30": "3.87900", "2020-03-31": "21.75700", "2019-12-31": "42.88100", "2019-09-30": "11.71000", "2019-06-30": "-12.40000", "2019-03-31": "0.25800", "2018-12-31": "26.94700", "2018-09-30": "26.20000", "2018-06-30": "28.80200", "2018-03-31": "-23.28400", "2017-12-31": "-78.93000", "2017-09-30": "-13.76000", "2017-06-30": "-50.47000", "2017-03-31": "12.06400", "2016-12-31": "39.70000", "2016-09-30": "14.26400", "2016-06-30": "25.56500", "2016-03-31": "15.32000", "2015-12-31": "30.90400", "2015-09-30": "21.42600", "2015-06-30": "28.35700", "2015-03-31": "15.88900", "2014-12-31": "33.14400", "2014-09-30": "12.60200", "2014-06-30": "26.21600", "2014-03-31": "18.95500", "2013-12-31": "25.05400", "2013-09-30": "18.43000", "2013-06-30": "25.04900", "2013-03-31": "15.10500", "2012-12-31": "19.08600", "2012-09-30": "15.43600", "2012-06-30": "19.00900", "2012-03-31": "16.16200", "2011-12-31": "21.91800", "2011-09-30": "13.96300", "2011-06-30": "15.97700", "2011-03-31": "13.42400", "2010-12-31": "10.03300", "2010-09-30": "9.31000", "2010-06-30": "10.29400", "2010-03-31": "8.16300", "2009-12-31": "12.68700", "2009-09-30": "2.41300", "2009-06-30": "8.43300", "2009-03-31": "9.02900", "2008-12-31": "17.66700", "2008-09-30": "10.04400", "2008-06-30": "12.33700", "2008-03-31": "7.54500", "2007-12-31": "24.82000", "2007-09-30": "5.94300", "2007-06-30": "4.87600", "2007-03-31": "4.19200", "2006-12-31": "13.59900", "2006-09-30": "1.96600", "2006-06-30": "8.04500", "2006-03-31": "2.79300", "2005-12-31": "10.74300", "2005-09-30": "-0.35200", "2005-06-30": "0.31800", "2005-03-31": "-2.83400"}, "Income After Taxes": {"2020-09-30": "16.96400", "2020-06-30": "55.07700", "2020-03-31": "75.09700", "2019-12-31": "67.70100", "2019-09-30": "41.38800", "2019-06-30": "103.40600", "2019-03-31": "20.79500", "2018-12-31": "84.02000", "2018-09-30": "11.75300", "2018-06-30": "46.27000", "2018-03-31": "-19.58700", "2017-12-31": "107.30700", "2017-09-30": "-48.18000", "2017-06-30": "-92.28100", "2017-03-31": "36.43300", "2016-12-31": "66.48500", "2016-09-30": "30.48400", "2016-06-30": "51.62600", "2016-03-31": "44.98700", "2015-12-31": "65.76300", "2015-09-30": "30.36600", "2015-06-30": "51.15500", "2015-03-31": "28.35100", "2014-12-31": "59.14400", "2014-09-30": "33.84600", "2014-06-30": "53.04000", "2014-03-31": "37.73600", "2013-12-31": "61.41800", "2013-09-30": "38.19400", "2013-06-30": "46.51400", "2013-03-31": "36.67500", "2012-12-31": "58.82300", "2012-09-30": "31.37500", "2012-06-30": "41.48400", "2012-03-31": "34.22100", "2011-12-31": "45.02400", "2011-09-30": "30.46400", "2011-06-30": "32.22300", "2011-03-31": "29.19100", "2010-12-31": "36.69400", "2010-09-30": "20.07500", "2010-06-30": "20.11300", "2010-03-31": "19.40300", "2009-12-31": "25.71600", "2009-09-30": "20.06700", "2009-06-30": "17.18500", "2009-03-31": "19.99600", "2008-12-31": "33.64600", "2008-09-30": "18.78100", "2008-06-30": "30.12800", "2008-03-31": "14.59300", "2007-12-31": "38.04700", "2007-09-30": "11.66300", "2007-06-30": "11.97900", "2007-03-31": "8.97700", "2006-12-31": "18.63600", "2006-09-30": "9.60800", "2006-06-30": "18.24400", "2006-03-31": "7.77000", "2005-12-31": "14.81000", "2005-09-30": "-1.72100", "2005-06-30": "-0.81900", "2005-03-31": "-14.70700"}, "Other Income": {"2020-09-30": "", "2020-06-30": "", "2020-03-31": "", "2019-12-31": "", "2019-09-30": "", "2019-06-30": "", "2019-03-31": "", "2018-12-31": "", "2018-09-30": "", "2018-06-30": "", "2018-03-31": "", "2017-12-31": "", "2017-09-30": "", "2017-06-30": "", "2017-03-31": "", "2016-12-31": "", "2016-09-30": "", "2016-06-30": "", "2016-03-31": "", "2015-12-31": "", "2015-09-30": "", "2015-06-30": "", "2015-03-31": "", "2014-12-31": "", "2014-09-30": "", "2014-06-30": "", "2014-03-31": "", "2013-12-31": "", "2013-09-30": "", "2013-06-30": "", "2013-03-31": "", "2012-12-31": "", "2012-09-30": "", "2012-06-30": "", "2012-03-31": "", "2011-12-31": "", "2011-09-30": "", "2011-06-30": "", "2011-03-31": "", "2010-12-31": "", "2010-09-30": "", "2010-06-30": "", "2010-03-31": "", "2009-12-31": "", "2009-09-30": "", "2009-06-30": "", "2009-03-31": "", "2008-12-31": "", "2008-09-30": "", "2008-06-30": "", "2008-03-31": "", "2007-12-31": "", "2007-09-30": "", "2007-06-30": "", "2007-03-31": "", "2006-12-31": "", "2006-09-30": "", "2006-06-30": "", "2006-03-31": "", "2005-12-31": "", "2005-09-30": "", "2005-06-30": "", "2005-03-31": ""}, "Income From Continuous Operations": {"2020-09-30": "16.96400", "2020-06-30": "55.07700", "2020-03-31": "75.09700", "2019-12-31": "67.70100", "2019-09-30": "41.38800", "2019-06-30": "103.40600", "2019-03-31": "20.79500", "2018-12-31": "84.02000", "2018-09-30": "11.75300", "2018-06-30": "46.27000", "2018-03-31": "-19.58700", "2017-12-31": "107.30700", "2017-09-30": "-48.18000", "2017-06-30": "-92.28100", "2017-03-31": "36.43300", "2016-12-31": "66.48500", "2016-09-30": "30.48400", "2016-06-30": "51.62600", "2016-03-31": "44.98700", "2015-12-31": "65.76300", "2015-09-30": "30.36600", "2015-06-30": "51.15500", "2015-03-31": "28.35100", "2014-12-31": "59.14400", "2014-09-30": "33.84600", "2014-06-30": "53.04000", "2014-03-31": "37.73600", "2013-12-31": "61.41800", "2013-09-30": "38.19400", "2013-06-30": "46.51400", "2013-03-31": "36.67500", "2012-12-31": "58.82300", "2012-09-30": "31.37500", "2012-06-30": "41.48400", "2012-03-31": "34.22100", "2011-12-31": "45.02400", "2011-09-30": "30.46400", "2011-06-30": "32.22300", "2011-03-31": "29.19100", "2010-12-31": "36.69400", "2010-09-30": "20.07500", "2010-06-30": "20.11300", "2010-03-31": "19.40300", "2009-12-31": "25.71600", "2009-09-30": "20.06700", "2009-06-30": "17.18500", "2009-03-31": "19.99600", "2008-12-31": "33.64600", "2008-09-30": "18.78100", "2008-06-30": "30.12800", "2008-03-31": "14.59300", "2007-12-31": "38.04700", "2007-09-30": "11.66300", "2007-06-30": "11.97900", "2007-03-31": "8.97700", "2006-12-31": "18.63600", "2006-09-30": "9.60800", "2006-06-30": "18.24400", "2006-03-31": "7.77000", "2005-12-31": "14.81000", "2005-09-30": "-1.72100", "2005-06-30": "-0.81900", "2005-03-31": "-14.70700"}, "Income From Discontinued Operations": {"2020-09-30": "", "2020-06-30": "", "2020-03-31": "", "2019-12-31": "", "2019-09-30": "", "2019-06-30": "", "2019-03-31": "", "2018-12-31": "", "2018-09-30": "", "2018-06-30": "", "2018-03-31": "", "2017-12-31": "", "2017-09-30": "", "2017-06-30": "", "2017-03-31": "", "2016-12-31": "", "2016-09-30": "", "2016-06-30": "", "2016-03-31": "", "2015-12-31": "", "2015-09-30": "", "2015-06-30": "", "2015-03-31": "", "2014-12-31": "", "2014-09-30": "", "2014-06-30": "", "2014-03-31": "", "2013-12-31": "", "2013-09-30": "", "2013-06-30": "", "2013-03-31": "", "2012-12-31": "", "2012-09-30": "", "2012-06-30": "", "2012-03-31": "", "2011-12-31": "", "2011-09-30": "", "2011-06-30": "", "2011-03-31": "", "2010-12-31": "", "2010-09-30": "", "2010-06-30": "", "2010-03-31": "", "2009-12-31": "", "2009-09-30": "", "2009-06-30": "", "2009-03-31": "", "2008-12-31": "", "2008-09-30": "", "2008-06-30": "-0.22800", "2008-03-31": "6.95100", "2007-12-31": "0.77200", "2007-09-30": "0.83100", "2007-06-30": "2.06900", "2007-03-31": "-0.78500", "2006-12-31": "", "2006-09-30": "", "2006-06-30": "", "2006-03-31": "", "2005-12-31": "", "2005-09-30": "", "2005-06-30": "", "2005-03-31": ""}, "Net Income": {"2020-09-30": "16.96400", "2020-06-30": "55.07700", "2020-03-31": "75.09700", "2019-12-31": "67.70100", "2019-09-30": "41.38800", "2019-06-30": "103.40600", "2019-03-31": "20.79500", "2018-12-31": "84.02000", "2018-09-30": "11.75300", "2018-06-30": "46.27000", "2018-03-31": "-19.58700", "2017-12-31": "107.30700", "2017-09-30": "-48.18000", "2017-06-30": "-92.28100", "2017-03-31": "36.43300", "2016-12-31": "66.48500", "2016-09-30": "30.48400", "2016-06-30": "51.62600", "2016-03-31": "44.98700", "2015-12-31": "65.76300", "2015-09-30": "30.36600", "2015-06-30": "51.15500", "2015-03-31": "28.35100", "2014-12-31": "59.14400", "2014-09-30": "33.84600", "2014-06-30": "53.04000", "2014-03-31": "37.73600", "2013-12-31": "61.41800", "2013-09-30": "38.19400", "2013-06-30": "46.51400", "2013-03-31": "36.67500", "2012-12-31": "58.82300", "2012-09-30": "31.37500", "2012-06-30": "41.48400", "2012-03-31": "34.22100", "2011-12-31": "45.02400", "2011-09-30": "30.46400", "2011-06-30": "32.22300", "2011-03-31": "29.19100", "2010-12-31": "36.69400", "2010-09-30": "20.07500", "2010-06-30": "20.11300", "2010-03-31": "19.40300", "2009-12-31": "25.71600", "2009-09-30": "20.06700", "2009-06-30": "17.18500", "2009-03-31": "19.99600", "2008-12-31": "33.64600", "2008-09-30": "18.78100", "2008-06-30": "29.90000", "2008-03-31": "21.54400", "2007-12-31": "38.81900", "2007-09-30": "12.49400", "2007-06-30": "14.04800", "2007-03-31": "8.19200", "2006-12-31": "22.57000", "2006-09-30": "9.60800", "2006-06-30": "18.24400", "2006-03-31": "7.77000", "2005-12-31": "14.81000", "2005-09-30": "-1.72100", "2005-06-30": "-0.81900", "2005-03-31": "-14.70700"}, "EBITDA": {"2020-09-30": "100.46000", "2020-06-30": "188.05600", "2020-03-31": "203.91300", "2019-12-31": "191.43130", "2019-09-30": "80.61600", "2019-06-30": "191.50390", "2019-03-31": "124.81200", "2018-12-31": "183.73610", "2018-09-30": "122.51500", "2018-06-30": "161.66710", "2018-03-31": "61.21300", "2017-12-31": "136.24980", "2017-09-30": "47.97610", "2017-06-30": "-5.82400", "2017-03-31": "70.50210", "2016-12-31": "125.12300", "2016-09-30": "64.93100", "2016-06-30": "100.28090", "2016-03-31": "79.85700", "2015-12-31": "115.94970", "2015-09-30": "65.45900", "2015-06-30": "95.58400", "2015-03-31": "59.64700", "2014-12-31": "107.43690", "2014-09-30": "60.31300", "2014-06-30": "91.98000", "2014-03-31": "68.48900", "2013-12-31": "98.33800", "2013-09-30": "67.98700", "2013-06-30": "83.02200", "2013-03-31": "63.29700", "2012-12-31": "88.52090", "2012-09-30": "57.93500", "2012-06-30": "70.33100", "2012-03-31": "60.69900", "2011-12-31": "77.15100", "2011-09-30": "55.17800", "2011-06-30": "60.91100", "2011-03-31": "55.17400", "2010-12-31": "62.51790", "2010-09-30": "41.74200", "2010-06-30": "43.46600", "2010-03-31": "38.98000", "2009-12-31": "48.69000", "2009-09-30": "34.74700", "2009-06-30": "37.85700", "2009-03-31": "41.68600", "2008-12-31": "63.41090", "2008-09-30": "41.93300", "2008-06-30": "54.30400", "2008-03-31": "33.43700", "2007-12-31": "73.98300", "2007-09-30": "29.53200", "2007-06-30": "27.26800", "2007-03-31": "26.42700", "2006-12-31": "43.19790", "2006-09-30": "25.49000", "2006-06-30": "40.31100", "2006-03-31": "24.86400", "2005-12-31": "40.10100", "2005-09-30": "11.05000", "2005-06-30": "15.73800", "2005-03-31": "-4.45700"}, "EBIT": {"2020-09-30": "87.65000", "2020-06-30": "99.65100", "2020-03-31": "124.71800", "2019-12-31": "136.13910", "2019-09-30": "69.14700", "2019-06-30": "116.00190", "2019-03-31": "48.79900", "2018-12-31": "129.60600", "2018-09-30": "52.72400", "2018-06-30": "86.09610", "2018-03-31": "-8.71100", "2017-12-31": "62.90380", "2017-09-30": "-24.34890", "2017-06-30": "-98.38800", "2017-03-31": "53.50410", "2016-12-31": "108.68720", "2016-09-30": "48.72600", "2016-06-30": "83.29900", "2016-03-31": "64.42900", "2015-12-31": "101.62080", "2015-09-30": "52.47400", "2015-06-30": "85.22000", "2015-03-31": "48.68200", "2014-12-31": "95.84010", "2014-09-30": "49.39100", "2014-06-30": "81.76100", "2014-03-31": "59.17000", "2013-12-31": "88.75700", "2013-09-30": "58.74300", "2013-06-30": "73.98700", "2013-03-31": "54.00500", "2012-12-31": "79.66090", "2012-09-30": "49.76800", "2012-06-30": "62.72200", "2012-03-31": "53.55600", "2011-12-31": "69.46300", "2011-09-30": "47.25000", "2011-06-30": "51.56800", "2011-03-31": "45.78100", "2010-12-31": "53.07400", "2010-09-30": "32.76300", "2010-06-30": "34.23000", "2010-03-31": "29.19800", "2009-12-31": "41.74410", "2009-09-30": "27.52100", "2009-06-30": "30.76100", "2009-03-31": "34.45100", "2008-12-31": "55.78090", "2008-09-30": "34.68200", "2008-06-30": "47.57500", "2008-03-31": "26.33000", "2007-12-31": "67.02300", "2007-09-30": "22.52600", "2007-06-30": "20.43900", "2007-03-31": "19.47000", "2006-12-31": "35.86090", "2006-09-30": "15.96300", "2006-06-30": "30.59500", "2006-03-31": "15.62000", "2005-12-31": "29.74200", "2005-09-30": "1.18600", "2005-06-30": "5.13800", "2005-03-31": "-10.78600"}, "Basic Shares Outstanding": {"2020-09-30": "89.37800", "2020-06-30": "89.32300", "2020-03-31": "89.21900", "2019-12-31": "89.81700", "2019-09-30": "89.84600", "2019-06-30": "90.11200", "2019-03-31": "89.88200", "2018-12-31": "90.82700", "2018-09-30": "90.85400", "2018-06-30": "91.04800", "2018-03-31": "91.00500", "2017-12-31": "88.46600", "2017-09-30": "90.62400", "2017-06-30": "89.29700", "2017-03-31": "82.83500", "2016-12-31": "82.57100", "2016-09-30": "82.63800", "2016-06-30": "82.55900", "2016-03-31": "82.45100", "2015-12-31": "83.85200", "2015-09-30": "82.98900", "2015-06-30": "83.20300", "2015-03-31": "86.53900", "2014-12-31": "89.33700", "2014-09-30": "88.51300", "2014-06-30": "89.52100", "2014-03-31": "91.66900", "2013-12-31": "93.01500", "2013-09-30": "92.68900", "2013-06-30": "93.57400", "2013-03-31": "93.59500", "2012-12-31": "93.44400", "2012-09-30": "93.52200", "2012-06-30": "93.35000", "2012-03-31": "93.41600", "2011-12-31": "96.01900", "2011-09-30": "96.05700", "2011-06-30": "96.88600", "2011-03-31": "96.44200", "2010-12-31": "95.74700", "2010-09-30": "95.47300", "2010-06-30": "95.65700", "2010-03-31": "95.69300", "2009-12-31": "94.65800", "2009-09-30": "94.87200", "2009-06-30": "94.37000", "2009-03-31": "93.89800", "2008-12-31": "95.24600", "2008-09-30": "94.53900", "2008-06-30": "94.84500", "2008-03-31": "97.79000", "2007-12-31": "103.61300", "2007-09-30": "104.72800", "2007-06-30": "104.25900", "2007-03-31": "103.52100", "2006-12-31": "113.07100", "2006-09-30": "113.52300", "2006-06-30": "113.52500", "2006-03-31": "113.76900", "2005-12-31": "112.25300", "2005-09-30": "112.54200", "2005-06-30": "111.88000", "2005-03-31": "111.32400"}, "Shares Outstanding": {"2020-09-30": "89.95500", "2020-06-30": "89.78000", "2020-03-31": "90.06600", "2019-12-31": "90.97100", "2019-09-30": "90.88700", "2019-06-30": "91.18800", "2019-03-31": "91.00400", "2018-12-31": "92.12200", "2018-09-30": "92.14800", "2018-06-30": "92.15600", "2018-03-31": "91.00500", "2017-12-31": "89.79000", "2017-09-30": "90.62400", "2017-06-30": "89.29700", "2017-03-31": "84.09500", "2016-12-31": "83.82000", "2016-09-30": "83.80300", "2016-06-30": "83.71100", "2016-03-31": "83.46400", "2015-12-31": "85.05600", "2015-09-30": "84.11300", "2015-06-30": "84.27100", "2015-03-31": "87.77300", "2014-12-31": "90.71900", "2014-09-30": "89.70800", "2014-06-30": "90.74400", "2014-03-31": "93.20900", "2013-12-31": "94.83000", "2013-09-30": "94.35500", "2013-06-30": "95.18800", "2013-03-31": "95.53700", "2012-12-31": "95.84200", "2012-09-30": "95.61100", "2012-06-30": "95.42300", "2012-03-31": "96.19900", "2011-12-31": "98.84600", "2011-09-30": "98.25900", "2011-06-30": "99.34000", "2011-03-31": "99.45100", "2010-12-31": "99.83400", "2010-09-30": "98.79700", "2010-06-30": "98.85500", "2010-03-31": "99.64900", "2009-12-31": "97.54900", "2009-09-30": "97.65700", "2009-06-30": "96.52300", "2009-03-31": "95.76300", "2008-12-31": "99.02800", "2008-09-30": "98.55200", "2008-06-30": "98.89500", "2008-03-31": "101.36300", "2007-12-31": "108.32800", "2007-09-30": "109.19700", "2007-06-30": "109.57100", "2007-03-31": "108.26300", "2006-12-31": "116.20300", "2006-09-30": "116.25500", "2006-06-30": "115.74300", "2006-03-31": "115.79800", "2005-12-31": "112.25300", "2005-09-30": "112.54200", "2005-06-30": "111.88000", "2005-03-31": "111.32400"}, "Basic EPS": {"2020-09-30": "0.19000", "2020-06-30": "0.62000", "2020-03-31": "0.84000", "2019-12-31": "0.76000", "2019-09-30": "0.46000", "2019-06-30": "1.15000", "2019-03-31": "0.23000", "2018-12-31": "0.93000", "2018-09-30": "0.13000", "2018-06-30": "0.51000", "2018-03-31": "-0.22000", "2017-12-31": "1.16000", "2017-09-30": "-0.53000", "2017-06-30": "-1.03000", "2017-03-31": "0.44000", "2016-12-31": "0.79000", "2016-09-30": "0.37000", "2016-06-30": "0.63000", "2016-03-31": "0.55000", "2015-12-31": "0.78000", "2015-09-30": "0.37000", "2015-06-30": "0.61000", "2015-03-31": "0.33000", "2014-12-31": "0.68000", "2014-09-30": "0.38000", "2014-06-30": "0.59000", "2014-03-31": "0.41000", "2013-12-31": "0.67000", "2013-09-30": "0.41000", "2013-06-30": "0.50000", "2013-03-31": "0.39000", "2012-12-31": "0.63000", "2012-09-30": "0.34000", "2012-06-30": "0.44000", "2012-03-31": "0.37000", "2011-12-31": "0.48000", "2011-09-30": "0.32000", "2011-06-30": "0.33000", "2011-03-31": "0.30000", "2010-12-31": "0.39000", "2010-09-30": "0.21000", "2010-06-30": "0.21000", "2010-03-31": "0.20000", "2009-12-31": "0.28000", "2009-09-30": "0.21000", "2009-06-30": "0.18000", "2009-03-31": "0.21000", "2008-12-31": "0.35000", "2008-09-30": "0.20000", "2008-06-30": "0.32000", "2008-03-31": "0.22000", "2007-12-31": "0.38000", "2007-09-30": "0.12000", "2007-06-30": "0.13000", "2007-03-31": "0.08000", "2006-12-31": "0.20000", "2006-09-30": "0.08000", "2006-06-30": "0.16000", "2006-03-31": "0.07000", "2005-12-31": "0.14000", "2005-09-30": "-0.02000", "2005-06-30": "-0.01000", "2005-03-31": "-0.13000"}, "EPS - Earnings Per Share": {"2020-09-30": "0.19000", "2020-06-30": "0.61000", "2020-03-31": "0.83000", "2019-12-31": "0.74000", "2019-09-30": "0.46000", "2019-06-30": "1.13000", "2019-03-31": "0.23000", "2018-12-31": "0.92000", "2018-09-30": "0.13000", "2018-06-30": "0.50000", "2018-03-31": "-0.22000", "2017-12-31": "1.17000", "2017-09-30": "-0.53000", "2017-06-30": "-1.03000", "2017-03-31": "0.43000", "2016-12-31": "0.79000", "2016-09-30": "0.36000", "2016-06-30": "0.62000", "2016-03-31": "0.54000", "2015-12-31": "0.77000", "2015-09-30": "0.36000", "2015-06-30": "0.61000", "2015-03-31": "0.32000", "2014-12-31": "0.67000", "2014-09-30": "0.38000", "2014-06-30": "0.58000", "2014-03-31": "0.40000", "2013-12-31": "0.66000", "2013-09-30": "0.40000", "2013-06-30": "0.49000", "2013-03-31": "0.38000", "2012-12-31": "0.61000", "2012-09-30": "0.33000", "2012-06-30": "0.43000", "2012-03-31": "0.36000", "2011-12-31": "0.47000", "2011-09-30": "0.31000", "2011-06-30": "0.32000", "2011-03-31": "0.29000", "2010-12-31": "0.37000", "2010-09-30": "0.20000", "2010-06-30": "0.20000", "2010-03-31": "0.19000", "2009-12-31": "0.25000", "2009-09-30": "0.21000", "2009-06-30": "0.18000", "2009-03-31": "0.21000", "2008-12-31": "0.35000", "2008-09-30": "0.19000", "2008-06-30": "0.30000", "2008-03-31": "0.21000", "2007-12-31": "0.36000", "2007-09-30": "0.11000", "2007-06-30": "0.13000", "2007-03-31": "0.08000", "2006-12-31": "0.19000", "2006-09-30": "0.08000", "2006-06-30": "0.16000", "2006-03-31": "0.07000", "2005-12-31": "0.14000", "2005-09-30": "-0.02000", "2005-06-30": "-0.01000", "2005-03-31": "-0.13000"}}, "balance sheet": {"Cash On Hand": {"2019-12-31": "280.83600", "2018-12-31": "156.36800", "2017-12-31": "538.90800", "2016-12-31": "474.23300", "2015-12-31": "372.97600", "2014-12-31": "365.30200", "2013-12-31": "423.99000", "2012-12-31": "299.85200", "2011-12-31": "142.73900", "2010-12-31": "120.18100", "2009-12-31": "116.57400", "2008-12-31": "140.92900", "2007-12-31": "109.94500", "2006-12-31": "67.80100", "2005-12-31": "70.28200"}, "Receivables": {"2019-12-31": "1326.01200", "2018-12-31": "1255.11800", "2017-12-31": "1176.84300", "2016-12-31": "643.01300", "2015-12-31": "580.76300", "2014-12-31": "552.10700", "2013-12-31": "490.92300", "2012-12-31": "463.96800", "2011-12-31": "421.03300", "2010-12-31": "364.81800", "2009-12-31": "317.59800", "2008-12-31": "318.51100", "2007-12-31": "354.92600", "2006-12-31": "328.38300", "2005-12-31": "313.19500"}, "Inventory": {"2019-12-31": "", "2018-12-31": "", "2017-12-31": "", "2016-12-31": "", "2015-12-31": "", "2014-12-31": "", "2013-12-31": "", "2012-12-31": "", "2011-12-31": "", "2010-12-31": "", "2009-12-31": "", "2008-12-31": "", "2007-12-31": "", "2006-12-31": "", "2005-12-31": ""}, "Pre-Paid Expenses": {"2019-12-31": "146.02600", "2018-12-31": "165.23700", "2017-12-31": "124.63200", "2016-12-31": "84.54000", "2015-12-31": "62.42700", "2014-12-31": "63.86800", "2013-12-31": "63.68200", "2012-12-31": "75.71300", "2011-12-31": "63.52100", "2010-12-31": "64.14800", "2009-12-31": "53.40000", "2008-12-31": "42.93500", "2007-12-31": "39.38200", "2006-12-31": "41.02700", "2005-12-31": "35.83800"}, "Other Current Assets": {"2019-12-31": "", "2018-12-31": "", "2017-12-31": "542.96500", "2016-12-31": "", "2015-12-31": "", "2014-12-31": "", "2013-12-31": "", "2012-12-31": "", "2011-12-31": "", "2010-12-31": "", "2009-12-31": "", "2008-12-31": "", "2007-12-31": "", "2006-12-31": "", "2005-12-31": ""}, "Total Current Assets": {"2019-12-31": "2018.74100", "2018-12-31": "1811.73900", "2017-12-31": "2588.60800", "2016-12-31": "1343.19600", "2015-12-31": "1140.99700", "2014-12-31": "1096.65800", "2013-12-31": "1084.88200", "2012-12-31": "927.46600", "2011-12-31": "705.78500", "2010-12-31": "621.10200", "2009-12-31": "557.82500", "2008-12-31": "554.52400", "2007-12-31": "557.79000", "2006-12-31": "484.03300", "2005-12-31": "462.11900"}, "Property, Plant, And Equipment": {"2019-12-31": "344.57900", "2018-12-31": "267.66500", "2017-12-31": "221.50700", "2016-12-31": "121.60600", "2015-12-31": "108.73300", "2014-12-31": "97.99000", "2013-12-31": "91.75900", "2012-12-31": "89.08900", "2011-12-31": "68.13200", "2010-12-31": "47.61400", "2009-12-31": "52.46600", "2008-12-31": "61.86900", "2007-12-31": "66.55100", "2006-12-31": "59.71500", "2005-12-31": "61.77000"}, "Long-Term Investments": {"2019-12-31": "", "2018-12-31": "", "2017-12-31": "", "2016-12-31": "", "2015-12-31": "", "2014-12-31": "", "2013-12-31": "", "2012-12-31": "", "2011-12-31": "", "2010-12-31": "", "2009-12-31": "", "2008-12-31": "", "2007-12-31": "", "2006-12-31": "", "2005-12-31": ""}, "Goodwill And Intangible Assets": {"2019-12-31": "3862.81300", "2018-12-31": "3965.70100", "2017-12-31": "4279.31600", "2016-12-31": "815.25400", "2015-12-31": "811.90300", "2014-12-31": "617.35400", "2013-12-31": "525.31000", "2012-12-31": "531.32700", "2011-12-31": "515.61000", "2010-12-31": "523.84900", "2009-12-31": "537.72500", "2008-12-31": "400.75200", "2007-12-31": "419.82600", "2006-12-31": "414.52300", "2005-12-31": "419.82700"}, "Other Long-Term Assets": {"2019-12-31": "222.24500", "2018-12-31": "156.36900", "2017-12-31": "193.74200", "2016-12-31": "87.27900", "2015-12-31": "106.88400", "2014-12-31": "92.34900", "2013-12-31": "81.63100", "2012-12-31": "73.39500", "2011-12-31": "90.34500", "2010-12-31": "93.09300", "2009-12-31": "67.26300", "2008-12-31": "75.92000", "2007-12-31": "89.04300", "2006-12-31": "81.52200", "2005-12-31": "82.90100"}, "Total Long-Term Assets": {"2019-12-31": "5132.55300", "2018-12-31": "4389.73500", "2017-12-31": "4694.56500", "2016-12-31": "1024.13900", "2015-12-31": "1027.52000", "2014-12-31": "807.69300", "2013-12-31": "698.70000", "2012-12-31": "693.81100", "2011-12-31": "674.08700", "2010-12-31": "664.55600", "2009-12-31": "657.45400", "2008-12-31": "538.54100", "2007-12-31": "575.42000", "2006-12-31": "555.76000", "2005-12-31": "564.49800"}, "Total Assets": {"2019-12-31": "7151.29400", "2018-12-31": "6201.47400", "2017-12-31": "7283.17300", "2016-12-31": "2367.33500", "2015-12-31": "2168.51700", "2014-12-31": "1904.35100", "2013-12-31": "1783.58200", "2012-12-31": "1621.27700", "2011-12-31": "1379.87200", "2010-12-31": "1285.65800", "2009-12-31": "1215.27900", "2008-12-31": "1093.06500", "2007-12-31": "1133.21000", "2006-12-31": "1039.79300", "2005-12-31": "1026.61700"}, "Total Current Liabilities": {"2019-12-31": "2856.53400", "2018-12-31": "2620.93500", "2017-12-31": "2822.58500", "2016-12-31": "1460.24900", "2015-12-31": "1323.49200", "2014-12-31": "1215.21800", "2013-12-31": "1159.92300", "2012-12-31": "1070.00000", "2011-12-31": "921.13700", "2010-12-31": "811.15200", "2009-12-31": "898.17300", "2008-12-31": "792.40900", "2007-12-31": "876.01200", "2006-12-31": "803.88300", "2005-12-31": "642.76800"}, "Long Term Debt": {"2019-12-31": "2043.88800", "2018-12-31": "2116.10900", "2017-12-31": "2899.12400", "2016-12-31": "664.39100", "2015-12-31": "783.83100", "2014-12-31": "385.00000", "2013-12-31": "136.25000", "2012-12-31": "115.00000", "2011-12-31": "150.00000", "2010-12-31": "180.00000", "2009-12-31": "124.00000", "2008-12-31": "238.50000", "2007-12-31": "157.50000", "2006-12-31": "150.00000", "2005-12-31": "180.00000"}, "Other Non-Current Liabilities": {"2019-12-31": "479.74600", "2018-12-31": "613.67300", "2017-12-31": "577.99900", "2016-12-31": "181.81700", "2015-12-31": "193.59400", "2014-12-31": "142.96200", "2013-12-31": "126.09300", "2012-12-31": "129.60400", "2011-12-31": "126.95100", "2010-12-31": "107.45000", "2009-12-31": "80.57100", "2008-12-31": "83.47200", "2007-12-31": "82.20000", "2006-12-31": "59.59200", "2005-12-31": "57.26100"}, "Total Long Term Liabilities": {"2019-12-31": "3356.16700", "2018-12-31": "2729.78200", "2017-12-31": "3477.12300", "2016-12-31": "846.20800", "2015-12-31": "977.42500", "2014-12-31": "527.96200", "2013-12-31": "262.34300", "2012-12-31": "244.60400", "2011-12-31": "276.95100", "2010-12-31": "287.45000", "2009-12-31": "204.57100", "2008-12-31": "321.97200", "2007-12-31": "239.70000", "2006-12-31": "209.59200", "2005-12-31": "237.26100"}, "Total Liabilities": {"2019-12-31": "6212.70100", "2018-12-31": "5350.71700", "2017-12-31": "6299.70800", "2016-12-31": "2306.45700", "2015-12-31": "2300.91700", "2014-12-31": "1743.18000", "2013-12-31": "1422.26600", "2012-12-31": "1314.60400", "2011-12-31": "1198.08800", "2010-12-31": "1098.60200", "2009-12-31": "1102.74400", "2008-12-31": "1114.38100", "2007-12-31": "1115.71200", "2006-12-31": "1013.47500", "2005-12-31": "880.02900"}, "Common Stock Net": {"2019-12-31": "0.08200", "2018-12-31": "0.08200", "2017-12-31": "0.08200", "2016-12-31": "0.07800", "2015-12-31": "0.07800", "2014-12-31": "0.07800", "2013-12-31": "0.07800", "2012-12-31": "0.07800", "2011-12-31": "0.07800", "2010-12-31": "0.07800", "2009-12-31": "0.07800", "2008-12-31": "0.07800", "2007-12-31": "0.07800", "2006-12-31": "0.07800", "2005-12-31": "0.07700"}, "Retained Earnings (Accumulated Deficit)": {"2019-12-31": "1988.72200", "2018-12-31": "1755.43200", "2017-12-31": "1647.28400", "2016-12-31": "1644.00500", "2015-12-31": "1450.68400", "2014-12-31": "1275.04900", "2013-12-31": "1091.28300", "2012-12-31": "908.48200", "2011-12-31": "742.57900", "2010-12-31": "605.67700", "2009-12-31": "509.39200", "2008-12-31": "426.42800", "2007-12-31": "322.55700", "2006-12-31": "249.00400", "2005-12-31": "187.65200"}, "Comprehensive Income": {"2019-12-31": "-77.93800", "2018-12-31": "-39.86700", "2017-12-31": "1.50800", "2016-12-31": "-49.68300", "2015-12-31": "-44.40200", "2014-12-31": "-21.17000", "2013-12-31": "8.34500", "2012-12-31": "5.96800", "2011-12-31": "5.79300", "2010-12-31": "14.63800", "2009-12-31": "11.32200", "2008-12-31": "-1.74100", "2007-12-31": "23.64100", "2006-12-31": "13.09700", "2005-12-31": "6.32000"}, "Other Share Holders Equity": {"2019-12-31": "", "2018-12-31": "", "2017-12-31": "", "2016-12-31": "", "2015-12-31": "", "2014-12-31": "", "2013-12-31": "", "2012-12-31": "", "2011-12-31": "", "2010-12-31": "", "2009-12-31": "", "2008-12-31": "", "2007-12-31": "", "2006-12-31": "", "2005-12-31": ""}, "Share Holder Equity": {"2019-12-31": "938.59300", "2018-12-31": "850.75700", "2017-12-31": "983.46500", "2016-12-31": "60.87800", "2015-12-31": "-132.40000", "2014-12-31": "161.17100", "2013-12-31": "361.31600", "2012-12-31": "306.67300", "2011-12-31": "181.78400", "2010-12-31": "187.05600", "2009-12-31": "112.53500", "2008-12-31": "-21.31600", "2007-12-31": "17.49800", "2006-12-31": "26.31800", "2005-12-31": "146.58800"}, "Total Liabilities And Share Holders Equity": {"2019-12-31": "7151.29400", "2018-12-31": "6201.47400", "2017-12-31": "7283.17300", "2016-12-31": "2367.33500", "2015-12-31": "2168.51700", "2014-12-31": "1904.35100", "2013-12-31": "1783.58200", "2012-12-31": "1621.27700", "2011-12-31": "1379.87200", "2010-12-31": "1285.65800", "2009-12-31": "1215.27900", "2008-12-31": "1093.06500", "2007-12-31": "1133.21000", "2006-12-31": "1039.79300", "2005-12-31": "1026.61700"}}, "balance sheet, quarterly": {"Cash On Hand": {"2020-09-30": "553.71500", "2020-06-30": "356.63300", "2020-03-31": "227.85000", "2019-12-31": "280.83600", "2019-09-30": "306.72700", "2019-06-30": "218.45300", "2019-03-31": "149.27000", "2018-12-31": "156.36800", "2018-09-30": "210.99700", "2018-06-30": "141.80500", "2018-03-31": "189.97900", "2017-12-31": "538.90800", "2017-09-30": "630.01600", "2017-06-30": "589.28200", "2017-03-31": "1227.89100", "2016-12-31": "474.23300", "2016-09-30": "465.73400", "2016-06-30": "445.05300", "2016-03-31": "403.94300", "2015-12-31": "372.97600", "2015-09-30": "371.24400", "2015-06-30": "357.58100", "2015-03-31": "281.65300", "2014-12-31": "365.30200", "2014-09-30": "341.22000", "2014-06-30": "317.92500", "2014-03-31": "283.28400", "2013-12-31": "423.99000", "2013-09-30": "374.52100", "2013-06-30": "333.36300", "2013-03-31": "269.06300", "2012-12-31": "299.85200", "2012-09-30": "255.39100", "2012-06-30": "150.53100", "2012-03-31": "138.98500", "2011-12-31": "142.73900", "2011-09-30": "156.90300", "2011-06-30": "125.34100", "2011-03-31": "109.00300", "2010-12-31": "120.18100", "2010-09-30": "148.41200", "2010-06-30": "122.36400", "2010-03-31": "105.91300", "2009-12-31": "116.57400", "2009-09-30": "112.77800", "2009-06-30": "96.96400", "2009-03-31": "70.26300", "2008-12-31": "140.92900", "2008-09-30": "145.17100", "2008-06-30": "136.89700", "2008-03-31": "95.93500", "2007-12-31": "109.94500", "2007-09-30": "117.70800", "2007-06-30": "102.83800", "2007-03-31": "91.09400", "2006-12-31": "67.80100", "2006-09-30": "92.91300", "2006-06-30": "69.06700", "2006-03-31": "65.64000", "2005-12-31": "70.28200", "2005-09-30": "80.45900", "2005-06-30": "70.48000", "2005-03-31": "158.72100"}, "Receivables": {"2020-09-30": "948.86400", "2020-06-30": "1048.51900", "2020-03-31": "1148.56500", "2019-12-31": "1326.01200", "2019-09-30": "1028.32000", "2019-06-30": "1112.85600", "2019-03-31": "1178.85900", "2018-12-31": "1255.11800", "2018-09-30": "979.18100", "2018-06-30": "1083.99000", "2018-03-31": "1134.96400", "2017-12-31": "1176.84300", "2017-09-30": "874.28300", "2017-06-30": "886.39300", "2017-03-31": "716.48700", "2016-12-31": "643.01300", "2016-09-30": "560.20200", "2016-06-30": "613.79500", "2016-03-31": "602.87700", "2015-12-31": "580.76300", "2015-09-30": "482.30200", "2015-06-30": "527.61500", "2015-03-31": "526.38400", "2014-12-31": "552.10700", "2014-09-30": "449.92300", "2014-06-30": "493.21600", "2014-03-31": "496.99700", "2013-12-31": "490.92300", "2013-09-30": "392.17400", "2013-06-30": "432.01100", "2013-03-31": "441.40500", "2012-12-31": "463.96800", "2012-09-30": "370.95100", "2012-06-30": "389.41400", "2012-03-31": "384.12500", "2011-12-31": "421.03300", "2011-09-30": "349.28700", "2011-06-30": "360.56400", "2011-03-31": "345.03500", "2010-12-31": "364.81800", "2010-09-30": "299.98700", "2010-06-30": "284.09800", "2010-03-31": "303.16500", "2009-12-31": "317.59800", "2009-09-30": "251.05000", "2009-06-30": "252.22800", "2009-03-31": "259.03900", "2008-12-31": "318.51100", "2008-09-30": "303.66200", "2008-06-30": "313.25900", "2008-03-31": "327.24300", "2007-12-31": "354.92600", "2007-09-30": "314.84400", "2007-06-30": "303.50800", "2007-03-31": "309.74800", "2006-12-31": "328.38300", "2006-09-30": "284.87900", "2006-06-30": "285.67500", "2006-03-31": "277.17500", "2005-12-31": "313.19500", "2005-09-30": "238.74400", "2005-06-30": "236.82300", "2005-03-31": "233.28400"}, "Inventory": {"2020-09-30": "", "2020-06-30": "", "2020-03-31": "", "2019-12-31": "", "2019-09-30": "", "2019-06-30": "", "2019-03-31": "", "2018-12-31": "", "2018-09-30": "", "2018-06-30": "", "2018-03-31": "", "2017-12-31": "", "2017-09-30": "", "2017-06-30": "", "2017-03-31": "", "2016-12-31": "", "2016-09-30": "", "2016-06-30": "", "2016-03-31": "", "2015-12-31": "", "2015-09-30": "", "2015-06-30": "", "2015-03-31": "", "2014-12-31": "", "2014-09-30": "", "2014-06-30": "", "2014-03-31": "", "2013-12-31": "", "2013-09-30": "", "2013-06-30": "", "2013-03-31": "", "2012-12-31": "", "2012-09-30": "", "2012-06-30": "", "2012-03-31": "", "2011-12-31": "", "2011-09-30": "", "2011-06-30": "", "2011-03-31": "", "2010-12-31": "", "2010-09-30": "", "2010-06-30": "", "2010-03-31": "", "2009-12-31": "", "2009-09-30": "", "2009-06-30": "", "2009-03-31": "", "2008-12-31": "", "2008-09-30": "", "2008-06-30": "", "2008-03-31": "", "2007-12-31": "", "2007-09-30": "", "2007-06-30": "", "2007-03-31": "", "2006-12-31": "", "2006-09-30": "", "2006-06-30": "", "2006-03-31": "", "2005-12-31": "", "2005-09-30": "", "2005-06-30": "", "2005-03-31": ""}, "Pre-Paid Expenses": {"2020-09-30": "154.88700", "2020-06-30": "128.63100", "2020-03-31": "156.02600", "2019-12-31": "146.02600", "2019-09-30": "173.85100", "2019-06-30": "148.14000", "2019-03-31": "156.42000", "2018-12-31": "165.23700", "2018-09-30": "178.43600", "2018-06-30": "199.20800", "2018-03-31": "175.20400", "2017-12-31": "124.63200", "2017-09-30": "164.92100", "2017-06-30": "141.23700", "2017-03-31": "91.54600", "2016-12-31": "84.54000", "2016-09-30": "107.31600", "2016-06-30": "63.72500", "2016-03-31": "54.33200", "2015-12-31": "62.42700", "2015-09-30": "114.06100", "2015-06-30": "82.66100", "2015-03-31": "88.20600", "2014-12-31": "63.86800", "2014-09-30": "87.49200", "2014-06-30": "71.93900", "2014-03-31": "67.77700", "2013-12-31": "63.68200", "2013-09-30": "91.07000", "2013-06-30": "80.10000", "2013-03-31": "81.64300", "2012-12-31": "75.71300", "2012-09-30": "89.76600", "2012-06-30": "78.09500", "2012-03-31": "78.24400", "2011-12-31": "63.52100", "2011-09-30": "66.86900", "2011-06-30": "73.83800", "2011-03-31": "92.22100", "2010-12-31": "64.14800", "2010-09-30": "69.62600", "2010-06-30": "57.02600", "2010-03-31": "61.71700", "2009-12-31": "53.40000", "2009-09-30": "47.56300", "2009-06-30": "42.83200", "2009-03-31": "42.14400", "2008-12-31": "42.93500", "2008-09-30": "51.08900", "2008-06-30": "41.65000", "2008-03-31": "46.08900", "2007-12-31": "39.38200", "2007-09-30": "59.56900", "2007-06-30": "65.79200", "2007-03-31": "57.08400", "2006-12-31": "41.02700", "2006-09-30": "43.88200", "2006-06-30": "36.38000", "2006-03-31": "41.37800", "2005-12-31": "35.83800", "2005-09-30": "53.63800", "2005-06-30": "42.51400", "2005-03-31": "39.85000"}, "Other Current Assets": {"2020-09-30": "", "2020-06-30": "", "2020-03-31": "", "2019-12-31": "", "2019-09-30": "", "2019-06-30": "", "2019-03-31": "", "2018-12-31": "", "2018-09-30": "", "2018-06-30": "", "2018-03-31": "603.35400", "2017-12-31": "542.96500", "2017-09-30": "", "2017-06-30": "", "2017-03-31": "", "2016-12-31": "", "2016-09-30": "", "2016-06-30": "", "2016-03-31": "", "2015-12-31": "", "2015-09-30": "", "2015-06-30": "", "2015-03-31": "", "2014-12-31": "", "2014-09-30": "", "2014-06-30": "", "2014-03-31": "", "2013-12-31": "", "2013-09-30": "", "2013-06-30": "", "2013-03-31": "", "2012-12-31": "", "2012-09-30": "", "2012-06-30": "", "2012-03-31": "", "2011-12-31": "", "2011-09-30": "", "2011-06-30": "", "2011-03-31": "", "2010-12-31": "", "2010-09-30": "", "2010-06-30": "", "2010-03-31": "", "2009-12-31": "", "2009-09-30": "", "2009-06-30": "", "2009-03-31": "", "2008-12-31": "", "2008-09-30": "", "2008-06-30": "", "2008-03-31": "", "2007-12-31": "", "2007-09-30": "", "2007-06-30": "", "2007-03-31": "", "2006-12-31": "", "2006-09-30": "", "2006-06-30": "", "2006-03-31": "", "2005-12-31": "", "2005-09-30": "", "2005-06-30": "", "2005-03-31": ""}, "Total Current Assets": {"2020-09-30": "1865.40400", "2020-06-30": "1767.18500", "2020-03-31": "1772.61800", "2019-12-31": "2018.74100", "2019-09-30": "1706.50500", "2019-06-30": "1691.10400", "2019-03-31": "1716.01300", "2018-12-31": "1811.73900", "2018-09-30": "1535.34000", "2018-06-30": "1608.48400", "2018-03-31": "2310.66200", "2017-12-31": "2588.60800", "2017-09-30": "1812.28300", "2017-06-30": "1759.97400", "2017-03-31": "2175.69500", "2016-12-31": "1343.19600", "2016-09-30": "1245.94900", "2016-06-30": "1233.65600", "2016-03-31": "1179.27700", "2015-12-31": "1140.99700", "2015-09-30": "1061.39900", "2015-06-30": "1066.06800", "2015-03-31": "1000.64800", "2014-12-31": "1096.65800", "2014-09-30": "959.23400", "2014-06-30": "971.76900", "2014-03-31": "945.66800", "2013-12-31": "1084.88200", "2013-09-30": "935.15500", "2013-06-30": "923.35800", "2013-03-31": "875.04000", "2012-12-31": "927.46600", "2012-09-30": "781.97800", "2012-06-30": "686.35000", "2012-03-31": "676.82000", "2011-12-31": "705.78500", "2011-09-30": "633.68600", "2011-06-30": "625.60900", "2011-03-31": "616.24000", "2010-12-31": "621.10200", "2010-09-30": "571.84800", "2010-06-30": "517.96700", "2010-03-31": "534.27200", "2009-12-31": "557.82500", "2009-09-30": "455.70700", "2009-06-30": "435.98900", "2009-03-31": "418.21000", "2008-12-31": "554.52400", "2008-09-30": "543.82700", "2008-06-30": "540.63500", "2008-03-31": "520.81000", "2007-12-31": "557.79000", "2007-09-30": "530.81800", "2007-06-30": "515.65800", "2007-03-31": "499.76700", "2006-12-31": "484.03300", "2006-09-30": "452.94700", "2006-06-30": "422.30300", "2006-03-31": "419.77300", "2005-12-31": "462.11900", "2005-09-30": "400.92200", "2005-06-30": "379.42000", "2005-03-31": "463.87000"}, "Property, Plant, And Equipment": {"2020-09-30": "332.89100", "2020-06-30": "343.56300", "2020-03-31": "346.57900", "2019-12-31": "344.57900", "2019-09-30": "300.61200", "2019-06-30": "291.28000", "2019-03-31": "271.44800", "2018-12-31": "267.66500", "2018-09-30": "246.06100", "2018-06-30": "225.90100", "2018-03-31": "223.08600", "2017-12-31": "221.50700", "2017-09-30": "216.02100", "2017-06-30": "197.12900", "2017-03-31": "126.41900", "2016-12-31": "121.60600", "2016-09-30": "118.78900", "2016-06-30": "117.25500", "2016-03-31": "108.62800", "2015-12-31": "108.73300", "2015-09-30": "109.55700", "2015-06-30": "107.11200", "2015-03-31": "104.37400", "2014-12-31": "97.99000", "2014-09-30": "93.62500", "2014-06-30": "95.83100", "2014-03-31": "94.20800", "2013-12-31": "91.75900", "2013-09-30": "90.19800", "2013-06-30": "89.41500", "2013-03-31": "88.50800", "2012-12-31": "89.08900", "2012-09-30": "80.34400", "2012-06-30": "77.79500", "2012-03-31": "69.66300", "2011-12-31": "68.13200", "2011-09-30": "57.10900", "2011-06-30": "52.92200", "2011-03-31": "45.44300", "2010-12-31": "47.61400", "2010-09-30": "44.27200", "2010-06-30": "45.20500", "2010-03-31": "48.09000", "2009-12-31": "52.46600", "2009-09-30": "52.36200", "2009-06-30": "55.62400", "2009-03-31": "57.80000", "2008-12-31": "61.86900", "2008-09-30": "64.43000", "2008-06-30": "66.52000", "2008-03-31": "64.37200", "2007-12-31": "66.55100", "2007-09-30": "67.09400", "2007-06-30": "60.65300", "2007-03-31": "58.75700", "2006-12-31": "59.71500", "2006-09-30": "57.48200", "2006-06-30": "57.66700", "2006-03-31": "57.93000", "2005-12-31": "61.77000", "2005-09-30": "56.09000", "2005-06-30": "58.74100", "2005-03-31": "61.33300"}, "Long-Term Investments": {"2020-09-30": "", "2020-06-30": "", "2020-03-31": "", "2019-12-31": "", "2019-09-30": "", "2019-06-30": "", "2019-03-31": "", "2018-12-31": "", "2018-09-30": "", "2018-06-30": "", "2018-03-31": "", "2017-12-31": "", "2017-09-30": "", "2017-06-30": "", "2017-03-31": "", "2016-12-31": "", "2016-09-30": "", "2016-06-30": "", "2016-03-31": "", "2015-12-31": "", "2015-09-30": "", "2015-06-30": "", "2015-03-31": "", "2014-12-31": "", "2014-09-30": "", "2014-06-30": "", "2014-03-31": "", "2013-12-31": "", "2013-09-30": "", "2013-06-30": "", "2013-03-31": "", "2012-12-31": "", "2012-09-30": "", "2012-06-30": "", "2012-03-31": "", "2011-12-31": "", "2011-09-30": "", "2011-06-30": "", "2011-03-31": "", "2010-12-31": "", "2010-09-30": "", "2010-06-30": "", "2010-03-31": "", "2009-12-31": "", "2009-09-30": "", "2009-06-30": "", "2009-03-31": "", "2008-12-31": "", "2008-09-30": "", "2008-06-30": "", "2008-03-31": "", "2007-12-31": "", "2007-09-30": "", "2007-06-30": "", "2007-03-31": "", "2006-12-31": "", "2006-09-30": "", "2006-06-30": "", "2006-03-31": "", "2005-12-31": "", "2005-09-30": "", "2005-06-30": "", "2005-03-31": ""}, "Goodwill And Intangible Assets": {"2020-09-30": "3759.70200", "2020-06-30": "3782.98400", "2020-03-31": "3791.81600", "2019-12-31": "3862.81300", "2019-09-30": "3876.02000", "2019-06-30": "3903.73400", "2019-03-31": "3922.79100", "2018-12-31": "3965.70100", "2018-09-30": "3996.58500", "2018-06-30": "4151.81000", "2018-03-31": "4204.41300", "2017-12-31": "4279.31600", "2017-09-30": "4709.51100", "2017-06-30": "4765.26900", "2017-03-31": "936.53900", "2016-12-31": "815.25400", "2016-09-30": "824.69500", "2016-06-30": "842.01900", "2016-03-31": "808.58700", "2015-12-31": "811.90300", "2015-09-30": "820.12400", "2015-06-30": "610.11200", "2015-03-31": "608.36600", "2014-12-31": "617.35400", "2014-09-30": "626.72700", "2014-06-30": "635.14600", "2014-03-31": "624.32300", "2013-12-31": "525.31000", "2013-09-30": "526.09000", "2013-06-30": "524.97800", "2013-03-31": "527.00200", "2012-12-31": "531.32700", "2012-09-30": "532.34200", "2012-06-30": "529.05400", "2012-03-31": "517.25400", "2011-12-31": "515.61000", "2011-09-30": "518.02500", "2011-06-30": "524.56400", "2011-03-31": "525.73500", "2010-12-31": "523.84900", "2010-09-30": "525.76800", "2010-06-30": "522.45900", "2010-03-31": "530.93700", "2009-12-31": "537.72500", "2009-09-30": "407.26300", "2009-06-30": "403.27100", "2009-03-31": "399.07400", "2008-12-31": "400.75200", "2008-09-30": "414.10800", "2008-06-30": "420.35200", "2008-03-31": "419.79500", "2007-12-31": "419.82600", "2007-09-30": "418.94900", "2007-06-30": "415.56900", "2007-03-31": "414.38500", "2006-12-31": "414.52300", "2006-09-30": "414.75700", "2006-06-30": "416.98100", "2006-03-31": "416.64000", "2005-12-31": "419.82700", "2005-09-30": "429.84000", "2005-06-30": "435.44000", "2005-03-31": "230.25100"}, "Other Long-Term Assets": {"2020-09-30": "230.79200", "2020-06-30": "248.05200", "2020-03-31": "211.31500", "2019-12-31": "222.24500", "2019-09-30": "201.93400", "2019-06-30": "205.82200", "2019-03-31": "170.28090", "2018-12-31": "156.36900", "2018-09-30": "166.83100", "2018-06-30": "166.74200", "2018-03-31": "176.86700", "2017-12-31": "193.74200", "2017-09-30": "273.67700", "2017-06-30": "272.51500", "2017-03-31": "126.64700", "2016-12-31": "87.27900", "2016-09-30": "88.30700", "2016-06-30": "111.59100", "2016-03-31": "115.01700", "2015-12-31": "106.88400", "2015-09-30": "100.46200", "2015-06-30": "77.74700", "2015-03-31": "75.98200", "2014-12-31": "92.34900", "2014-09-30": "89.36700", "2014-06-30": "94.06200", "2014-03-31": "93.51400", "2013-12-31": "81.63100", "2013-09-30": "76.95500", "2013-06-30": "76.03600", "2013-03-31": "76.84500", "2012-12-31": "73.39500", "2012-09-30": "84.48400", "2012-06-30": "86.91600", "2012-03-31": "86.11100", "2011-12-31": "90.34500", "2011-09-30": "95.61100", "2011-06-30": "92.87700", "2011-03-31": "87.95600", "2010-12-31": "93.09300", "2010-09-30": "94.48500", "2010-06-30": "88.64000", "2010-03-31": "67.52800", "2009-12-31": "67.26300", "2009-09-30": "81.50800", "2009-06-30": "77.32400", "2009-03-31": "73.60700", "2008-12-31": "75.92000", "2008-09-30": "93.05100", "2008-06-30": "93.41800", "2008-03-31": "90.82400", "2007-12-31": "89.04300", "2007-09-30": "89.22100", "2007-06-30": "87.62500", "2007-03-31": "84.52300", "2006-12-31": "81.52200", "2006-09-30": "88.41100", "2006-06-30": "87.80300", "2006-03-31": "85.13500", "2005-12-31": "82.90100", "2005-09-30": "74.73200", "2005-06-30": "76.44400", "2005-03-31": "73.66800"}, "Total Long-Term Assets": {"2020-09-30": "4975.19800", "2020-06-30": "5043.10800", "2020-03-31": "5027.72800", "2019-12-31": "5132.55300", "2019-09-30": "5030.83900", "2019-06-30": "5038.53700", "2019-03-31": "4998.66200", "2018-12-31": "4389.73500", "2018-09-30": "4409.47700", "2018-06-30": "4544.45300", "2018-03-31": "4604.36600", "2017-12-31": "4694.56500", "2017-09-30": "5199.20900", "2017-06-30": "5234.91300", "2017-03-31": "1189.60500", "2016-12-31": "1024.13900", "2016-09-30": "1031.79100", "2016-06-30": "1070.86500", "2016-03-31": "1032.23200", "2015-12-31": "1027.52000", "2015-09-30": "1030.14300", "2015-06-30": "794.97100", "2015-03-31": "788.72200", "2014-12-31": "807.69300", "2014-09-30": "809.71900", "2014-06-30": "825.03900", "2014-03-31": "812.04500", "2013-12-31": "698.70000", "2013-09-30": "693.24300", "2013-06-30": "690.42900", "2013-03-31": "692.35500", "2012-12-31": "693.81100", "2012-09-30": "697.17000", "2012-06-30": "693.76500", "2012-03-31": "673.02810", "2011-12-31": "674.08700", "2011-09-30": "670.74500", "2011-06-30": "670.36300", "2011-03-31": "659.13400", "2010-12-31": "664.55600", "2010-09-30": "664.52500", "2010-06-30": "656.30400", "2010-03-31": "646.55510", "2009-12-31": "657.45400", "2009-09-30": "541.13300", "2009-06-30": "536.21900", "2009-03-31": "530.48100", "2008-12-31": "538.54100", "2008-09-30": "571.58900", "2008-06-30": "580.29000", "2008-03-31": "574.99100", "2007-12-31": "575.42000", "2007-09-30": "575.26400", "2007-06-30": "563.84700", "2007-03-31": "557.66500", "2006-12-31": "555.76000", "2006-09-30": "560.65000", "2006-06-30": "562.45100", "2006-03-31": "559.70500", "2005-12-31": "564.49800", "2005-09-30": "560.66200", "2005-06-30": "570.62500", "2005-03-31": "365.25200"}, "Total Assets": {"2020-09-30": "6840.60200", "2020-06-30": "6810.29400", "2020-03-31": "6800.34600", "2019-12-31": "7151.29400", "2019-09-30": "6737.34400", "2019-06-30": "6729.64100", "2019-03-31": "6714.67500", "2018-12-31": "6201.47400", "2018-09-30": "5944.81700", "2018-06-30": "6152.93700", "2018-03-31": "6915.02800", "2017-12-31": "7283.17300", "2017-09-30": "7011.49200", "2017-06-30": "6994.88700", "2017-03-31": "3365.30000", "2016-12-31": "2367.33500", "2016-09-30": "2277.74000", "2016-06-30": "2304.52100", "2016-03-31": "2211.50900", "2015-12-31": "2168.51700", "2015-09-30": "2091.54200", "2015-06-30": "1861.03900", "2015-03-31": "1789.37000", "2014-12-31": "1904.35100", "2014-09-30": "1768.95300", "2014-06-30": "1796.80800", "2014-03-31": "1757.71300", "2013-12-31": "1783.58200", "2013-09-30": "1628.39800", "2013-06-30": "1613.78700", "2013-03-31": "1567.39500", "2012-12-31": "1621.27700", "2012-09-30": "1479.14800", "2012-06-30": "1380.11500", "2012-03-31": "1349.84800", "2011-12-31": "1379.87200", "2011-09-30": "1304.43100", "2011-06-30": "1295.97200", "2011-03-31": "1275.37400", "2010-12-31": "1285.65800", "2010-09-30": "1236.37300", "2010-06-30": "1174.27100", "2010-03-31": "1180.82700", "2009-12-31": "1215.27900", "2009-09-30": "996.84000", "2009-06-30": "972.20800", "2009-03-31": "948.69100", "2008-12-31": "1093.06500", "2008-09-30": "1115.41600", "2008-06-30": "1120.92500", "2008-03-31": "1095.80100", "2007-12-31": "1133.21000", "2007-09-30": "1106.08200", "2007-06-30": "1079.50500", "2007-03-31": "1057.43200", "2006-12-31": "1039.79300", "2006-09-30": "1013.59700", "2006-06-30": "984.75400", "2006-03-31": "979.47800", "2005-12-31": "1026.61700", "2005-09-30": "961.58400", "2005-06-30": "950.04500", "2005-03-31": "829.12200"}, "Total Current Liabilities": {"2020-09-30": "2521.56200", "2020-06-30": "2539.32200", "2020-03-31": "2530.33800", "2019-12-31": "2856.53400", "2019-09-30": "2527.26300", "2019-06-30": "2482.15100", "2019-03-31": "2568.91800", "2018-12-31": "2620.93500", "2018-09-30": "2343.59600", "2018-06-30": "2513.80400", "2018-03-31": "3185.85600", "2017-12-31": "2822.58500", "2017-09-30": "2482.03500", "2017-06-30": "2243.90700", "2017-03-31": "1470.35600", "2016-12-31": "1460.24900", "2016-09-30": "1417.42400", "2016-06-30": "1387.24100", "2016-03-31": "1291.22400", "2015-12-31": "1323.49200", "2015-09-30": "1235.10000", "2015-06-30": "1204.52000", "2015-03-31": "1420.73100", "2014-12-31": "1215.21800", "2014-09-30": "1358.87200", "2014-06-30": "1345.54800", "2014-03-31": "1266.62100", "2013-12-31": "1159.92300", "2013-09-30": "1043.99300", "2013-06-30": "1014.84000", "2013-03-31": "975.09200", "2012-12-31": "1070.00000", "2012-09-30": "968.89300", "2012-06-30": "908.35700", "2012-03-31": "911.05200", "2011-12-31": "921.13700", "2011-09-30": "834.49200", "2011-06-30": "799.36700", "2011-03-31": "784.21800", "2010-12-31": "811.15200", "2010-09-30": "927.37700", "2010-06-30": "892.49600", "2010-03-31": "882.45400", "2009-12-31": "898.17300", "2009-09-30": "696.20900", "2009-06-30": "661.89100", "2009-03-31": "641.54900", "2008-12-31": "792.40900", "2008-09-30": "797.15000", "2008-06-30": "806.79500", "2008-03-31": "872.32100", "2007-12-31": "876.01200", "2007-09-30": "786.40800", "2007-06-30": "748.58800", "2007-03-31": "766.61200", "2006-12-31": "803.88300", "2006-09-30": "613.38300", "2006-06-30": "585.50900", "2006-03-31": "595.68400", "2005-12-31": "642.76800", "2005-09-30": "624.49400", "2005-06-30": "589.11900", "2005-03-31": "522.20300"}, "Long Term Debt": {"2020-09-30": "1957.47300", "2020-06-30": "1937.23200", "2020-03-31": "2035.27300", "2019-12-31": "2043.88800", "2019-09-30": "2051.50700", "2019-06-30": "2059.13100", "2019-03-31": "2094.75800", "2018-12-31": "2116.10900", "2018-09-30": "2077.46600", "2018-06-30": "2146.82900", "2018-03-31": "2186.06100", "2017-12-31": "2899.12400", "2017-09-30": "2922.22900", "2017-06-30": "3140.30700", "2017-03-31": "1599.33100", "2016-12-31": "664.39100", "2016-09-30": "696.40500", "2016-06-30": "756.01500", "2016-03-31": "832.50000", "2015-12-31": "783.83100", "2015-09-30": "820.00000", "2015-06-30": "695.00000", "2015-03-31": "380.00000", "2014-12-31": "385.00000", "2014-09-30": "125.00000", "2014-06-30": "128.75000", "2014-03-31": "132.50000", "2013-12-31": "136.25000", "2013-09-30": "140.00000", "2013-06-30": "143.75000", "2013-03-31": "147.50000", "2012-12-31": "115.00000", "2012-09-30": "120.00000", "2012-06-30": "130.00000", "2012-03-31": "140.00000", "2011-12-31": "150.00000", "2011-09-30": "157.50000", "2011-06-30": "165.00000", "2011-03-31": "172.50000", "2010-12-31": "180.00000", "2010-09-30": "51.50000", "2010-06-30": "77.25000", "2010-03-31": "103.00000", "2009-12-31": "124.00000", "2009-09-30": "145.00000", "2009-06-30": "197.25000", "2009-03-31": "222.00000", "2008-12-31": "238.50000", "2008-09-30": "255.00000", "2008-06-30": "271.50000", "2008-03-31": "153.00000", "2007-12-31": "157.50000", "2007-09-30": "162.00000", "2007-06-30": "166.50000", "2007-03-31": "171.00000", "2006-12-31": "150.00000", "2006-09-30": "160.00000", "2006-06-30": "170.00000", "2006-03-31": "175.00000", "2005-12-31": "180.00000", "2005-09-30": "185.00000", "2005-06-30": "190.05100", "2005-03-31": "140.00000"}, "Other Non-Current Liabilities": {"2020-09-30": "538.35900", "2020-06-30": "540.40200", "2020-03-31": "530.57700", "2019-12-31": "479.74600", "2019-09-30": "462.35500", "2019-06-30": "456.31400", "2019-03-31": "424.94700", "2018-12-31": "613.67300", "2018-09-30": "582.20700", "2018-06-30": "570.87200", "2018-03-31": "555.54000", "2017-12-31": "577.99900", "2017-09-30": "743.81800", "2017-06-30": "756.99800", "2017-03-31": "192.79600", "2016-12-31": "181.81700", "2016-09-30": "174.40900", "2016-06-30": "214.09300", "2016-03-31": "200.45500", "2015-12-31": "193.59400", "2015-09-30": "196.03100", "2015-06-30": "131.67400", "2015-03-31": "128.15200", "2014-12-31": "142.96200", "2014-09-30": "132.55800", "2014-06-30": "125.00100", "2014-03-31": "121.86900", "2013-12-31": "126.09300", "2013-09-30": "122.77000", "2013-06-30": "126.50300", "2013-03-31": "125.64600", "2012-12-31": "129.60400", "2012-09-30": "128.79000", "2012-06-30": "126.76700", "2012-03-31": "127.01500", "2011-12-31": "126.95100", "2011-09-30": "118.37200", "2011-06-30": "115.78600", "2011-03-31": "108.62600", "2010-12-31": "107.45000", "2010-09-30": "103.27300", "2010-06-30": "97.54400", "2010-03-31": "79.42100", "2009-12-31": "80.57100", "2009-09-30": "80.80700", "2009-06-30": "76.95600", "2009-03-31": "80.67000", "2008-12-31": "83.47200", "2008-09-30": "78.22400", "2008-06-30": "84.24400", "2008-03-31": "88.09100", "2007-12-31": "82.20000", "2007-09-30": "86.42400", "2007-06-30": "83.95600", "2007-03-31": "84.39200", "2006-12-31": "59.59200", "2006-09-30": "53.54200", "2006-06-30": "54.00800", "2006-03-31": "54.27300", "2005-12-31": "57.26100", "2005-09-30": "28.21400", "2005-06-30": "50.90900", "2005-03-31": "51.40600"}, "Total Long Term Liabilities": {"2020-09-30": "3281.53700", "2020-06-30": "3279.75300", "2020-03-31": "3379.73300", "2019-12-31": "3356.16700", "2019-09-30": "3290.42400", "2019-06-30": "3283.68800", "2019-03-31": "3288.86000", "2018-12-31": "2729.78200", "2018-09-30": "2659.67300", "2018-06-30": "2717.70100", "2018-03-31": "2741.60100", "2017-12-31": "3477.12300", "2017-09-30": "3666.04700", "2017-06-30": "3897.30500", "2017-03-31": "1792.12700", "2016-12-31": "846.20800", "2016-09-30": "870.81400", "2016-06-30": "970.10800", "2016-03-31": "1032.95500", "2015-12-31": "977.42500", "2015-09-30": "1016.03100", "2015-06-30": "826.67400", "2015-03-31": "508.15200", "2014-12-31": "527.96200", "2014-09-30": "257.55800", "2014-06-30": "253.75100", "2014-03-31": "254.36900", "2013-12-31": "262.34300", "2013-09-30": "262.77000", "2013-06-30": "270.25300", "2013-03-31": "273.14600", "2012-12-31": "244.60400", "2012-09-30": "248.79000", "2012-06-30": "256.76700", "2012-03-31": "267.01500", "2011-12-31": "276.95100", "2011-09-30": "275.87200", "2011-06-30": "280.78600", "2011-03-31": "281.12600", "2010-12-31": "287.45000", "2010-09-30": "154.77300", "2010-06-30": "174.79400", "2010-03-31": "182.42100", "2009-12-31": "204.57100", "2009-09-30": "225.80700", "2009-06-30": "274.20600", "2009-03-31": "302.67000", "2008-12-31": "321.97200", "2008-09-30": "333.22400", "2008-06-30": "355.74400", "2008-03-31": "241.09100", "2007-12-31": "239.70000", "2007-09-30": "248.42400", "2007-06-30": "250.45600", "2007-03-31": "255.39200", "2006-12-31": "209.59200", "2006-09-30": "213.54200", "2006-06-30": "224.00800", "2006-03-31": "229.27300", "2005-12-31": "237.26100", "2005-09-30": "213.21400", "2005-06-30": "240.96000", "2005-03-31": "191.40600"}, "Total Liabilities": {"2020-09-30": "5803.09900", "2020-06-30": "5819.07500", "2020-03-31": "5910.07100", "2019-12-31": "6212.70100", "2019-09-30": "5817.68700", "2019-06-30": "5765.83900", "2019-03-31": "5857.77800", "2018-12-31": "5350.71700", "2018-09-30": "5003.26900", "2018-06-30": "5231.50500", "2018-03-31": "5927.45700", "2017-12-31": "6299.70800", "2017-09-30": "6148.08200", "2017-06-30": "6141.21200", "2017-03-31": "3262.48300", "2016-12-31": "2306.45700", "2016-09-30": "2288.23800", "2016-06-30": "2357.34900", "2016-03-31": "2324.17900", "2015-12-31": "2300.91700", "2015-09-30": "2251.13100", "2015-06-30": "2031.19400", "2015-03-31": "1928.88300", "2014-12-31": "1743.18000", "2014-09-30": "1616.43000", "2014-06-30": "1599.29900", "2014-03-31": "1520.99000", "2013-12-31": "1422.26600", "2013-09-30": "1306.76300", "2013-06-30": "1285.09300", "2013-03-31": "1248.23800", "2012-12-31": "1314.60400", "2012-09-30": "1217.68300", "2012-06-30": "1165.12400", "2012-03-31": "1178.06700", "2011-12-31": "1198.08800", "2011-09-30": "1110.36400", "2011-06-30": "1080.15300", "2011-03-31": "1065.34400", "2010-12-31": "1098.60200", "2010-09-30": "1082.15000", "2010-06-30": "1067.29000", "2010-03-31": "1064.87500", "2009-12-31": "1102.74400", "2009-09-30": "922.01600", "2009-06-30": "936.09700", "2009-03-31": "944.21900", "2008-12-31": "1114.38100", "2008-09-30": "1130.37400", "2008-06-30": "1162.53900", "2008-03-31": "1113.41200", "2007-12-31": "1115.71200", "2007-09-30": "1034.83200", "2007-06-30": "999.04400", "2007-03-31": "1022.00400", "2006-12-31": "1013.47500", "2006-09-30": "826.92500", "2006-06-30": "809.51700", "2006-03-31": "824.95700", "2005-12-31": "880.02900", "2005-09-30": "837.70800", "2005-06-30": "830.07900", "2005-03-31": "713.60900"}, "Common Stock Net": {"2020-09-30": "0.08200", "2020-06-30": "0.08200", "2020-03-31": "0.08200", "2019-12-31": "0.08200", "2019-09-30": "0.08200", "2019-06-30": "0.08200", "2019-03-31": "0.08200", "2018-12-31": "0.08200", "2018-09-30": "0.08200", "2018-06-30": "0.08200", "2018-03-31": "0.08200", "2017-12-31": "0.08200", "2017-09-30": "0.08200", "2017-06-30": "0.08200", "2017-03-31": "0.07800", "2016-12-31": "0.07800", "2016-09-30": "0.07800", "2016-06-30": "0.07800", "2016-03-31": "0.07800", "2015-12-31": "0.07800", "2015-09-30": "0.07800", "2015-06-30": "0.07800", "2015-03-31": "0.07800", "2014-12-31": "0.07800", "2014-09-30": "0.07800", "2014-06-30": "0.07800", "2014-03-31": "0.07800", "2013-12-31": "0.07800", "2013-09-30": "0.07800", "2013-06-30": "0.07800", "2013-03-31": "0.07800", "2012-12-31": "0.07800", "2012-09-30": "0.07800", "2012-06-30": "0.07800", "2012-03-31": "0.07800", "2011-12-31": "0.07800", "2011-09-30": "0.07800", "2011-06-30": "0.07800", "2011-03-31": "0.07800", "2010-12-31": "0.07800", "2010-09-30": "0.07800", "2010-06-30": "0.07800", "2010-03-31": "0.07800", "2009-12-31": "0.07800", "2009-09-30": "0.07800", "2009-06-30": "0.07800", "2009-03-31": "0.07800", "2008-12-31": "0.07800", "2008-09-30": "0.07800", "2008-06-30": "0.07800", "2008-03-31": "0.07800", "2007-12-31": "0.07800", "2007-09-30": "0.07800", "2007-06-30": "0.07800", "2007-03-31": "0.07800", "2006-12-31": "0.07800", "2006-09-30": "0.07800", "2006-06-30": "0.07800", "2006-03-31": "0.07700", "2005-12-31": "0.07700", "2005-09-30": "0.07600", "2005-06-30": "0.07500", "2005-03-31": "0.07500"}, "Retained Earnings (Accumulated Deficit)": {"2020-09-30": "2135.86000", "2020-06-30": "2118.89600", "2020-03-31": "2063.81900", "2019-12-31": "1988.72200", "2019-09-30": "1921.02100", "2019-06-30": "1879.63300", "2019-03-31": "1776.22700", "2018-12-31": "1755.43200", "2018-09-30": "1671.41200", "2018-06-30": "1659.65800", "2018-03-31": "1613.98000", "2017-12-31": "1647.28400", "2017-09-30": "1539.97800", "2017-06-30": "1588.15800", "2017-03-31": "1680.43900", "2016-12-31": "1644.00500", "2016-09-30": "1577.52100", "2016-06-30": "1538.76200", "2016-03-31": "1490.85100", "2015-12-31": "1450.68400", "2015-09-30": "1384.92200", "2015-06-30": "1354.55500", "2015-03-31": "1303.40100", "2014-12-31": "1275.04900", "2014-09-30": "1215.90500", "2014-06-30": "1182.05900", "2014-03-31": "1129.01900", "2013-12-31": "1091.28300", "2013-09-30": "1029.86500", "2013-06-30": "991.67100", "2013-03-31": "945.15700", "2012-12-31": "908.48200", "2012-09-30": "849.65900", "2012-06-30": "818.28400", "2012-03-31": "776.80100", "2011-12-31": "742.57900", "2011-09-30": "697.55500", "2011-06-30": "667.09100", "2011-03-31": "634.86800", "2010-12-31": "605.67700", "2010-09-30": "568.98300", "2010-06-30": "548.90800", "2010-03-31": "528.79500", "2009-12-31": "509.39200", "2009-09-30": "483.67600", "2009-06-30": "463.60900", "2009-03-31": "446.42400", "2008-12-31": "426.42800", "2008-09-30": "392.78300", "2008-06-30": "374.00200", "2008-03-31": "344.10200", "2007-12-31": "322.55700", "2007-09-30": "283.73900", "2007-06-30": "271.24400", "2007-03-31": "257.19600", "2006-12-31": "249.00400", "2006-09-30": "223.27400", "2006-06-30": "213.66600", "2006-03-31": "195.42200", "2005-12-31": "187.65200", "2005-09-30": "172.84200", "2005-06-30": "174.56400", "2005-03-31": "175.38300"}, "Comprehensive Income": {"2020-09-30": "-130.21300", "2020-06-30": "-142.17500", "2020-03-31": "-168.97200", "2019-12-31": "-77.93800", "2019-09-30": "-81.26400", "2019-06-30": "-73.47900", "2019-03-31": "-61.56600", "2018-12-31": "-39.86700", "2018-09-30": "-22.68400", "2018-06-30": "-24.05100", "2018-03-31": "32.22500", "2017-12-31": "1.50800", "2017-09-30": "-1.21600", "2017-06-30": "-48.88900", "2017-03-31": "-47.83200", "2016-12-31": "-49.68300", "2016-09-30": "-47.78400", "2016-06-30": "-48.00300", "2016-03-31": "-49.43000", "2015-12-31": "-44.40200", "2015-09-30": "-49.27400", "2015-06-30": "-35.61700", "2015-03-31": "-42.32800", "2014-12-31": "-21.17000", "2014-09-30": "-2.00100", "2014-06-30": "9.95300", "2014-03-31": "8.55200", "2013-12-31": "8.34500", "2013-09-30": "6.73400", "2013-06-30": "2.35800", "2013-03-31": "2.76300", "2012-12-31": "5.96800", "2012-09-30": "8.67300", "2012-06-30": "3.62300", "2012-03-31": "8.44700", "2011-12-31": "5.79300", "2011-09-30": "5.81000", "2011-06-30": "14.36300", "2011-03-31": "16.28800", "2010-12-31": "14.63800", "2010-09-30": "14.49600", "2010-06-30": "6.46300", "2010-03-31": "9.40100", "2009-12-31": "11.32200", "2009-09-30": "10.38700", "2009-06-30": "5.91200", "2009-03-31": "-0.02500", "2008-12-31": "-1.74100", "2008-09-30": "19.44900", "2008-06-30": "27.38400", "2008-03-31": "20.74900", "2007-12-31": "23.64100", "2007-09-30": "20.70600", "2007-06-30": "18.09800", "2007-03-31": "13.84200", "2006-12-31": "13.09700", "2006-09-30": "12.41300", "2006-06-30": "11.64500", "2006-03-31": "7.84900", "2005-12-31": "6.32000", "2005-09-30": "7.91600", "2005-06-30": "7.68900", "2005-03-31": "8.88700"}, "Other Share Holders Equity": {"2020-09-30": "", "2020-06-30": "", "2020-03-31": "", "2019-12-31": "", "2019-09-30": "", "2019-06-30": "", "2019-03-31": "", "2018-12-31": "", "2018-09-30": "", "2018-06-30": "", "2018-03-31": "", "2017-12-31": "", "2017-09-30": "", "2017-06-30": "", "2017-03-31": "", "2016-12-31": "", "2016-09-30": "", "2016-06-30": "", "2016-03-31": "", "2015-12-31": "", "2015-09-30": "", "2015-06-30": "", "2015-03-31": "", "2014-12-31": "", "2014-09-30": "", "2014-06-30": "", "2014-03-31": "", "2013-12-31": "", "2013-09-30": "", "2013-06-30": "", "2013-03-31": "", "2012-12-31": "", "2012-09-30": "", "2012-06-30": "", "2012-03-31": "", "2011-12-31": "", "2011-09-30": "", "2011-06-30": "", "2011-03-31": "", "2010-12-31": "", "2010-09-30": "", "2010-06-30": "", "2010-03-31": "", "2009-12-31": "", "2009-09-30": "", "2009-06-30": "", "2009-03-31": "", "2008-12-31": "", "2008-09-30": "", "2008-06-30": "", "2008-03-31": "", "2007-12-31": "", "2007-09-30": "", "2007-06-30": "", "2007-03-31": "", "2006-12-31": "", "2006-09-30": "", "2006-06-30": "", "2006-03-31": "", "2005-12-31": "", "2005-09-30": "", "2005-06-30": "", "2005-03-31": ""}, "Share Holder Equity": {"2020-09-30": "1037.50300", "2020-06-30": "991.21900", "2020-03-31": "890.27500", "2019-12-31": "938.59300", "2019-09-30": "919.65700", "2019-06-30": "963.80200", "2019-03-31": "856.89700", "2018-12-31": "850.75700", "2018-09-30": "941.54800", "2018-06-30": "921.43200", "2018-03-31": "987.57100", "2017-12-31": "983.46500", "2017-09-30": "863.41000", "2017-06-30": "853.67500", "2017-03-31": "102.81700", "2016-12-31": "60.87800", "2016-09-30": "-10.49800", "2016-06-30": "-52.82800", "2016-03-31": "-112.67000", "2015-12-31": "-132.40000", "2015-09-30": "-159.58900", "2015-06-30": "-170.15500", "2015-03-31": "-139.51300", "2014-12-31": "161.17100", "2014-09-30": "152.52300", "2014-06-30": "197.50900", "2014-03-31": "236.72300", "2013-12-31": "361.31600", "2013-09-30": "321.63500", "2013-06-30": "328.69400", "2013-03-31": "319.15700", "2012-12-31": "306.67300", "2012-09-30": "261.46500", "2012-06-30": "214.99100", "2012-03-31": "171.78100", "2011-12-31": "181.78400", "2011-09-30": "194.06700", "2011-06-30": "215.81900", "2011-03-31": "210.03000", "2010-12-31": "187.05600", "2010-09-30": "154.22300", "2010-06-30": "106.98100", "2010-03-31": "115.95200", "2009-12-31": "112.53500", "2009-09-30": "74.82400", "2009-06-30": "36.11100", "2009-03-31": "4.47200", "2008-12-31": "-21.31600", "2008-09-30": "-14.95800", "2008-06-30": "-41.61400", "2008-03-31": "-17.61100", "2007-12-31": "17.49800", "2007-09-30": "71.25000", "2007-06-30": "80.46100", "2007-03-31": "35.42800", "2006-12-31": "26.31800", "2006-09-30": "186.67200", "2006-06-30": "175.23700", "2006-03-31": "154.52100", "2005-12-31": "146.58800", "2005-09-30": "123.87600", "2005-06-30": "119.96600", "2005-03-31": "115.51300"}, "Total Liabilities And Share Holders Equity": {"2020-09-30": "6840.60200", "2020-06-30": "6810.29400", "2020-03-31": "6800.34600", "2019-12-31": "7151.29400", "2019-09-30": "6737.34400", "2019-06-30": "6729.64100", "2019-03-31": "6714.67500", "2018-12-31": "6201.47400", "2018-09-30": "5944.81700", "2018-06-30": "6152.93700", "2018-03-31": "6915.02800", "2017-12-31": "7283.17300", "2017-09-30": "7011.49200", "2017-06-30": "6994.88700", "2017-03-31": "3365.30000", "2016-12-31": "2367.33500", "2016-09-30": "2277.74000", "2016-06-30": "2304.52100", "2016-03-31": "2211.50900", "2015-12-31": "2168.51700", "2015-09-30": "2091.54200", "2015-06-30": "1861.03900", "2015-03-31": "1789.37000", "2014-12-31": "1904.35100", "2014-09-30": "1768.95300", "2014-06-30": "1796.80800", "2014-03-31": "1757.71300", "2013-12-31": "1783.58200", "2013-09-30": "1628.39800", "2013-06-30": "1613.78700", "2013-03-31": "1567.39500", "2012-12-31": "1621.27700", "2012-09-30": "1479.14800", "2012-06-30": "1380.11500", "2012-03-31": "1349.84800", "2011-12-31": "1379.87200", "2011-09-30": "1304.43100", "2011-06-30": "1295.97200", "2011-03-31": "1275.37400", "2010-12-31": "1285.65800", "2010-09-30": "1236.37300", "2010-06-30": "1174.27100", "2010-03-31": "1180.82700", "2009-12-31": "1215.27900", "2009-09-30": "996.84000", "2009-06-30": "972.20800", "2009-03-31": "948.69100", "2008-12-31": "1093.06500", "2008-09-30": "1115.41600", "2008-06-30": "1120.92500", "2008-03-31": "1095.80100", "2007-12-31": "1133.21000", "2007-09-30": "1106.08200", "2007-06-30": "1079.50500", "2007-03-31": "1057.43200", "2006-12-31": "1039.79300", "2006-09-30": "1013.59700", "2006-06-30": "984.75400", "2006-03-31": "979.47800", "2005-12-31": "1026.61700", "2005-09-30": "961.58400", "2005-06-30": "950.04500", "2005-03-31": "829.12200"}}, "cash flow statement": {"Net Income/Loss": {"2019-12-31": "233.29000", "2018-12-31": "122.45600", "2017-12-31": "3.27900", "2016-12-31": "193.58200", "2015-12-31": "175.63500", "2014-12-31": "183.76600", "2013-12-31": "182.80100", "2012-12-31": "165.90300", "2011-12-31": "136.90200", "2010-12-31": "96.28500", "2009-12-31": "82.96400", "2008-12-31": "103.87100", "2007-12-31": "73.55300", "2006-12-31": "58.19200", "2005-12-31": "-2.43700"}, "Total Depreciation And Amortization - Cash Flow": {"2019-12-31": "218.27600", "2018-12-31": "269.41600", "2017-12-31": "255.23300", "2016-12-31": "65.05100", "2015-12-31": "48.64300", "2014-12-31": "42.05700", "2013-12-31": "37.15200", "2012-12-31": "31.77900", "2011-12-31": "34.35200", "2010-12-31": "37.44100", "2009-12-31": "28.50300", "2008-12-31": "28.71700", "2007-12-31": "27.75200", "2006-12-31": "35.82400", "2005-12-31": "37.15200"}, "Other Non-Cash Items": {"2019-12-31": "92.64200", "2018-12-31": "22.24900", "2017-12-31": "-138.47100", "2016-12-31": "41.51300", "2015-12-31": "32.63300", "2014-12-31": "17.89300", "2013-12-31": "26.00600", "2012-12-31": "16.04700", "2011-12-31": "6.32800", "2010-12-31": "11.66100", "2009-12-31": "28.67700", "2008-12-31": "1.42100", "2007-12-31": "16.22200", "2006-12-31": "14.33100", "2005-12-31": "11.67900"}, "Total Non-Cash Items": {"2019-12-31": "310.91800", "2018-12-31": "291.66500", "2017-12-31": "116.76200", "2016-12-31": "106.56400", "2015-12-31": "81.27600", "2014-12-31": "59.95000", "2013-12-31": "63.15800", "2012-12-31": "47.82600", "2011-12-31": "40.68000", "2010-12-31": "49.10200", "2009-12-31": "57.18000", "2008-12-31": "30.13800", "2007-12-31": "43.97400", "2006-12-31": "50.15500", "2005-12-31": "48.83100"}, "Change In Accounts Receivable": {"2019-12-31": "-66.72900", "2018-12-31": "-115.00300", "2017-12-31": "-368.51600", "2016-12-31": "-68.66100", "2015-12-31": "-44.47600", "2014-12-31": "-76.42400", "2013-12-31": "-28.09700", "2012-12-31": "-38.61700", "2011-12-31": "-58.88700", "2010-12-31": "-48.17700", "2009-12-31": "25.34900", "2008-12-31": "20.98700", "2007-12-31": "-10.88000", "2006-12-31": "-3.87600", "2005-12-31": "-35.74600"}, "Change In Inventories": {"2019-12-31": "", "2018-12-31": "", "2017-12-31": "", "2016-12-31": "", "2015-12-31": "", "2014-12-31": "", "2013-12-31": "", "2012-12-31": "", "2011-12-31": "", "2010-12-31": "", "2009-12-31": "", "2008-12-31": "", "2007-12-31": "", "2006-12-31": "", "2005-12-31": ""}, "Change In Accounts Payable": {"2019-12-31": "", "2018-12-31": "", "2017-12-31": "", "2016-12-31": "", "2015-12-31": "", "2014-12-31": "", "2013-12-31": "", "2012-12-31": "", "2011-12-31": "", "2010-12-31": "", "2009-12-31": "", "2008-12-31": "", "2007-12-31": "", "2006-12-31": "", "2005-12-31": ""}, "Change In Assets/Liabilities": {"2019-12-31": "142.57000", "2018-12-31": "116.80500", "2017-12-31": "316.18100", "2016-12-31": "77.70700", "2015-12-31": "50.60300", "2014-12-31": "82.85800", "2013-12-31": "55.87500", "2012-12-31": "67.28300", "2011-12-31": "92.77400", "2010-12-31": "48.64600", "2009-12-31": "1.94200", "2008-12-31": "1.17500", "2007-12-31": "8.44700", "2006-12-31": "24.67600", "2005-12-31": "-8.27400"}, "Total Change In Assets/Liabilities": {"2019-12-31": "21.22800", "2018-12-31": "57.03700", "2017-12-31": "134.47600", "2016-12-31": "65.48600", "2015-12-31": "88.65000", "2014-12-31": "103.06300", "2013-12-31": "69.69500", "2012-12-31": "66.08400", "2011-12-31": "77.98400", "2010-12-31": "60.11200", "2009-12-31": "21.79300", "2008-12-31": "50.34100", "2007-12-31": "30.80800", "2006-12-31": "-2.08300", "2005-12-31": "-19.27200"}, "Cash Flow From Operating Activities": {"2019-12-31": "565.43600", "2018-12-31": "471.15800", "2017-12-31": "254.51700", "2016-12-31": "365.63200", "2015-12-31": "345.56100", "2014-12-31": "346.77900", "2013-12-31": "315.65400", "2012-12-31": "279.81300", "2011-12-31": "255.56600", "2010-12-31": "205.49900", "2009-12-31": "161.93700", "2008-12-31": "184.35000", "2007-12-31": "148.33500", "2006-12-31": "106.26400", "2005-12-31": "27.12200"}, "Net Change In Property, Plant, And Equipment": {"2019-12-31": "-149.01600", "2018-12-31": "-126.87300", "2017-12-31": "-110.76500", "2016-12-31": "-49.86300", "2015-12-31": "-46.12800", "2014-12-31": "-38.48600", "2013-12-31": "-36.49800", "2012-12-31": "-44.33700", "2011-12-31": "-41.95400", "2010-12-31": "-21.69400", "2009-12-31": "-15.14200", "2008-12-31": "-24.30200", "2007-12-31": "-24.13600", "2006-12-31": "-21.11300", "2005-12-31": "-22.35600"}, "Net Change In Intangible Assets": {"2019-12-31": "", "2018-12-31": "", "2017-12-31": "", "2016-12-31": "", "2015-12-31": "", "2014-12-31": "", "2013-12-31": "", "2012-12-31": "", "2011-12-31": "", "2010-12-31": "", "2009-12-31": "", "2008-12-31": "", "2007-12-31": "", "2006-12-31": "", "2005-12-31": ""}, "Net Acquisitions/Divestitures": {"2019-12-31": "-25.98900", "2018-12-31": "510.92400", "2017-12-31": "-2641.78000", "2016-12-31": "-48.19600", "2015-12-31": "-196.22900", "2014-12-31": "-124.29100", "2013-12-31": "", "2012-12-31": "-10.33600", "2011-12-31": "", "2010-12-31": "-12.15100", "2009-12-31": "-104.52300", "2008-12-31": "7.84700", "2007-12-31": "", "2006-12-31": "", "2005-12-31": "-161.32300"}, "Net Change In Short-term Investments": {"2019-12-31": "14.12000", "2018-12-31": "", "2017-12-31": "", "2016-12-31": "", "2015-12-31": "", "2014-12-31": "", "2013-12-31": "", "2012-12-31": "", "2011-12-31": "", "2010-12-31": "", "2009-12-31": "", "2008-12-31": "", "2007-12-31": "", "2006-12-31": "", "2005-12-31": ""}, "Net Change In Long-Term Investments": {"2019-12-31": "", "2018-12-31": "", "2017-12-31": "", "2016-12-31": "", "2015-12-31": "", "2014-12-31": "", "2013-12-31": "", "2012-12-31": "", "2011-12-31": "", "2010-12-31": "", "2009-12-31": "", "2008-12-31": "", "2007-12-31": "", "2006-12-31": "", "2005-12-31": ""}, "Net Change In Investments - Total": {"2019-12-31": "14.12000", "2018-12-31": "", "2017-12-31": "", "2016-12-31": "", "2015-12-31": "", "2014-12-31": "", "2013-12-31": "", "2012-12-31": "", "2011-12-31": "", "2010-12-31": "", "2009-12-31": "", "2008-12-31": "", "2007-12-31": "", "2006-12-31": "", "2005-12-31": ""}, "Investing Activities - Other": {"2019-12-31": "", "2018-12-31": "", "2017-12-31": "", "2016-12-31": "", "2015-12-31": "", "2014-12-31": "", "2013-12-31": "", "2012-12-31": "", "2011-12-31": "", "2010-12-31": "", "2009-12-31": "", "2008-12-31": "", "2007-12-31": "", "2006-12-31": "-0.68800", "2005-12-31": "2.69900"}, "Cash Flow From Investing Activities": {"2019-12-31": "-160.88500", "2018-12-31": "384.05100", "2017-12-31": "-2752.54500", "2016-12-31": "-98.05900", "2015-12-31": "-242.35700", "2014-12-31": "-162.77700", "2013-12-31": "-36.49800", "2012-12-31": "-54.67300", "2011-12-31": "-41.95400", "2010-12-31": "-33.84500", "2009-12-31": "-119.66500", "2008-12-31": "-16.45500", "2007-12-31": "-24.13600", "2006-12-31": "-21.80100", "2005-12-31": "-180.98000"}, "Net Long-Term Debt": {"2019-12-31": "-104.57900", "2018-12-31": "-1010.97200", "2017-12-31": "2620.56200", "2016-12-31": "-120.00000", "2015-12-31": "420.00000", "2014-12-31": "200.00000", "2013-12-31": "", "2012-12-31": "5.00000", "2011-12-31": "-20.15600", "2010-12-31": "-113.62700", "2009-12-31": "-87.25000", "2008-12-31": "22.25000", "2007-12-31": "24.00000", "2006-12-31": "123.33300", "2005-12-31": "55.70900"}, "Net Current Debt": {"2019-12-31": "", "2018-12-31": "", "2017-12-31": "", "2016-12-31": "", "2015-12-31": "", "2014-12-31": "", "2013-12-31": "", "2012-12-31": "", "2011-12-31": "", "2010-12-31": "", "2009-12-31": "", "2008-12-31": "", "2007-12-31": "", "2006-12-31": "", "2005-12-31": ""}, "Debt Issuance/Retirement Net - Total": {"2019-12-31": "-104.57900", "2018-12-31": "-1010.97200", "2017-12-31": "2620.56200", "2016-12-31": "-120.00000", "2015-12-31": "420.00000", "2014-12-31": "200.00000", "2013-12-31": "", "2012-12-31": "5.00000", "2011-12-31": "-20.15600", "2010-12-31": "-113.62700", "2009-12-31": "-87.25000", "2008-12-31": "22.25000", "2007-12-31": "24.00000", "2006-12-31": "123.33300", "2005-12-31": "55.70900"}, "Net Common Equity Issued/Repurchased": {"2019-12-31": "-181.41300", "2018-12-31": "-246.14300", "2017-12-31": "-29.56100", "2016-12-31": "-49.71100", "2015-12-31": "-501.55000", "2014-12-31": "-424.23900", "2013-12-31": "-175.69400", "2012-12-31": "-98.87400", "2011-12-31": "-191.97500", "2010-12-31": "-76.29300", "2009-12-31": "11.07800", "2008-12-31": "-156.11500", "2007-12-31": "-132.36400", "2006-12-31": "-223.97200", "2005-12-31": "15.39500"}, "Net Total Equity Issued/Repurchased": {"2019-12-31": "-181.41300", "2018-12-31": "-246.14300", "2017-12-31": "-29.56100", "2016-12-31": "-49.71100", "2015-12-31": "-501.55000", "2014-12-31": "-424.23900", "2013-12-31": "-175.69400", "2012-12-31": "-98.87400", "2011-12-31": "-191.97500", "2010-12-31": "-76.29300", "2009-12-31": "11.07800", "2008-12-31": "-156.11500", "2007-12-31": "-132.36400", "2006-12-31": "-223.97200", "2005-12-31": "15.39500"}, "Total Common And Preferred Stock Dividends Paid": {"2019-12-31": "", "2018-12-31": "", "2017-12-31": "", "2016-12-31": "", "2015-12-31": "", "2014-12-31": "", "2013-12-31": "", "2012-12-31": "", "2011-12-31": "", "2010-12-31": "", "2009-12-31": "", "2008-12-31": "", "2007-12-31": "", "2006-12-31": "", "2005-12-31": ""}, "Financial Activities - Other": {"2019-12-31": "", "2018-12-31": "", "2017-12-31": "-51.17100", "2016-12-31": "-4.97500", "2015-12-31": "13.86000", "2014-12-31": "15.56900", "2013-12-31": "21.83900", "2012-12-31": "21.30400", "2011-12-31": "25.57200", "2010-12-31": "18.36400", "2009-12-31": "2.39200", "2008-12-31": "14.03000", "2007-12-31": "14.66900", "2006-12-31": "9.11400", "2005-12-31": "-1.08200"}, "Cash Flow From Financial Activities": {"2019-12-31": "-285.99200", "2018-12-31": "-1257.11500", "2017-12-31": "2539.83000", "2016-12-31": "-174.68600", "2015-12-31": "-67.69000", "2014-12-31": "-208.67000", "2013-12-31": "-153.85500", "2012-12-31": "-72.57000", "2011-12-31": "-186.55900", "2010-12-31": "-171.55600", "2009-12-31": "-73.78000", "2008-12-31": "-119.83500", "2007-12-31": "-93.69500", "2006-12-31": "-91.52500", "2005-12-31": "70.02200"}, "Net Cash Flow": {"2019-12-31": "122.17300", "2018-12-31": "-408.39500", "2017-12-31": "67.70400", "2016-12-31": "87.24700", "2015-12-31": "7.67400", "2014-12-31": "-58.68800", "2013-12-31": "124.13800", "2012-12-31": "157.11300", "2011-12-31": "22.55800", "2010-12-31": "3.60700", "2009-12-31": "-24.35500", "2008-12-31": "30.98400", "2007-12-31": "42.14400", "2006-12-31": "-2.48100", "2005-12-31": "-89.84400"}, "Stock-Based Compensation": {"2019-12-31": "69.00800", "2018-12-31": "66.17200", "2017-12-31": "78.94300", "2016-12-31": "46.66100", "2015-12-31": "46.14900", "2014-12-31": "38.84500", "2013-12-31": "34.73500", "2012-12-31": "36.37800", "2011-12-31": "32.86500", "2010-12-31": "32.63400", "2009-12-31": "26.06600", "2008-12-31": "20.69600", "2007-12-31": "24.24100", "2006-12-31": "16.66000", "2005-12-31": "1.03000"}, "Common Stock Dividends Paid": {"2019-12-31": "", "2018-12-31": "", "2017-12-31": "", "2016-12-31": "", "2015-12-31": "", "2014-12-31": "", "2013-12-31": "", "2012-12-31": "", "2011-12-31": "", "2010-12-31": "", "2009-12-31": "", "2008-12-31": "", "2007-12-31": "", "2006-12-31": "", "2005-12-31": ""}}, "cash flow statement, quarterly": {"Net Income/Loss": {"2020-09-30": 16.964, "2020-06-30": 55.077, "2020-03-31": "75.09700", "2019-12-31": 67.701, "2019-09-30": 41.388, "2019-06-30": 103.406, "2019-03-31": "20.79500", "2018-12-31": 84.02, "2018-09-30": 11.753, "2018-06-30": 46.27, "2018-03-31": "-19.58700", "2017-12-31": 107.307, "2017-09-30": -48.18, "2017-06-30": -92.281, "2017-03-31": "36.43300", "2016-12-31": 66.485, "2016-09-30": 30.483, "2016-06-30": 51.627, "2016-03-31": "44.98700", "2015-12-31": 65.763, "2015-09-30": 30.366, "2015-06-30": 51.155, "2015-03-31": "28.35100", "2014-12-31": 59.144, "2014-09-30": 33.846, "2014-06-30": 53.04, "2014-03-31": "37.73600", "2013-12-31": 61.418, "2013-09-30": 38.194, "2013-06-30": 46.514, "2013-03-31": "36.67500", "2012-12-31": 58.823, "2012-09-30": 31.375, "2012-06-30": 41.484, "2012-03-31": "34.22100", "2011-12-31": 45.024, "2011-09-30": 30.464, "2011-06-30": 32.223, "2011-03-31": "29.19100", "2010-12-31": 36.694, "2010-09-30": 20.075, "2010-06-30": 20.113, "2010-03-31": "19.40300", "2009-12-31": 25.716, "2009-09-30": 20.067, "2009-06-30": 17.185, "2009-03-31": "19.99600", "2008-12-31": 33.646, "2008-09-30": 18.781, "2008-06-30": 29.9, "2008-03-31": "21.54400", "2007-12-31": 38.819, "2007-09-30": 12.494, "2007-06-30": 14.048, "2007-03-31": "8.19200", "2006-12-31": 22.57, "2006-09-30": 9.608, "2006-06-30": 18.244, "2006-03-31": "7.77000", "2005-12-31": 14.81, "2005-09-30": -1.721, "2005-06-30": -0.819, "2005-03-31": "-14.70700"}, "Total Depreciation And Amortization - Cash Flow": {"2020-09-30": 12.81, "2020-06-30": 88.405, "2020-03-31": "79.19500", "2019-12-31": 55.292, "2019-09-30": 11.469, "2019-06-30": 75.502, "2019-03-31": "76.01300", "2018-12-31": 54.13, "2018-09-30": 69.791, "2018-06-30": 75.571, "2018-03-31": "69.92400", "2017-12-31": 73.346, "2017-09-30": 72.325, "2017-06-30": 92.564, "2017-03-31": "16.99800", "2016-12-31": 16.436, "2016-09-30": 16.205, "2016-06-30": 16.982, "2016-03-31": "15.42800", "2015-12-31": 14.329, "2015-09-30": 12.985, "2015-06-30": 10.364, "2015-03-31": "10.96500", "2014-12-31": 11.597, "2014-09-30": 10.922, "2014-06-30": 10.219, "2014-03-31": "9.31900", "2013-12-31": 9.581, "2013-09-30": 9.244, "2013-06-30": 9.035, "2013-03-31": "9.29200", "2012-12-31": 8.86, "2012-09-30": 8.167, "2012-06-30": 7.609, "2012-03-31": "7.14300", "2011-12-31": 7.688, "2011-09-30": 7.928, "2011-06-30": 9.343, "2011-03-31": "9.39300", "2010-12-31": 9.444, "2010-09-30": 8.979, "2010-06-30": 9.236, "2010-03-31": "9.78200", "2009-12-31": 6.946, "2009-09-30": 7.226, "2009-06-30": 7.096, "2009-03-31": "7.23500", "2008-12-31": 7.63, "2008-09-30": 7.251, "2008-06-30": 6.729, "2008-03-31": "7.10700", "2007-12-31": 6.96, "2007-09-30": 7.006, "2007-06-30": 6.829, "2007-03-31": "6.95700", "2006-12-31": 7.337, "2006-09-30": 9.527, "2006-06-30": 9.716, "2006-03-31": "9.24400", "2005-12-31": 10.359, "2005-09-30": 9.864, "2005-06-30": 10.6, "2005-03-31": "6.32900"}, "Other Non-Cash Items": {"2020-09-30": 118.932, "2020-06-30": -11.672, "2020-03-31": "50.66600", "2019-12-31": 28.892, "2019-09-30": 66.15, "2019-06-30": -10.764, "2019-03-31": "8.36400", "2018-12-31": 9.477, "2018-09-30": 10.951, "2018-06-30": 10.038, "2018-03-31": "-8.21700", "2017-12-31": -106.951, "2017-09-30": -7.089, "2017-06-30": -35.009, "2017-03-31": "10.57800", "2016-12-31": 18.8, "2016-09-30": -3.049, "2016-06-30": 12.458, "2016-03-31": "13.30400", "2015-12-31": 12.599, "2015-09-30": 1.461, "2015-06-30": 12.758, "2015-03-31": "5.81500", "2014-12-31": 9.042, "2014-09-30": -1.941, "2014-06-30": 0.835, "2014-03-31": "9.95700", "2013-12-31": 12.38, "2013-09-30": 12.913, "2013-06-30": 3.462, "2013-03-31": "-2.74900", "2012-12-31": 11.66, "2012-09-30": 5.714, "2012-06-30": 3.182, "2012-03-31": "-4.50900", "2011-12-31": 0.224, "2011-09-30": 12.446, "2011-06-30": 16.095, "2011-03-31": "-22.43700", "2010-12-31": 7.637, "2010-09-30": -3.482, "2010-06-30": 4.408, "2010-03-31": "3.09800", "2009-12-31": 10.434, "2009-09-30": 4.828, "2009-06-30": 5.5, "2009-03-31": "7.91500", "2008-12-31": 8.922, "2008-09-30": -8.12, "2008-06-30": 2.828, "2008-03-31": "-2.20900", "2007-12-31": 15.648, "2007-09-30": 2.526, "2007-06-30": -3.651, "2007-03-31": "1.69900", "2006-12-31": 12.15, "2006-09-30": 1.139, "2006-06-30": 0.633, "2006-03-31": "0.40900", "2005-12-31": 4.347, "2005-09-30": 6.449, "2005-06-30": -4.331, "2005-03-31": "5.21400"}, "Total Non-Cash Items": {"2020-09-30": 131.742, "2020-06-30": 76.733, "2020-03-31": "129.86100", "2019-12-31": 84.184, "2019-09-30": 77.619, "2019-06-30": 64.738, "2019-03-31": "84.37700", "2018-12-31": 63.607, "2018-09-30": 80.742, "2018-06-30": 85.609, "2018-03-31": "61.70700", "2017-12-31": -33.605, "2017-09-30": 65.236, "2017-06-30": 57.555, "2017-03-31": "27.57600", "2016-12-31": 35.236, "2016-09-30": 13.156, "2016-06-30": 29.44, "2016-03-31": "28.73200", "2015-12-31": 26.928, "2015-09-30": 14.446, "2015-06-30": 23.122, "2015-03-31": "16.78000", "2014-12-31": 20.639, "2014-09-30": 8.981, "2014-06-30": 11.054, "2014-03-31": "19.27600", "2013-12-31": 21.961, "2013-09-30": 22.157, "2013-06-30": 12.497, "2013-03-31": "6.54300", "2012-12-31": 20.52, "2012-09-30": 13.881, "2012-06-30": 10.791, "2012-03-31": "2.63400", "2011-12-31": 7.912, "2011-09-30": 20.374, "2011-06-30": 25.438, "2011-03-31": "-13.04400", "2010-12-31": 17.081, "2010-09-30": 5.497, "2010-06-30": 13.644, "2010-03-31": "12.88000", "2009-12-31": 17.38, "2009-09-30": 12.054, "2009-06-30": 12.596, "2009-03-31": "15.15000", "2008-12-31": 16.552, "2008-09-30": -0.869, "2008-06-30": 9.557, "2008-03-31": "4.89800", "2007-12-31": 22.608, "2007-09-30": 9.532, "2007-06-30": 3.178, "2007-03-31": "8.65600", "2006-12-31": 19.487, "2006-09-30": 10.666, "2006-06-30": 10.349, "2006-03-31": "9.65300", "2005-12-31": 14.706, "2005-09-30": 16.313, "2005-06-30": 6.269, "2005-03-31": "11.54300"}, "Change In Accounts Receivable": {"2020-09-30": 107.995, "2020-06-30": 125.463, "2020-03-31": "135.66100", "2019-12-31": -281.861, "2019-09-30": 74.291, "2019-06-30": 62.451, "2019-03-31": "78.39000", "2018-12-31": -287.682, "2018-09-30": 91.457, "2018-06-30": 24.451, "2018-03-31": "56.77100", "2017-12-31": -353.426, "2017-09-30": 29.849, "2017-06-30": 12.98, "2017-03-31": "-57.91900", "2016-12-31": -94.903, "2016-09-30": 46.622, "2016-06-30": -1.291, "2016-03-31": "-19.08900", "2015-12-31": -101.521, "2015-09-30": 43.463, "2015-06-30": 3.951, "2015-03-31": "9.63100", "2014-12-31": -113.789, "2014-09-30": 34.456, "2014-06-30": 7.119, "2014-03-31": "-4.21000", "2013-12-31": -97.829, "2013-09-30": 42.661, "2013-06-30": 9.22, "2013-03-31": "17.85100", "2012-12-31": -92.774, "2012-09-30": 23.497, "2012-06-30": -9.035, "2012-03-31": "39.69500", "2011-12-31": -74.91, "2011-09-30": 4.108, "2011-06-30": -13.829, "2011-03-31": "25.74400", "2010-12-31": -63.325, "2010-09-30": -6.211, "2010-06-30": 12.56, "2010-03-31": "8.79900", "2009-12-31": -52.902, "2009-09-30": 9.036, "2009-06-30": 11.527, "2009-03-31": "57.68800", "2008-12-31": -24.172, "2008-09-30": 1.212, "2008-06-30": 15.372, "2008-03-31": "28.57500", "2007-12-31": -34.516, "2007-09-30": -4.376, "2007-06-30": 8.501, "2007-03-31": "19.51100", "2006-12-31": -40.395, "2006-09-30": 3.69, "2006-06-30": -3.592, "2006-03-31": "36.42100", "2005-12-31": -77.158, "2005-09-30": -2.104, "2005-06-30": 23.267, "2005-03-31": "20.24900"}, "Change In Inventories": {"2020-09-30": 0, "2020-06-30": 0, "2020-03-31": "", "2019-12-31": 0, "2019-09-30": 0, "2019-06-30": 0, "2019-03-31": "", "2018-12-31": 0, "2018-09-30": 0, "2018-06-30": 0, "2018-03-31": "", "2017-12-31": 0, "2017-09-30": 0, "2017-06-30": 0, "2017-03-31": "", "2016-12-31": 0, "2016-09-30": 0, "2016-06-30": 0, "2016-03-31": "", "2015-12-31": 0, "2015-09-30": 0, "2015-06-30": 0, "2015-03-31": "", "2014-12-31": 0, "2014-09-30": 0, "2014-06-30": 0, "2014-03-31": "", "2013-12-31": 0, "2013-09-30": 0, "2013-06-30": 0, "2013-03-31": "", "2012-12-31": 0, "2012-09-30": 0, "2012-06-30": 0, "2012-03-31": "", "2011-12-31": 0, "2011-09-30": 0, "2011-06-30": 0, "2011-03-31": "", "2010-12-31": 0, "2010-09-30": 0, "2010-06-30": 0, "2010-03-31": "", "2009-12-31": 0, "2009-09-30": 0, "2009-06-30": 0, "2009-03-31": "", "2008-12-31": 0, "2008-09-30": 0, "2008-06-30": 0, "2008-03-31": "", "2007-12-31": 0, "2007-09-30": 0, "2007-06-30": 0, "2007-03-31": "", "2006-12-31": 0, "2006-09-30": 0, "2006-06-30": 0, "2006-03-31": "", "2005-12-31": 0, "2005-09-30": 0, "2005-06-30": 0, "2005-03-31": ""}, "Change In Accounts Payable": {"2020-09-30": 0, "2020-06-30": 0, "2020-03-31": "", "2019-12-31": 0, "2019-09-30": 0, "2019-06-30": 0, "2019-03-31": "", "2018-12-31": 0, "2018-09-30": 0, "2018-06-30": 0, "2018-03-31": "", "2017-12-31": 0, "2017-09-30": 0, "2017-06-30": 0, "2017-03-31": "", "2016-12-31": 0, "2016-09-30": 0, "2016-06-30": 0, "2016-03-31": "", "2015-12-31": 0, "2015-09-30": 0, "2015-06-30": 0, "2015-03-31": "", "2014-12-31": 0, "2014-09-30": 0, "2014-06-30": 0, "2014-03-31": "", "2013-12-31": 0, "2013-09-30": 0, "2013-06-30": 0, "2013-03-31": "", "2012-12-31": 0, "2012-09-30": 0, "2012-06-30": 0, "2012-03-31": "", "2011-12-31": 0, "2011-09-30": 0, "2011-06-30": 0, "2011-03-31": "", "2010-12-31": 0, "2010-09-30": 0, "2010-06-30": 0, "2010-03-31": "", "2009-12-31": 0, "2009-09-30": 0, "2009-06-30": 0, "2009-03-31": "", "2008-12-31": 0, "2008-09-30": 0, "2008-06-30": 0, "2008-03-31": "", "2007-12-31": 0, "2007-09-30": 0, "2007-06-30": 0, "2007-03-31": "", "2006-12-31": 0, "2006-09-30": 0, "2006-06-30": 0, "2006-03-31": "", "2005-12-31": 0, "2005-09-30": 0, "2005-06-30": 0, "2005-03-31": ""}, "Change In Assets/Liabilities": {"2020-09-30": -61.599, "2020-06-30": -89.687, "2020-03-31": "-15.40300", "2019-12-31": 85.13, "2019-09-30": 19.333, "2019-06-30": -32.08, "2019-03-31": "70.18700", "2018-12-31": 50.645, "2018-09-30": 16.072, "2018-06-30": 13.176, "2018-03-31": "36.91200", "2017-12-31": 223.304, "2017-09-30": -35.231, "2017-06-30": 54.778, "2017-03-31": "73.33000", "2016-12-31": -27.061, "2016-09-30": -16.454, "2016-06-30": 21.393, "2016-03-31": "99.82900", "2015-12-31": -22.018, "2015-09-30": -30.343, "2015-06-30": 30.441, "2015-03-31": "72.52300", "2014-12-31": -9.147, "2014-09-30": 5.57, "2014-06-30": 18.254, "2014-03-31": "68.18100", "2013-12-31": 5.062, "2013-09-30": -18.888, "2013-06-30": 25.503, "2013-03-31": "44.19800", "2012-12-31": 9.774, "2012-09-30": 10.338, "2012-06-30": 16.93, "2012-03-31": "30.24100", "2011-12-31": 11.589, "2011-09-30": 41.036, "2011-06-30": 22.191, "2011-03-31": "17.95800", "2010-12-31": 12.679, "2010-09-30": 24.261, "2010-06-30": -15.849, "2010-03-31": "27.55500", "2009-12-31": 10.671, "2009-09-30": 4.216, "2009-06-30": -1.501, "2009-03-31": "-11.44400", "2008-12-31": -12.808, "2008-09-30": 18.744, "2008-06-30": -24.633, "2008-03-31": "19.87200", "2007-12-31": 7.521, "2007-09-30": 29.761, "2007-06-30": -28.576, "2007-03-31": "-0.25900", "2006-12-31": -1.478, "2006-09-30": 13.293, "2006-06-30": -12.689, "2006-03-31": "25.55000", "2005-12-31": -3.442, "2005-09-30": 6.022, "2005-06-30": -39.644, "2005-03-31": "28.79000"}, "Total Change In Assets/Liabilities": {"2020-09-30": 95.207, "2020-06-30": 211.358, "2020-03-31": "-149.20900", "2019-12-31": -69.05, "2019-09-30": 100.516, "2019-06-30": 59.338, "2019-03-31": "-69.57600", "2018-12-31": -102.48, "2018-09-30": 156.769, "2018-06-30": 42.144, "2018-03-31": "-39.39600", "2017-12-31": -51.452, "2017-09-30": 132.493, "2017-06-30": 147.049, "2017-03-31": "-93.61400", "2016-12-31": -18.352, "2016-09-30": 76.841, "2016-06-30": 67.385, "2016-03-31": "-60.38800", "2015-12-31": -13.437, "2015-09-30": 72.092, "2015-06-30": 69.463, "2015-03-31": "-39.46800", "2014-12-31": -8.613, "2014-09-30": 80.024, "2014-06-30": 72.194, "2014-03-31": "-40.54200", "2013-12-31": -9.794, "2013-09-30": 41.402, "2013-06-30": 61.612, "2013-03-31": "-23.52500", "2012-12-31": -8.281, "2012-09-30": 64.043, "2012-06-30": 28.498, "2012-03-31": "-18.17600", "2011-12-31": 26.165, "2011-09-30": 61.714, "2011-06-30": 30.915, "2011-03-31": "-40.81000", "2010-12-31": 25.349, "2010-09-30": 39.211, "2010-06-30": 35.801, "2010-03-31": "-40.24900", "2009-12-31": 1.201, "2009-09-30": 22.985, "2009-06-30": 17.926, "2009-03-31": "-20.31900", "2008-12-31": -3.268, "2008-09-30": 37.663, "2008-06-30": 28.171, "2008-03-31": "-12.22500", "2007-12-31": 4.413, "2007-09-30": 16.776, "2007-06-30": 26.689, "2007-03-31": "-17.07000", "2006-12-31": -10.515, "2006-09-30": 21.469, "2006-06-30": -1.719, "2006-03-31": "-11.31800", "2005-12-31": -29.994, "2005-09-30": -0.963, "2005-06-30": -6.064, "2005-03-31": "17.74900"}, "Cash Flow From Operating Activities": {"2020-09-30": 243.913, "2020-06-30": 343.168, "2020-03-31": "55.74900", "2019-12-31": 82.835, "2019-09-30": 219.523, "2019-06-30": 227.482, "2019-03-31": "35.59600", "2018-12-31": 45.147, "2018-09-30": 249.264, "2018-06-30": 174.023, "2018-03-31": "2.72400", "2017-12-31": 22.25, "2017-09-30": 149.549, "2017-06-30": 112.323, "2017-03-31": "-29.60500", "2016-12-31": 83.369, "2016-09-30": 120.48, "2016-06-30": 148.452, "2016-03-31": "13.33100", "2015-12-31": 79.254, "2015-09-30": 116.904, "2015-06-30": 143.74, "2015-03-31": "5.66300", "2014-12-31": 71.17, "2014-09-30": 122.851, "2014-06-30": 136.288, "2014-03-31": "16.47000", "2013-12-31": 73.585, "2013-09-30": 101.753, "2013-06-30": 120.623, "2013-03-31": "19.69300", "2012-12-31": 71.062, "2012-09-30": 109.299, "2012-06-30": 80.773, "2012-03-31": "18.67900", "2011-12-31": 79.101, "2011-09-30": 112.552, "2011-06-30": 88.576, "2011-03-31": "-24.66300", "2010-12-31": 79.124, "2010-09-30": 64.783, "2010-06-30": 69.558, "2010-03-31": "-7.96600", "2009-12-31": 44.297, "2009-09-30": 55.106, "2009-06-30": 47.707, "2009-03-31": "14.82700", "2008-12-31": 46.93, "2008-09-30": 55.575, "2008-06-30": 67.628, "2008-03-31": "14.21700", "2007-12-31": 65.84, "2007-09-30": 38.802, "2007-06-30": 43.915, "2007-03-31": "-0.22200", "2006-12-31": 31.542, "2006-09-30": 41.743, "2006-06-30": 26.874, "2006-03-31": "6.10500", "2005-12-31": -0.478, "2005-09-30": 13.629, "2005-06-30": -0.614, "2005-03-31": "14.58500"}, "Net Change In Property, Plant, And Equipment": {"2020-09-30": -14.98, "2020-06-30": -21.329, "2020-03-31": "-24.53600", "2019-12-31": -53.315, "2019-09-30": -36.222, "2019-06-30": -39.419, "2019-03-31": "-20.06000", "2018-12-31": -62.242, "2018-09-30": -24.505, "2018-06-30": -22.447, "2018-03-31": "-17.67900", "2017-12-31": -35.146, "2017-09-30": -33.992, "2017-06-30": -30.927, "2017-03-31": "-10.70000", "2016-12-31": -12.986, "2016-09-30": -11.54, "2016-06-30": -18.777, "2016-03-31": "-6.56000", "2015-12-31": -10.061, "2015-09-30": -12.453, "2015-06-30": -11.982, "2015-03-31": "-11.63200", "2014-12-31": -12.97, "2014-09-30": -6.365, "2014-06-30": -9.966, "2014-03-31": "-9.18500", "2013-12-31": -8.726, "2013-09-30": -8.137, "2013-06-30": -9.987, "2013-03-31": "-9.64800", "2012-12-31": -13.537, "2012-09-30": -10.158, "2012-06-30": -13.524, "2012-03-31": "-7.11800", "2011-12-31": -18.234, "2011-09-30": -14.26, "2011-06-30": -5.755, "2011-03-31": "-3.70500", "2010-12-31": -9.483, "2010-09-30": -4.518, "2010-06-30": -4.281, "2010-03-31": "-3.41200", "2009-12-31": -4.017, "2009-09-30": -2.679, "2009-06-30": -3.91, "2009-03-31": "-4.53600", "2008-12-31": -6.022, "2008-09-30": -5.306, "2008-06-30": -5.464, "2008-03-31": "-7.51000", "2007-12-31": -5.551, "2007-09-30": -6.155, "2007-06-30": -7.653, "2007-03-31": "-4.77700", "2006-12-31": -7.961, "2006-09-30": -5.174, "2006-06-30": -4.622, "2006-03-31": "-3.35600", "2005-12-31": -11.104, "2005-09-30": -3.979, "2005-06-30": -3.21, "2005-03-31": "-4.06300"}, "Net Change In Intangible Assets": {"2020-09-30": 0, "2020-06-30": 0, "2020-03-31": "", "2019-12-31": 0, "2019-09-30": 0, "2019-06-30": 0, "2019-03-31": "", "2018-12-31": 0, "2018-09-30": 0, "2018-06-30": 0, "2018-03-31": "", "2017-12-31": 0, "2017-09-30": 0, "2017-06-30": 0, "2017-03-31": "", "2016-12-31": 0, "2016-09-30": 0, "2016-06-30": 0, "2016-03-31": "", "2015-12-31": 0, "2015-09-30": 0, "2015-06-30": 0, "2015-03-31": "", "2014-12-31": 0, "2014-09-30": 0, "2014-06-30": 0, "2014-03-31": "", "2013-12-31": 0, "2013-09-30": 0, "2013-06-30": 0, "2013-03-31": "", "2012-12-31": 0, "2012-09-30": 0, "2012-06-30": 0, "2012-03-31": "", "2011-12-31": 0, "2011-09-30": 0, "2011-06-30": 0, "2011-03-31": "", "2010-12-31": 0, "2010-09-30": 0, "2010-06-30": 0, "2010-03-31": "", "2009-12-31": 0, "2009-09-30": 0, "2009-06-30": 0, "2009-03-31": "", "2008-12-31": 0, "2008-09-30": 0, "2008-06-30": 0, "2008-03-31": "", "2007-12-31": 0, "2007-09-30": 0, "2007-06-30": 0, "2007-03-31": "", "2006-12-31": 0, "2006-09-30": 0, "2006-06-30": 0, "2006-03-31": "", "2005-12-31": 0, "2005-09-30": 0, "2005-06-30": 0.15, "2005-03-31": "-0.15000"}, "Net Acquisitions/Divestitures": {"2020-09-30": 0, "2020-06-30": 0, "2020-03-31": "", "2019-12-31": -23.694, "2019-09-30": 0, "2019-06-30": 0, "2019-03-31": "-2.29500", "2018-12-31": 6.07, "2018-09-30": 98.312, "2018-06-30": 406.542, "2018-03-31": "", "2017-12-31": -0.01, "2017-09-30": -37.592, "2017-06-30": -2493.013, "2017-03-31": "-111.16500", "2016-12-31": -18.833, "2016-09-30": 0.533, "2016-06-30": -29.096, "2016-03-31": "-0.80000", "2015-12-31": -0.751, "2015-09-30": -195.478, "2015-06-30": 0, "2015-03-31": "", "2014-12-31": -2.4, "2014-09-30": 0, "2014-06-30": -6.621, "2014-03-31": "-115.27000", "2013-12-31": 0, "2013-09-30": 0, "2013-06-30": 0, "2013-03-31": "", "2012-12-31": 0, "2012-09-30": -0.827, "2012-06-30": -9.509, "2012-03-31": "", "2011-12-31": 0, "2011-09-30": 0, "2011-06-30": 0, "2011-03-31": "", "2010-12-31": 0, "2010-09-30": 0, "2010-06-30": -0.455, "2010-03-31": "-11.69600", "2009-12-31": -104.523, "2009-09-30": 0, "2009-06-30": 0, "2009-03-31": "", "2008-12-31": 0, "2008-09-30": 0, "2008-06-30": -0.228, "2008-03-31": "8.07500", "2007-12-31": 0, "2007-09-30": 0, "2007-06-30": 0, "2007-03-31": "", "2006-12-31": 0, "2006-09-30": 0, "2006-06-30": 0, "2006-03-31": "", "2005-12-31": 0, "2005-09-30": -1.572, "2005-06-30": -157.25, "2005-03-31": "-2.50100"}, "Net Change In Short-term Investments": {"2020-09-30": 0, "2020-06-30": 0, "2020-03-31": "", "2019-12-31": 14.12, "2019-09-30": 0, "2019-06-30": 0, "2019-03-31": "", "2018-12-31": 0, "2018-09-30": 0, "2018-06-30": 0, "2018-03-31": "", "2017-12-31": 0, "2017-09-30": 0, "2017-06-30": 0, "2017-03-31": "", "2016-12-31": 0, "2016-09-30": 0, "2016-06-30": 0, "2016-03-31": "", "2015-12-31": 0, "2015-09-30": 0, "2015-06-30": 0, "2015-03-31": "", "2014-12-31": 0, "2014-09-30": 0, "2014-06-30": 0, "2014-03-31": "", "2013-12-31": 0, "2013-09-30": 0, "2013-06-30": 0, "2013-03-31": "", "2012-12-31": 0, "2012-09-30": 0, "2012-06-30": 0, "2012-03-31": "", "2011-12-31": 0, "2011-09-30": 0, "2011-06-30": 0, "2011-03-31": "", "2010-12-31": 0, "2010-09-30": 0, "2010-06-30": 0, "2010-03-31": "", "2009-12-31": 0, "2009-09-30": 0, "2009-06-30": 0, "2009-03-31": "", "2008-12-31": 0, "2008-09-30": 0, "2008-06-30": 0, "2008-03-31": "", "2007-12-31": 0, "2007-09-30": 0, "2007-06-30": 0, "2007-03-31": "", "2006-12-31": 0, "2006-09-30": 0, "2006-06-30": 0, "2006-03-31": "", "2005-12-31": 0, "2005-09-30": 0, "2005-06-30": 0, "2005-03-31": ""}, "Net Change In Long-Term Investments": {"2020-09-30": 0, "2020-06-30": 0, "2020-03-31": "", "2019-12-31": 0, "2019-09-30": 0, "2019-06-30": 0, "2019-03-31": "", "2018-12-31": 0, "2018-09-30": 0, "2018-06-30": 0, "2018-03-31": "", "2017-12-31": 0, "2017-09-30": 0, "2017-06-30": 0, "2017-03-31": "", "2016-12-31": 0, "2016-09-30": 0, "2016-06-30": 0, "2016-03-31": "", "2015-12-31": 0, "2015-09-30": 0, "2015-06-30": 0, "2015-03-31": "", "2014-12-31": 0, "2014-09-30": 0, "2014-06-30": 0, "2014-03-31": "", "2013-12-31": 0, "2013-09-30": 0, "2013-06-30": 0, "2013-03-31": "", "2012-12-31": 0, "2012-09-30": 0, "2012-06-30": 0, "2012-03-31": "", "2011-12-31": 0, "2011-09-30": 0, "2011-06-30": 0, "2011-03-31": "", "2010-12-31": 0, "2010-09-30": 0, "2010-06-30": 0, "2010-03-31": "", "2009-12-31": 0, "2009-09-30": 0, "2009-06-30": 0, "2009-03-31": "", "2008-12-31": 0, "2008-09-30": 0, "2008-06-30": 0, "2008-03-31": "", "2007-12-31": 0, "2007-09-30": 0, "2007-06-30": 0, "2007-03-31": "", "2006-12-31": 0, "2006-09-30": 0, "2006-06-30": 0, "2006-03-31": "", "2005-12-31": -1.3, "2005-09-30": 1.3, "2005-06-30": 0, "2005-03-31": ""}, "Net Change In Investments - Total": {"2020-09-30": 0, "2020-06-30": 0, "2020-03-31": "", "2019-12-31": 14.12, "2019-09-30": 0, "2019-06-30": 0, "2019-03-31": "", "2018-12-31": 0, "2018-09-30": 0, "2018-06-30": 0, "2018-03-31": "", "2017-12-31": 0, "2017-09-30": 0, "2017-06-30": 0, "2017-03-31": "", "2016-12-31": 0, "2016-09-30": 0, "2016-06-30": 0, "2016-03-31": "", "2015-12-31": 0, "2015-09-30": 0, "2015-06-30": 0, "2015-03-31": "", "2014-12-31": 0, "2014-09-30": 0, "2014-06-30": 0, "2014-03-31": "", "2013-12-31": 0, "2013-09-30": 0, "2013-06-30": 0, "2013-03-31": "", "2012-12-31": 0, "2012-09-30": 0, "2012-06-30": 0, "2012-03-31": "", "2011-12-31": 0, "2011-09-30": 0, "2011-06-30": 0, "2011-03-31": "", "2010-12-31": 0, "2010-09-30": 0, "2010-06-30": 0, "2010-03-31": "", "2009-12-31": 0, "2009-09-30": 0, "2009-06-30": 0, "2009-03-31": "", "2008-12-31": 0, "2008-09-30": 0, "2008-06-30": 0, "2008-03-31": "", "2007-12-31": 0, "2007-09-30": 0, "2007-06-30": 0, "2007-03-31": "", "2006-12-31": 0, "2006-09-30": 0, "2006-06-30": 0, "2006-03-31": "", "2005-12-31": -1.3, "2005-09-30": 1.3, "2005-06-30": 0, "2005-03-31": ""}, "Investing Activities - Other": {"2020-09-30": 0, "2020-06-30": 0, "2020-03-31": "", "2019-12-31": 0, "2019-09-30": 0, "2019-06-30": 0, "2019-03-31": "", "2018-12-31": 0, "2018-09-30": 0, "2018-06-30": -1, "2018-03-31": "1.00000", "2017-12-31": 0, "2017-09-30": 0, "2017-06-30": 0, "2017-03-31": "", "2016-12-31": 0, "2016-09-30": 0, "2016-06-30": 0, "2016-03-31": "", "2015-12-31": 0, "2015-09-30": 0, "2015-06-30": 0, "2015-03-31": "", "2014-12-31": 0, "2014-09-30": 0, "2014-06-30": 0, "2014-03-31": "", "2013-12-31": 0, "2013-09-30": 0, "2013-06-30": 0, "2013-03-31": "", "2012-12-31": 0, "2012-09-30": 0, "2012-06-30": 0, "2012-03-31": "", "2011-12-31": 0, "2011-09-30": 0, "2011-06-30": 0, "2011-03-31": "", "2010-12-31": 0, "2010-09-30": 0, "2010-06-30": 0, "2010-03-31": "", "2009-12-31": 0, "2009-09-30": 0, "2009-06-30": 0, "2009-03-31": "", "2008-12-31": 0, "2008-09-30": 0, "2008-06-30": 0, "2008-03-31": "", "2007-12-31": -0.012, "2007-09-30": 0.003, "2007-06-30": 0.009, "2007-03-31": "", "2006-12-31": -0.384, "2006-09-30": -0.095, "2006-06-30": -0.07, "2006-03-31": "-0.13900", "2005-12-31": 2.085, "2005-09-30": 0.728, "2005-06-30": -0.114, "2005-03-31": ""}, "Cash Flow From Investing Activities": {"2020-09-30": -14.98, "2020-06-30": -21.329, "2020-03-31": "-24.53600", "2019-12-31": -62.889, "2019-09-30": -36.222, "2019-06-30": -39.419, "2019-03-31": "-22.35500", "2018-12-31": -56.172, "2018-09-30": 73.807, "2018-06-30": 383.095, "2018-03-31": "-16.67900", "2017-12-31": -35.156, "2017-09-30": -71.584, "2017-06-30": -2523.94, "2017-03-31": "-121.86500", "2016-12-31": -31.819, "2016-09-30": -11.007, "2016-06-30": -47.873, "2016-03-31": "-7.36000", "2015-12-31": -10.812, "2015-09-30": -207.931, "2015-06-30": -11.982, "2015-03-31": "-11.63200", "2014-12-31": -15.37, "2014-09-30": -6.365, "2014-06-30": -16.587, "2014-03-31": "-124.45500", "2013-12-31": -8.726, "2013-09-30": -8.137, "2013-06-30": -9.987, "2013-03-31": "-9.64800", "2012-12-31": -13.537, "2012-09-30": -10.985, "2012-06-30": -23.033, "2012-03-31": "-7.11800", "2011-12-31": -18.234, "2011-09-30": -14.26, "2011-06-30": -5.755, "2011-03-31": "-3.70500", "2010-12-31": -9.483, "2010-09-30": -4.518, "2010-06-30": -4.736, "2010-03-31": "-15.10800", "2009-12-31": -108.54, "2009-09-30": -2.679, "2009-06-30": -3.91, "2009-03-31": "-4.53600", "2008-12-31": -6.022, "2008-09-30": -5.306, "2008-06-30": -5.692, "2008-03-31": "0.56500", "2007-12-31": -5.563, "2007-09-30": -6.152, "2007-06-30": -7.644, "2007-03-31": "-4.77700", "2006-12-31": -8.345, "2006-09-30": -5.269, "2006-06-30": -4.692, "2006-03-31": "-3.49500", "2005-12-31": -10.319, "2005-09-30": -3.523, "2005-06-30": -160.424, "2005-03-31": "-6.71400"}, "Net Long-Term Debt": {"2020-09-30": -0.248, "2020-06-30": -200.127, "2020-03-31": "-0.96700", "2019-12-31": 0.033, "2019-09-30": 0.035, "2019-06-30": -120.965, "2019-03-31": "16.31800", "2018-12-31": 109.318, "2018-09-30": -261.681, "2018-06-30": -553.796, "2018-03-31": "-304.81300", "2017-12-31": -64.814, "2017-09-30": -79.812, "2017-06-30": 1810.188, "2017-03-31": "955.00000", "2016-12-31": -40, "2016-09-30": -90, "2016-06-30": -55, "2016-03-31": "65.00000", "2015-12-31": -15, "2015-09-30": 125, "2015-06-30": 50, "2015-03-31": "260.00000", "2014-12-31": 35, "2014-09-30": -5, "2014-06-30": 20, "2014-03-31": "150.00000", "2013-12-31": 0, "2013-09-30": 0, "2013-06-30": 0, "2013-03-31": "", "2012-12-31": 5, "2012-09-30": -0.088, "2012-06-30": -40.205, "2012-03-31": "40.29300", "2011-12-31": -10, "2011-09-30": -10, "2011-06-30": -35.167, "2011-03-31": "35.01100", "2010-12-31": -84.627, "2010-09-30": -57, "2010-06-30": -10, "2010-03-31": "38.00000", "2009-12-31": 64, "2009-09-30": -51.5, "2009-06-30": -21.5, "2009-03-31": "-78.25000", "2008-12-31": -8.25, "2008-09-30": -45.25, "2008-06-30": 48.75, "2008-03-31": "27.00000", "2007-12-31": 27, "2007-09-30": 7, "2007-06-30": -45, "2007-03-31": "35.00000", "2006-12-31": 149.999, "2006-09-30": -10, "2006-06-30": -13.333, "2006-03-31": "-3.33300", "2005-12-31": -3.333, "2005-09-30": -0.075, "2005-06-30": 69.117, "2005-03-31": "-10.00000"}, "Net Current Debt": {"2020-09-30": 0, "2020-06-30": 0, "2020-03-31": "", "2019-12-31": 0, "2019-09-30": 0, "2019-06-30": 0, "2019-03-31": "", "2018-12-31": 0, "2018-09-30": 0, "2018-06-30": 0, "2018-03-31": "", "2017-12-31": 0, "2017-09-30": 0, "2017-06-30": 0, "2017-03-31": "", "2016-12-31": 0, "2016-09-30": 0, "2016-06-30": 0, "2016-03-31": "", "2015-12-31": 0, "2015-09-30": 0, "2015-06-30": 0, "2015-03-31": "", "2014-12-31": 0, "2014-09-30": 0, "2014-06-30": 0, "2014-03-31": "", "2013-12-31": 0, "2013-09-30": 0, "2013-06-30": 0, "2013-03-31": "", "2012-12-31": 0, "2012-09-30": 0, "2012-06-30": 0, "2012-03-31": "", "2011-12-31": 0, "2011-09-30": 0, "2011-06-30": 0, "2011-03-31": "", "2010-12-31": 0, "2010-09-30": 0, "2010-06-30": 0, "2010-03-31": "", "2009-12-31": 0, "2009-09-30": 0, "2009-06-30": 0, "2009-03-31": "", "2008-12-31": 0, "2008-09-30": 0, "2008-06-30": 0, "2008-03-31": "", "2007-12-31": 0, "2007-09-30": 0, "2007-06-30": 0, "2007-03-31": "", "2006-12-31": 0, "2006-09-30": 0, "2006-06-30": 0, "2006-03-31": "", "2005-12-31": 0, "2005-09-30": 0, "2005-06-30": 0, "2005-03-31": ""}, "Debt Issuance/Retirement Net - Total": {"2020-09-30": -0.248, "2020-06-30": -200.127, "2020-03-31": "-0.96700", "2019-12-31": 0.033, "2019-09-30": 0.035, "2019-06-30": -120.965, "2019-03-31": "16.31800", "2018-12-31": 109.318, "2018-09-30": -261.681, "2018-06-30": -553.796, "2018-03-31": "-304.81300", "2017-12-31": -64.814, "2017-09-30": -79.812, "2017-06-30": 1810.188, "2017-03-31": "955.00000", "2016-12-31": -40, "2016-09-30": -90, "2016-06-30": -55, "2016-03-31": "65.00000", "2015-12-31": -15, "2015-09-30": 125, "2015-06-30": 50, "2015-03-31": "260.00000", "2014-12-31": 35, "2014-09-30": -5, "2014-06-30": 20, "2014-03-31": "150.00000", "2013-12-31": 0, "2013-09-30": 0, "2013-06-30": 0, "2013-03-31": "", "2012-12-31": 5, "2012-09-30": -0.088, "2012-06-30": -40.205, "2012-03-31": "40.29300", "2011-12-31": -10, "2011-09-30": -10, "2011-06-30": -35.167, "2011-03-31": "35.01100", "2010-12-31": -84.627, "2010-09-30": -57, "2010-06-30": -10, "2010-03-31": "38.00000", "2009-12-31": 64, "2009-09-30": -51.5, "2009-06-30": -21.5, "2009-03-31": "-78.25000", "2008-12-31": -8.25, "2008-09-30": -45.25, "2008-06-30": 48.75, "2008-03-31": "27.00000", "2007-12-31": 27, "2007-09-30": 7, "2007-06-30": -45, "2007-03-31": "35.00000", "2006-12-31": 149.999, "2006-09-30": -10, "2006-06-30": -13.333, "2006-03-31": "-3.33300", "2005-12-31": -3.333, "2005-09-30": -0.075, "2005-06-30": 69.117, "2005-03-31": "-10.00000"}, "Net Common Equity Issued/Repurchased": {"2020-09-30": 1.839, "2020-06-30": 3.38, "2020-03-31": "-67.52300", "2019-12-31": -53.212, "2019-09-30": -90.72, "2019-06-30": 2.275, "2019-03-31": "-39.75600", "2018-12-31": -152.877, "2018-09-30": -4.622, "2018-06-30": -64.374, "2018-03-31": "-24.27000", "2017-12-31": -0.923, "2017-09-30": -0.514, "2017-06-30": -9.168, "2017-03-31": "-18.95600", "2016-12-31": -3.753, "2016-09-30": 1.307, "2016-06-30": -4.358, "2016-03-31": "-42.90700", "2015-12-31": -54.133, "2015-09-30": -9.799, "2015-06-30": -115.652, "2015-03-31": "-321.96600", "2014-12-31": -43.478, "2014-09-30": -78.377, "2014-06-30": -108.962, "2014-03-31": "-193.42200", "2013-12-31": -22.982, "2013-09-30": -54.514, "2013-06-30": -51.626, "2013-03-31": "-46.57200", "2012-12-31": -20.134, "2012-09-30": -2.816, "2012-06-30": -4.291, "2012-03-31": "-71.63300", "2011-12-31": -68.532, "2011-09-30": -51.931, "2011-06-30": -33.674, "2011-03-31": "-37.83800", "2010-12-31": -19.197, "2010-09-30": 7.011, "2010-06-30": -35.649, "2010-03-31": "-28.45800", "2009-12-31": 3.8, "2009-09-30": 6.59, "2009-06-30": 1.951, "2009-03-31": "-1.26300", "2008-12-31": -22.901, "2008-09-30": 1.17, "2008-06-30": -74.482, "2008-03-31": "-59.90200", "2007-12-31": -98.75, "2007-09-30": -31.446, "2007-06-30": 8.849, "2007-03-31": "-11.01700", "2006-12-31": -203.474, "2006-09-30": -5.546, "2006-06-30": -9.662, "2006-03-31": "-5.29000", "2005-12-31": 5.701, "2005-09-30": 0.17, "2005-06-30": 5.92, "2005-03-31": "3.60400"}, "Net Total Equity Issued/Repurchased": {"2020-09-30": 1.839, "2020-06-30": 3.38, "2020-03-31": "-67.52300", "2019-12-31": -53.212, "2019-09-30": -90.72, "2019-06-30": 2.275, "2019-03-31": "-39.75600", "2018-12-31": -152.877, "2018-09-30": -4.622, "2018-06-30": -64.374, "2018-03-31": "-24.27000", "2017-12-31": -0.923, "2017-09-30": -0.514, "2017-06-30": -9.168, "2017-03-31": "-18.95600", "2016-12-31": -3.753, "2016-09-30": 1.307, "2016-06-30": -4.358, "2016-03-31": "-42.90700", "2015-12-31": -54.133, "2015-09-30": -9.799, "2015-06-30": -115.652, "2015-03-31": "-321.96600", "2014-12-31": -43.478, "2014-09-30": -78.377, "2014-06-30": -108.962, "2014-03-31": "-193.42200", "2013-12-31": -22.982, "2013-09-30": -54.514, "2013-06-30": -51.626, "2013-03-31": "-46.57200", "2012-12-31": -20.134, "2012-09-30": -2.816, "2012-06-30": -4.291, "2012-03-31": "-71.63300", "2011-12-31": -68.532, "2011-09-30": -51.931, "2011-06-30": -33.674, "2011-03-31": "-37.83800", "2010-12-31": -19.197, "2010-09-30": 7.011, "2010-06-30": -35.649, "2010-03-31": "-28.45800", "2009-12-31": 3.8, "2009-09-30": 6.59, "2009-06-30": 1.951, "2009-03-31": "-1.26300", "2008-12-31": -22.901, "2008-09-30": 1.17, "2008-06-30": -74.482, "2008-03-31": "-59.90200", "2007-12-31": -98.75, "2007-09-30": -31.446, "2007-06-30": 8.849, "2007-03-31": "-11.01700", "2006-12-31": -203.474, "2006-09-30": -5.546, "2006-06-30": -9.662, "2006-03-31": "-5.29000", "2005-12-31": 5.701, "2005-09-30": 0.17, "2005-06-30": 5.92, "2005-03-31": "3.60400"}, "Total Common And Preferred Stock Dividends Paid": {"2020-09-30": 0, "2020-06-30": 0, "2020-03-31": "", "2019-12-31": 0, "2019-09-30": 0, "2019-06-30": 0, "2019-03-31": "", "2018-12-31": 0, "2018-09-30": 0, "2018-06-30": 0, "2018-03-31": "", "2017-12-31": 0, "2017-09-30": 0, "2017-06-30": 0, "2017-03-31": "", "2016-12-31": 0, "2016-09-30": 0, "2016-06-30": 0, "2016-03-31": "", "2015-12-31": 0, "2015-09-30": 0, "2015-06-30": 0, "2015-03-31": "", "2014-12-31": 0, "2014-09-30": 0, "2014-06-30": 0, "2014-03-31": "", "2013-12-31": 0, "2013-09-30": 0, "2013-06-30": 0, "2013-03-31": "", "2012-12-31": 0, "2012-09-30": 0, "2012-06-30": 0, "2012-03-31": "", "2011-12-31": 0, "2011-09-30": 0, "2011-06-30": 0, "2011-03-31": "", "2010-12-31": 0, "2010-09-30": 0, "2010-06-30": 0, "2010-03-31": "", "2009-12-31": 0, "2009-09-30": 0, "2009-06-30": 0, "2009-03-31": "", "2008-12-31": 0, "2008-09-30": 0, "2008-06-30": 0, "2008-03-31": "", "2007-12-31": 0, "2007-09-30": 0, "2007-06-30": 0, "2007-03-31": "", "2006-12-31": 0, "2006-09-30": 0, "2006-06-30": 0, "2006-03-31": "", "2005-12-31": 0, "2005-09-30": 0, "2005-06-30": 0, "2005-03-31": ""}, "Financial Activities - Other": {"2020-09-30": -43.863, "2020-06-30": -10.516, "2020-03-31": "", "2019-12-31": 0, "2019-09-30": 0, "2019-06-30": 0, "2019-03-31": "", "2018-12-31": 0, "2018-09-30": 0, "2018-06-30": 0, "2018-03-31": "", "2017-12-31": 0, "2017-09-30": -0.001, "2017-06-30": -32.397, "2017-03-31": "-18.77300", "2016-12-31": 0, "2016-09-30": 0, "2016-06-30": -4.975, "2016-03-31": "", "2015-12-31": 2.638, "2015-09-30": 0.105, "2015-06-30": 3.561, "2015-03-31": "7.55600", "2014-12-31": -3.706, "2014-09-30": 5, "2014-06-30": 3.129, "2014-03-31": "11.14600", "2013-12-31": 6.98, "2013-09-30": -2.255, "2013-06-30": 7.448, "2013-03-31": "9.66600", "2012-12-31": 0.938, "2012-09-30": 3.638, "2012-06-30": 2.944, "2012-03-31": "13.78400", "2011-12-31": 3.114, "2011-09-30": 0.518, "2011-06-30": 1.327, "2011-03-31": "20.61300", "2010-12-31": 5.789, "2010-09-30": 4.754, "2010-06-30": 2.633, "2010-03-31": "5.18800", "2009-12-31": 0.707, "2009-09-30": 1.269, "2009-06-30": 0.409, "2009-03-31": "0.00700", "2008-12-31": -0.057, "2008-09-30": 9.243, "2008-06-30": 3.768, "2008-03-31": "1.07600", "2007-12-31": -0.3, "2007-09-30": 1.333, "2007-06-30": 10.191, "2007-03-31": "3.44500", "2006-12-31": 3.394, "2006-09-30": 2.067, "2006-06-30": 2.253, "2006-03-31": "1.40000", "2005-12-31": 0, "2005-09-30": 0, "2005-06-30": -1.082, "2005-03-31": ""}, "Cash Flow From Financial Activities": {"2020-09-30": -42.272, "2020-06-30": -207.263, "2020-03-31": "-68.49000", "2019-12-31": -53.179, "2019-09-30": -90.685, "2019-06-30": -118.69, "2019-03-31": "-23.43800", "2018-12-31": -43.559, "2018-09-30": -266.303, "2018-06-30": -618.17, "2018-03-31": "-329.08300", "2017-12-31": -65.737, "2017-09-30": -80.327, "2017-06-30": 1768.623, "2017-03-31": "917.27100", "2016-12-31": -43.753, "2016-09-30": -88.693, "2016-06-30": -64.333, "2016-03-31": "22.09300", "2015-12-31": -66.495, "2015-09-30": 115.306, "2015-06-30": -62.091, "2015-03-31": "-54.41000", "2014-12-31": -12.184, "2014-09-30": -78.377, "2014-06-30": -85.833, "2014-03-31": "-32.27600", "2013-12-31": -16.002, "2013-09-30": -56.769, "2013-06-30": -44.178, "2013-03-31": "-36.90600", "2012-12-31": -14.196, "2012-09-30": 0.734, "2012-06-30": -41.552, "2012-03-31": "-17.55600", "2011-12-31": -75.418, "2011-09-30": -61.413, "2011-06-30": -67.514, "2011-03-31": "17.78600", "2010-12-31": -98.035, "2010-09-30": -45.235, "2010-06-30": -43.016, "2010-03-31": "14.73000", "2009-12-31": 68.507, "2009-09-30": -43.641, "2009-06-30": -19.14, "2009-03-31": "-79.50600", "2008-12-31": -31.208, "2008-09-30": -34.837, "2008-06-30": -21.964, "2008-03-31": "-31.82600", "2007-12-31": -72.05, "2007-09-30": -23.113, "2007-06-30": -25.96, "2007-03-31": "27.42800", "2006-12-31": -50.081, "2006-09-30": -13.479, "2006-06-30": -20.742, "2006-03-31": "-7.22300", "2005-12-31": 2.368, "2005-09-30": 0.095, "2005-06-30": 73.955, "2005-03-31": "-6.39600"}, "Net Cash Flow": {"2020-09-30": 197.082, "2020-06-30": 128.783, "2020-03-31": "-52.98600", "2019-12-31": -25.891, "2019-09-30": 88.274, "2019-06-30": 69.183, "2019-03-31": "-9.39300", "2018-12-31": -54.629, "2018-09-30": 53.336, "2018-06-30": -67.674, "2018-03-31": "-339.42800", "2017-12-31": -81.118, "2017-09-30": 15.609, "2017-06-30": -638.595, "2017-03-31": "771.80800", "2016-12-31": -5.511, "2016-09-30": 20.681, "2016-06-30": 41.11, "2016-03-31": "30.96700", "2015-12-31": 1.732, "2015-09-30": 13.663, "2015-06-30": 75.928, "2015-03-31": "-83.64900", "2014-12-31": 24.082, "2014-09-30": 23.295, "2014-06-30": 34.641, "2014-03-31": "-140.70600", "2013-12-31": 49.469, "2013-09-30": 41.158, "2013-06-30": 64.3, "2013-03-31": "-30.78900", "2012-12-31": 44.461, "2012-09-30": 104.86, "2012-06-30": 11.546, "2012-03-31": "-3.75400", "2011-12-31": -14.164, "2011-09-30": 31.562, "2011-06-30": 16.338, "2011-03-31": "-11.17800", "2010-12-31": -28.231, "2010-09-30": 26.048, "2010-06-30": 16.451, "2010-03-31": "-10.66100", "2009-12-31": 3.796, "2009-09-30": 15.814, "2009-06-30": 26.701, "2009-03-31": "-70.66600", "2008-12-31": -4.242, "2008-09-30": 8.274, "2008-06-30": 40.962, "2008-03-31": "-14.01000", "2007-12-31": -7.763, "2007-09-30": 14.87, "2007-06-30": 11.744, "2007-03-31": "23.29300", "2006-12-31": -25.112, "2006-09-30": 23.846, "2006-06-30": 3.427, "2006-03-31": "-4.64200", "2005-12-31": -10.177, "2005-09-30": 9.979, "2005-06-30": -88.241, "2005-03-31": "-1.40500"}, "Stock-Based Compensation": {"2020-09-30": 15.501, "2020-06-30": 15.678, "2020-03-31": "25.12900", "2019-12-31": 11.115, "2019-09-30": 12.954, "2019-06-30": 13.12, "2019-03-31": "31.81900", "2018-12-31": 10.154, "2018-09-30": 10.718, "2018-06-30": 14.342, "2018-03-31": "30.95800", "2017-12-31": 11.013, "2017-09-30": 14.357, "2017-06-30": 30.997, "2017-03-31": "22.57600", "2016-12-31": 10.533, "2016-09-30": 9.521, "2016-06-30": 11.112, "2016-03-31": "15.49500", "2015-12-31": 9.169, "2015-09-30": 9.588, "2015-06-30": 10.663, "2015-03-31": "16.72900", "2014-12-31": 9.42, "2014-09-30": 8.808, "2014-06-30": 6.865, "2014-03-31": "13.75200", "2013-12-31": 7.686, "2013-09-30": 7.475, "2013-06-30": 7.232, "2013-03-31": "12.34200", "2012-12-31": 8.357, "2012-09-30": 9.219, "2012-06-30": 7.863, "2012-03-31": "10.93900", "2011-12-31": 8.115, "2011-09-30": 7.757, "2011-06-30": 7.831, "2011-03-31": "9.16200", "2010-12-31": 9.336, "2010-09-30": 7.264, "2010-06-30": 6.875, "2010-03-31": "9.15900", "2009-12-31": 6.589, "2009-09-30": 6.326, "2009-06-30": 6.359, "2009-03-31": "6.79200", "2008-12-31": 2.381, "2008-09-30": 5.259, "2008-06-30": 6.424, "2008-03-31": "6.63200", "2007-12-31": 5.017, "2007-09-30": 5.817, "2007-06-30": 7.841, "2007-03-31": "5.56600", "2006-12-31": 4.92, "2006-09-30": 4.743, "2006-06-30": 4.451, "2006-03-31": "2.54600", "2005-12-31": 0.369, "2005-09-30": 0.184, "2005-06-30": 0.202, "2005-03-31": "0.27500"}, "Common Stock Dividends Paid": {"2020-09-30": 0, "2020-06-30": 0, "2020-03-31": "", "2019-12-31": 0, "2019-09-30": 0, "2019-06-30": 0, "2019-03-31": "", "2018-12-31": 0, "2018-09-30": 0, "2018-06-30": 0, "2018-03-31": "", "2017-12-31": 0, "2017-09-30": 0, "2017-06-30": 0, "2017-03-31": "", "2016-12-31": 0, "2016-09-30": 0, "2016-06-30": 0, "2016-03-31": "", "2015-12-31": 0, "2015-09-30": 0, "2015-06-30": 0, "2015-03-31": "", "2014-12-31": 0, "2014-09-30": 0, "2014-06-30": 0, "2014-03-31": "", "2013-12-31": 0, "2013-09-30": 0, "2013-06-30": 0, "2013-03-31": "", "2012-12-31": 0, "2012-09-30": 0, "2012-06-30": 0, "2012-03-31": "", "2011-12-31": 0, "2011-09-30": 0, "2011-06-30": 0, "2011-03-31": "", "2010-12-31": 0, "2010-09-30": 0, "2010-06-30": 0, "2010-03-31": "", "2009-12-31": 0, "2009-09-30": 0, "2009-06-30": 0, "2009-03-31": "", "2008-12-31": 0, "2008-09-30": 0, "2008-06-30": 0, "2008-03-31": "", "2007-12-31": 0, "2007-09-30": 0, "2007-06-30": 0, "2007-03-31": "", "2006-12-31": 0, "2006-09-30": 0, "2006-06-30": 0, "2006-03-31": "", "2005-12-31": 0, "2005-09-30": 0, "2005-06-30": 0, "2005-03-31": ""}}, "financial ratios": {"Current Ratio": {"2019-12-31": "0.70670", "2018-12-31": "0.69130", "2017-12-31": "0.91710", "2016-12-31": "0.91980", "2015-12-31": "0.86210", "2014-12-31": "0.90240", "2013-12-31": "0.93530", "2012-12-31": "0.86680", "2011-12-31": "0.76620", "2010-12-31": "0.76570", "2009-12-31": "0.62110", "2008-12-31": "0.69980", "2007-12-31": "0.63670", "2006-12-31": "0.60210", "2005-12-31": "0.71900"}, "Long-term Debt / Capital": {"2019-12-31": "0.68530", "2018-12-31": "0.71320", "2017-12-31": "0.74670", "2016-12-31": "0.91610", "2015-12-31": "1.20320", "2014-12-31": "0.70490", "2013-12-31": "0.27380", "2012-12-31": "0.27270", "2011-12-31": "0.45210", "2010-12-31": "0.49040", "2009-12-31": "0.52420", "2008-12-31": "1.09810", "2007-12-31": "0.90000", "2006-12-31": "0.85070", "2005-12-31": "0.55120"}, "Debt/Equity Ratio": {"2019-12-31": "2.32650", "2018-12-31": "2.68190", "2017-12-31": "3.33400", "2016-12-31": "11.40630", "2015-12-31": "-6.18450", "2014-12-31": "2.51290", "2013-12-31": "0.56740", "2012-12-31": "0.66850", "2011-12-31": "1.10020", "2010-12-31": "1.17700", "2009-12-31": "2.92350", "2008-12-31": "-19.52760", "2007-12-31": "22.51690", "2006-12-31": "14.05880", "2005-12-31": "1.68270"}, "Gross Margin": {"2019-12-31": "63.47580", "2018-12-31": "63.05330", "2017-12-31": "60.13290", "2016-12-31": "61.31590", "2015-12-31": "61.20880", "2014-12-31": "60.52650", "2013-12-31": "60.01130", "2012-12-31": "59.21130", "2011-12-31": "58.54830", "2010-12-31": "57.13950", "2009-12-31": "56.27630", "2008-12-31": "55.26360", "2007-12-31": "53.22370", "2006-12-31": "52.70800", "2005-12-31": "50.79790"}, "Operating Margin": {"2019-12-31": "8.71750", "2018-12-31": "6.53300", "2017-12-31": "-0.19110", "2016-12-31": "12.48260", "2015-12-31": "13.31440", "2014-12-31": "14.15630", "2013-12-31": "15.44050", "2012-12-31": "15.20640", "2011-12-31": "14.57600", "2010-12-31": "11.58480", "2009-12-31": "11.79830", "2008-12-31": "12.85060", "2007-12-31": "11.07920", "2006-12-31": "9.45140", "2005-12-31": "2.55610"}, "EBIT Margin": {"2019-12-31": "8.71750", "2018-12-31": "6.53300", "2017-12-31": "-0.19110", "2016-12-31": "12.48260", "2015-12-31": "13.31440", "2014-12-31": "14.15630", "2013-12-31": "15.44050", "2012-12-31": "15.20640", "2011-12-31": "14.57600", "2010-12-31": "11.58480", "2009-12-31": "11.79830", "2008-12-31": "12.85060", "2007-12-31": "11.07920", "2006-12-31": "9.45140", "2005-12-31": "2.55610"}, "EBITDA Margin": {"2019-12-31": "13.85910", "2018-12-31": "13.31000", "2017-12-31": "7.51640", "2016-12-31": "15.14360", "2015-12-31": "15.56320", "2014-12-31": "16.23690", "2013-12-31": "17.52280", "2012-12-31": "17.17320", "2011-12-31": "16.91520", "2010-12-31": "14.49070", "2009-12-31": "14.29900", "2008-12-31": "15.09580", "2007-12-31": "13.45430", "2006-12-31": "12.90500", "2005-12-31": "6.31260"}, "Pre-Tax Profit Margin": {"2019-12-31": "6.49510", "2018-12-31": "4.55600", "2017-12-31": "-3.85980", "2016-12-31": "11.79900", "2015-12-31": "12.58460", "2014-12-31": "13.58850", "2013-12-31": "14.93310", "2012-12-31": "14.58070", "2011-12-31": "13.76720", "2010-12-31": "10.40670", "2009-12-31": "10.13560", "2008-12-31": "11.31620", "2007-12-31": "9.45650", "2006-12-31": "7.77610", "2005-12-31": "0.54980"}, "Net Profit Margin": {"2019-12-31": "5.49520", "2018-12-31": "3.08030", "2017-12-31": "0.09900", "2016-12-31": "7.91900", "2015-12-31": "8.11980", "2014-12-31": "9.09080", "2013-12-31": "10.24550", "2012-12-31": "10.26750", "2011-12-31": "9.32200", "2010-12-31": "7.47290", "2009-12-31": "7.27880", "2008-12-31": "8.12090", "2007-12-31": "6.29480", "2006-12-31": "5.61000", "2005-12-31": "-0.24640"}, "Asset Turnover": {"2019-12-31": "0.59360", "2018-12-31": "0.64100", "2017-12-31": "0.45470", "2016-12-31": "1.03260", "2015-12-31": "0.99750", "2014-12-31": "1.06150", "2013-12-31": "1.00040", "2012-12-31": "0.99660", "2011-12-31": "1.06430", "2010-12-31": "1.00220", "2009-12-31": "0.93790", "2008-12-31": "1.17020", "2007-12-31": "1.03110", "2006-12-31": "0.99760", "2005-12-31": "0.96340"}, "Inventory Turnover Ratio": {"2019-12-31": "", "2018-12-31": "", "2017-12-31": "", "2016-12-31": "", "2015-12-31": "", "2014-12-31": "", "2013-12-31": "", "2012-12-31": "", "2011-12-31": "", "2010-12-31": "", "2009-12-31": "", "2008-12-31": "", "2007-12-31": "", "2006-12-31": "", "2005-12-31": ""}, "Receiveable Turnover": {"2019-12-31": "3.20160", "2018-12-31": "3.16740", "2017-12-31": "2.81390", "2016-12-31": "3.80170", "2015-12-31": "3.72450", "2014-12-31": "3.66130", "2013-12-31": "3.63440", "2012-12-31": "3.48260", "2011-12-31": "3.48810", "2010-12-31": "3.53180", "2009-12-31": "3.58880", "2008-12-31": "4.01580", "2007-12-31": "3.29220", "2006-12-31": "3.15880", "2005-12-31": "3.15780"}, "Days Sales In Receivables": {"2019-12-31": "114.00650", "2018-12-31": "115.23670", "2017-12-31": "129.71420", "2016-12-31": "96.00980", "2015-12-31": "97.99950", "2014-12-31": "99.69080", "2013-12-31": "100.42910", "2012-12-31": "104.80720", "2011-12-31": "104.64270", "2010-12-31": "103.34760", "2009-12-31": "101.70490", "2008-12-31": "90.89180", "2007-12-31": "110.86930", "2006-12-31": "115.54990", "2005-12-31": "115.58720"}, "ROE - Return On Equity": {"2019-12-31": "24.85530", "2018-12-31": "14.39380", "2017-12-31": "0.33340", "2016-12-31": "317.98330", "2015-12-31": "-132.65500", "2014-12-31": "114.01930", "2013-12-31": "50.59310", "2012-12-31": "54.09770", "2011-12-31": "75.31030", "2010-12-31": "51.47390", "2009-12-31": "73.72280", "2008-12-31": "-455.75130", "2007-12-31": "403.85230", "2006-12-31": "206.16340", "2005-12-31": "-1.66250"}, "Return On Tangible Equity": {"2019-12-31": "-7.97790", "2018-12-31": "-3.93120", "2017-12-31": "-0.09950", "2016-12-31": "-25.66120", "2015-12-31": "-18.59940", "2014-12-31": "-40.28340", "2013-12-31": "-111.46810", "2012-12-31": "-73.84820", "2011-12-31": "-41.01000", "2010-12-31": "-28.58880", "2009-12-31": "-19.51220", "2008-12-31": "-23.01710", "2007-12-31": "-17.56430", "2006-12-31": "-13.97660", "2005-12-31": "0.89190"}, "ROA - Return On Assets": {"2019-12-31": "3.26220", "2018-12-31": "1.97460", "2017-12-31": "0.04500", "2016-12-31": "8.17720", "2015-12-31": "8.09930", "2014-12-31": "9.64980", "2013-12-31": "10.24910", "2012-12-31": "10.23290", "2011-12-31": "9.92140", "2010-12-31": "7.48920", "2009-12-31": "6.82670", "2008-12-31": "8.88770", "2007-12-31": "6.23590", "2006-12-31": "5.21820", "2005-12-31": "-0.23740"}, "ROI - Return On Investment": {"2019-12-31": "7.82200", "2018-12-31": "4.12750", "2017-12-31": "0.08450", "2016-12-31": "26.69110", "2015-12-31": "26.96140", "2014-12-31": "33.64620", "2013-12-31": "36.73900", "2012-12-31": "39.34400", "2011-12-31": "41.26240", "2010-12-31": "26.23170", "2009-12-31": "35.07470", "2008-12-31": "44.73070", "2007-12-31": "40.38100", "2006-12-31": "30.77280", "2005-12-31": "-0.74620"}, "Book Value Per Share": {"2019-12-31": "10.52730", "2018-12-31": "9.48430", "2017-12-31": "10.82840", "2016-12-31": "0.73660", "2015-12-31": "-1.60800", "2014-12-31": "1.84150", "2013-12-31": "3.92880", "2012-12-31": "3.28480", "2011-12-31": "1.94750", "2010-12-31": "1.94870", "2009-12-31": "1.17370", "2008-12-31": "-0.22710", "2007-12-31": "0.17670", "2006-12-31": "0.25290", "2005-12-31": "1.28210"}, "Operating Cash Flow Per Share": {"2019-12-31": 1.1011, "2018-12-31": 2.2799, "2017-12-31": -1.5275, "2016-12-31": 0.2994, "2015-12-31": 0.2401, "2014-12-31": 0.494, "2013-12-31": 0.4091, "2012-12-31": 0.334, "2011-12-31": 0.5271, "2010-12-31": 0.3983, "2009-12-31": -0.2015, "2008-12-31": 0.4923, "2007-12-31": 0.4548, "2006-12-31": 0.6729, "2005-12-31": 0.2416}, "Free Cash Flow Per Share": {"2019-12-31": 0.8402, "2018-12-31": 2.1363, "2017-12-31": -2.1662, "2016-12-31": 0.2468, "2015-12-31": 0.1221, "2014-12-31": 0.4545, "2013-12-31": 0.4869, "2012-12-31": 0.2958, "2011-12-31": 0.32, "2010-12-31": 0.3363, "2009-12-31": -0.1114, "2008-12-31": 0.4697, "2007-12-31": 0.4137, "2006-12-31": 0.6903, "2005-12-31": 0.0425}}, "financial ratios, quarterly": {"Current Ratio": {"2020-09-30": "0.73980", "2020-06-30": "0.69590", "2020-03-31": "0.70050", "2019-12-31": "0.70670", "2019-09-30": "0.67520", "2019-06-30": "0.68130", "2019-03-31": "0.66800", "2018-12-31": "0.69130", "2018-09-30": "0.65510", "2018-06-30": "0.63990", "2018-03-31": "0.72530", "2017-12-31": "0.91710", "2017-09-30": "0.73020", "2017-06-30": "0.78430", "2017-03-31": "1.47970", "2016-12-31": "0.91980", "2016-09-30": "0.87900", "2016-06-30": "0.88930", "2016-03-31": "0.91330", "2015-12-31": "0.86210", "2015-09-30": "0.85940", "2015-06-30": "0.88510", "2015-03-31": "0.70430", "2014-12-31": "0.90240", "2014-09-30": "0.70590", "2014-06-30": "0.72220", "2014-03-31": "0.74660", "2013-12-31": "0.93530", "2013-09-30": "0.89570", "2013-06-30": "0.90990", "2013-03-31": "0.89740", "2012-12-31": "0.86680", "2012-09-30": "0.80710", "2012-06-30": "0.75560", "2012-03-31": "0.74290", "2011-12-31": "0.76620", "2011-09-30": "0.75940", "2011-06-30": "0.78260", "2011-03-31": "0.78580", "2010-12-31": "0.76570", "2010-09-30": "0.61660", "2010-06-30": "0.58040", "2010-03-31": "0.60540", "2009-12-31": "0.62110", "2009-09-30": "0.65460", "2009-06-30": "0.65870", "2009-03-31": "0.65190", "2008-12-31": "0.69980", "2008-09-30": "0.68220", "2008-06-30": "0.67010", "2008-03-31": "0.59700", "2007-12-31": "0.63670", "2007-09-30": "0.67500", "2007-06-30": "0.68880", "2007-03-31": "0.65190", "2006-12-31": "0.60210", "2006-09-30": "0.73840", "2006-06-30": "0.72130", "2006-03-31": "0.70470", "2005-12-31": "0.71900", "2005-09-30": "0.64200", "2005-06-30": "0.64400", "2005-03-31": "0.88830"}, "Long-term Debt / Capital": {"2020-09-30": "0.65360", "2020-06-30": "0.66150", "2020-03-31": "0.69570", "2019-12-31": "0.68530", "2019-09-30": "0.69050", "2019-06-30": "0.68120", "2019-03-31": "0.70970", "2018-12-31": "0.71320", "2018-09-30": "0.68810", "2018-06-30": "0.69970", "2018-03-31": "0.68880", "2017-12-31": "0.74670", "2017-09-30": "0.77190", "2017-06-30": "0.78630", "2017-03-31": "0.93960", "2016-12-31": "0.91610", "2016-09-30": "1.01530", "2016-06-30": "1.07510", "2016-03-31": "1.15650", "2015-12-31": "1.20320", "2015-09-30": "1.24170", "2015-06-30": "1.32420", "2015-03-31": "1.58010", "2014-12-31": "0.70490", "2014-09-30": "0.45040", "2014-06-30": "0.39460", "2014-03-31": "0.35890", "2013-12-31": "0.27380", "2013-09-30": "0.30330", "2013-06-30": "0.30430", "2013-03-31": "0.31610", "2012-12-31": "0.27270", "2012-09-30": "0.31460", "2012-06-30": "0.37680", "2012-03-31": "0.44900", "2011-12-31": "0.45210", "2011-09-30": "0.44800", "2011-06-30": "0.43330", "2011-03-31": "0.45090", "2010-12-31": "0.49040", "2010-09-30": "0.25030", "2010-06-30": "0.41930", "2010-03-31": "0.47040", "2009-12-31": "0.52420", "2009-09-30": "0.65960", "2009-06-30": "0.84530", "2009-03-31": "0.98030", "2008-12-31": "1.09810", "2008-09-30": "1.06230", "2008-06-30": "1.18100", "2008-03-31": "1.13010", "2007-12-31": "0.90000", "2007-09-30": "0.69450", "2007-06-30": "0.67420", "2007-03-31": "0.82840", "2006-12-31": "0.85070", "2006-09-30": "0.46150", "2006-06-30": "0.49240", "2006-03-31": "0.53110", "2005-12-31": "0.55120", "2005-09-30": "0.59890", "2005-06-30": "0.61300", "2005-03-31": "0.54790"}, "Debt/Equity Ratio": {"2020-09-30": "1.90650", "2020-06-30": "1.99270", "2020-03-31": "2.45350", "2019-12-31": "2.32650", "2019-09-30": "2.37260", "2019-06-30": "2.26220", "2019-03-31": "2.68370", "2018-12-31": "2.68190", "2018-09-30": "2.30550", "2018-06-30": "2.63810", "2018-03-31": "3.01320", "2017-12-31": "3.33400", "2017-09-30": "3.87050", "2017-06-30": "4.00370", "2017-03-31": "15.84070", "2016-12-31": "11.40630", "2016-09-30": "-70.14720", "2016-06-30": "-15.63590", "2016-03-31": "-7.89920", "2015-12-31": "-6.18450", "2015-09-30": "-5.26350", "2015-06-30": "-4.20210", "2015-03-31": "-4.76660", "2014-12-31": "2.51290", "2014-09-30": "2.42590", "2014-06-30": "1.89860", "2014-03-31": "1.49960", "2013-12-31": "0.56740", "2013-09-30": "0.63740", "2013-06-30": "0.62370", "2013-03-31": "0.64230", "2012-12-31": "0.66850", "2012-09-30": "0.76490", "2012-06-30": "0.93070", "2012-03-31": "1.39880", "2011-12-31": "1.10020", "2011-09-30": "1.08210", "2011-06-30": "1.01940", "2011-03-31": "1.21490", "2010-12-31": "1.17700", "2010-09-30": "1.94520", "2010-06-30": "3.33700", "2010-03-31": "3.16510", "2009-12-31": "2.92350", "2009-09-30": "3.54160", "2009-06-30": "8.76460", "2009-03-31": "75.58140", "2008-12-31": "-19.52760", "2008-09-30": "-28.37950", "2008-06-30": "-11.28830", "2008-03-31": "-23.90550", "2007-12-31": "22.51690", "2007-09-30": "5.15090", "2007-06-30": "4.47420", "2007-03-31": "11.43160", "2006-12-31": "14.05880", "2006-09-30": "1.17850", "2006-06-30": "1.31250", "2006-03-31": "1.57480", "2005-12-31": "1.68270", "2005-09-30": "2.01810", "2005-06-30": "2.08450", "2005-03-31": "1.55830"}, "Gross Margin": {"2020-09-30": "66.84490", "2020-06-30": "66.85440", "2020-03-31": "66.50500", "2019-12-31": "62.53670", "2019-09-30": "63.51270", "2019-06-30": "63.76830", "2019-03-31": "64.27980", "2018-12-31": "62.54480", "2018-09-30": "63.53240", "2018-06-30": "63.28540", "2018-03-31": "62.92840", "2017-12-31": "60.73190", "2017-09-30": "59.88250", "2017-06-30": "58.28010", "2017-03-31": "61.99280", "2016-12-31": "60.31630", "2016-09-30": "61.13260", "2016-06-30": "62.06180", "2016-03-31": "61.94980", "2015-12-31": "60.04510", "2015-09-30": "61.29250", "2015-06-30": "61.58400", "2015-03-31": "62.27350", "2014-12-31": "59.60900", "2014-09-30": "60.06730", "2014-06-30": "60.91380", "2014-03-31": "61.75950", "2013-12-31": "59.64950", "2013-09-30": "60.62020", "2013-06-30": "60.11540", "2013-03-31": "59.74550", "2012-12-31": "57.82740", "2012-09-30": "59.63130", "2012-06-30": "59.43290", "2012-03-31": "60.32650", "2011-12-31": "57.84790", "2011-09-30": "58.73260", "2011-06-30": "58.29190", "2011-03-31": "59.54810", "2010-12-31": "56.85140", "2010-09-30": "57.48480", "2010-06-30": "55.97130", "2010-03-31": "58.40690", "2009-12-31": "55.44800", "2009-09-30": "55.83790", "2009-06-30": "56.62500", "2009-03-31": "57.35650", "2008-12-31": "54.90050", "2008-09-30": "56.84000", "2008-06-30": "54.50410", "2008-03-31": "54.98090", "2007-12-31": "52.70370", "2007-09-30": "53.75210", "2007-06-30": "53.27200", "2007-03-31": "53.30910", "2006-12-31": "53.12880", "2006-09-30": "51.83170", "2006-06-30": "51.67670", "2006-03-31": "54.38040", "2005-12-31": "52.05260", "2005-09-30": "50.24480", "2005-06-30": "48.82270", "2005-03-31": "52.31900"}, "Operating Margin": {"2020-09-30": "8.81240", "2020-06-30": "10.24020", "2020-03-31": "12.24060", "2019-12-31": "11.31200", "2019-09-30": "6.91120", "2019-06-30": "10.83240", "2019-03-31": "5.02850", "2018-12-31": "11.90270", "2018-09-30": "5.72050", "2018-06-30": "8.59810", "2018-03-31": "-0.90400", "2017-12-31": "6.20040", "2017-09-30": "-2.94040", "2017-06-30": "-11.66110", "2017-03-31": "8.55830", "2016-12-31": "15.45570", "2016-09-30": "8.48800", "2016-06-30": "13.65560", "2016-03-31": "11.56160", "2015-12-31": "15.78530", "2015-09-30": "10.49130", "2015-06-30": "15.55290", "2015-03-31": "10.33180", "2014-12-31": "16.41150", "2014-09-30": "10.48780", "2014-06-30": "15.72870", "2014-03-31": "13.24600", "2013-12-31": "17.04550", "2013-09-30": "14.30300", "2013-06-30": "16.58730", "2013-03-31": "13.27710", "2012-12-31": "16.77960", "2012-09-30": "13.29250", "2012-06-30": "15.77980", "2012-03-31": "14.50710", "2011-12-31": "16.24130", "2011-09-30": "13.66460", "2011-06-30": "14.10720", "2011-03-31": "13.89130", "2010-12-31": "13.88270", "2010-09-30": "11.06400", "2010-06-30": "10.89450", "2010-03-31": "9.86980", "2009-12-31": "12.69480", "2009-09-30": "10.28940", "2009-06-30": "11.39420", "2009-03-31": "12.59480", "2008-12-31": "16.06030", "2008-09-30": "11.64980", "2008-06-30": "13.83240", "2008-03-31": "9.07620", "2007-12-31": "19.53140", "2007-09-30": "8.39660", "2007-06-30": "6.97940", "2007-03-31": "7.36950", "2006-12-31": "12.76570", "2006-09-30": "6.61380", "2006-06-30": "10.76940", "2006-03-31": "6.76400", "2005-12-31": "10.28070", "2005-09-30": "0.52640", "2005-06-30": "1.87130", "2005-03-31": "-5.39770"}, "EBIT Margin": {"2020-09-30": "8.81240", "2020-06-30": "10.24020", "2020-03-31": "12.24060", "2019-12-31": "11.31200", "2019-09-30": "6.91120", "2019-06-30": "10.83240", "2019-03-31": "5.02850", "2018-12-31": "11.90270", "2018-09-30": "5.72050", "2018-06-30": "8.59810", "2018-03-31": "-0.90400", "2017-12-31": "6.20040", "2017-09-30": "-2.94040", "2017-06-30": "-11.66110", "2017-03-31": "8.55830", "2016-12-31": "15.45570", "2016-09-30": "8.48800", "2016-06-30": "13.65560", "2016-03-31": "11.56160", "2015-12-31": "15.78530", "2015-09-30": "10.49130", "2015-06-30": "15.55290", "2015-03-31": "10.33180", "2014-12-31": "16.41160", "2014-09-30": "10.48780", "2014-06-30": "15.72870", "2014-03-31": "13.24600", "2013-12-31": "17.04550", "2013-09-30": "14.30300", "2013-06-30": "16.58730", "2013-03-31": "13.27710", "2012-12-31": "16.77960", "2012-09-30": "13.29250", "2012-06-30": "15.77980", "2012-03-31": "14.50710", "2011-12-31": "16.24130", "2011-09-30": "13.66460", "2011-06-30": "14.10720", "2011-03-31": "13.89130", "2010-12-31": "13.88270", "2010-09-30": "11.06400", "2010-06-30": "10.89450", "2010-03-31": "9.86980", "2009-12-31": "12.69480", "2009-09-30": "10.28940", "2009-06-30": "11.39420", "2009-03-31": "12.59480", "2008-12-31": "16.06040", "2008-09-30": "11.64980", "2008-06-30": "13.83240", "2008-03-31": "9.07620", "2007-12-31": "19.53140", "2007-09-30": "8.39660", "2007-06-30": "6.97940", "2007-03-31": "7.36950", "2006-12-31": "12.76570", "2006-09-30": "6.61380", "2006-06-30": "10.76940", "2006-03-31": "6.76400", "2005-12-31": "10.28070", "2005-09-30": "0.52640", "2005-06-30": "1.87130", "2005-03-31": "-5.39770"}, "EBITDA Margin": {"2020-09-30": "", "2020-06-30": "", "2020-03-31": "", "2019-12-31": "", "2019-09-30": "", "2019-06-30": "", "2019-03-31": "", "2018-12-31": "", "2018-09-30": "", "2018-06-30": "", "2018-03-31": "", "2017-12-31": "", "2017-09-30": "", "2017-06-30": "", "2017-03-31": "", "2016-12-31": "", "2016-09-30": "", "2016-06-30": "", "2016-03-31": "", "2015-12-31": "", "2015-09-30": "", "2015-06-30": "", "2015-03-31": "", "2014-12-31": "", "2014-09-30": "", "2014-06-30": "", "2014-03-31": "", "2013-12-31": "", "2013-09-30": "", "2013-06-30": "", "2013-03-31": "", "2012-12-31": "", "2012-09-30": "", "2012-06-30": "", "2012-03-31": "", "2011-12-31": "", "2011-09-30": "", "2011-06-30": "", "2011-03-31": "", "2010-12-31": "", "2010-09-30": "", "2010-06-30": "", "2010-03-31": "", "2009-12-31": "", "2009-09-30": "", "2009-06-30": "", "2009-03-31": "", "2008-12-31": "", "2008-09-30": "", "2008-06-30": "", "2008-03-31": "", "2007-12-31": "", "2007-09-30": "", "2007-06-30": "", "2007-03-31": "", "2006-12-31": "", "2006-09-30": "", "2006-06-30": "", "2006-03-31": "", "2005-12-31": "", "2005-09-30": "", "2005-06-30": "", "2005-03-31": ""}, "Pre-Tax Profit Margin": {"2020-09-30": "1.42440", "2020-06-30": "6.05840", "2020-03-31": "9.50580", "2019-12-31": "9.18840", "2019-09-30": "5.30710", "2019-06-30": "8.49820", "2019-03-31": "2.16940", "2018-12-31": "10.19090", "2018-09-30": "4.11780", "2018-06-30": "7.49720", "2018-03-31": "-4.44920", "2017-12-31": "2.79710", "2017-09-30": "-7.47990", "2017-06-30": "-16.91900", "2017-03-31": "7.75740", "2016-12-31": "15.09990", "2016-09-30": "7.79500", "2016-06-30": "12.65430", "2016-03-31": "10.82190", "2015-12-31": "15.01580", "2015-09-30": "10.35500", "2015-06-30": "14.51120", "2015-03-31": "9.38910", "2014-12-31": "15.80330", "2014-09-30": "9.86280", "2014-06-30": "15.24680", "2014-03-31": "12.69100", "2013-12-31": "16.60670", "2013-09-30": "13.78700", "2013-06-30": "16.04380", "2013-03-31": "12.73010", "2012-12-31": "16.41060", "2012-09-30": "12.50270", "2012-06-30": "15.21910", "2012-03-31": "13.64760", "2011-12-31": "15.65180", "2011-09-30": "12.84820", "2011-06-30": "13.18590", "2011-03-31": "12.93060", "2010-12-31": "12.22250", "2010-09-30": "9.92330", "2010-06-30": "9.67770", "2010-03-31": "9.31810", "2009-12-31": "11.67880", "2009-09-30": "8.40470", "2009-06-30": "9.48920", "2009-03-31": "10.61120", "2008-12-31": "14.77400", "2008-09-30": "9.68240", "2008-06-30": "12.34670", "2008-03-31": "7.63120", "2007-12-31": "18.32020", "2007-09-30": "6.56270", "2007-06-30": "5.75550", "2007-03-31": "4.98450", "2006-12-31": "11.47490", "2006-09-30": "4.79530", "2006-06-30": "9.25370", "2006-03-31": "4.57410", "2005-12-31": "8.83270", "2005-09-30": "-0.92010", "2005-06-30": "-0.18250", "2005-03-31": "-8.77820"}, "Net Profit Margin": {"2020-09-30": "1.70560", "2020-06-30": "5.65970", "2020-03-31": "7.37050", "2019-12-31": "5.62540", "2019-09-30": "4.13670", "2019-06-30": "9.65620", "2019-03-31": "2.14280", "2018-12-31": "7.71620", "2018-09-30": "1.27520", "2018-06-30": "4.62080", "2018-03-31": "-2.03280", "2017-12-31": "10.57720", "2017-09-30": "-5.81820", "2017-06-30": "-10.93730", "2017-03-31": "5.82770", "2016-12-31": "9.45440", "2016-09-30": "5.31030", "2016-06-30": "8.46330", "2016-03-31": "8.07280", "2015-12-31": "10.21530", "2015-09-30": "6.07120", "2015-06-30": "9.33590", "2015-03-31": "6.01690", "2014-12-31": "10.12780", "2014-09-30": "7.18690", "2014-06-30": "10.20350", "2014-03-31": "8.44770", "2013-12-31": "11.79510", "2013-09-30": "9.29960", "2013-06-30": "10.42810", "2013-03-31": "9.01650", "2012-12-31": "12.39030", "2012-09-30": "8.37990", "2012-06-30": "10.43670", "2012-03-31": "9.26970", "2011-12-31": "10.52720", "2011-09-30": "8.81010", "2011-06-30": "8.81510", "2011-03-31": "8.85740", "2010-12-31": "9.59810", "2010-09-30": "6.77930", "2010-06-30": "6.40140", "2010-03-31": "6.55880", "2009-12-31": "7.82050", "2009-09-30": "7.50260", "2009-06-30": "6.36550", "2009-03-31": "7.31030", "2008-12-31": "9.68730", "2008-09-30": "6.30860", "2008-06-30": "8.69340", "2008-03-31": "7.42640", "2007-12-31": "11.31240", "2007-09-30": "4.65720", "2007-06-30": "4.79700", "2007-03-31": "3.10070", "2006-12-31": "8.03440", "2006-09-30": "3.98080", "2006-06-30": "6.42180", "2006-03-31": "3.36470", "2005-12-31": "5.11930", "2005-09-30": "-0.76380", "2005-06-30": "-0.29830", "2005-03-31": "-7.36000"}, "Asset Turnover": {"2020-09-30": "0.14540", "2020-06-30": "0.14290", "2020-03-31": "0.14980", "2019-12-31": "0.16830", "2019-09-30": "0.14850", "2019-06-30": "0.15910", "2019-03-31": "0.14450", "2018-12-31": "0.17560", "2018-09-30": "0.15500", "2018-06-30": "0.16270", "2018-03-31": "0.13930", "2017-12-31": "0.13930", "2017-09-30": "0.11810", "2017-06-30": "0.12060", "2017-03-31": "0.18580", "2016-12-31": "0.29710", "2016-09-30": "0.25200", "2016-06-30": "0.26470", "2016-03-31": "0.25200", "2015-12-31": "0.29690", "2015-09-30": "0.23910", "2015-06-30": "0.29440", "2015-03-31": "0.26330", "2014-12-31": "0.30670", "2014-09-30": "0.26620", "2014-06-30": "0.28930", "2014-03-31": "0.25410", "2013-12-31": "0.29190", "2013-09-30": "0.25220", "2013-06-30": "0.27640", "2013-03-31": "0.25950", "2012-12-31": "0.29280", "2012-09-30": "0.25310", "2012-06-30": "0.28800", "2012-03-31": "0.27350", "2011-12-31": "0.31000", "2011-09-30": "0.26510", "2011-06-30": "0.28210", "2011-03-31": "0.25840", "2010-12-31": "0.29740", "2010-09-30": "0.23950", "2010-06-30": "0.26760", "2010-03-31": "0.25050", "2009-12-31": "0.27060", "2009-09-30": "0.26830", "2009-06-30": "0.27770", "2009-03-31": "0.28830", "2008-12-31": "0.31770", "2008-09-30": "0.26690", "2008-06-30": "0.30680", "2008-03-31": "0.26470", "2007-12-31": "0.30280", "2007-09-30": "0.24250", "2007-06-30": "0.27130", "2007-03-31": "0.24980", "2006-12-31": "0.27020", "2006-09-30": "0.23810", "2006-06-30": "0.28850", "2006-03-31": "0.23580", "2005-12-31": "0.28180", "2005-09-30": "0.23430", "2005-06-30": "0.28900", "2005-03-31": "0.24100"}, "Inventory Turnover Ratio": {"2020-09-30": "", "2020-06-30": "", "2020-03-31": "", "2019-12-31": "", "2019-09-30": "", "2019-06-30": "", "2019-03-31": "", "2018-12-31": "", "2018-09-30": "", "2018-06-30": "", "2018-03-31": "", "2017-12-31": "", "2017-09-30": "", "2017-06-30": "", "2017-03-31": "", "2016-12-31": "", "2016-09-30": "", "2016-06-30": "", "2016-03-31": "", "2015-12-31": "", "2015-09-30": "", "2015-06-30": "", "2015-03-31": "", "2014-12-31": "", "2014-09-30": "", "2014-06-30": "", "2014-03-31": "", "2013-12-31": "", "2013-09-30": "", "2013-06-30": "", "2013-03-31": "", "2012-12-31": "", "2012-09-30": "", "2012-06-30": "", "2012-03-31": "", "2011-12-31": "", "2011-09-30": "", "2011-06-30": "", "2011-03-31": "", "2010-12-31": "", "2010-09-30": "", "2010-06-30": "", "2010-03-31": "", "2009-12-31": "", "2009-09-30": "", "2009-06-30": "", "2009-03-31": "", "2008-12-31": "", "2008-09-30": "", "2008-06-30": "", "2008-03-31": "", "2007-12-31": "", "2007-09-30": "", "2007-06-30": "", "2007-03-31": "", "2006-12-31": "", "2006-09-30": "", "2006-06-30": "", "2006-03-31": "", "2005-12-31": "", "2005-09-30": "", "2005-06-30": "", "2005-03-31": ""}, "Receiveable Turnover": {"2020-09-30": "1.04820", "2020-06-30": "0.92810", "2020-03-31": "0.88710", "2019-12-31": "0.90760", "2019-09-30": "0.97290", "2019-06-30": "0.96230", "2019-03-31": "0.82320", "2018-12-31": "0.86760", "2018-09-30": "0.94130", "2018-06-30": "0.92380", "2018-03-31": "0.84900", "2017-12-31": "0.86210", "2017-09-30": "0.94720", "2017-06-30": "0.95190", "2017-03-31": "0.87250", "2016-12-31": "1.09360", "2016-09-30": "1.02470", "2016-06-30": "0.99380", "2016-03-31": "0.92430", "2015-12-31": "1.10850", "2015-09-30": "1.03700", "2015-06-30": "1.03850", "2015-03-31": "0.89510", "2014-12-31": "1.05770", "2014-09-30": "1.04670", "2014-06-30": "1.05390", "2014-03-31": "0.89880", "2013-12-31": "1.06070", "2013-09-30": "1.04730", "2013-06-30": "1.03250", "2013-03-31": "0.92150", "2012-12-31": "1.02320", "2012-09-30": "1.00930", "2012-06-30": "1.02070", "2012-03-31": "0.96110", "2011-12-31": "1.01580", "2011-09-30": "0.99000", "2011-06-30": "1.01380", "2011-03-31": "0.95520", "2010-12-31": "1.04790", "2010-09-30": "0.98710", "2010-06-30": "1.10590", "2010-03-31": "0.97580", "2009-12-31": "1.03540", "2009-09-30": "1.06540", "2009-06-30": "1.07030", "2009-03-31": "1.05600", "2008-12-31": "1.09050", "2008-09-30": "0.98040", "2008-06-30": "1.09790", "2008-03-31": "0.88650", "2007-12-31": "0.96680", "2007-09-30": "0.85210", "2007-06-30": "0.96490", "2007-03-31": "0.85290", "2006-12-31": "0.85550", "2006-09-30": "0.84720", "2006-06-30": "0.99450", "2006-03-31": "0.83320", "2005-12-31": "0.92370", "2005-09-30": "0.94370", "2005-06-30": "1.15940", "2005-03-31": "0.85660"}, "Days Sales In Receivables": {"2020-09-30": "85.85990", "2020-06-30": "96.97190", "2020-03-31": "101.45430", "2019-12-31": "99.16230", "2019-09-30": "92.50240", "2019-06-30": "93.52760", "2019-03-31": "109.32860", "2018-12-31": "103.74030", "2018-09-30": "95.61550", "2018-06-30": "97.42890", "2018-03-31": "106.00920", "2017-12-31": "104.40110", "2017-09-30": "95.02100", "2017-06-30": "94.55070", "2017-03-31": "103.14620", "2016-12-31": "82.29490", "2016-09-30": "87.82750", "2016-06-30": "90.56020", "2016-03-31": "97.36630", "2015-12-31": "81.19180", "2015-09-30": "86.78560", "2015-06-30": "86.66220", "2015-03-31": "100.54320", "2014-12-31": "85.08810", "2014-09-30": "85.98350", "2014-06-30": "85.39390", "2014-03-31": "100.13330", "2013-12-31": "84.85210", "2013-09-30": "85.93920", "2013-06-30": "87.16790", "2013-03-31": "97.66700", "2012-12-31": "87.95620", "2012-09-30": "89.16950", "2012-06-30": "88.17320", "2012-03-31": "93.64560", "2011-12-31": "88.59830", "2011-09-30": "90.91180", "2011-06-30": "88.77410", "2011-03-31": "94.22410", "2010-12-31": "85.88360", "2010-09-30": "91.17470", "2010-06-30": "81.37880", "2010-03-31": "92.23060", "2009-12-31": "86.92660", "2009-09-30": "84.47520", "2009-06-30": "84.08500", "2009-03-31": "85.23110", "2008-12-31": "82.53460", "2008-09-30": "91.80060", "2008-06-30": "81.97180", "2008-03-31": "101.52350", "2007-12-31": "93.08690", "2007-09-30": "105.62320", "2007-06-30": "93.27610", "2007-03-31": "105.51720", "2006-12-31": "105.20710", "2006-09-30": "106.22770", "2006-06-30": "90.50120", "2006-03-31": "108.02350", "2005-12-31": "97.43360", "2005-09-30": "95.36580", "2005-06-30": "77.62740", "2005-03-31": "105.07030"}, "ROE - Return On Equity": {"2020-09-30": "1.63510", "2020-06-30": "5.55650", "2020-03-31": "8.43530", "2019-12-31": "7.21300", "2019-09-30": "4.50040", "2019-06-30": "10.72900", "2019-03-31": "2.42680", "2018-12-31": "9.87590", "2018-09-30": "1.24830", "2018-06-30": "5.02150", "2018-03-31": "-1.98340", "2017-12-31": "10.91110", "2017-09-30": "-5.58020", "2017-06-30": "-10.80990", "2017-03-31": "35.43480", "2016-12-31": "109.21010", "2016-09-30": "-290.38280", "2016-06-30": "-97.72480", "2016-03-31": "-39.92800", "2015-12-31": "-49.67000", "2015-09-30": "-19.02760", "2015-06-30": "-30.06380", "2015-03-31": "-20.32140", "2014-12-31": "36.69650", "2014-09-30": "22.19080", "2014-06-30": "26.85450", "2014-03-31": "15.94100", "2013-12-31": "16.99840", "2013-09-30": "11.87500", "2013-06-30": "14.15120", "2013-03-31": "11.49120", "2012-12-31": "19.18100", "2012-09-30": "11.99970", "2012-06-30": "19.29570", "2012-03-31": "19.92130", "2011-12-31": "24.76790", "2011-09-30": "15.69770", "2011-06-30": "14.93060", "2011-03-31": "13.89850", "2010-12-31": "19.61660", "2010-09-30": "13.01690", "2010-06-30": "18.80050", "2010-03-31": "16.73370", "2009-12-31": "22.85160", "2009-09-30": "26.81890", "2009-06-30": "47.58950", "2009-03-31": "447.13680", "2008-12-31": "-157.84380", "2008-09-30": "-125.55850", "2008-06-30": "-72.39880", "2008-03-31": "-82.86280", "2007-12-31": "217.43650", "2007-09-30": "16.36910", "2007-06-30": "14.88800", "2007-03-31": "25.33870", "2006-12-31": "70.81100", "2006-09-30": "5.14700", "2006-06-30": "10.41100", "2006-03-31": "5.02840", "2005-12-31": "10.10310", "2005-09-30": "-1.38930", "2005-06-30": "-0.68270", "2005-03-31": "-12.73190"}, "Return On Tangible Equity": {"2020-09-30": "-0.62320", "2020-06-30": "-1.97280", "2020-03-31": "-2.58820", "2019-12-31": "-2.31520", "2019-09-30": "-1.40000", "2019-06-30": "-3.51730", "2019-03-31": "-0.67830", "2018-12-31": "-2.69730", "2018-09-30": "-0.38470", "2018-06-30": "-1.43230", "2018-03-31": "0.60890", "2017-12-31": "-3.25580", "2017-09-30": "1.25270", "2017-06-30": "2.35920", "2017-03-31": "-4.36990", "2016-12-31": "-8.81320", "2016-09-30": "-3.64990", "2016-06-30": "-5.76930", "2016-03-31": "-4.88320", "2015-12-31": "-6.96420", "2015-09-30": "-3.09950", "2015-06-30": "-6.55610", "2015-03-31": "-3.79090", "2014-12-31": "-12.96500", "2014-09-30": "-7.13740", "2014-06-30": "-12.11960", "2014-03-31": "-9.73580", "2013-12-31": "-37.45140", "2013-09-30": "-18.68090", "2013-06-30": "-23.69730", "2013-03-31": "-17.64540", "2012-12-31": "-26.18380", "2012-09-30": "-11.58270", "2012-06-30": "-13.20880", "2012-03-31": "-9.90550", "2011-12-31": "-13.48730", "2011-09-30": "-9.40370", "2011-06-30": "-10.43680", "2011-03-31": "-9.24630", "2010-12-31": "-10.89510", "2010-09-30": "-5.40310", "2010-06-30": "-4.84090", "2010-03-31": "-4.67560", "2009-12-31": "-6.04810", "2009-09-30": "-6.03630", "2009-06-30": "-4.68050", "2009-03-31": "-5.06740", "2008-12-31": "-7.97170", "2008-09-30": "-4.37720", "2008-06-30": "-6.52170", "2008-03-31": "-3.33630", "2007-12-31": "-9.45670", "2007-09-30": "-3.35430", "2007-06-30": "-3.57470", "2007-03-31": "-2.36890", "2006-12-31": "-4.80060", "2006-09-30": "-4.21250", "2006-06-30": "-7.54680", "2006-03-31": "-2.96430", "2005-12-31": "-5.42020", "2005-09-30": "0.56250", "2005-06-30": "0.25960", "2005-03-31": "12.81790"}, "ROA - Return On Assets": {"2020-09-30": "0.24800", "2020-06-30": "0.80870", "2020-03-31": "1.10430", "2019-12-31": "0.94670", "2019-09-30": "0.61430", "2019-06-30": "1.53660", "2019-03-31": "0.30970", "2018-12-31": "1.35480", "2018-09-30": "0.19770", "2018-06-30": "0.75200", "2018-03-31": "-0.28330", "2017-12-31": "1.47340", "2017-09-30": "-0.68720", "2017-06-30": "-1.31930", "2017-03-31": "1.08260", "2016-12-31": "2.80840", "2016-09-30": "1.33830", "2016-06-30": "2.24020", "2016-03-31": "2.03420", "2015-12-31": "3.03260", "2015-09-30": "1.45180", "2015-06-30": "2.74870", "2015-03-31": "1.58440", "2014-12-31": "3.10570", "2014-09-30": "1.91330", "2014-06-30": "2.95190", "2014-03-31": "2.14690", "2013-12-31": "3.44350", "2013-09-30": "2.34550", "2013-06-30": "2.88230", "2013-03-31": "2.33990", "2012-12-31": "3.62820", "2012-09-30": "2.12120", "2012-06-30": "3.00580", "2012-03-31": "2.53520", "2011-12-31": "3.26290", "2011-09-30": "2.33540", "2011-06-30": "2.48640", "2011-03-31": "2.28880", "2010-12-31": "2.85410", "2010-09-30": "1.62370", "2010-06-30": "1.71280", "2010-03-31": "1.64320", "2009-12-31": "2.11610", "2009-09-30": "2.01310", "2009-06-30": "1.76760", "2009-03-31": "2.10770", "2008-12-31": "3.07810", "2008-09-30": "1.68380", "2008-06-30": "2.68780", "2008-03-31": "1.33170", "2007-12-31": "3.35750", "2007-09-30": "1.05440", "2007-06-30": "1.10970", "2007-03-31": "0.84890", "2006-12-31": "1.79230", "2006-09-30": "0.94790", "2006-06-30": "1.85260", "2006-03-31": "0.79330", "2005-12-31": "1.44260", "2005-09-30": "-0.17900", "2005-06-30": "-0.08620", "2005-03-31": "-1.77380"}, "ROI - Return On Investment": {"2020-09-30": "0.56640", "2020-06-30": "1.88080", "2020-03-31": "2.56690", "2019-12-31": "2.27000", "2019-09-30": "1.39300", "2019-06-30": "3.42070", "2019-03-31": "0.70450", "2018-12-31": "2.83190", "2018-09-30": "0.38930", "2018-06-30": "1.50800", "2018-03-31": "-0.61720", "2017-12-31": "2.76380", "2017-09-30": "-1.27270", "2017-06-30": "-2.31050", "2017-03-31": "2.14040", "2016-12-31": "9.16690", "2016-09-30": "4.44430", "2016-06-30": "7.34170", "2016-03-31": "6.24970", "2015-12-31": "10.09520", "2015-09-30": "4.59800", "2015-06-30": "9.74670", "2015-03-31": "11.78900", "2014-12-31": "10.82890", "2014-09-30": "12.19580", "2014-06-30": "16.25700", "2014-03-31": "10.22040", "2013-12-31": "12.34370", "2013-09-30": "8.27360", "2013-06-30": "9.84540", "2013-03-31": "7.85910", "2012-12-31": "13.94990", "2012-09-30": "8.22490", "2012-06-30": "12.02470", "2012-03-31": "10.97600", "2011-12-31": "13.57030", "2011-09-30": "8.66520", "2011-06-30": "8.46150", "2011-03-31": "7.63100", "2010-12-31": "9.99680", "2010-09-30": "9.75830", "2010-06-30": "10.91730", "2010-03-31": "8.86180", "2009-12-31": "10.87200", "2009-09-30": "9.12870", "2009-06-30": "7.36410", "2009-03-31": "8.82930", "2008-12-31": "15.49190", "2008-09-30": "7.82400", "2008-06-30": "13.10560", "2008-03-31": "10.77860", "2007-12-31": "21.74140", "2007-09-30": "5.00020", "2007-06-30": "4.85060", "2007-03-31": "4.34870", "2006-12-31": "10.56950", "2006-09-30": "2.77150", "2006-06-30": "5.28450", "2006-03-31": "2.35800", "2005-12-31": "4.53480", "2005-09-30": "-0.55720", "2005-06-30": "-0.26420", "2005-03-31": "-5.75590"}, "Book Value Per Share": {"2020-09-30": "11.60410", "2020-06-30": "11.09340", "2020-03-31": "9.97020", "2019-12-31": "10.52730", "2019-09-30": "10.27800", "2019-06-30": "10.69260", "2019-03-31": "9.51230", "2018-12-31": "9.48430", "2018-09-30": "10.35890", "2018-06-30": "10.14600", "2018-03-31": "10.82730", "2017-12-31": "10.82840", "2017-09-30": "9.52510", "2017-06-30": "9.42100", "2017-03-31": "1.23850", "2016-12-31": "0.73660", "2016-09-30": "-0.12700", "2016-06-30": "-0.63940", "2016-03-31": "-1.36570", "2015-12-31": "-1.60800", "2015-09-30": "-1.92610", "2015-06-30": "-2.04900", "2015-03-31": "-1.65900", "2014-12-31": "1.84150", "2014-09-30": "1.73280", "2014-06-30": "2.22170", "2014-03-31": "2.62380", "2013-12-31": "3.92880", "2013-09-30": "3.48940", "2013-06-30": "3.52840", "2013-03-31": "3.40470", "2012-12-31": "3.28480", "2012-09-30": "2.79180", "2012-06-30": "2.30140", "2012-03-31": "1.84160", "2011-12-31": "1.94750", "2011-09-30": "2.04090", "2011-06-30": "2.23590", "2011-03-31": "2.15950", "2010-12-31": "1.94870", "2010-09-30": "1.60390", "2010-06-30": "1.12260", "2010-03-31": "1.20560", "2009-12-31": "1.17370", "2009-09-30": "0.78310", "2009-06-30": "0.38060", "2009-03-31": "0.04740", "2008-12-31": "-0.22710", "2008-09-30": "-0.15740", "2008-06-30": "-0.44310", "2008-03-31": "-0.18620", "2007-12-31": "0.17670", "2007-09-30": "0.68280", "2007-06-30": "0.76250", "2007-03-31": "0.34050", "2006-12-31": "0.25290", "2006-09-30": "1.63620", "2006-06-30": "1.53640", "2006-03-31": "1.35410", "2005-12-31": "1.28210", "2005-09-30": "1.09120", "2005-06-30": "1.06250", "2005-03-31": "1.02960"}, "Operating Cash Flow Per Share": {"2020-09-30": 2.7028, "2020-06-30": 3.8243, "2020-03-31": "0.61900", "2019-12-31": 0.9057, "2019-09-30": 2.4249, "2019-06-30": 2.4939, "2019-03-31": "0.39110", "2018-12-31": 0.4914, "2018-09-30": 2.7052, "2018-06-30": 1.888, "2018-03-31": "0.02990", "2017-12-31": 0.2716, "2017-09-30": 1.6367, "2017-06-30": 1.2783, "2017-03-31": "-0.35200", "2016-12-31": 0.9939, "2016-09-30": 1.4356, "2016-06-30": 1.7729, "2016-03-31": "0.15970", "2015-12-31": 0.8966, "2015-09-30": 1.3932, "2015-06-30": 1.7084, "2015-03-31": "0.06450", "2014-12-31": 0.7503, "2014-09-30": 1.3889, "2014-06-30": 1.5067, "2014-03-31": "0.17670", "2013-12-31": 0.7631, "2013-09-30": 1.0914, "2013-06-30": 1.268, "2013-03-31": "0.20610", "2012-12-31": 0.7362, "2012-09-30": 1.1411, "2012-06-30": 0.848, "2012-03-31": "0.19420", "2011-12-31": 0.7896, "2011-09-30": 1.1525, "2011-06-30": 0.8914, "2011-03-31": "-0.24800", "2010-12-31": 0.7793, "2010-09-30": 0.656, "2010-06-30": 0.703, "2010-03-31": "-0.07990", "2009-12-31": 0.4555, "2009-09-30": 0.5567, "2009-06-30": 0.4931, "2009-03-31": "0.15480", "2008-12-31": 0.4672, "2008-09-30": 0.5668, "2008-06-30": 0.6873, "2008-03-31": "0.14030", "2007-12-31": 0.6138, "2007-09-30": 0.3567, "2007-06-30": 0.4009, "2007-03-31": "-0.00210", "2006-12-31": 0.2718, "2006-09-30": 0.3578, "2006-06-30": 0.2322, "2006-03-31": "0.05270", "2005-12-31": -0.0036, "2005-09-30": 0.1203, "2005-06-30": -0.0061, "2005-03-31": "0.13100"}, "Free Cash Flow Per Share": {"2020-09-30": 2.5373, "2020-06-30": 3.5858, "2020-03-31": "0.34660", "2019-12-31": 0.3206, "2019-09-30": 2.0242, "2019-06-30": 2.062, "2019-03-31": "0.17070", "2018-12-31": -0.1844, "2018-09-30": 2.4392, "2018-06-30": 1.6468, "2018-03-31": "-0.16430", "2017-12-31": -0.1275, "2017-09-30": 1.2683, "2017-06-30": 0.9395, "2017-03-31": "-0.47930", "2016-12-31": 0.8391, "2016-09-30": 1.2981, "2016-06-30": 1.5489, "2016-03-31": "0.08110", "2015-12-31": 0.7831, "2015-09-30": 1.2446, "2015-06-30": 1.5607, "2015-03-31": "-0.06800", "2014-12-31": 0.6104, "2014-09-30": 1.3155, "2014-06-30": 1.3942, "2014-03-31": "0.07820", "2013-12-31": 0.6726, "2013-09-30": 1.0034, "2013-06-30": 1.1627, "2013-03-31": "0.10510", "2012-12-31": 0.5957, "2012-09-30": 1.0353, "2012-06-30": 0.7057, "2012-03-31": "0.12020", "2011-12-31": 0.6066, "2011-09-30": 1.0064, "2011-06-30": 0.8333, "2011-03-31": "-0.28520", "2010-12-31": 0.6856, "2010-09-30": 0.6103, "2010-06-30": 0.6594, "2010-03-31": "-0.11420", "2009-12-31": 0.4141, "2009-09-30": 0.5303, "2009-06-30": 0.4529, "2009-03-31": "0.10750", "2008-12-31": 0.4073, "2008-09-30": 0.5125, "2008-06-30": 0.6302, "2008-03-31": "0.06620", "2007-12-31": 0.5612, "2007-09-30": 0.3, "2007-06-30": 0.3315, "2007-03-31": "-0.04620", "2006-12-31": 0.2032, "2006-09-30": 0.3136, "2006-06-30": 0.1923, "2006-03-31": "0.02370", "2005-12-31": -0.1028, "2005-09-30": 0.0854, "2005-06-30": -0.0346, "2005-03-31": "0.09450"}}, "revenue": {"Gartner Annual Revenue (Millions of US $)": {"2019": "$4,245", "2018": "$3,975", "2017": "$3,311", "2016": "$2,445", "2015": "$2,163", "2014": "$2,021", "2013": "$1,784", "2012": "$1,616", "2011": "$1,469", "2010": "$1,288", "2009": "$1,140", "2008": "$1,279", "2007": "$1,168", "2006": "$1,037", "2005": "$989"}, "Gartner Quarterly Revenue (Millions of US $)": {"2020-09-30": "$995", "2020-06-30": "$973", "2020-03-31": "$1,019", "2019-12-31": "$1,203", "2019-09-30": "$1,001", "2019-06-30": "$1,071", "2019-03-31": "$970", "2018-12-31": "$1,089", "2018-09-30": "$922", "2018-06-30": "$1,001", "2018-03-31": "$964", "2017-12-31": "$1,015", "2017-09-30": "$828", "2017-06-30": "$844", "2017-03-31": "$625", "2016-12-31": "$703", "2016-09-30": "$574", "2016-06-30": "$610", "2016-03-31": "$557", "2015-12-31": "$644", "2015-09-30": "$500", "2015-06-30": "$548", "2015-03-31": "$471", "2014-12-31": "$584", "2014-09-30": "$471", "2014-06-30": "$520", "2014-03-31": "$447", "2013-12-31": "$521", "2013-09-30": "$411", "2013-06-30": "$446", "2013-03-31": "$407", "2012-12-31": "$475", "2012-09-30": "$374", "2012-06-30": "$397", "2012-03-31": "$369", "2011-12-31": "$428", "2011-09-30": "$346", "2011-06-30": "$366", "2011-03-31": "$330", "2010-12-31": "$382", "2010-09-30": "$296", "2010-06-30": "$314", "2010-03-31": "$296", "2009-12-31": "$329", "2009-09-30": "$267", "2009-06-30": "$270", "2009-03-31": "$274", "2008-12-31": "$347", "2008-09-30": "$298", "2008-06-30": "$344", "2008-03-31": "$290", "2007-12-31": "$343", "2007-09-30": "$268", "2007-06-30": "$293", "2007-03-31": "$264", "2006-12-31": "$281", "2006-09-30": "$241", "2006-06-30": "$284", "2006-03-31": "$231", "2005-12-31": "$289", "2005-09-30": "$225", "2005-06-30": "$275", "2005-03-31": "$200"}}, "gross-profit": {"Gartner Annual Gross Profit (Millions of US $)": {"2019": "$2,695", "2018": "$2,507", "2017": "$1,991", "2016": "$1,499", "2015": "$1,324", "2014": "$1,224", "2013": "$1,071", "2012": "$957", "2011": "$860", "2010": "$736", "2009": "$641", "2008": "$707", "2007": "$622", "2006": "$547", "2005": "$502"}, "Gartner Quarterly Gross Profit (Millions of US $)": {"2020-09-30": "$665", "2020-06-30": "$651", "2020-03-31": "$678", "2019-12-31": "$753", "2019-09-30": "$635", "2019-06-30": "$683", "2019-03-31": "$624", "2018-12-31": "$681", "2018-09-30": "$586", "2018-06-30": "$634", "2018-03-31": "$606", "2017-12-31": "$616", "2017-09-30": "$496", "2017-06-30": "$492", "2017-03-31": "$388", "2016-12-31": "$424", "2016-09-30": "$351", "2016-06-30": "$379", "2016-03-31": "$345", "2015-12-31": "$387", "2015-09-30": "$307", "2015-06-30": "$337", "2015-03-31": "$293", "2014-12-31": "$348", "2014-09-30": "$283", "2014-06-30": "$317", "2014-03-31": "$276", "2013-12-31": "$311", "2013-09-30": "$249", "2013-06-30": "$268", "2013-03-31": "$243", "2012-12-31": "$275", "2012-09-30": "$223", "2012-06-30": "$236", "2012-03-31": "$223", "2011-12-31": "$247", "2011-09-30": "$203", "2011-06-30": "$213", "2011-03-31": "$196", "2010-12-31": "$217", "2010-09-30": "$170", "2010-06-30": "$176", "2010-03-31": "$173", "2009-12-31": "$182", "2009-09-30": "$149", "2009-06-30": "$153", "2009-03-31": "$157", "2008-12-31": "$191", "2008-09-30": "$169", "2008-06-30": "$187", "2008-03-31": "$159", "2007-12-31": "$181", "2007-09-30": "$144", "2007-06-30": "$156", "2007-03-31": "$141", "2006-12-31": "$149", "2006-09-30": "$125", "2006-06-30": "$147", "2006-03-31": "$126", "2005-12-31": "$151", "2005-09-30": "$113", "2005-06-30": "$134", "2005-03-31": "$105"}}, "operating-income": {"Gartner Annual Operating Income (Millions of US $)": {"2019": "$370", "2018": "$260", "2017": "$-6", "2016": "$305", "2015": "$288", "2014": "$286", "2013": "$275", "2012": "$246", "2011": "$214", "2010": "$149", "2009": "$134", "2008": "$164", "2007": "$129", "2006": "$98", "2005": "$25"}, "Gartner Quarterly Operating Income (Millions of US $)": {"2020-09-30": "$88", "2020-06-30": "$100", "2020-03-31": "$125", "2019-12-31": "$136", "2019-09-30": "$69", "2019-06-30": "$116", "2019-03-31": "$49", "2018-12-31": "$130", "2018-09-30": "$53", "2018-06-30": "$86", "2018-03-31": "$-9", "2017-12-31": "$63", "2017-09-30": "$-24", "2017-06-30": "$-98", "2017-03-31": "$54", "2016-12-31": "$109", "2016-09-30": "$49", "2016-06-30": "$83", "2016-03-31": "$64", "2015-12-31": "$102", "2015-09-30": "$52", "2015-06-30": "$85", "2015-03-31": "$49", "2014-12-31": "$96", "2014-09-30": "$49", "2014-06-30": "$82", "2014-03-31": "$59", "2013-12-31": "$89", "2013-09-30": "$59", "2013-06-30": "$74", "2013-03-31": "$54", "2012-12-31": "$80", "2012-09-30": "$50", "2012-06-30": "$63", "2012-03-31": "$54", "2011-12-31": "$69", "2011-09-30": "$47", "2011-06-30": "$52", "2011-03-31": "$46", "2010-12-31": "$53", "2010-09-30": "$33", "2010-06-30": "$34", "2010-03-31": "$29", "2009-12-31": "$42", "2009-09-30": "$28", "2009-06-30": "$31", "2009-03-31": "$34", "2008-12-31": "$56", "2008-09-30": "$35", "2008-06-30": "$48", "2008-03-31": "$26", "2007-12-31": "$67", "2007-09-30": "$23", "2007-06-30": "$20", "2007-03-31": "$19", "2006-12-31": "$36", "2006-09-30": "$16", "2006-06-30": "$31", "2006-03-31": "$16", "2005-12-31": "$30", "2005-09-30": "$1", "2005-06-30": "$5", "2005-03-31": "$-11"}}, "ebitda": {"Gartner Annual EBITDA (Millions of US $)": {"2019": "$588", "2018": "$529", "2017": "$249", "2016": "$370", "2015": "$337", "2014": "$328", "2013": "$313", "2012": "$277", "2011": "$248", "2010": "$187", "2009": "$163", "2008": "$193", "2007": "$157", "2006": "$134", "2005": "$62"}, "Gartner Quarterly EBITDA (Millions of US $)": {"2020-09-30": "$100", "2020-06-30": "$188", "2020-03-31": "$204", "2019-12-31": "$191", "2019-09-30": "$81", "2019-06-30": "$192", "2019-03-31": "$125", "2018-12-31": "$184", "2018-09-30": "$123", "2018-06-30": "$162", "2018-03-31": "$61", "2017-12-31": "$136", "2017-09-30": "$48", "2017-06-30": "$-6", "2017-03-31": "$71", "2016-12-31": "$125", "2016-09-30": "$65", "2016-06-30": "$100", "2016-03-31": "$80", "2015-12-31": "$116", "2015-09-30": "$65", "2015-06-30": "$96", "2015-03-31": "$60", "2014-12-31": "$107", "2014-09-30": "$60", "2014-06-30": "$92", "2014-03-31": "$68", "2013-12-31": "$98", "2013-09-30": "$68", "2013-06-30": "$83", "2013-03-31": "$63", "2012-12-31": "$89", "2012-09-30": "$58", "2012-06-30": "$70", "2012-03-31": "$61", "2011-12-31": "$77", "2011-09-30": "$55", "2011-06-30": "$61", "2011-03-31": "$55", "2010-12-31": "$63", "2010-09-30": "$42", "2010-06-30": "$43", "2010-03-31": "$39", "2009-12-31": "$49", "2009-09-30": "$35", "2009-06-30": "$38", "2009-03-31": "$42", "2008-12-31": "$63", "2008-09-30": "$42", "2008-06-30": "$54", "2008-03-31": "$33", "2007-12-31": "$74", "2007-09-30": "$30", "2007-06-30": "$27", "2007-03-31": "$26", "2006-12-31": "$43", "2006-09-30": "$25", "2006-06-30": "$40", "2006-03-31": "$25", "2005-12-31": "$40", "2005-09-30": "$11", "2005-06-30": "$16", "2005-03-31": "$-4"}}, "net-income": {"Gartner Annual Net Income (Millions of US $)": {"2019": "$233", "2018": "$122", "2017": "$3", "2016": "$194", "2015": "$176", "2014": "$184", "2013": "$183", "2012": "$166", "2011": "$137", "2010": "$96", "2009": "$83", "2008": "$104", "2007": "$74", "2006": "$58", "2005": "$-2"}, "Gartner Quarterly Net Income (Millions of US $)": {"2020-09-30": "$17", "2020-06-30": "$55", "2020-03-31": "$75", "2019-12-31": "$68", "2019-09-30": "$41", "2019-06-30": "$103", "2019-03-31": "$21", "2018-12-31": "$84", "2018-09-30": "$12", "2018-06-30": "$46", "2018-03-31": "$-20", "2017-12-31": "$107", "2017-09-30": "$-48", "2017-06-30": "$-92", "2017-03-31": "$36", "2016-12-31": "$66", "2016-09-30": "$30", "2016-06-30": "$52", "2016-03-31": "$45", "2015-12-31": "$66", "2015-09-30": "$30", "2015-06-30": "$51", "2015-03-31": "$28", "2014-12-31": "$59", "2014-09-30": "$34", "2014-06-30": "$53", "2014-03-31": "$38", "2013-12-31": "$61", "2013-09-30": "$38", "2013-06-30": "$47", "2013-03-31": "$37", "2012-12-31": "$59", "2012-09-30": "$31", "2012-06-30": "$41", "2012-03-31": "$34", "2011-12-31": "$45", "2011-09-30": "$30", "2011-06-30": "$32", "2011-03-31": "$29", "2010-12-31": "$37", "2010-09-30": "$20", "2010-06-30": "$20", "2010-03-31": "$19", "2009-12-31": "$26", "2009-09-30": "$20", "2009-06-30": "$17", "2009-03-31": "$20", "2008-12-31": "$34", "2008-09-30": "$19", "2008-06-30": "$30", "2008-03-31": "$22", "2007-12-31": "$39", "2007-09-30": "$12", "2007-06-30": "$14", "2007-03-31": "$8", "2006-12-31": "$23", "2006-09-30": "$10", "2006-06-30": "$18", "2006-03-31": "$8", "2005-12-31": "$15", "2005-09-30": "$-2", "2005-06-30": "$-1", "2005-03-31": "$-15"}}, "eps-earnings-per-share-diluted": {"Gartner Annual EPS": {"2019": "$2.56", "2018": "$1.33", "2017": "$0.04", "2016": "$2.31", "2015": "$2.06", "2014": "$2.03", "2013": "$1.93", "2012": "$1.73", "2011": "$1.39", "2010": "$0.96", "2009": "$0.85", "2008": "$1.05", "2007": "$0.68", "2006": "$0.50", "2005": "$-0.02"}, "Gartner Quarterly EPS": {"2020-09-30": "$0.19", "2020-06-30": "$0.61", "2020-03-31": "$0.83", "2019-12-31": "$0.74", "2019-09-30": "$0.46", "2019-06-30": "$1.13", "2019-03-31": "$0.23", "2018-12-31": "$0.92", "2018-09-30": "$0.13", "2018-06-30": "$0.50", "2018-03-31": "$-0.22", "2017-12-31": "$1.17", "2017-09-30": "$-0.53", "2017-06-30": "$-1.03", "2017-03-31": "$0.43", "2016-12-31": "$0.79", "2016-09-30": "$0.36", "2016-06-30": "$0.62", "2016-03-31": "$0.54", "2015-12-31": "$0.77", "2015-09-30": "$0.36", "2015-06-30": "$0.61", "2015-03-31": "$0.32", "2014-12-31": "$0.67", "2014-09-30": "$0.38", "2014-06-30": "$0.58", "2014-03-31": "$0.40", "2013-12-31": "$0.66", "2013-09-30": "$0.40", "2013-06-30": "$0.49", "2013-03-31": "$0.38", "2012-12-31": "$0.61", "2012-09-30": "$0.33", "2012-06-30": "$0.43", "2012-03-31": "$0.36", "2011-12-31": "$0.47", "2011-09-30": "$0.31", "2011-06-30": "$0.32", "2011-03-31": "$0.29", "2010-12-31": "$0.37", "2010-09-30": "$0.20", "2010-06-30": "$0.20", "2010-03-31": "$0.19", "2009-12-31": "$0.25", "2009-09-30": "$0.21", "2009-06-30": "$0.18", "2009-03-31": "$0.21", "2008-12-31": "$0.35", "2008-09-30": "$0.19", "2008-06-30": "$0.30", "2008-03-31": "$0.21", "2007-12-31": "$0.36", "2007-09-30": "$0.11", "2007-06-30": "$0.13", "2007-03-31": "$0.08", "2006-12-31": "$0.19", "2006-09-30": "$0.08", "2006-06-30": "$0.16", "2006-03-31": "$0.07", "2005-12-31": "$0.14", "2005-09-30": "$-0.02", "2005-06-30": "$-0.01", "2005-03-31": "$-0.13"}}, "shares-outstanding": {"Gartner Annual Shares Outstanding (Millions of Shares)": {"2019": "91", "2018": "92", "2017": "90", "2016": "84", "2015": "85", "2014": "91", "2013": "95", "2012": "96", "2011": "99", "2010": "100", "2009": "98", "2008": "99", "2007": "108", "2006": "116", "2005": "112"}, "Gartner Quarterly Shares Outstanding (Millions of Shares)": {"2020-09-30": "90", "2020-06-30": "90", "2020-03-31": "90", "2019-12-31": "91", "2019-09-30": "91", "2019-06-30": "91", "2019-03-31": "91", "2018-12-31": "92", "2018-09-30": "92", "2018-06-30": "92", "2018-03-31": "91", "2017-12-31": "90", "2017-09-30": "91", "2017-06-30": "89", "2017-03-31": "84", "2016-12-31": "84", "2016-09-30": "84", "2016-06-30": "84", "2016-03-31": "83", "2015-12-31": "85", "2015-09-30": "84", "2015-06-30": "84", "2015-03-31": "88", "2014-12-31": "91", "2014-09-30": "90", "2014-06-30": "91", "2014-03-31": "93", "2013-12-31": "95", "2013-09-30": "94", "2013-06-30": "95", "2013-03-31": "96", "2012-12-31": "96", "2012-09-30": "96", "2012-06-30": "95", "2012-03-31": "96", "2011-12-31": "99", "2011-09-30": "98", "2011-06-30": "99", "2011-03-31": "99", "2010-12-31": "100", "2010-09-30": "99", "2010-06-30": "99", "2010-03-31": "100", "2009-12-31": "98", "2009-09-30": "98", "2009-06-30": "97", "2009-03-31": "96", "2008-12-31": "99", "2008-09-30": "99", "2008-06-30": "99", "2008-03-31": "101", "2007-12-31": "108", "2007-09-30": "109", "2007-06-30": "110", "2007-03-31": "108", "2006-12-31": "116", "2006-09-30": "116", "2006-06-30": "116", "2006-03-31": "116", "2005-12-31": "112", "2005-09-30": "113", "2005-06-30": "112", "2005-03-31": "111"}}, "total-assets": {"Gartner Annual Total Assets (Millions of US $)": {"2019": "$7,151", "2018": "$6,201", "2017": "$7,283", "2016": "$2,367", "2015": "$2,169", "2014": "$1,904", "2013": "$1,784", "2012": "$1,621", "2011": "$1,380", "2010": "$1,286", "2009": "$1,215", "2008": "$1,093", "2007": "$1,133", "2006": "$1,040", "2005": "$1,027"}, "Gartner Quarterly Total Assets (Millions of US $)": {"2020-09-30": "$6,841", "2020-06-30": "$6,810", "2020-03-31": "$6,800", "2019-12-31": "$7,151", "2019-09-30": "$6,737", "2019-06-30": "$6,730", "2019-03-31": "$6,715", "2018-12-31": "$6,201", "2018-09-30": "$5,945", "2018-06-30": "$6,153", "2018-03-31": "$6,915", "2017-12-31": "$7,283", "2017-09-30": "$7,011", "2017-06-30": "$6,995", "2017-03-31": "$3,365", "2016-12-31": "$2,367", "2016-09-30": "$2,278", "2016-06-30": "$2,305", "2016-03-31": "$2,212", "2015-12-31": "$2,169", "2015-09-30": "$2,092", "2015-06-30": "$1,861", "2015-03-31": "$1,789", "2014-12-31": "$1,904", "2014-09-30": "$1,769", "2014-06-30": "$1,797", "2014-03-31": "$1,758", "2013-12-31": "$1,784", "2013-09-30": "$1,628", "2013-06-30": "$1,614", "2013-03-31": "$1,567", "2012-12-31": "$1,621", "2012-09-30": "$1,479", "2012-06-30": "$1,380", "2012-03-31": "$1,350", "2011-12-31": "$1,380", "2011-09-30": "$1,304", "2011-06-30": "$1,296", "2011-03-31": "$1,275", "2010-12-31": "$1,286", "2010-09-30": "$1,236", "2010-06-30": "$1,174", "2010-03-31": "$1,181", "2009-12-31": "$1,215", "2009-09-30": "$997", "2009-06-30": "$972", "2009-03-31": "$949", "2008-12-31": "$1,093", "2008-09-30": "$1,115", "2008-06-30": "$1,121", "2008-03-31": "$1,096", "2007-12-31": "$1,133", "2007-09-30": "$1,106", "2007-06-30": "$1,080", "2007-03-31": "$1,057", "2006-12-31": "$1,040", "2006-09-30": "$1,014", "2006-06-30": "$985", "2006-03-31": "$979", "2005-12-31": "$1,027", "2005-09-30": "$962", "2005-06-30": "$950", "2005-03-31": "$829"}}, "cash-on-hand": {"Gartner Annual Cash on Hand (Millions of US $)": {"2019": "$281", "2018": "$156", "2017": "$539", "2016": "$474", "2015": "$373", "2014": "$365", "2013": "$424", "2012": "$300", "2011": "$143", "2010": "$120", "2009": "$117", "2008": "$141", "2007": "$110", "2006": "$68", "2005": "$70"}, "Gartner Quarterly Cash on Hand (Millions of US $)": {"2020-09-30": "$554", "2020-06-30": "$357", "2020-03-31": "$228", "2019-12-31": "$281", "2019-09-30": "$307", "2019-06-30": "$218", "2019-03-31": "$149", "2018-12-31": "$156", "2018-09-30": "$211", "2018-06-30": "$142", "2018-03-31": "$190", "2017-12-31": "$539", "2017-09-30": "$630", "2017-06-30": "$589", "2017-03-31": "$1,228", "2016-12-31": "$474", "2016-09-30": "$466", "2016-06-30": "$445", "2016-03-31": "$404", "2015-12-31": "$373", "2015-09-30": "$371", "2015-06-30": "$358", "2015-03-31": "$282", "2014-12-31": "$365", "2014-09-30": "$341", "2014-06-30": "$318", "2014-03-31": "$283", "2013-12-31": "$424", "2013-09-30": "$375", "2013-06-30": "$333", "2013-03-31": "$269", "2012-12-31": "$300", "2012-09-30": "$255", "2012-06-30": "$151", "2012-03-31": "$139", "2011-12-31": "$143", "2011-09-30": "$157", "2011-06-30": "$125", "2011-03-31": "$109", "2010-12-31": "$120", "2010-09-30": "$148", "2010-06-30": "$122", "2010-03-31": "$106", "2009-12-31": "$117", "2009-09-30": "$113", "2009-06-30": "$97", "2009-03-31": "$70", "2008-12-31": "$141", "2008-09-30": "$145", "2008-06-30": "$137", "2008-03-31": "$96", "2007-12-31": "$110", "2007-09-30": "$118", "2007-06-30": "$103", "2007-03-31": "$91", "2006-12-31": "$68", "2006-09-30": "$93", "2006-06-30": "$69", "2006-03-31": "$66", "2005-12-31": "$70", "2005-09-30": "$80", "2005-06-30": "$70", "2005-03-31": "$159"}}, "long-term-debt": {"Gartner Annual Long Term Debt (Millions of US $)": {"2019": "$2,044", "2018": "$2,116", "2017": "$2,899", "2016": "$664", "2015": "$784", "2014": "$385", "2013": "$136", "2012": "$115", "2011": "$150", "2010": "$180", "2009": "$124", "2008": "$239", "2007": "$158", "2006": "$150", "2005": "$180"}, "Gartner Quarterly Long Term Debt (Millions of US $)": {"2020-09-30": "$1,957", "2020-06-30": "$1,937", "2020-03-31": "$2,035", "2019-12-31": "$2,044", "2019-09-30": "$2,052", "2019-06-30": "$2,059", "2019-03-31": "$2,095", "2018-12-31": "$2,116", "2018-09-30": "$2,077", "2018-06-30": "$2,147", "2018-03-31": "$2,186", "2017-12-31": "$2,899", "2017-09-30": "$2,922", "2017-06-30": "$3,140", "2017-03-31": "$1,599", "2016-12-31": "$664", "2016-09-30": "$696", "2016-06-30": "$756", "2016-03-31": "$833", "2015-12-31": "$784", "2015-09-30": "$820", "2015-06-30": "$695", "2015-03-31": "$380", "2014-12-31": "$385", "2014-09-30": "$125", "2014-06-30": "$129", "2014-03-31": "$133", "2013-12-31": "$136", "2013-09-30": "$140", "2013-06-30": "$144", "2013-03-31": "$148", "2012-12-31": "$115", "2012-09-30": "$120", "2012-06-30": "$130", "2012-03-31": "$140", "2011-12-31": "$150", "2011-09-30": "$158", "2011-06-30": "$165", "2011-03-31": "$173", "2010-12-31": "$180", "2010-09-30": "$52", "2010-06-30": "$77", "2010-03-31": "$103", "2009-12-31": "$124", "2009-09-30": "$145", "2009-06-30": "$197", "2009-03-31": "$222", "2008-12-31": "$239", "2008-09-30": "$255", "2008-06-30": "$272", "2008-03-31": "$153", "2007-12-31": "$158", "2007-09-30": "$162", "2007-06-30": "$167", "2007-03-31": "$171", "2006-12-31": "$150", "2006-09-30": "$160", "2006-06-30": "$170", "2006-03-31": "$175", "2005-12-31": "$180", "2005-09-30": "$185", "2005-06-30": "$190", "2005-03-31": "$140"}}, "total-liabilities": {"Gartner Annual Total Liabilities (Millions of US $)": {"2019": "$6,213", "2018": "$5,351", "2017": "$6,300", "2016": "$2,306", "2015": "$2,301", "2014": "$1,743", "2013": "$1,422", "2012": "$1,315", "2011": "$1,198", "2010": "$1,099", "2009": "$1,103", "2008": "$1,114", "2007": "$1,116", "2006": "$1,013", "2005": "$880"}, "Gartner Quarterly Total Liabilities (Millions of US $)": {"2020-09-30": "$5,803", "2020-06-30": "$5,819", "2020-03-31": "$5,910", "2019-12-31": "$6,213", "2019-09-30": "$5,818", "2019-06-30": "$5,766", "2019-03-31": "$5,858", "2018-12-31": "$5,351", "2018-09-30": "$5,003", "2018-06-30": "$5,232", "2018-03-31": "$5,927", "2017-12-31": "$6,300", "2017-09-30": "$6,148", "2017-06-30": "$6,141", "2017-03-31": "$3,262", "2016-12-31": "$2,306", "2016-09-30": "$2,288", "2016-06-30": "$2,357", "2016-03-31": "$2,324", "2015-12-31": "$2,301", "2015-09-30": "$2,251", "2015-06-30": "$2,031", "2015-03-31": "$1,929", "2014-12-31": "$1,743", "2014-09-30": "$1,616", "2014-06-30": "$1,599", "2014-03-31": "$1,521", "2013-12-31": "$1,422", "2013-09-30": "$1,307", "2013-06-30": "$1,285", "2013-03-31": "$1,248", "2012-12-31": "$1,315", "2012-09-30": "$1,218", "2012-06-30": "$1,165", "2012-03-31": "$1,178", "2011-12-31": "$1,198", "2011-09-30": "$1,110", "2011-06-30": "$1,080", "2011-03-31": "$1,065", "2010-12-31": "$1,099", "2010-09-30": "$1,082", "2010-06-30": "$1,067", "2010-03-31": "$1,065", "2009-12-31": "$1,103", "2009-09-30": "$922", "2009-06-30": "$936", "2009-03-31": "$944", "2008-12-31": "$1,114", "2008-09-30": "$1,130", "2008-06-30": "$1,163", "2008-03-31": "$1,113", "2007-12-31": "$1,116", "2007-09-30": "$1,035", "2007-06-30": "$999", "2007-03-31": "$1,022", "2006-12-31": "$1,013", "2006-09-30": "$827", "2006-06-30": "$810", "2006-03-31": "$825", "2005-12-31": "$880", "2005-09-30": "$838", "2005-06-30": "$830", "2005-03-31": "$714"}}, "total-share-holder-equity": {"Gartner Annual Share Holder Equity (Millions of US $)": {"2019": "$939", "2018": "$851", "2017": "$983", "2016": "$61", "2015": "$-132", "2014": "$161", "2013": "$361", "2012": "$307", "2011": "$182", "2010": "$187", "2009": "$113", "2008": "$-21", "2007": "$17", "2006": "$26", "2005": "$147"}, "Gartner Quarterly Share Holder Equity (Millions of US $)": {"2020-09-30": "$1,038", "2020-06-30": "$991", "2020-03-31": "$890", "2019-12-31": "$939", "2019-09-30": "$920", "2019-06-30": "$964", "2019-03-31": "$857", "2018-12-31": "$851", "2018-09-30": "$942", "2018-06-30": "$921", "2018-03-31": "$988", "2017-12-31": "$983", "2017-09-30": "$863", "2017-06-30": "$854", "2017-03-31": "$103", "2016-12-31": "$61", "2016-09-30": "$-10", "2016-06-30": "$-53", "2016-03-31": "$-113", "2015-12-31": "$-132", "2015-09-30": "$-160", "2015-06-30": "$-170", "2015-03-31": "$-140", "2014-12-31": "$161", "2014-09-30": "$153", "2014-06-30": "$198", "2014-03-31": "$237", "2013-12-31": "$361", "2013-09-30": "$322", "2013-06-30": "$329", "2013-03-31": "$319", "2012-12-31": "$307", "2012-09-30": "$261", "2012-06-30": "$215", "2012-03-31": "$172", "2011-12-31": "$182", "2011-09-30": "$194", "2011-06-30": "$216", "2011-03-31": "$210", "2010-12-31": "$187", "2010-09-30": "$154", "2010-06-30": "$107", "2010-03-31": "$116", "2009-12-31": "$113", "2009-09-30": "$75", "2009-06-30": "$36", "2009-03-31": "$4", "2008-12-31": "$-21", "2008-09-30": "$-15", "2008-06-30": "$-42", "2008-03-31": "$-18", "2007-12-31": "$17", "2007-09-30": "$71", "2007-06-30": "$80", "2007-03-31": "$35", "2006-12-31": "$26", "2006-09-30": "$187", "2006-06-30": "$175", "2006-03-31": "$155", "2005-12-31": "$147", "2005-09-30": "$124", "2005-06-30": "$120", "2005-03-31": "$116"}}, "profit-margins": {"current": "6.51%"}, "gross margin": {"2020-09-30": "65.56%", "2020-06-30": "64.75%", "2020-03-31": "64.02%", "2019-12-31": "63.49%", "2019-09-30": "63.50%", "2019-06-30": "63.52%", "2019-03-31": "63.41%", "2018-12-31": "63.05%", "2018-09-30": "62.58%", "2018-06-30": "61.76%", "2018-03-31": "60.53%", "2017-12-31": "60.14%", "2017-09-30": "60.00%", "2017-06-30": "60.27%", "2017-03-31": "61.39%", "2016-12-31": "61.33%", "2016-09-30": "61.30%", "2016-06-30": "61.36%", "2016-03-31": "61.18%", "2015-12-31": "61.21%", "2015-09-30": "61.10%", "2015-06-30": "60.80%", "2015-03-31": "60.65%", "2014-12-31": "60.53%", "2014-09-30": "60.59%", "2014-06-30": "60.72%", "2014-03-31": "60.49%", "2013-12-31": "60.00%", "2013-09-30": "59.52%", "2013-06-30": "59.28%", "2013-03-31": "59.10%", "2012-12-31": "59.26%", "2012-09-30": "59.25%", "2012-06-30": "59.03%", "2012-03-31": "58.71%", "2011-12-31": "58.44%", "2011-09-30": "58.22%", "2011-06-30": "57.93%", "2011-03-31": "57.41%", "2010-12-31": "57.14%", "2010-09-30": "56.76%", "2010-06-30": "56.38%", "2010-03-31": "56.54%", "2009-12-31": "56.23%", "2009-09-30": "56.13%", "2009-06-30": "56.35%", "2009-03-31": "55.74%", "2008-12-31": "55.20%", "2008-09-30": "54.59%", "2008-06-30": "53.90%", "2008-03-31": "53.60%", "2007-12-31": "53.25%", "2007-09-30": "53.35%", "2007-06-30": "52.92%", "2007-03-31": "52.52%", "2006-12-31": "52.75%", "2006-09-30": "52.54%", "2006-06-30": "52.19%", "2006-03-31": "51.37%", "2005-12-31": "50.86%"}, "operating margin": {"2020-09-30": "10.72%", "2020-06-30": "10.25%", "2020-03-31": "10.39%", "2019-12-31": "8.72%", "2019-09-30": "8.81%", "2019-06-30": "8.59%", "2019-03-31": "7.99%", "2018-12-31": "6.54%", "2018-09-30": "4.95%", "2018-06-30": "3.05%", "2018-03-31": "-1.86%", "2017-12-31": "-0.15%", "2017-09-30": "1.37%", "2017-06-30": "4.15%", "2017-03-31": "11.74%", "2016-12-31": "12.48%", "2016-09-30": "12.49%", "2016-06-30": "13.02%", "2016-03-31": "13.47%", "2015-12-31": "13.31%", "2015-09-30": "13.41%", "2015-06-30": "13.45%", "2015-03-31": "13.49%", "2014-12-31": "14.14%", "2014-09-30": "14.24%", "2014-06-30": "15.22%", "2014-03-31": "15.40%", "2013-12-31": "15.46%", "2013-09-30": "15.35%", "2013-06-30": "15.16%", "2013-03-31": "14.94%", "2012-12-31": "15.29%", "2012-09-30": "15.05%", "2012-06-30": "15.13%", "2012-03-31": "14.71%", "2011-12-31": "14.56%", "2011-09-30": "13.90%", "2011-06-30": "13.39%", "2011-03-31": "12.56%", "2010-12-31": "11.57%", "2010-09-30": "11.17%", "2010-06-30": "11.03%", "2010-03-31": "11.19%", "2009-12-31": "11.84%", "2009-09-30": "12.87%", "2009-06-30": "13.12%", "2009-03-31": "13.70%", "2008-12-31": "12.90%", "2008-09-30": "13.80%", "2008-06-30": "13.17%", "2008-03-31": "11.39%", "2007-12-31": "11.04%", "2007-09-30": "8.86%", "2007-06-30": "8.43%", "2007-03-31": "9.53%", "2006-12-31": "9.55%", "2006-09-30": "8.90%", "2006-06-30": "7.58%", "2006-03-31": "5.10%", "2005-12-31": "2.53%"}, "ebitda margin": {"2020-09-30": "16.30%", "2020-06-30": "15.82%", "2020-03-31": "15.56%", "2019-12-31": "13.88%", "2019-09-30": "14.09%", "2019-06-30": "15.40%", "2019-03-31": "14.92%", "2018-12-31": "13.33%", "2018-09-30": "12.35%", "2018-06-30": "10.69%", "2018-03-31": "6.55%", "2017-12-31": "7.52%", "2017-09-30": "7.93%", "2017-06-30": "9.29%", "2017-03-31": "14.37%", "2016-12-31": "15.14%", "2016-09-30": "15.14%", "2016-06-30": "15.62%", "2016-03-31": "15.87%", "2015-12-31": "15.58%", "2015-09-30": "15.60%", "2015-06-30": "15.57%", "2015-03-31": "15.59%", "2014-12-31": "16.17%", "2014-09-30": "16.23%", "2014-06-30": "17.17%", "2014-03-31": "17.37%", "2013-12-31": "17.48%", "2013-09-30": "17.42%", "2013-06-30": "17.22%", "2013-03-31": "16.94%", "2012-12-31": "17.21%", "2012-09-30": "16.96%", "2012-06-30": "17.08%", "2012-03-31": "16.83%", "2011-12-31": "16.87%", "2011-09-30": "16.43%", "2011-06-30": "16.08%", "2011-03-31": "15.36%", "2010-12-31": "14.52%", "2010-09-30": "14.01%", "2010-06-30": "13.76%", "2010-03-31": "13.86%", "2009-12-31": "14.39%", "2009-09-30": "15.37%", "2009-06-30": "15.56%", "2009-03-31": "15.91%", "2008-12-31": "15.01%", "2008-09-30": "15.92%", "2008-06-30": "15.34%", "2008-03-31": "13.74%", "2007-12-31": "13.44%", "2007-09-30": "11.39%", "2007-06-30": "11.21%", "2007-03-31": "12.52%", "2006-12-31": "12.83%", "2006-09-30": "12.44%", "2006-06-30": "11.27%", "2006-03-31": "9.02%", "2005-12-31": "6.37%"}, "pre tax profit margin": {"2020-09-30": "6.71%", "2020-06-30": "7.63%", "2020-03-31": "8.20%", "2019-12-31": "6.50%", "2019-09-30": "6.68%", "2019-06-30": "6.44%", "2019-03-31": "6.15%", "2018-12-31": "4.55%", "2018-09-30": "2.51%", "2018-06-30": "-0.05%", "2018-03-31": "-6.03%", "2017-12-31": "-3.89%", "2017-09-30": "-1.70%", "2017-06-30": "2.04%", "2017-03-31": "10.99%", "2016-12-31": "11.78%", "2016-09-30": "11.70%", "2016-06-30": "12.38%", "2016-03-31": "12.85%", "2015-12-31": "12.62%", "2015-09-30": "12.74%", "2015-06-30": "12.63%", "2015-03-31": "12.76%", "2014-12-31": "13.55%", "2014-09-30": "13.68%", "2014-06-30": "14.69%", "2014-03-31": "14.90%", "2013-12-31": "14.96%", "2013-09-30": "14.89%", "2013-06-30": "14.63%", "2013-03-31": "14.34%", "2012-12-31": "14.55%", "2012-09-30": "14.29%", "2012-06-30": "14.35%", "2012-03-31": "13.85%", "2011-12-31": "13.74%", "2011-09-30": "12.78%", "2011-06-30": "12.15%", "2011-03-31": "11.27%", "2010-12-31": "10.40%", "2010-09-30": "10.12%", "2010-06-30": "9.78%", "2010-03-31": "9.81%", "2009-12-31": "10.09%", "2009-09-30": "11.05%", "2009-06-30": "11.35%", "2009-03-31": "11.96%", "2008-12-31": "11.26%", "2008-09-30": "12.24%", "2008-06-30": "11.65%", "2008-03-31": "10.05%", "2007-12-31": "9.50%", "2007-09-30": "7.23%", "2007-06-30": "6.86%", "2007-03-31": "7.76%", "2006-12-31": "7.81%", "2006-09-30": "7.18%", "2006-06-30": "5.93%", "2006-03-31": "3.33%", "2005-12-31": "0.51%"}, "net profit margin": {"2020-09-30": "5.13%", "2020-06-30": "5.70%", "2020-03-31": "6.68%", "2019-12-31": "5.49%", "2019-09-30": "6.03%", "2019-06-30": "5.43%", "2019-03-31": "4.09%", "2018-12-31": "3.07%", "2018-09-30": "3.72%", "2018-06-30": "2.23%", "2018-03-31": "-1.45%", "2017-12-31": "0.09%", "2017-09-30": "-1.27%", "2017-06-30": "1.46%", "2017-03-31": "7.32%", "2016-12-31": "7.90%", "2016-09-30": "8.09%", "2016-06-30": "8.35%", "2016-03-31": "8.54%", "2015-12-31": "8.09%", "2015-09-30": "7.99%", "2015-06-30": "8.29%", "2015-03-31": "8.50%", "2014-12-31": "9.10%", "2014-09-30": "9.49%", "2014-06-30": "10.01%", "2014-03-31": "10.08%", "2013-12-31": "10.25%", "2013-09-30": "10.41%", "2013-06-30": "10.22%", "2013-03-31": "10.16%", "2012-12-31": "10.22%", "2012-09-30": "9.63%", "2012-06-30": "9.74%", "2012-03-31": "9.34%", "2011-12-31": "9.25%", "2011-09-30": "8.99%", "2011-06-30": "8.59%", "2011-03-31": "8.02%", "2010-12-31": "7.45%", "2010-09-30": "6.88%", "2010-06-30": "7.05%", "2010-03-31": "7.06%", "2009-12-31": "7.28%", "2009-09-30": "7.86%", "2009-06-30": "7.57%", "2009-03-31": "8.16%", "2008-12-31": "8.21%", "2008-09-30": "8.63%", "2008-06-30": "8.27%", "2008-03-31": "7.29%", "2007-12-31": "6.25%", "2007-09-30": "5.15%", "2007-06-30": "5.10%", "2007-03-31": "5.51%", "2006-12-31": "5.69%", "2006-09-30": "4.88%", "2006-06-30": "3.79%", "2006-03-31": "1.96%", "2005-12-31": "-0.30%"}, "pe ratio": {"current": "37.49", "2021-02-11": "76.27", "2020-09-30": "52.50", "2020-06-30": "45.78", "2020-03-31": "31.41", "2019-12-31": "59.96", "2019-09-30": "52.19", "2019-06-30": "66.78", "2019-03-31": "85.21", "2018-12-31": "96.12", "2018-09-30": "100.96", "2018-06-30": "146.04", "2018-03-31": "0.00", "2017-12-31": "4105.00", "2017-09-30": "0.00", "2017-06-30": "224.56", "2017-03-31": "50.23", "2016-12-31": "45.94", "2016-09-30": "40.39", "2016-06-30": "44.48", "2016-03-31": "40.07", "2015-12-31": "43.82", "2015-09-30": "43.04", "2015-06-30": "43.54", "2015-03-31": "43.22", "2014-12-31": "41.69", "2014-09-30": "36.55", "2014-06-30": "34.74", "2014-03-31": "35.79", "2013-12-31": "37.01", "2013-09-30": "31.91", "2013-06-30": "31.49", "2013-03-31": "30.91", "2012-12-31": "26.45", "2012-09-30": "28.99", "2012-06-30": "27.42", "2012-03-31": "29.41", "2011-12-31": "25.20", "2011-09-30": "27.03", "2011-06-30": "34.14", "2011-03-31": "39.31", "2010-12-31": "34.58", "2010-09-30": "34.64", "2010-06-30": "27.35", "2010-03-31": "26.80", "2009-12-31": "21.22", "2009-09-30": "19.44", "2009-06-30": "16.41", "2009-03-31": "10.49", "2008-12-31": "16.98", "2008-09-30": "21.20", "2008-06-30": "20.93", "2008-03-31": "23.59", "2007-12-31": "25.45", "2007-09-30": "47.04", "2007-06-30": "50.18", "2007-03-31": "46.06", "2006-12-31": "38.80"}, "price sales": {"2021-02-11": "3.91", "2020-09-30": "2.69", "2020-06-30": "2.62", "2020-03-31": "2.11", "2019-12-31": "3.30", "2019-09-30": "3.16", "2019-06-30": "3.64", "2019-03-31": "3.50", "2018-12-31": "2.95", "2018-09-30": "3.71", "2018-06-30": "3.17", "2018-03-31": "2.91", "2017-12-31": "3.30", "2017-09-30": "3.62", "2017-06-30": "3.84", "2017-03-31": "3.60", "2016-12-31": "3.46", "2016-09-30": "3.12", "2016-06-30": "3.54", "2016-03-31": "3.35", "2015-12-31": "3.57", "2015-09-30": "3.46", "2015-06-30": "3.64", "2015-03-31": "3.68", "2014-12-31": "3.79", "2014-09-30": "3.46", "2014-06-30": "3.46", "2014-03-31": "3.59", "2013-12-31": "3.78", "2013-09-30": "3.29", "2013-06-30": "3.20", "2013-03-31": "3.15", "2012-12-31": "2.73", "2012-09-30": "2.84", "2012-06-30": "2.72", "2012-03-31": "2.78", "2011-12-31": "2.34", "2011-09-30": "2.43", "2011-06-30": "2.92", "2011-03-31": "3.13", "2010-12-31": "2.56", "2010-09-30": "2.35", "2010-06-30": "1.90", "2010-03-31": "1.87", "2009-12-31": "1.53", "2009-09-30": "1.54", "2009-06-30": "1.25", "2009-03-31": "0.86", "2008-12-31": "1.39", "2008-09-30": "1.81", "2008-06-30": "1.73", "2008-03-31": "1.73", "2007-12-31": "1.64", "2007-09-30": "2.45", "2007-06-30": "2.56", "2007-03-31": "2.55", "2006-12-31": "2.21"}, "price book": {"current": "15.81", "2021-02-11": "15.64", "2020-09-30": "10.77", "2020-06-30": "10.94", "2020-03-31": "9.99", "2019-12-31": "14.64", "2019-09-30": "13.91", "2019-06-30": "15.05", "2019-03-31": "15.95", "2018-12-31": "13.48", "2018-09-30": "15.30", "2018-06-30": "13.10", "2018-03-31": "10.86", "2017-12-31": "11.37", "2017-09-30": "13.06", "2017-06-30": "13.11", "2017-03-31": "87.19", "2016-12-31": "137.21", "2016-09-30": "-696.46", "2016-06-30": "-152.35", "2016-03-31": "-65.42", "2015-12-31": "-56.41", "2015-09-30": "-43.58", "2015-06-30": "-41.86", "2015-03-31": "-50.54", "2014-12-31": "45.73", "2014-09-30": "42.40", "2014-06-30": "31.74", "2014-03-31": "26.47", "2013-12-31": "18.08", "2013-09-30": "17.19", "2013-06-30": "16.15", "2013-03-31": "15.98", "2012-12-31": "14.01", "2012-09-30": "16.51", "2012-06-30": "18.71", "2012-03-31": "23.15", "2011-12-31": "17.85", "2011-09-30": "17.09", "2011-06-30": "18.02", "2011-03-31": "19.30", "2010-12-31": "17.04", "2010-09-30": "18.36", "2010-06-30": "20.71", "2010-03-31": "18.45", "2009-12-31": "15.37", "2009-09-30": "23.33", "2009-06-30": "40.09", "2009-03-31": "232.28", "2008-12-31": "-78.51", "2008-09-30": "-144.09", "2008-06-30": "-46.76", "2008-03-31": "-103.87", "2007-12-31": "99.38", "2007-09-30": "35.82", "2007-06-30": "32.25", "2007-03-31": "70.34", "2006-12-31": "78.25", "2006-09-30": "10.75", "2006-06-30": "9.24", "2006-03-31": "10.30"}, "price fcf": {"2021-02-11": "", "2020-09-30": "$6.79", "2020-06-30": "$6.28", "2020-03-31": "$4.75", "2019-12-31": "$4.58", "2019-09-30": "$4.07", "2019-06-30": "$4.49", "2019-03-31": "$4.07", "2018-12-31": "$3.74", "2018-09-30": "$3.79", "2018-06-30": "$2.62", "2018-03-31": "$1.92", "2017-12-31": "$1.60", "2017-09-30": "$2.57", "2017-06-30": "$2.60", "2017-03-31": "$3.21", "2016-12-31": "$3.77", "2016-09-30": "$3.71", "2016-06-30": "$3.66", "2016-03-31": "$3.67", "2015-12-31": "$3.52", "2015-09-30": "$3.35", "2015-06-30": "$3.42", "2015-03-31": "$3.25", "2014-12-31": "$3.40", "2014-09-30": "$3.46", "2014-06-30": "$3.15", "2014-03-31": "$2.92", "2013-12-31": "$2.94", "2013-09-30": "$2.87", "2013-06-30": "$2.90", "2013-03-31": "$2.44", "2012-12-31": "$2.46", "2012-09-30": "$2.47", "2012-06-30": "$2.44", "2012-03-31": "$2.57", "2011-12-31": "$2.16", "2011-09-30": "$2.24", "2011-06-30": "$1.84", "2011-03-31": "$1.67", "2010-12-31": "$1.84", "2010-09-30": "$1.57", "2010-06-30": "$1.49", "2010-03-31": "$1.28", "2009-12-31": "$1.50", "2009-09-30": "$1.50", "2009-06-30": "$1.48", "2009-03-31": "$1.66", "2008-12-31": "$1.62", "2008-09-30": "$1.77", "2008-06-30": "$1.56", "2008-03-31": "$1.26", "2007-12-31": "$1.15", "2007-09-30": "$0.79", "2007-06-30": "$0.80", "2007-03-31": "$0.66", "2006-12-31": "$0.73"}, "net worth": {"value": "$16.4B"}, "current ratio": {"current": "0.74", "2020-09-30": "0.74", "2020-06-30": "0.70", "2020-03-31": "0.70", "2019-12-31": "0.71", "2019-09-30": "0.68", "2019-06-30": "0.68", "2019-03-31": "0.67", "2018-12-31": "0.69", "2018-09-30": "0.66", "2018-06-30": "0.64", "2018-03-31": "0.73", "2017-12-31": "0.92", "2017-09-30": "0.73", "2017-06-30": "0.78", "2017-03-31": "1.48", "2016-12-31": "0.92", "2016-09-30": "0.88", "2016-06-30": "0.89", "2016-03-31": "0.91", "2015-12-31": "0.86", "2015-09-30": "0.86", "2015-06-30": "0.89", "2015-03-31": "0.70", "2014-12-31": "0.90", "2014-09-30": "0.71", "2014-06-30": "0.72", "2014-03-31": "0.75", "2013-12-31": "0.94", "2013-09-30": "0.90", "2013-06-30": "0.91", "2013-03-31": "0.90", "2012-12-31": "0.87", "2012-09-30": "0.81", "2012-06-30": "0.76", "2012-03-31": "0.74", "2011-12-31": "0.77", "2011-09-30": "0.76", "2011-06-30": "0.78", "2011-03-31": "0.79", "2010-12-31": "0.77", "2010-09-30": "0.62", "2010-06-30": "0.58", "2010-03-31": "0.61", "2009-12-31": "0.62", "2009-09-30": "0.66", "2009-06-30": "0.66", "2009-03-31": "0.65", "2008-12-31": "0.70", "2008-09-30": "0.68", "2008-06-30": "0.67", "2008-03-31": "0.60", "2007-12-31": "0.64", "2007-09-30": "0.68", "2007-06-30": "0.69", "2007-03-31": "0.65", "2006-12-31": "0.60", "2006-09-30": "0.74", "2006-06-30": "0.72", "2006-03-31": "0.71", "2005-12-31": "0.72", "2005-09-30": "0.64", "2005-06-30": "0.64", "2005-03-31": "0.89"}, "quick ratio": {"2020-09-30": "0.00", "2020-06-30": "0.00", "2020-03-31": "0.00", "2019-12-31": "0.00", "2019-09-30": "0.00", "2019-06-30": "0.00", "2019-03-31": "0.00", "2018-12-31": "0.00", "2018-09-30": "0.00", "2018-06-30": "0.00", "2018-03-31": "0.00", "2017-12-31": "0.00", "2017-09-30": "0.00", "2017-06-30": "0.00", "2017-03-31": "0.00", "2016-12-31": "0.00", "2016-09-30": "0.00", "2016-06-30": "0.00", "2016-03-31": "0.00", "2015-12-31": "0.00", "2015-09-30": "0.00", "2015-06-30": "0.00", "2015-03-31": "0.00", "2014-12-31": "0.00", "2014-09-30": "0.00", "2014-06-30": "0.00", "2014-03-31": "0.00", "2013-12-31": "0.00", "2013-09-30": "0.00", "2013-06-30": "0.00", "2013-03-31": "0.00", "2012-12-31": "0.00", "2012-09-30": "0.00", "2012-06-30": "0.00", "2012-03-31": "0.00", "2011-12-31": "0.00", "2011-09-30": "0.00", "2011-06-30": "0.00", "2011-03-31": "0.00", "2010-12-31": "0.00", "2010-09-30": "0.00", "2010-06-30": "0.00", "2010-03-31": "0.00", "2009-12-31": "0.00", "2009-09-30": "0.00", "2009-06-30": "0.00", "2009-03-31": "0.00", "2008-12-31": "0.00", "2008-09-30": "0.00", "2008-06-30": "0.00", "2008-03-31": "0.00", "2007-12-31": "0.00", "2007-09-30": "0.00", "2007-06-30": "0.00", "2007-03-31": "0.00", "2006-12-31": "0.00", "2006-09-30": "0.00", "2006-06-30": "0.00", "2006-03-31": "0.00", "2005-12-31": "0.00", "2005-09-30": "0.00", "2005-06-30": "0.00", "2005-03-31": "0.00"}, "debt equity ratio": {"current": "1.89", "2020-09-30": "5.59", "2020-06-30": "5.87", "2020-03-31": "6.64", "2019-12-31": "6.62", "2019-09-30": "6.33", "2019-06-30": "5.98", "2019-03-31": "6.84", "2018-12-31": "6.29", "2018-09-30": "5.31", "2018-06-30": "5.68", "2018-03-31": "6.00", "2017-12-31": "6.41", "2017-09-30": "7.12", "2017-06-30": "7.19", "2017-03-31": "31.73", "2016-12-31": "37.89", "2016-09-30": "-217.97", "2016-06-30": "-44.62", "2016-03-31": "-20.63", "2015-12-31": "-17.38", "2015-09-30": "-14.11", "2015-06-30": "-11.94", "2015-03-31": "-13.83", "2014-12-31": "10.82", "2014-09-30": "10.60", "2014-06-30": "8.10", "2014-03-31": "6.43", "2013-12-31": "3.94", "2013-09-30": "4.06", "2013-06-30": "3.91", "2013-03-31": "3.91", "2012-12-31": "4.29", "2012-09-30": "4.66", "2012-06-30": "5.42", "2012-03-31": "6.86", "2011-12-31": "6.59", "2011-09-30": "5.72", "2011-06-30": "5.01", "2011-03-31": "5.07", "2010-12-31": "5.87", "2010-09-30": "7.02", "2010-06-30": "9.98", "2010-03-31": "9.18", "2009-12-31": "9.80", "2009-09-30": "12.32", "2009-06-30": "25.92", "2009-03-31": "211.14", "2008-12-31": "-52.28", "2008-09-30": "-75.57", "2008-06-30": "-27.94", "2008-03-31": "-63.22", "2007-12-31": "63.76", "2007-09-30": "14.52", "2007-06-30": "12.42", "2007-03-31": "28.85", "2006-12-31": "38.51", "2006-09-30": "4.43", "2006-06-30": "4.62", "2006-03-31": "5.34", "2005-12-31": "6.00", "2005-09-30": "6.76", "2005-06-30": "6.92", "2005-03-31": "6.18"}, "return on equity": {"2020-09-30": "22.29%", "2020-06-30": "25.56%", "2020-03-31": "30.92%", "2019-12-31": "25.33%", "2019-09-30": "27.73%", "2019-06-30": "24.35%", "2019-03-31": "18.26%", "2018-12-31": "13.18%", "2018-09-30": "15.13%", "2018-06-30": "9.05%", "2018-03-31": "-5.75%", "2017-12-31": "0.43%", "2017-09-30": "-8.08%", "2017-06-30": "15.87%", "2017-03-31": "728.71%", "2016-12-31": "-671.30%", "2016-09-30": "-250.65%", "2016-06-30": "-168.56%", "2016-03-31": "-133.57%", "2015-12-31": "-116.28%", "2015-09-30": "-217.48%", "2015-06-30": "17200.00%", "2015-03-31": "187.10%", "2014-12-31": "98.26%", "2014-09-30": "78.40%", "2014-06-30": "67.98%", "2014-03-31": "58.93%", "2013-12-31": "55.00%", "2013-09-30": "56.70%", "2013-06-30": "57.24%", "2013-03-31": "60.98%", "2012-12-31": "69.11%", "2012-09-30": "72.77%", "2012-06-30": "78.64%", "2012-03-31": "73.82%", "2011-12-31": "67.83%", "2011-09-30": "63.44%", "2011-06-30": "61.54%", "2011-03-31": "64.44%", "2010-12-31": "68.09%", "2010-09-30": "69.39%", "2010-06-30": "82.73%", "2010-03-31": "96.47%", "2009-12-31": "145.61%", "2009-09-30": "387.23%", "2009-06-30": "9000.00%", "2009-03-31": "-556.76%", "2008-12-31": "-437.50%", "2008-09-30": "-758.62%", "2008-06-30": "1471.43%", "2008-03-31": "232.00%", "2007-12-31": "143.84%", "2007-09-30": "107.55%", "2007-06-30": "67.07%", "2007-03-31": "55.79%", "2006-12-31": "43.46%", "2006-09-30": "30.72%", "2006-06-30": "25.96%", "2006-03-31": "14.65%", "2005-12-31": "-2.37%"}, "return on assets": {"2020-09-30": "3.12%", "2020-06-30": "3.48%", "2020-03-31": "4.19%", "2019-12-31": "3.41%", "2019-09-30": "3.78%", "2019-06-30": "3.44%", "2019-03-31": "2.61%", "2018-12-31": "1.94%", "2018-09-30": "2.21%", "2018-06-30": "1.24%", "2018-03-31": "-0.75%", "2017-12-31": "0.05%", "2017-09-30": "-0.77%", "2017-06-30": "1.07%", "2017-03-31": "7.14%", "2016-12-31": "8.43%", "2016-09-30": "8.61%", "2016-06-30": "8.79%", "2016-03-31": "9.22%", "2015-12-31": "8.85%", "2015-09-30": "8.79%", "2015-06-30": "9.40%", "2015-03-31": "9.59%", "2014-12-31": "10.18%", "2014-09-30": "10.47%", "2014-06-30": "10.91%", "2014-03-31": "10.85%", "2013-12-31": "11.10%", "2013-09-30": "11.26%", "2013-06-30": "11.08%", "2013-03-31": "11.11%", "2012-12-31": "11.32%", "2012-09-30": "10.81%", "2012-06-30": "11.08%", "2012-03-31": "10.58%", "2011-12-31": "10.35%", "2011-09-30": "9.92%", "2011-06-30": "9.27%", "2011-03-31": "8.53%", "2010-12-31": "7.87%", "2010-09-30": "7.07%", "2010-06-30": "7.44%", "2010-03-31": "7.51%", "2009-12-31": "8.03%", "2009-09-30": "9.08%", "2009-06-30": "8.72%", "2009-03-31": "9.63%", "2008-12-31": "9.49%", "2008-09-30": "9.85%", "2008-06-30": "9.25%", "2008-03-31": "7.88%", "2007-12-31": "6.67%", "2007-09-30": "5.32%", "2007-06-30": "5.25%", "2007-03-31": "5.76%", "2006-12-31": "5.87%", "2006-09-30": "5.09%", "2006-06-30": "3.95%", "2006-03-31": "2.04%", "2005-12-31": "-0.32%"}, "return on investments": {"2020-09-30": "15.18%", "2020-06-30": "14.57%", "2020-03-31": "14.99%", "2019-12-31": "12.41%", "2019-09-30": "12.22%", "2019-06-30": "11.64%", "2019-03-31": "10.59%", "2018-12-31": "8.51%", "2018-09-30": "5.87%", "2018-06-30": "3.34%", "2018-03-31": "-1.83%", "2017-12-31": "-0.15%", "2017-09-30": "1.61%", "2017-06-30": "6.42%", "2017-03-31": "30.92%", "2016-12-31": "43.05%", "2016-09-30": "43.19%", "2016-06-30": "44.04%", "2016-03-31": "47.42%", "2015-12-31": "55.49%", "2015-09-30": "57.23%", "2015-06-30": "70.23%", "2015-03-31": "79.42%", "2014-12-31": "75.31%", "2014-09-30": "75.87%", "2014-06-30": "69.85%", "2014-03-31": "62.41%", "2013-12-31": "58.14%", "2013-09-30": "58.58%", "2013-06-30": "59.24%", "2013-03-31": "61.18%", "2012-12-31": "67.67%", "2012-09-30": "68.91%", "2012-06-30": "69.50%", "2012-03-31": "64.49%", "2011-12-31": "59.12%", "2011-09-30": "53.41%", "2011-06-30": "55.05%", "2011-03-31": "58.25%", "2010-12-31": "61.07%", "2010-09-30": "65.25%", "2010-06-30": "61.86%", "2010-03-31": "57.21%", "2009-12-31": "58.95%", "2009-09-30": "66.52%", "2009-06-30": "68.12%", "2009-03-31": "75.79%", "2008-12-31": "80.29%", "2008-09-30": "90.26%", "2008-06-30": "84.86%", "2008-03-31": "68.86%", "2007-12-31": "59.93%", "2007-09-30": "45.48%", "2007-06-30": "37.30%", "2007-03-31": "37.99%", "2006-12-31": "33.06%", "2006-09-30": "27.58%", "2006-06-30": "23.80%", "2006-03-31": "16.30%", "2005-12-31": "8.32%"}, "return on tangible equity": {"2020-09-30": "-7.58%", "2020-06-30": "-8.26%", "2020-03-31": "-9.79%", "2019-12-31": "-7.84%", "2019-09-30": "-8.25%", "2019-06-30": "-7.23%", "2019-03-31": "-5.23%", "2018-12-31": "-3.87%", "2018-09-30": "-4.53%", "2018-06-30": "-2.50%", "2018-03-31": "1.49%", "2017-12-31": "-0.10%", "2017-09-30": "1.63%", "2017-06-30": "-2.53%", "2017-03-31": "-22.18%", "2016-12-31": "-22.67%", "2016-09-30": "-21.47%", "2016-06-30": "-20.64%", "2016-03-31": "-21.19%", "2015-12-31": "-20.28%", "2015-09-30": "-22.67%", "2015-06-30": "-27.99%", "2015-03-31": "-32.89%", "2014-12-31": "-41.91%", "2014-09-30": "-50.82%", "2014-06-30": "-63.65%", "2014-03-31": "-77.31%", "2013-12-31": "-94.82%", "2013-09-30": "-86.91%", "2013-06-30": "-77.33%", "2013-03-31": "-66.01%", "2012-12-31": "-57.14%", "2012-09-30": "-47.78%", "2012-06-30": "-45.56%", "2012-03-31": "-42.99%", "2011-12-31": "-42.40%", "2011-09-30": "-39.81%", "2011-06-30": "-35.38%", "2011-03-31": "-29.44%", "2010-12-31": "-24.95%", "2010-09-30": "-20.90%", "2010-06-30": "-21.42%", "2010-03-31": "-21.31%", "2009-12-31": "-21.86%", "2009-09-30": "-24.01%", "2009-06-30": "-22.32%", "2009-03-31": "-24.12%", "2008-12-31": "-24.00%", "2008-09-30": "-25.43%", "2008-06-30": "-24.98%", "2008-03-31": "-22.86%", "2007-12-31": "-19.95%", "2007-09-30": "-15.72%", "2007-06-30": "-16.54%", "2007-03-31": "-19.08%", "2006-12-31": "-21.07%", "2006-09-30": "-20.30%", "2006-06-30": "-14.40%", "2006-03-31": "-6.92%", "2005-12-31": "1.19%"}, "dividend yield history": {"last payout": "$0.00", "last yield": "0.00%"}}