{"ticker": "ITT", "price": {"title": "ITT Historical Annual Stock Price Data", "value": 78.77, "historical": {"2021": {"Average Stock Price": "79.2521", "Year Open": "75.0800", "Year High": "82.2600", "Year Low": "74.7100", "Year Close": "78.7700", "Annual % Change": "2.27%"}, "2020": {"Average Stock Price": "61.4043", "Year Open": "75.5500", "Year High": "78.6100", "Year Low": "37.9900", "Year Close": "77.0200", "Annual % Change": "4.21%"}, "2019": {"Average Stock Price": "60.6771", "Year Open": "48.7700", "Year High": "74.1600", "Year Low": "47.0700", "Year Close": "73.9100", "Annual % Change": "53.12%"}, "2018": {"Average Stock Price": "53.8838", "Year Open": "53.0800", "Year High": "62.1400", "Year Low": "45.2900", "Year Close": "48.2700", "Annual % Change": "-9.56%"}, "2017": {"Average Stock Price": "43.1090", "Year Open": "39.1600", "Year High": "54.3100", "Year Low": "38.0100", "Year Close": "53.3700", "Annual % Change": "38.37%"}, "2016": {"Average Stock Price": "35.4550", "Year Open": "36.2800", "Year High": "42.7300", "Year Low": "29.8900", "Year Close": "38.5700", "Annual % Change": "6.19%"}, "2015": {"Average Stock Price": "38.8292", "Year Open": "40.4400", "Year High": "43.4000", "Year Low": "33.0500", "Year Close": "36.3200", "Annual % Change": "-10.23%"}, "2014": {"Average Stock Price": "44.0891", "Year Open": "43.1900", "Year High": "49.2400", "Year Low": "37.5500", "Year Close": "40.4600", "Annual % Change": "-6.82%"}, "2013": {"Average Stock Price": "32.1491", "Year Open": "24.3100", "Year High": "43.5000", "Year Low": "24.3100", "Year Close": "43.4200", "Annual % Change": "85.08%"}, "2012": {"Average Stock Price": "21.1289", "Year Open": "19.5700", "Year High": "24.9500", "Year Low": "17.1400", "Year Close": "23.4600", "Annual % Change": "21.37%"}, "2011": {"Average Stock Price": "25.5753", "Year Open": "26.3950", "Year High": "30.7500", "Year Low": "18.8000", "Year Close": "19.3300", "Annual % Change": "-25.81%"}, "2010": {"Average Stock Price": "24.5498", "Year Open": "24.7750", "Year High": "28.9850", "Year Low": "21.2500", "Year Close": "26.0550", "Annual % Change": "4.76%"}, "2009": {"Average Stock Price": "23.1181", "Year Open": "24.3950", "Year High": "28.3150", "Year Low": "16.1250", "Year Close": "24.8700", "Annual % Change": "8.15%"}, "2008": {"Average Stock Price": "28.0810", "Year Open": "31.9400", "Year High": "34.2500", "Year Low": "18.1600", "Year Close": "22.9950", "Annual % Change": "-30.36%"}, "2007": {"Average Stock Price": "32.0138", "Year Open": "28.3250", "Year High": "36.4000", "Year Low": "28.3250", "Year Close": "33.0200", "Annual % Change": "16.23%"}, "2006": {"Average Stock Price": "26.1450", "Year Open": "26.1800", "Year High": "28.9800", "Year Low": "22.7500", "Year Close": "28.4100", "Annual % Change": "10.52%"}, "2005": {"Average Stock Price": "24.4829", "Year Open": "20.8425", "Year High": "28.7375", "Year Low": "20.1200", "Year Close": "25.7050", "Annual % Change": "21.75%"}, "2004": {"Average Stock Price": "19.8167", "Year Open": "18.6500", "Year High": "21.6000", "Year Low": "17.8300", "Year Close": "21.1125", "Annual % Change": "13.80%"}, "2003": {"Average Stock Price": "15.5481", "Year Open": "15.4550", "Year High": "18.5525", "Year Low": "12.6700", "Year Close": "18.5525", "Annual % Change": "22.28%"}, "2002": {"Average Stock Price": "15.7148", "Year Open": "12.6625", "Year High": "17.6500", "Year Low": "11.8125", "Year Close": "15.1725", "Annual % Change": "20.18%"}, "2001": {"Average Stock Price": "11.1502", "Year Open": "9.2200", "Year High": "12.8250", "Year Low": "9.1500", "Year Close": "12.6250", "Annual % Change": "30.32%"}, "2000": {"Average Stock Price": "7.9410", "Year Open": "8.3275", "Year High": "9.7800", "Year Low": "5.8125", "Year Close": "9.6875", "Annual % Change": "15.88%"}, "1999": {"Average Stock Price": "9.1823", "Year Open": "9.8900", "Year High": "10.3750", "Year Low": "7.8275", "Year Close": "8.3600", "Annual % Change": "-15.87%"}, "1998": {"Average Stock Price": "8.7857", "Year Open": "7.7800", "Year High": "10.0300", "Year Low": "7.1100", "Year Close": "9.9375", "Annual % Change": "26.67%"}, "1997": {"Average Stock Price": "6.9626", "Year Open": "5.9700", "Year High": "8.3125", "Year Low": "5.5625", "Year Close": "7.8450", "Annual % Change": "28.08%"}, "1996": {"Average Stock Price": "6.1937", "Year Open": "6.0300", "Year High": "7.1250", "Year Low": "5.4375", "Year Close": "6.1250", "Annual % Change": "2.08%"}}}, "market cap": {"value": "$6.81B"}, "income statement": {"Revenue": {"2019-12-31": "2846.40000", "2018-12-31": "2745.10000", "2017-12-31": "2585.30000", "2016-12-31": "2405.40000", "2015-12-31": "2485.60000", "2014-12-31": "2654.60000", "2013-12-31": "2496.90000", "2012-12-31": "2227.80000", "2011-12-31": "2085.60000", "2010-12-31": "1890.70000", "2009-12-31": "1770.00000", "2008-12-31": "11476.00000", "2007-12-31": "9003.30000", "2006-12-31": "7807.90000", "2005-12-31": "7040.80000"}, "Cost Of Goods Sold": {"2019-12-31": "1936.30000", "2018-12-31": "1857.90000", "2017-12-31": "1765.40000", "2016-12-31": "1644.50000", "2015-12-31": "1676.50000", "2014-12-31": "1788.20000", "2013-12-31": "1697.10000", "2012-12-31": "1547.60000", "2011-12-31": "1440.60000", "2010-12-31": "1286.80000", "2009-12-31": "1207.00000", "2008-12-31": "8262.00000", "2007-12-31": "6435.00000", "2006-12-31": "5618.40000", "2005-12-31": "5072.60000"}, "Gross Profit": {"2019-12-31": "910.09990", "2018-12-31": "887.20010", "2017-12-31": "819.90000", "2016-12-31": "760.89990", "2015-12-31": "809.10010", "2014-12-31": "866.40010", "2013-12-31": "799.79990", "2012-12-31": "680.20010", "2011-12-31": "645.00010", "2010-12-31": "603.89990", "2009-12-31": "563.00000", "2008-12-31": "3214.00000", "2007-12-31": "2568.30000", "2006-12-31": "2189.50000", "2005-12-31": "1968.20000"}, "Research And Development Expenses": {"2019-12-31": "97.90000", "2018-12-31": "98.40000", "2017-12-31": "93.50000", "2016-12-31": "80.50000", "2015-12-31": "78.90000", "2014-12-31": "76.60000", "2013-12-31": "67.30000", "2012-12-31": "62.70000", "2011-12-31": "63.50000", "2010-12-31": "59.30000", "2009-12-31": "53.00000", "2008-12-31": "236.00000", "2007-12-31": "182.30000", "2006-12-31": "160.90000", "2005-12-31": "156.80000"}, "SG&A Expenses": {"2019-12-31": "420.00000", "2018-12-31": "427.30000", "2017-12-31": "427.90000", "2016-12-31": "430.30000", "2015-12-31": "441.50000", "2014-12-31": "519.50000", "2013-12-31": "516.10000", "2012-12-31": "415.10000", "2011-12-31": "329.90000", "2010-12-31": "340.40000", "2009-12-31": "350.00000", "2008-12-31": "1689.00000", "2007-12-31": "1328.90000", "2006-12-31": "1175.90000", "2005-12-31": "1032.00000"}, "Other Operating Income Or Expenses": {"2019-12-31": "-1.00000", "2018-12-31": "40.70000", "2017-12-31": "0.90000", "2016-12-31": "0.90000", "2015-12-31": "", "2014-12-31": "", "2013-12-31": "", "2012-12-31": "", "2011-12-31": "-396.10000", "2010-12-31": "", "2009-12-31": "0.00000", "2008-12-31": "", "2007-12-31": "", "2006-12-31": "", "2005-12-31": ""}, "Operating Expenses": {"2019-12-31": "2435.00000", "2018-12-31": "2347.80000", "2017-12-31": "2266.00000", "2016-12-31": "2128.80000", "2015-12-31": "2105.50000", "2014-12-31": "2388.20000", "2013-12-31": "2313.30000", "2012-12-31": "2076.30000", "2011-12-31": "2330.50000", "2010-12-31": "2071.30000", "2009-12-31": "1891.00000", "2008-12-31": "10278.00000", "2007-12-31": "8026.10000", "2006-12-31": "7006.90000", "2005-12-31": "6315.30000"}, "Operating Income": {"2019-12-31": "411.39970", "2018-12-31": "397.30000", "2017-12-31": "319.29980", "2016-12-31": "276.59990", "2015-12-31": "380.10010", "2014-12-31": "266.40040", "2013-12-31": "183.59990", "2012-12-31": "151.50020", "2011-12-31": "-244.89990", "2010-12-31": "-180.60010", "2009-12-31": "-121.00000", "2008-12-31": "1198.00000", "2007-12-31": "977.20020", "2006-12-31": "801.00000", "2005-12-31": "725.50000"}, "Total Non-Operating Income/Expense": {"2019-12-31": "3.00000", "2018-12-31": "-6.30000", "2017-12-31": "-9.90000", "2016-12-31": "-18.20000", "2015-12-31": "2.20000", "2014-12-31": "-4.40000", "2013-12-31": "-3.10000", "2012-12-31": "-2.40000", "2011-12-31": "-71.00000", "2010-12-31": "-92.00000", "2009-12-31": "-87.00000", "2008-12-31": "-122.00000", "2007-12-31": "-78.70000", "2006-12-31": "-73.70000", "2005-12-31": "-52.00000"}, "Pre-Tax Income": {"2019-12-31": "414.40000", "2018-12-31": "391.00000", "2017-12-31": "309.40000", "2016-12-31": "258.40000", "2015-12-31": "382.30000", "2014-12-31": "262.00000", "2013-12-31": "180.50000", "2012-12-31": "149.10000", "2011-12-31": "-315.90000", "2010-12-31": "-272.60000", "2009-12-31": "-208.00000", "2008-12-31": "1076.00000", "2007-12-31": "898.50000", "2006-12-31": "727.30000", "2005-12-31": "673.50000"}, "Income Taxes": {"2019-12-31": "89.90000", "2018-12-31": "57.70000", "2017-12-31": "194.60000", "2016-12-31": "76.00000", "2015-12-31": "70.10000", "2014-12-31": "71.30000", "2013-12-31": "-309.60000", "2012-12-31": "39.60000", "2011-12-31": "260.60000", "2010-12-31": "-142.20000", "2009-12-31": "-97.00000", "2008-12-31": "308.00000", "2007-12-31": "265.50000", "2006-12-31": "227.60000", "2005-12-31": "144.70000"}, "Income After Taxes": {"2019-12-31": "324.50000", "2018-12-31": "333.30000", "2017-12-31": "114.80000", "2016-12-31": "182.40000", "2015-12-31": "312.20000", "2014-12-31": "190.70000", "2013-12-31": "490.10000", "2012-12-31": "109.50000", "2011-12-31": "-576.50000", "2010-12-31": "-130.40000", "2009-12-31": "-111.00000", "2008-12-31": "768.00000", "2007-12-31": "633.00000", "2006-12-31": "499.70000", "2005-12-31": "528.80000"}, "Other Income": {"2019-12-31": "", "2018-12-31": "", "2017-12-31": "", "2016-12-31": "", "2015-12-31": "", "2014-12-31": "", "2013-12-31": "", "2012-12-31": "", "2011-12-31": "", "2010-12-31": "", "2009-12-31": "", "2008-12-31": "", "2007-12-31": "", "2006-12-31": "", "2005-12-31": ""}, "Income From Continuous Operations": {"2019-12-31": "324.50000", "2018-12-31": "333.30000", "2017-12-31": "114.80000", "2016-12-31": "182.40000", "2015-12-31": "312.20000", "2014-12-31": "190.70000", "2013-12-31": "490.10000", "2012-12-31": "109.50000", "2011-12-31": "-576.50000", "2010-12-31": "-130.40000", "2009-12-31": "-111.00000", "2008-12-31": "768.00000", "2007-12-31": "633.00000", "2006-12-31": "499.70000", "2005-12-31": "528.80000"}, "Income From Discontinued Operations": {"2019-12-31": "1.70000", "2018-12-31": "1.30000", "2017-12-31": "-1.50000", "2016-12-31": "4.20000", "2015-12-31": "39.40000", "2014-12-31": "-3.90000", "2013-12-31": "0.80000", "2012-12-31": "15.90000", "2011-12-31": "447.00000", "2010-12-31": "934.70000", "2009-12-31": "740.00000", "2008-12-31": "27.00000", "2007-12-31": "109.10000", "2006-12-31": "81.40000", "2005-12-31": "-162.80000"}, "Net Income": {"2019-12-31": "325.10000", "2018-12-31": "333.70000", "2017-12-31": "113.50000", "2016-12-31": "186.10000", "2015-12-31": "351.80000", "2014-12-31": "184.50000", "2013-12-31": "488.50000", "2012-12-31": "125.40000", "2011-12-31": "-129.50000", "2010-12-31": "804.30000", "2009-12-31": "629.00000", "2008-12-31": "795.00000", "2007-12-31": "742.10000", "2006-12-31": "581.10000", "2005-12-31": "359.50000"}, "EBITDA": {"2019-12-31": "524.79970", "2018-12-31": "506.70000", "2017-12-31": "424.59980", "2016-12-31": "378.59990", "2015-12-31": "470.10010", "2014-12-31": "354.70040", "2013-12-31": "270.49980", "2012-12-31": "222.60030", "2011-12-31": "-173.59990", "2010-12-31": "-116.40010", "2009-12-31": "-56.00000", "2008-12-31": "1472.00000", "2007-12-31": "1162.60000", "2006-12-31": "972.60000", "2005-12-31": "899.90000"}, "EBIT": {"2019-12-31": "411.39970", "2018-12-31": "397.30000", "2017-12-31": "319.29980", "2016-12-31": "276.59990", "2015-12-31": "380.10010", "2014-12-31": "266.40040", "2013-12-31": "183.59990", "2012-12-31": "151.50020", "2011-12-31": "-244.89990", "2010-12-31": "-180.60010", "2009-12-31": "-121.00000", "2008-12-31": "1198.00000", "2007-12-31": "977.20020", "2006-12-31": "801.00000", "2005-12-31": "725.50000"}, "Basic Shares Outstanding": {"2019-12-31": "87.70000", "2018-12-31": "87.70000", "2017-12-31": "88.30000", "2016-12-31": "89.20000", "2015-12-31": "89.80000", "2014-12-31": "91.50000", "2013-12-31": "91.00000", "2012-12-31": "93.00000", "2011-12-31": "92.80000", "2010-12-31": "92.00000", "2009-12-31": "91.30000", "2008-12-31": "90.95000", "2007-12-31": "90.75000", "2006-12-31": "92.15000", "2005-12-31": "92.30000"}, "Shares Outstanding": {"2019-12-31": "88.60000", "2018-12-31": "88.70000", "2017-12-31": "89.00000", "2016-12-31": "89.90000", "2015-12-31": "90.70000", "2014-12-31": "92.80000", "2013-12-31": "92.30000", "2012-12-31": "94.10000", "2011-12-31": "92.80000", "2010-12-31": "92.00000", "2009-12-31": "91.30000", "2008-12-31": "92.00000", "2007-12-31": "92.25000", "2006-12-31": "93.70000", "2005-12-31": "94.25000"}, "Basic EPS": {"2019-12-31": "3.71000", "2018-12-31": "3.81000", "2017-12-31": "1.29000", "2016-12-31": "2.09000", "2015-12-31": "3.92000", "2014-12-31": "2.02000", "2013-12-31": "5.37000", "2012-12-31": "1.35000", "2011-12-31": "-1.40000", "2010-12-31": "8.75000", "2009-12-31": "6.89000", "2008-12-31": "8.74000", "2007-12-31": "8.18000", "2006-12-31": "6.30000", "2005-12-31": "3.90000"}, "EPS - Earnings Per Share": {"2019-12-31": "3.67000", "2018-12-31": "3.76000", "2017-12-31": "1.28000", "2016-12-31": "2.07000", "2015-12-31": "3.88000", "2014-12-31": "1.99000", "2013-12-31": "5.29000", "2012-12-31": "1.33000", "2011-12-31": "-1.40000", "2010-12-31": "8.75000", "2009-12-31": "6.89000", "2008-12-31": "8.64000", "2007-12-31": "8.04000", "2006-12-31": "6.20000", "2005-12-31": "3.82000"}}, "income statement, quarterly": {"Revenue": {"2020-09-30": "591.20000", "2020-06-30": "514.70000", "2020-03-31": "663.30000", "2019-12-31": "719.10000", "2019-09-30": "711.90000", "2019-06-30": "719.90000", "2019-03-31": "695.50000", "2018-12-31": "678.40000", "2018-09-30": "680.60000", "2018-06-30": "696.80000", "2018-03-31": "689.30000", "2017-12-31": "683.60000", "2017-09-30": "645.00000", "2017-06-30": "630.90000", "2017-03-31": "625.80000", "2016-12-31": "588.40000", "2016-09-30": "581.70000", "2016-06-30": "626.20000", "2016-03-31": "609.10000", "2015-12-31": "666.80000", "2015-09-30": "601.90000", "2015-06-30": "628.20000", "2015-03-31": "588.70000", "2014-12-31": "660.00010", "2014-09-30": "657.10000", "2014-06-30": "663.00000", "2014-03-31": "674.50000", "2013-12-31": "645.49990", "2013-09-30": "634.00000", "2013-06-30": "609.20000", "2013-03-31": "608.20000", "2012-12-31": "554.30000", "2012-09-30": "547.50000", "2012-06-30": "557.90000", "2012-03-31": "568.10000", "2011-12-31": "484.30000", "2011-09-30": "515.90000", "2011-06-30": "552.40000", "2011-03-31": "533.00000", "2010-12-31": "3035.00000", "2010-09-30": "2643.00000", "2010-06-30": "2739.00000", "2010-03-31": "2578.00000", "2009-12-31": "2809.00000", "2009-09-30": "2640.00000", "2009-06-30": "2719.00000", "2009-03-31": "2557.00000", "2008-12-31": "2726.20000", "2008-09-30": "2879.30000", "2008-06-30": "3064.10000", "2008-03-31": "2806.40000", "2007-12-31": "2528.69900", "2007-09-30": "2181.20000", "2007-06-30": "2223.10000", "2007-03-31": "2070.30000", "2006-12-31": "2051.30000", "2006-09-30": "2001.10000", "2006-06-30": "1964.00000", "2006-03-31": "1791.50000", "2005-12-31": "1676.40000", "2005-09-30": "1734.60000", "2005-06-30": "1863.90000", "2005-03-31": "1765.90000"}, "Cost Of Goods Sold": {"2020-09-30": "400.60000", "2020-06-30": "351.10000", "2020-03-31": "453.90000", "2019-12-31": "491.10000", "2019-09-30": "480.60000", "2019-06-30": "487.90000", "2019-03-31": "476.70000", "2018-12-31": "467.90010", "2018-09-30": "454.10000", "2018-06-30": "470.80000", "2018-03-31": "465.10000", "2017-12-31": "475.59990", "2017-09-30": "441.20000", "2017-06-30": "425.90000", "2017-03-31": "422.70000", "2016-12-31": "412.30000", "2016-09-30": "397.80000", "2016-06-30": "420.60000", "2016-03-31": "413.80000", "2015-12-31": "465.50000", "2015-09-30": "407.00000", "2015-06-30": "414.30000", "2015-03-31": "389.70000", "2014-12-31": "443.10000", "2014-09-30": "437.20000", "2014-06-30": "448.20000", "2014-03-31": "459.70000", "2013-12-31": "436.90000", "2013-09-30": "431.10000", "2013-06-30": "411.40000", "2013-03-31": "417.70000", "2012-12-31": "380.90010", "2012-09-30": "381.30000", "2012-06-30": "387.50000", "2012-03-31": "397.90000", "2011-12-31": "297.49990", "2011-09-30": "360.70000", "2011-06-30": "376.40000", "2011-03-31": "406.00000", "2010-12-31": "2127.00000", "2010-09-30": "1875.00000", "2010-06-30": "1958.00000", "2010-03-31": "1860.00000", "2009-12-31": "1974.00000", "2009-09-30": "1880.00000", "2009-06-30": "1950.00000", "2009-03-31": "1888.00000", "2008-12-31": "1950.90000", "2008-09-30": "2068.60000", "2008-06-30": "2197.00000", "2008-03-31": "2045.50000", "2007-12-31": "1828.10000", "2007-09-30": "1540.10000", "2007-06-30": "1580.70000", "2007-03-31": "1486.10000", "2006-12-31": "1458.90000", "2006-09-30": "1437.80000", "2006-06-30": "1413.00000", "2006-03-31": "1308.70000", "2005-12-31": "1153.20000", "2005-09-30": "1270.00000", "2005-06-30": "1353.00000", "2005-03-31": "1296.40000"}, "Gross Profit": {"2020-09-30": "190.60000", "2020-06-30": "163.60000", "2020-03-31": "209.40000", "2019-12-31": "227.99990", "2019-09-30": "231.30000", "2019-06-30": "232.00000", "2019-03-31": "218.80000", "2018-12-31": "210.49990", "2018-09-30": "226.50000", "2018-06-30": "226.00000", "2018-03-31": "224.20000", "2017-12-31": "208.00010", "2017-09-30": "203.80000", "2017-06-30": "205.00000", "2017-03-31": "203.10000", "2016-12-31": "176.10000", "2016-09-30": "183.90000", "2016-06-30": "205.60000", "2016-03-31": "195.30000", "2015-12-31": "201.30000", "2015-09-30": "194.90000", "2015-06-30": "213.90000", "2015-03-31": "199.00000", "2014-12-31": "216.90010", "2014-09-30": "219.90000", "2014-06-30": "214.80000", "2014-03-31": "214.80000", "2013-12-31": "208.60000", "2013-09-30": "202.90000", "2013-06-30": "197.80000", "2013-03-31": "190.50000", "2012-12-31": "173.40000", "2012-09-30": "166.20000", "2012-06-30": "170.40000", "2012-03-31": "170.20000", "2011-12-31": "186.80020", "2011-09-30": "155.20000", "2011-06-30": "176.00000", "2011-03-31": "127.00000", "2010-12-31": "908.00000", "2010-09-30": "768.00000", "2010-06-30": "781.00000", "2010-03-31": "718.00000", "2009-12-31": "835.00000", "2009-09-30": "760.00000", "2009-06-30": "769.00000", "2009-03-31": "669.00000", "2008-12-31": "775.30030", "2008-09-30": "810.70000", "2008-06-30": "867.10010", "2008-03-31": "760.89990", "2007-12-31": "700.59970", "2007-09-30": "641.10000", "2007-06-30": "642.40000", "2007-03-31": "584.20010", "2006-12-31": "592.40010", "2006-09-30": "563.29990", "2006-06-30": "551.00000", "2006-03-31": "482.80000", "2005-12-31": "523.19970", "2005-09-30": "464.60000", "2005-06-30": "510.90000", "2005-03-31": "469.50000"}, "Research And Development Expenses": {"2020-09-30": "19.70000", "2020-06-30": "18.90000", "2020-03-31": "22.70000", "2019-12-31": "24.80000", "2019-09-30": "23.80000", "2019-06-30": "25.80000", "2019-03-31": "23.50000", "2018-12-31": "23.70000", "2018-09-30": "24.20000", "2018-06-30": "25.80000", "2018-03-31": "24.70000", "2017-12-31": "25.50000", "2017-09-30": "23.00000", "2017-06-30": "22.60000", "2017-03-31": "22.40000", "2016-12-31": "21.60000", "2016-09-30": "18.60000", "2016-06-30": "21.10000", "2016-03-31": "19.20000", "2015-12-31": "23.70000", "2015-09-30": "18.00000", "2015-06-30": "18.90000", "2015-03-31": "18.30000", "2014-12-31": "20.20000", "2014-09-30": "20.10000", "2014-06-30": "18.60000", "2014-03-31": "17.70000", "2013-12-31": "18.40000", "2013-09-30": "16.10000", "2013-06-30": "16.40000", "2013-03-31": "16.40000", "2012-12-31": "14.90000", "2012-09-30": "15.10000", "2012-06-30": "16.60000", "2012-03-31": "16.10000", "2011-12-31": "14.70000", "2011-09-30": "15.80000", "2011-06-30": "17.00000", "2011-03-31": "16.00000", "2010-12-31": "70.00000", "2010-09-30": "60.00000", "2010-06-30": "60.00000", "2010-03-31": "63.00000", "2009-12-31": "90.00000", "2009-09-30": "58.00000", "2009-06-30": "57.00000", "2009-03-31": "53.00000", "2008-12-31": "63.50000", "2008-09-30": "60.70000", "2008-06-30": "59.20000", "2008-03-31": "52.60000", "2007-12-31": "52.40000", "2007-09-30": "46.80000", "2007-06-30": "42.80000", "2007-03-31": "40.30000", "2006-12-31": "41.30000", "2006-09-30": "41.70000", "2006-06-30": "39.30000", "2006-03-31": "38.60000", "2005-12-31": "29.70000", "2005-09-30": "38.20000", "2005-06-30": "44.60000", "2005-03-31": "44.30000"}, "SG&A Expenses": {"2020-09-30": "80.50000", "2020-06-30": "80.30000", "2020-03-31": "101.80000", "2019-12-31": "119.10000", "2019-09-30": "103.50000", "2019-06-30": "105.30000", "2019-03-31": "92.10000", "2018-12-31": "103.50000", "2018-09-30": "108.80000", "2018-06-30": "106.40000", "2018-03-31": "108.60000", "2017-12-31": "99.30000", "2017-09-30": "111.40000", "2017-06-30": "108.40000", "2017-03-31": "108.80000", "2016-12-31": "99.40000", "2016-09-30": "98.60000", "2016-06-30": "120.00000", "2016-03-31": "112.30000", "2015-12-31": "115.50000", "2015-09-30": "103.30000", "2015-06-30": "115.30000", "2015-03-31": "107.40000", "2014-12-31": "138.10000", "2014-09-30": "122.60000", "2014-06-30": "125.80000", "2014-03-31": "133.00000", "2013-12-31": "145.90000", "2013-09-30": "125.20000", "2013-06-30": "124.10000", "2013-03-31": "120.90000", "2012-12-31": "121.60000", "2012-09-30": "101.60000", "2012-06-30": "87.10000", "2012-03-31": "104.80000", "2011-12-31": "121.20000", "2011-09-30": "71.60000", "2011-06-30": "92.10000", "2011-03-31": "45.00000", "2010-12-31": "435.00000", "2010-09-30": "396.00000", "2010-06-30": "375.00000", "2010-03-31": "378.00000", "2009-12-31": "408.00000", "2009-09-30": "381.00000", "2009-06-30": "389.00000", "2009-03-31": "383.00000", "2008-12-31": "407.20000", "2008-09-30": "415.40000", "2008-06-30": "445.80000", "2008-03-31": "420.60000", "2007-12-31": "350.40000", "2007-09-30": "327.60000", "2007-06-30": "330.90000", "2007-03-31": "320.00000", "2006-12-31": "331.80000", "2006-09-30": "296.90000", "2006-06-30": "284.10000", "2006-03-31": "263.10000", "2005-12-31": "283.40000", "2005-09-30": "223.20000", "2005-06-30": "262.50000", "2005-03-31": "262.90000"}, "Other Operating Income Or Expenses": {"2020-09-30": "", "2020-06-30": "", "2020-03-31": "-16.30000", "2019-12-31": "", "2019-09-30": "-1.00000", "2019-06-30": "", "2019-03-31": "", "2018-12-31": "0.70000", "2018-09-30": "40.00000", "2018-06-30": "", "2018-03-31": "", "2017-12-31": "", "2017-09-30": "0.90000", "2017-06-30": "", "2017-03-31": "", "2016-12-31": "", "2016-09-30": "", "2016-06-30": "", "2016-03-31": "", "2015-12-31": "", "2015-09-30": "", "2015-06-30": "", "2015-03-31": "", "2014-12-31": "", "2014-09-30": "", "2014-06-30": "", "2014-03-31": "", "2013-12-31": "", "2013-09-30": "", "2013-06-30": "", "2013-03-31": "", "2012-12-31": "", "2012-09-30": "", "2012-06-30": "", "2012-03-31": "", "2011-12-31": "-311.60000", "2011-09-30": "-19.80000", "2011-06-30": "-4.70000", "2011-03-31": "-60.00000", "2010-12-31": "", "2010-09-30": "0.00000", "2010-06-30": "0.00000", "2010-03-31": "0.00000", "2009-12-31": "", "2009-09-30": "", "2009-06-30": "", "2009-03-31": "", "2008-12-31": "", "2008-09-30": "", "2008-06-30": "", "2008-03-31": "", "2007-12-31": "", "2007-09-30": "", "2007-06-30": "", "2007-03-31": "", "2006-12-31": "", "2006-09-30": "", "2006-06-30": "", "2006-03-31": "", "2005-12-31": "", "2005-09-30": "", "2005-06-30": "", "2005-03-31": ""}, "Operating Expenses": {"2020-09-30": "653.70000", "2020-06-30": "494.20000", "2020-03-31": "554.00000", "2019-12-31": "636.80020", "2019-09-30": "559.40000", "2019-06-30": "633.90000", "2019-03-31": "604.90000", "2018-12-31": "609.80000", "2018-09-30": "542.80000", "2018-06-30": "616.50000", "2018-03-31": "578.70000", "2017-12-31": "613.50010", "2017-09-30": "511.90000", "2017-06-30": "571.80000", "2017-03-31": "568.80000", "2016-12-31": "547.10000", "2016-09-30": "446.90000", "2016-06-30": "576.70000", "2016-03-31": "558.10000", "2015-12-31": "613.00000", "2015-09-30": "498.00000", "2015-06-30": "463.70000", "2015-03-31": "530.80000", "2014-12-31": "616.09950", "2014-09-30": "537.40000", "2014-06-30": "608.50010", "2014-03-31": "626.20000", "2013-12-31": "617.50000", "2013-09-30": "557.00000", "2013-06-30": "567.80000", "2013-03-31": "571.00000", "2012-12-31": "533.19980", "2012-09-30": "510.80000", "2012-06-30": "500.90000", "2012-03-31": "531.40000", "2011-12-31": "754.50000", "2011-09-30": "527.20000", "2011-06-30": "505.80000", "2011-03-31": "543.00000", "2010-12-31": "2672.00000", "2010-09-30": "2675.00000", "2010-06-30": "2415.00000", "2010-03-31": "2333.00000", "2009-12-31": "2525.00000", "2009-09-30": "2551.00000", "2009-06-30": "2416.00000", "2009-03-31": "2335.00000", "2008-12-31": "2495.10000", "2008-09-30": "2551.30000", "2008-06-30": "2709.30000", "2008-03-31": "2522.30000", "2007-12-31": "2279.69900", "2007-09-30": "1921.70000", "2007-06-30": "1971.90000", "2007-03-31": "1852.80000", "2006-12-31": "1851.60000", "2006-09-30": "1786.20000", "2006-06-30": "1746.80000", "2006-03-31": "1622.30000", "2005-12-31": "1472.90000", "2005-09-30": "1554.60000", "2005-06-30": "1665.80000", "2005-03-31": "1622.00000"}, "Operating Income": {"2020-09-30": "-62.50000", "2020-06-30": "20.50000", "2020-03-31": "109.30000", "2019-12-31": "82.29980", "2019-09-30": "152.50000", "2019-06-30": "86.00000", "2019-03-31": "90.60000", "2018-12-31": "68.60000", "2018-09-30": "137.79990", "2018-06-30": "80.30000", "2018-03-31": "110.60000", "2017-12-31": "70.09990", "2017-09-30": "133.10000", "2017-06-30": "59.10000", "2017-03-31": "56.99990", "2016-12-31": "41.30010", "2016-09-30": "134.80000", "2016-06-30": "49.50000", "2016-03-31": "51.00000", "2015-12-31": "53.80000", "2015-09-30": "103.90000", "2015-06-30": "164.50000", "2015-03-31": "57.90000", "2014-12-31": "43.90060", "2014-09-30": "119.70000", "2014-06-30": "54.49990", "2014-03-31": "48.30000", "2013-12-31": "27.99990", "2013-09-30": "77.00000", "2013-06-30": "41.40000", "2013-03-31": "37.20000", "2012-12-31": "21.10030", "2012-09-30": "36.70000", "2012-06-30": "57.00000", "2012-03-31": "36.70000", "2011-12-31": "-270.20000", "2011-09-30": "-11.30000", "2011-06-30": "46.60000", "2011-03-31": "-10.00000", "2010-12-31": "363.00000", "2010-09-30": "-32.00000", "2010-06-30": "324.00000", "2010-03-31": "245.00000", "2009-12-31": "284.00000", "2009-09-30": "89.00000", "2009-06-30": "303.00000", "2009-03-31": "222.00000", "2008-12-31": "231.10010", "2008-09-30": "328.00000", "2008-06-30": "354.80000", "2008-03-31": "284.09960", "2007-12-31": "249.00050", "2007-09-30": "259.50000", "2007-06-30": "251.20000", "2007-03-31": "217.50000", "2006-12-31": "199.70010", "2006-09-30": "214.89990", "2006-06-30": "217.20000", "2006-03-31": "169.20010", "2005-12-31": "203.49950", "2005-09-30": "180.00010", "2005-06-30": "198.10010", "2005-03-31": "143.89990"}, "Total Non-Operating Income/Expense": {"2020-09-30": "-1.20000", "2020-06-30": "-2.20000", "2020-03-31": "-0.60000", "2019-12-31": "1.70000", "2019-09-30": "0.40000", "2019-06-30": "0.40000", "2019-03-31": "0.50000", "2018-12-31": "-2.30000", "2018-09-30": "-0.70000", "2018-06-30": "-1.50000", "2018-03-31": "-1.80000", "2017-12-31": "-1.70000", "2017-09-30": "-5.50000", "2017-06-30": "-0.50000", "2017-03-31": "-2.20000", "2016-12-31": "-16.70000", "2016-09-30": "-0.30000", "2016-06-30": "0.50000", "2016-03-31": "-1.70000", "2015-12-31": "-0.30000", "2015-09-30": "4.00000", "2015-06-30": "-0.30000", "2015-03-31": "-1.20000", "2014-12-31": "-2.10000", "2014-09-30": "-0.70000", "2014-06-30": "-0.50000", "2014-03-31": "-1.10000", "2013-12-31": "-0.50000", "2013-09-30": "2.30000", "2013-06-30": "-2.20000", "2013-03-31": "-2.70000", "2012-12-31": "-2.40000", "2012-09-30": "5.00000", "2012-06-30": "-3.40000", "2012-03-31": "-1.60000", "2011-12-31": "-5.30000", "2011-09-30": "-22.50000", "2011-06-30": "-18.20000", "2011-03-31": "-25.00000", "2010-12-31": "-21.00000", "2010-09-30": "-16.00000", "2010-06-30": "-19.00000", "2010-03-31": "-26.00000", "2009-12-31": "-23.00000", "2009-09-30": "-14.00000", "2009-06-30": "-22.00000", "2009-03-31": "-25.00000", "2008-12-31": "-34.70000", "2008-09-30": "-24.90000", "2008-06-30": "-27.20000", "2008-03-31": "-35.20000", "2007-12-31": "-30.40000", "2007-09-30": "-17.80000", "2007-06-30": "-11.00000", "2007-03-31": "-19.50000", "2006-12-31": "-14.10000", "2006-09-30": "-17.20000", "2006-06-30": "-21.00000", "2006-03-31": "-21.40000", "2005-12-31": "-23.50000", "2005-09-30": "-3.70000", "2005-06-30": "-13.90000", "2005-03-31": "-10.90000"}, "Pre-Tax Income": {"2020-09-30": "-63.70000", "2020-06-30": "18.30000", "2020-03-31": "108.70000", "2019-12-31": "84.00000", "2019-09-30": "152.90000", "2019-06-30": "86.40000", "2019-03-31": "91.10000", "2018-12-31": "66.30000", "2018-09-30": "137.10000", "2018-06-30": "78.80000", "2018-03-31": "108.80000", "2017-12-31": "68.40000", "2017-09-30": "127.60000", "2017-06-30": "58.60000", "2017-03-31": "54.80000", "2016-12-31": "24.60000", "2016-09-30": "134.50000", "2016-06-30": "50.00000", "2016-03-31": "49.30000", "2015-12-31": "53.50000", "2015-09-30": "107.90000", "2015-06-30": "164.20000", "2015-03-31": "56.70000", "2014-12-31": "41.80000", "2014-09-30": "119.00000", "2014-06-30": "54.00000", "2014-03-31": "47.20000", "2013-12-31": "27.50000", "2013-09-30": "79.30000", "2013-06-30": "39.20000", "2013-03-31": "34.50000", "2012-12-31": "18.70000", "2012-09-30": "41.70000", "2012-06-30": "53.60000", "2012-03-31": "35.10000", "2011-12-31": "-275.50000", "2011-09-30": "-33.80000", "2011-06-30": "28.40000", "2011-03-31": "-35.00000", "2010-12-31": "342.00000", "2010-09-30": "-48.00000", "2010-06-30": "305.00000", "2010-03-31": "219.00000", "2009-12-31": "261.00000", "2009-09-30": "75.00000", "2009-06-30": "281.00000", "2009-03-31": "197.00000", "2008-12-31": "196.40000", "2008-09-30": "303.10000", "2008-06-30": "327.60000", "2008-03-31": "248.90000", "2007-12-31": "218.60000", "2007-09-30": "241.70000", "2007-06-30": "240.20000", "2007-03-31": "198.00000", "2006-12-31": "185.60000", "2006-09-30": "197.70000", "2006-06-30": "196.20000", "2006-03-31": "147.80000", "2005-12-31": "180.00000", "2005-09-30": "176.30000", "2005-06-30": "184.20000", "2005-03-31": "133.00000"}, "Income Taxes": {"2020-09-30": "-16.20000", "2020-06-30": "-28.10000", "2020-03-31": "24.70000", "2019-12-31": "16.80000", "2019-09-30": "34.10000", "2019-06-30": "19.30000", "2019-03-31": "19.70000", "2018-12-31": "15.30000", "2018-09-30": "25.90000", "2018-06-30": "8.90000", "2018-03-31": "7.60000", "2017-12-31": "134.30000", "2017-09-30": "40.60000", "2017-06-30": "10.60000", "2017-03-31": "9.10000", "2016-12-31": "0.70000", "2016-09-30": "46.10000", "2016-06-30": "17.50000", "2016-03-31": "11.70000", "2015-12-31": "17.10000", "2015-09-30": "11.40000", "2015-06-30": "23.50000", "2015-03-31": "18.10000", "2014-12-31": "7.90000", "2014-09-30": "38.00000", "2014-06-30": "12.40000", "2014-03-31": "13.00000", "2013-12-31": "15.40000", "2013-09-30": "-354.40000", "2013-06-30": "14.40000", "2013-03-31": "15.00000", "2012-12-31": "-3.40000", "2012-09-30": "-19.00000", "2012-06-30": "37.40000", "2012-03-31": "24.60000", "2011-12-31": "268.20000", "2011-09-30": "-4.30000", "2011-06-30": "9.70000", "2011-03-31": "-13.00000", "2010-12-31": "70.00000", "2010-09-30": "-60.00000", "2010-06-30": "79.00000", "2010-03-31": "75.00000", "2009-12-31": "68.00000", "2009-09-30": "11.00000", "2009-06-30": "81.00000", "2009-03-31": "10.00000", "2008-12-31": "28.10000", "2008-09-30": "98.60000", "2008-06-30": "103.30000", "2008-03-31": "78.00000", "2007-12-31": "90.20000", "2007-09-30": "73.10000", "2007-06-30": "41.00000", "2007-03-31": "61.20000", "2006-12-31": "63.70000", "2006-09-30": "57.30000", "2006-06-30": "61.70000", "2006-03-31": "44.90000", "2005-12-31": "57.00000", "2005-09-30": "22.90000", "2005-06-30": "53.20000", "2005-03-31": "11.60000"}, "Income After Taxes": {"2020-09-30": "-47.50000", "2020-06-30": "46.40000", "2020-03-31": "84.00000", "2019-12-31": "67.20000", "2019-09-30": "118.80000", "2019-06-30": "67.10000", "2019-03-31": "71.40000", "2018-12-31": "51.00000", "2018-09-30": "111.20000", "2018-06-30": "69.90000", "2018-03-31": "101.20000", "2017-12-31": "-65.90000", "2017-09-30": "87.00000", "2017-06-30": "48.00000", "2017-03-31": "45.70000", "2016-12-31": "23.90000", "2016-09-30": "88.40000", "2016-06-30": "32.50000", "2016-03-31": "37.60000", "2015-12-31": "36.40000", "2015-09-30": "96.50000", "2015-06-30": "140.70000", "2015-03-31": "38.60000", "2014-12-31": "33.90000", "2014-09-30": "81.00000", "2014-06-30": "41.60000", "2014-03-31": "34.20000", "2013-12-31": "12.10000", "2013-09-30": "433.70000", "2013-06-30": "24.80000", "2013-03-31": "19.50000", "2012-12-31": "22.10000", "2012-09-30": "60.70000", "2012-06-30": "16.20000", "2012-03-31": "10.50000", "2011-12-31": "-543.70000", "2011-09-30": "-29.50000", "2011-06-30": "18.70000", "2011-03-31": "-22.00000", "2010-12-31": "272.00000", "2010-09-30": "12.00000", "2010-06-30": "226.00000", "2010-03-31": "144.00000", "2009-12-31": "193.00000", "2009-09-30": "64.00000", "2009-06-30": "200.00000", "2009-03-31": "187.00000", "2008-12-31": "168.30000", "2008-09-30": "204.50000", "2008-06-30": "224.30000", "2008-03-31": "170.90000", "2007-12-31": "128.40000", "2007-09-30": "168.60000", "2007-06-30": "199.20000", "2007-03-31": "136.80000", "2006-12-31": "121.90000", "2006-09-30": "140.40000", "2006-06-30": "134.50000", "2006-03-31": "102.90000", "2005-12-31": "123.00000", "2005-09-30": "153.40000", "2005-06-30": "131.00000", "2005-03-31": "121.40000"}, "Other Income": {"2020-09-30": "", "2020-06-30": "", "2020-03-31": "", "2019-12-31": "", "2019-09-30": "", "2019-06-30": "", "2019-03-31": "", "2018-12-31": "", "2018-09-30": "", "2018-06-30": "", "2018-03-31": "", "2017-12-31": "", "2017-09-30": "", "2017-06-30": "", "2017-03-31": "", "2016-12-31": "", "2016-09-30": "", "2016-06-30": "", "2016-03-31": "", "2015-12-31": "", "2015-09-30": "", "2015-06-30": "", "2015-03-31": "", "2014-12-31": "", "2014-09-30": "", "2014-06-30": "", "2014-03-31": "", "2013-12-31": "", "2013-09-30": "", "2013-06-30": "", "2013-03-31": "", "2012-12-31": "", "2012-09-30": "", "2012-06-30": "", "2012-03-31": "", "2011-12-31": "", "2011-09-30": "", "2011-06-30": "", "2011-03-31": "", "2010-12-31": "", "2010-09-30": "", "2010-06-30": "", "2010-03-31": "", "2009-12-31": "", "2009-09-30": "", "2009-06-30": "", "2009-03-31": "", "2008-12-31": "", "2008-09-30": "", "2008-06-30": "", "2008-03-31": "", "2007-12-31": "", "2007-09-30": "", "2007-06-30": "", "2007-03-31": "", "2006-12-31": "", "2006-09-30": "", "2006-06-30": "", "2006-03-31": "", "2005-12-31": "", "2005-09-30": "", "2005-06-30": "", "2005-03-31": ""}, "Income From Continuous Operations": {"2020-09-30": "-47.50000", "2020-06-30": "46.40000", "2020-03-31": "84.00000", "2019-12-31": "67.20000", "2019-09-30": "118.80000", "2019-06-30": "67.10000", "2019-03-31": "71.40000", "2018-12-31": "51.00000", "2018-09-30": "111.20000", "2018-06-30": "69.90000", "2018-03-31": "101.20000", "2017-12-31": "-65.90000", "2017-09-30": "87.00000", "2017-06-30": "48.00000", "2017-03-31": "45.70000", "2016-12-31": "23.90000", "2016-09-30": "88.40000", "2016-06-30": "32.50000", "2016-03-31": "37.60000", "2015-12-31": "36.40000", "2015-09-30": "96.50000", "2015-06-30": "140.70000", "2015-03-31": "38.60000", "2014-12-31": "33.90000", "2014-09-30": "81.00000", "2014-06-30": "41.60000", "2014-03-31": "34.20000", "2013-12-31": "12.10000", "2013-09-30": "433.70000", "2013-06-30": "24.80000", "2013-03-31": "19.50000", "2012-12-31": "22.10000", "2012-09-30": "60.70000", "2012-06-30": "16.20000", "2012-03-31": "10.50000", "2011-12-31": "-543.70000", "2011-09-30": "-29.50000", "2011-06-30": "18.70000", "2011-03-31": "-22.00000", "2010-12-31": "272.00000", "2010-09-30": "12.00000", "2010-06-30": "226.00000", "2010-03-31": "144.00000", "2009-12-31": "193.00000", "2009-09-30": "64.00000", "2009-06-30": "200.00000", "2009-03-31": "187.00000", "2008-12-31": "168.30000", "2008-09-30": "204.50000", "2008-06-30": "224.30000", "2008-03-31": "170.90000", "2007-12-31": "128.40000", "2007-09-30": "168.60000", "2007-06-30": "199.20000", "2007-03-31": "136.80000", "2006-12-31": "121.90000", "2006-09-30": "140.40000", "2006-06-30": "134.50000", "2006-03-31": "102.90000", "2005-12-31": "123.00000", "2005-09-30": "153.40000", "2005-06-30": "131.00000", "2005-03-31": "121.40000"}, "Income From Discontinued Operations": {"2020-09-30": "1.20000", "2020-06-30": "1.60000", "2020-03-31": "1.10000", "2019-12-31": "1.90000", "2019-09-30": "-0.10000", "2019-06-30": "-0.10000", "2019-03-31": "", "2018-12-31": "1.30000", "2018-09-30": "-0.10000", "2018-06-30": "", "2018-03-31": "0.10000", "2017-12-31": "-1.20000", "2017-09-30": "-0.10000", "2017-06-30": "-0.10000", "2017-03-31": "-0.10000", "2016-12-31": "2.20000", "2016-09-30": "1.80000", "2016-06-30": "0.50000", "2016-03-31": "-0.30000", "2015-12-31": "0.10000", "2015-09-30": "34.20000", "2015-06-30": "1.70000", "2015-03-31": "3.40000", "2014-12-31": "0.30000", "2014-09-30": "-0.30000", "2014-06-30": "-2.90000", "2014-03-31": "-1.00000", "2013-12-31": "0.30000", "2013-09-30": "-2.30000", "2013-06-30": "1.10000", "2013-03-31": "1.70000", "2012-12-31": "10.30000", "2012-09-30": "12.30000", "2012-06-30": "0.60000", "2012-03-31": "-7.30000", "2011-12-31": "15.00000", "2011-09-30": "138.00000", "2011-06-30": "151.00000", "2011-03-31": "143.00000", "2010-12-31": "-3.00000", "2010-09-30": "133.00000", "2010-06-30": "12.00000", "2010-03-31": "2.00000", "2009-12-31": "6.00000", "2009-09-30": "-5.00000", "2009-06-30": "1.00000", "2009-03-31": "-3.00000", "2008-12-31": "17.50000", "2008-09-30": "11.80000", "2008-06-30": "-3.30000", "2008-03-31": "1.00000", "2007-12-31": "29.90000", "2007-09-30": "61.50000", "2007-06-30": "14.50000", "2007-03-31": "3.20000", "2006-12-31": "18.90000", "2006-09-30": "3.10000", "2006-06-30": "6.40000", "2006-03-31": "53.00000", "2005-12-31": "-200.50000", "2005-09-30": "35.90000", "2005-06-30": "6.70000", "2005-03-31": "-4.90000"}, "Net Income": {"2020-09-30": "-46.80000", "2020-06-30": "48.00000", "2020-03-31": "84.80000", "2019-12-31": "68.40000", "2019-09-30": "118.60000", "2019-06-30": "66.80000", "2019-03-31": "71.30000", "2018-12-31": "51.90000", "2018-09-30": "110.90000", "2018-06-30": "69.70000", "2018-03-31": "101.20000", "2017-12-31": "-67.20000", "2017-09-30": "86.90000", "2017-06-30": "47.80000", "2017-03-31": "46.00000", "2016-12-31": "25.80000", "2016-09-30": "90.10000", "2016-06-30": "32.80000", "2016-03-31": "37.40000", "2015-12-31": "36.70000", "2015-09-30": "130.70000", "2015-06-30": "142.30000", "2015-03-31": "42.10000", "2014-12-31": "33.70000", "2014-09-30": "80.30000", "2014-06-30": "38.30000", "2014-03-31": "32.20000", "2013-12-31": "11.20000", "2013-09-30": "430.70000", "2013-06-30": "25.80000", "2013-03-31": "20.80000", "2012-12-31": "32.40000", "2012-09-30": "73.00000", "2012-06-30": "16.80000", "2012-03-31": "3.20000", "2011-12-31": "-528.70000", "2011-09-30": "108.50000", "2011-06-30": "169.70000", "2011-03-31": "121.00000", "2010-12-31": "269.00000", "2010-09-30": "145.00000", "2010-06-30": "238.00000", "2010-03-31": "146.00000", "2009-12-31": "199.00000", "2009-09-30": "59.00000", "2009-06-30": "201.00000", "2009-03-31": "184.00000", "2008-12-31": "185.80000", "2008-09-30": "216.30000", "2008-06-30": "221.00000", "2008-03-31": "171.90000", "2007-12-31": "158.30000", "2007-09-30": "230.10000", "2007-06-30": "213.70000", "2007-03-31": "140.00000", "2006-12-31": "140.80000", "2006-09-30": "143.50000", "2006-06-30": "140.90000", "2006-03-31": "155.90000", "2005-12-31": "-84.00000", "2005-09-30": "189.30000", "2005-06-30": "137.70000", "2005-03-31": "116.50000"}, "EBITDA": {"2020-09-30": "-35.00000", "2020-06-30": "47.60000", "2020-03-31": "136.70000", "2019-12-31": "114.59980", "2019-09-30": "180.60000", "2019-06-30": "112.60000", "2019-03-31": "117.00000", "2018-12-31": "95.50000", "2018-09-30": "165.09990", "2018-06-30": "107.90000", "2018-03-31": "138.20000", "2017-12-31": "97.79990", "2017-09-30": "160.30000", "2017-06-30": "84.70000", "2017-03-31": "81.79990", "2016-12-31": "66.80010", "2016-09-30": "160.20000", "2016-06-30": "75.30000", "2016-03-31": "76.30000", "2015-12-31": "80.70000", "2015-09-30": "125.10000", "2015-06-30": "185.70000", "2015-03-31": "78.60000", "2014-12-31": "68.00060", "2014-09-30": "141.70000", "2014-06-30": "75.59990", "2014-03-31": "69.40000", "2013-12-31": "48.39990", "2013-09-30": "98.90000", "2013-06-30": "61.50000", "2013-03-31": "61.70000", "2012-12-31": "42.20030", "2012-09-30": "53.90000", "2012-06-30": "73.60000", "2012-03-31": "52.90000", "2011-12-31": "-252.20000", "2011-09-30": "6.00000", "2011-06-30": "64.60000", "2011-03-31": "8.00000", "2010-12-31": "213.20000", "2010-09-30": "42.00000", "2010-06-30": "396.00000", "2010-03-31": "313.00000", "2009-12-31": "135.00000", "2009-09-30": "163.00000", "2009-06-30": "377.00000", "2009-03-31": "288.00000", "2008-12-31": "289.30010", "2008-09-30": "395.20000", "2008-06-30": "432.20010", "2008-03-31": "355.29960", "2007-12-31": "273.10050", "2007-09-30": "332.00000", "2007-06-30": "295.80000", "2007-03-31": "261.70000", "2006-12-31": "244.20010", "2006-09-30": "257.79990", "2006-06-30": "259.09990", "2006-03-31": "211.50010", "2005-12-31": "249.19950", "2005-09-30": "211.70010", "2005-06-30": "245.60010", "2005-03-31": "193.39990"}, "EBIT": {"2020-09-30": "-62.50000", "2020-06-30": "20.50000", "2020-03-31": "109.30000", "2019-12-31": "82.29970", "2019-09-30": "152.50000", "2019-06-30": "86.00000", "2019-03-31": "90.60000", "2018-12-31": "68.60020", "2018-09-30": "137.79990", "2018-06-30": "80.30000", "2018-03-31": "110.60000", "2017-12-31": "70.09990", "2017-09-30": "133.10000", "2017-06-30": "59.10000", "2017-03-31": "56.99990", "2016-12-31": "41.29980", "2016-09-30": "134.80000", "2016-06-30": "49.50000", "2016-03-31": "51.00000", "2015-12-31": "53.80010", "2015-09-30": "103.90000", "2015-06-30": "164.50000", "2015-03-31": "57.90000", "2014-12-31": "43.90050", "2014-09-30": "119.70000", "2014-06-30": "54.49990", "2014-03-31": "48.30000", "2013-12-31": "27.99980", "2013-09-30": "77.00000", "2013-06-30": "41.40000", "2013-03-31": "37.20000", "2012-12-31": "21.10020", "2012-09-30": "36.70000", "2012-06-30": "57.00000", "2012-03-31": "36.70000", "2011-12-31": "-270.19990", "2011-09-30": "-11.30000", "2011-06-30": "46.60000", "2011-03-31": "-10.00000", "2010-12-31": "363.00000", "2010-09-30": "-32.00000", "2010-06-30": "324.00000", "2010-03-31": "245.00000", "2009-12-31": "284.00000", "2009-09-30": "89.00000", "2009-06-30": "303.00000", "2009-03-31": "222.00000", "2008-12-31": "231.10030", "2008-09-30": "328.00000", "2008-06-30": "354.80000", "2008-03-31": "284.09960", "2007-12-31": "249.00020", "2007-09-30": "259.50000", "2007-06-30": "251.20000", "2007-03-31": "217.50000", "2006-12-31": "199.70010", "2006-09-30": "214.89990", "2006-06-30": "217.20000", "2006-03-31": "169.20010", "2005-12-31": "203.49990", "2005-09-30": "180.00010", "2005-06-30": "198.10010", "2005-03-31": "143.89990"}, "Basic Shares Outstanding": {"2020-09-30": "86.40000", "2020-06-30": "86.30000", "2020-03-31": "87.40000", "2019-12-31": "87.70000", "2019-09-30": "87.80000", "2019-06-30": "87.80000", "2019-03-31": "87.60000", "2018-12-31": "87.70000", "2018-09-30": "87.60000", "2018-06-30": "87.50000", "2018-03-31": "88.00000", "2017-12-31": "88.30000", "2017-09-30": "88.00000", "2017-06-30": "88.50000", "2017-03-31": "88.50000", "2016-12-31": "89.20000", "2016-09-30": "89.20000", "2016-06-30": "89.80000", "2016-03-31": "89.60000", "2015-12-31": "89.80000", "2015-09-30": "89.40000", "2015-06-30": "89.30000", "2015-03-31": "90.60000", "2014-12-31": "91.50000", "2014-09-30": "91.60000", "2014-06-30": "91.70000", "2014-03-31": "91.40000", "2013-12-31": "91.00000", "2013-09-30": "90.40000", "2013-06-30": "90.40000", "2013-03-31": "92.00000", "2012-12-31": "93.00000", "2012-09-30": "92.50000", "2012-06-30": "92.80000", "2012-03-31": "94.30000", "2011-12-31": "92.80000", "2011-09-30": "92.70000", "2011-06-30": "92.60000", "2011-03-31": "92.50000", "2010-12-31": "92.15000", "2010-09-30": "92.05000", "2010-06-30": "92.00000", "2010-03-31": "91.65000", "2009-12-31": "91.45000", "2009-09-30": "91.35000", "2009-06-30": "91.25000", "2009-03-31": "91.00000", "2008-12-31": "90.95000", "2008-09-30": "90.95000", "2008-06-30": "91.15000", "2008-03-31": "90.90000", "2007-12-31": "90.75000", "2007-09-30": "90.10000", "2007-06-30": "90.15000", "2007-03-31": "90.60000", "2006-12-31": "92.15000", "2006-09-30": "92.05000", "2006-06-30": "92.15000", "2006-03-31": "92.30000", "2005-12-31": "92.30000", "2005-09-30": "92.40000", "2005-06-30": "92.25000", "2005-03-31": "92.30000"}, "Shares Outstanding": {"2020-09-30": "86.40000", "2020-06-30": "86.80000", "2020-03-31": "88.20000", "2019-12-31": "88.60000", "2019-09-30": "88.70000", "2019-06-30": "88.70000", "2019-03-31": "88.60000", "2018-12-31": "88.70000", "2018-09-30": "88.70000", "2018-06-30": "88.40000", "2018-03-31": "89.00000", "2017-12-31": "89.00000", "2017-09-30": "88.70000", "2017-06-30": "89.00000", "2017-03-31": "89.20000", "2016-12-31": "89.90000", "2016-09-30": "89.70000", "2016-06-30": "90.40000", "2016-03-31": "90.50000", "2015-12-31": "90.70000", "2015-09-30": "90.30000", "2015-06-30": "90.20000", "2015-03-31": "91.60000", "2014-12-31": "92.80000", "2014-09-30": "92.90000", "2014-06-30": "93.00000", "2014-03-31": "92.80000", "2013-12-31": "92.30000", "2013-09-30": "91.90000", "2013-06-30": "91.60000", "2013-03-31": "93.20000", "2012-12-31": "94.10000", "2012-09-30": "93.50000", "2012-06-30": "93.90000", "2012-03-31": "95.70000", "2011-12-31": "92.80000", "2011-09-30": "92.70000", "2011-06-30": "93.40000", "2011-03-31": "92.50000", "2010-12-31": "92.80000", "2010-09-30": "92.65000", "2010-06-30": "92.75000", "2010-03-31": "92.45000", "2009-12-31": "92.35000", "2009-09-30": "92.15000", "2009-06-30": "91.80000", "2009-03-31": "91.60000", "2008-12-31": "92.00000", "2008-09-30": "92.20000", "2008-06-30": "92.45000", "2008-03-31": "92.00000", "2007-12-31": "92.25000", "2007-09-30": "91.85000", "2007-06-30": "91.85000", "2007-03-31": "92.15000", "2006-12-31": "93.70000", "2006-09-30": "93.35000", "2006-06-30": "93.60000", "2006-03-31": "93.90000", "2005-12-31": "94.25000", "2005-09-30": "94.45000", "2005-06-30": "94.25000", "2005-03-31": "94.25000"}, "Basic EPS": {"2020-09-30": "-0.54000", "2020-06-30": "0.56000", "2020-03-31": "0.97000", "2019-12-31": "0.79000", "2019-09-30": "1.35000", "2019-06-30": "0.76000", "2019-03-31": "0.81000", "2018-12-31": "0.59000", "2018-09-30": "1.27000", "2018-06-30": "0.80000", "2018-03-31": "1.15000", "2017-12-31": "-0.76000", "2017-09-30": "0.99000", "2017-06-30": "0.54000", "2017-03-31": "0.52000", "2016-12-31": "0.30000", "2016-09-30": "1.01000", "2016-06-30": "0.36000", "2016-03-31": "0.42000", "2015-12-31": "0.41000", "2015-09-30": "1.46000", "2015-06-30": "1.59000", "2015-03-31": "0.46000", "2014-12-31": "0.37000", "2014-09-30": "0.88000", "2014-06-30": "0.42000", "2014-03-31": "0.35000", "2013-12-31": "0.09000", "2013-09-30": "4.76000", "2013-06-30": "0.29000", "2013-03-31": "0.23000", "2012-12-31": "0.35000", "2012-09-30": "0.79000", "2012-06-30": "0.18000", "2012-03-31": "0.03000", "2011-12-31": "-5.71000", "2011-09-30": "1.17000", "2011-06-30": "1.83000", "2011-03-31": "1.31000", "2010-12-31": "2.90000", "2010-09-30": "1.58000", "2010-06-30": "2.58000", "2010-03-31": "1.60000", "2009-12-31": "2.18000", "2009-09-30": "0.64000", "2009-06-30": "2.20000", "2009-03-31": "2.02000", "2008-12-31": "2.04000", "2008-09-30": "2.38000", "2008-06-30": "2.42000", "2008-03-31": "1.90000", "2007-12-31": "1.70000", "2007-09-30": "2.56000", "2007-06-30": "2.38000", "2007-03-31": "1.54000", "2006-12-31": "1.52000", "2006-09-30": "1.56000", "2006-06-30": "1.52000", "2006-03-31": "1.70000", "2005-12-31": "-0.90000", "2005-09-30": "2.04000", "2005-06-30": "1.50000", "2005-03-31": "1.26000"}, "EPS - Earnings Per Share": {"2020-09-30": "-0.54000", "2020-06-30": "0.55000", "2020-03-31": "0.96000", "2019-12-31": "0.78000", "2019-09-30": "1.34000", "2019-06-30": "0.75000", "2019-03-31": "0.80000", "2018-12-31": "0.58000", "2018-09-30": "1.25000", "2018-06-30": "0.79000", "2018-03-31": "1.14000", "2017-12-31": "-0.76000", "2017-09-30": "0.98000", "2017-06-30": "0.54000", "2017-03-31": "0.52000", "2016-12-31": "0.30000", "2016-09-30": "1.00000", "2016-06-30": "0.36000", "2016-03-31": "0.41000", "2015-12-31": "0.39000", "2015-09-30": "1.45000", "2015-06-30": "1.58000", "2015-03-31": "0.46000", "2014-12-31": "0.37000", "2014-09-30": "0.86000", "2014-06-30": "0.41000", "2014-03-31": "0.35000", "2013-12-31": "0.10000", "2013-09-30": "4.69000", "2013-06-30": "0.28000", "2013-03-31": "0.22000", "2012-12-31": "0.34000", "2012-09-30": "0.78000", "2012-06-30": "0.18000", "2012-03-31": "0.03000", "2011-12-31": "-5.70000", "2011-09-30": "1.17000", "2011-06-30": "1.82000", "2011-03-31": "1.31000", "2010-12-31": "2.88000", "2010-09-30": "1.56000", "2010-06-30": "2.56000", "2010-03-31": "1.58000", "2009-12-31": "2.16000", "2009-09-30": "0.64000", "2009-06-30": "2.20000", "2009-03-31": "2.02000", "2008-12-31": "2.06000", "2008-09-30": "2.34000", "2008-06-30": "2.38000", "2008-03-31": "1.86000", "2007-12-31": "1.70000", "2007-09-30": "2.50000", "2007-06-30": "2.32000", "2007-03-31": "1.52000", "2006-12-31": "1.50000", "2006-09-30": "1.54000", "2006-06-30": "1.50000", "2006-03-31": "1.66000", "2005-12-31": "-0.88000", "2005-09-30": "2.00000", "2005-06-30": "1.46000", "2005-03-31": "1.24000"}}, "balance sheet": {"Cash On Hand": {"2019-12-31": "612.10000", "2018-12-31": "561.20000", "2017-12-31": "389.80000", "2016-12-31": "460.70000", "2015-12-31": "415.70000", "2014-12-31": "584.00000", "2013-12-31": "507.30000", "2012-12-31": "544.50000", "2011-12-31": "689.80000", "2010-12-31": "206.00000", "2009-12-31": "1216.00000", "2008-12-31": "964.90000", "2007-12-31": "1840.00000", "2006-12-31": "937.10000", "2005-12-31": "451.00000"}, "Receivables": {"2019-12-31": "578.40000", "2018-12-31": "540.00000", "2017-12-31": "629.60000", "2016-12-31": "523.90000", "2015-12-31": "584.90000", "2014-12-31": "500.10000", "2013-12-31": "496.70000", "2012-12-31": "440.30000", "2011-12-31": "390.50000", "2010-12-31": "315.00000", "2009-12-31": "1754.00000", "2008-12-31": "1961.10000", "2007-12-31": "1935.00000", "2006-12-31": "1288.90000", "2005-12-31": "1197.70000"}, "Inventory": {"2019-12-31": "392.90000", "2018-12-31": "380.50000", "2017-12-31": "311.90000", "2016-12-31": "295.20000", "2015-12-31": "292.70000", "2014-12-31": "302.30000", "2013-12-31": "315.90000", "2012-12-31": "304.20000", "2011-12-31": "248.10000", "2010-12-31": "218.00000", "2009-12-31": "802.00000", "2008-12-31": "803.80000", "2007-12-31": "887.60000", "2006-12-31": "726.50000", "2005-12-31": "622.90000"}, "Pre-Paid Expenses": {"2019-12-31": "", "2018-12-31": "", "2017-12-31": "", "2016-12-31": "", "2015-12-31": "", "2014-12-31": "", "2013-12-31": "", "2012-12-31": "", "2011-12-31": "", "2010-12-31": "", "2009-12-31": "", "2008-12-31": "", "2007-12-31": "", "2006-12-31": "", "2005-12-31": ""}, "Other Current Assets": {"2019-12-31": "153.40000", "2018-12-31": "163.40000", "2017-12-31": "147.40000", "2016-12-31": "122.00000", "2015-12-31": "204.40000", "2014-12-31": "249.80000", "2013-12-31": "345.60000", "2012-12-31": "251.40000", "2011-12-31": "433.30000", "2010-12-31": "228.00000", "2009-12-31": "579.00000", "2008-12-31": "131.00000", "2007-12-31": "161.30000", "2006-12-31": "102.80000", "2005-12-31": "66.90000"}, "Total Current Assets": {"2019-12-31": "1736.80000", "2018-12-31": "1645.10000", "2017-12-31": "1478.70000", "2016-12-31": "1401.80000", "2015-12-31": "1497.70000", "2014-12-31": "1636.20000", "2013-12-31": "1665.50000", "2012-12-31": "1540.40000", "2011-12-31": "1761.70000", "2010-12-31": "4424.00000", "2009-12-31": "4351.00000", "2008-12-31": "4064.20000", "2007-12-31": "4929.80000", "2006-12-31": "3318.30000", "2005-12-31": "2886.60000"}, "Property, Plant, And Equipment": {"2019-12-31": "531.50000", "2018-12-31": "518.80000", "2017-12-31": "521.70000", "2016-12-31": "464.50000", "2015-12-31": "443.50000", "2014-12-31": "443.90000", "2013-12-31": "426.20000", "2012-12-31": "373.10000", "2011-12-31": "321.40000", "2010-12-31": "299.00000", "2009-12-31": "1050.00000", "2008-12-31": "993.90000", "2007-12-31": "980.30000", "2006-12-31": "833.00000", "2005-12-31": "782.00000"}, "Long-Term Investments": {"2019-12-31": "", "2018-12-31": "", "2017-12-31": "", "2016-12-31": "", "2015-12-31": "", "2014-12-31": "", "2013-12-31": "", "2012-12-31": "", "2011-12-31": "", "2010-12-31": "", "2009-12-31": "", "2008-12-31": "", "2007-12-31": "", "2006-12-31": "", "2005-12-31": ""}, "Goodwill And Intangible Assets": {"2019-12-31": "1065.20000", "2018-12-31": "1012.00000", "2017-12-31": "1043.00000", "2016-12-31": "935.00000", "2015-12-31": "965.50000", "2014-12-31": "723.50000", "2013-12-31": "766.70000", "2012-12-31": "774.70000", "2011-12-31": "574.10000", "2010-12-31": "596.00000", "2009-12-31": "4289.00000", "2008-12-31": "4447.80000", "2007-12-31": "4562.70000", "2006-12-31": "2550.00000", "2005-12-31": "2438.80000"}, "Other Long-Term Assets": {"2019-12-31": "636.10000", "2018-12-31": "506.40000", "2017-12-31": "506.90000", "2016-12-31": "503.00000", "2015-12-31": "490.80000", "2014-12-31": "523.80000", "2013-12-31": "578.20000", "2012-12-31": "676.50000", "2011-12-31": "1014.30000", "2010-12-31": "6976.00000", "2009-12-31": "856.00000", "2008-12-31": "365.80000", "2007-12-31": "1050.20000", "2006-12-31": "563.20000", "2005-12-31": "893.70000"}, "Total Long-Term Assets": {"2019-12-31": "2370.90000", "2018-12-31": "2201.70000", "2017-12-31": "2221.50000", "2016-12-31": "2199.90000", "2015-12-31": "2225.90000", "2014-12-31": "1995.30000", "2013-12-31": "2074.70000", "2012-12-31": "1845.70000", "2011-12-31": "1909.80000", "2010-12-31": "8191.00000", "2009-12-31": "6778.00000", "2008-12-31": "6416.00000", "2007-12-31": "6622.90000", "2006-12-31": "4082.30000", "2005-12-31": "4185.30000"}, "Total Assets": {"2019-12-31": "4107.70000", "2018-12-31": "3846.80000", "2017-12-31": "3700.20000", "2016-12-31": "3601.70000", "2015-12-31": "3723.60000", "2014-12-31": "3631.50000", "2013-12-31": "3740.20000", "2012-12-31": "3386.10000", "2011-12-31": "3671.50000", "2010-12-31": "12615.00000", "2009-12-31": "11129.00000", "2008-12-31": "10480.20000", "2007-12-31": "11552.70000", "2006-12-31": "7400.60000", "2005-12-31": "7071.90000"}, "Total Current Liabilities": {"2019-12-31": "849.70000", "2018-12-31": "872.10000", "2017-12-31": "899.40000", "2016-12-31": "866.20000", "2015-12-31": "953.10000", "2014-12-31": "775.40000", "2013-12-31": "832.60000", "2012-12-31": "805.30000", "2011-12-31": "834.00000", "2010-12-31": "2741.00000", "2009-12-31": "2624.00000", "2008-12-31": "4030.50000", "2007-12-31": "5456.30000", "2006-12-31": "2637.20000", "2005-12-31": "2611.00000"}, "Long Term Debt": {"2019-12-31": "", "2018-12-31": "", "2017-12-31": "", "2016-12-31": "", "2015-12-31": "", "2014-12-31": "", "2013-12-31": "", "2012-12-31": "", "2011-12-31": "", "2010-12-31": "1350.00000", "2009-12-31": "1431.00000", "2008-12-31": "467.90000", "2007-12-31": "483.00000", "2006-12-31": "500.40000", "2005-12-31": "516.00000"}, "Other Non-Current Liabilities": {"2019-12-31": "966.30000", "2018-12-31": "941.60000", "2017-12-31": "975.70000", "2016-12-31": "1058.50000", "2015-12-31": "1144.70000", "2014-12-31": "1386.10000", "2013-12-31": "1457.40000", "2012-12-31": "1547.30000", "2011-12-31": "1827.30000", "2010-12-31": "3801.00000", "2009-12-31": "1408.00000", "2008-12-31": "780.30000", "2007-12-31": "904.00000", "2006-12-31": "658.10000", "2005-12-31": "499.70000"}, "Total Long Term Liabilities": {"2019-12-31": "1180.20000", "2018-12-31": "1149.80000", "2017-12-31": "1203.00000", "2016-12-31": "1307.10000", "2015-12-31": "1405.10000", "2014-12-31": "1635.80000", "2013-12-31": "1700.70000", "2012-12-31": "1877.60000", "2011-12-31": "2142.70000", "2010-12-31": "5413.00000", "2009-12-31": "4627.00000", "2008-12-31": "3389.80000", "2007-12-31": "2151.60000", "2006-12-31": "1894.00000", "2005-12-31": "1737.50000"}, "Total Liabilities": {"2019-12-31": "2029.90000", "2018-12-31": "2021.90000", "2017-12-31": "2102.40000", "2016-12-31": "2173.30000", "2015-12-31": "2358.20000", "2014-12-31": "2411.20000", "2013-12-31": "2533.30000", "2012-12-31": "2682.90000", "2011-12-31": "2976.70000", "2010-12-31": "8154.00000", "2009-12-31": "7251.00000", "2008-12-31": "7420.30000", "2007-12-31": "7607.90000", "2006-12-31": "4531.20000", "2005-12-31": "4348.50000"}, "Common Stock Net": {"2019-12-31": "87.80000", "2018-12-31": "87.60000", "2017-12-31": "88.20000", "2016-12-31": "88.40000", "2015-12-31": "89.50000", "2014-12-31": "91.00000", "2013-12-31": "91.00000", "2012-12-31": "91.90000", "2011-12-31": "93.10000", "2010-12-31": "92.00000", "2009-12-31": "181.00000", "2008-12-31": "180.60000", "2007-12-31": "180.70000", "2006-12-31": "182.60000", "2005-12-31": "184.60000"}, "Retained Earnings (Accumulated Deficit)": {"2019-12-31": "2372.40000", "2018-12-31": "2110.30000", "2017-12-31": "1856.10000", "2016-12-31": "1789.20000", "2015-12-31": "1696.70000", "2014-12-31": "1445.10000", "2013-12-31": "1320.30000", "2012-12-31": "898.80000", "2011-12-31": "852.60000", "2010-12-31": "5441.00000", "2009-12-31": "4737.00000", "2008-12-31": "4203.00000", "2007-12-31": "3528.80000", "2006-12-31": "3029.50000", "2005-12-31": "2666.00000"}, "Comprehensive Income": {"2019-12-31": "-385.30000", "2018-12-31": "-375.50000", "2017-12-31": "-348.20000", "2016-12-31": "-451.20000", "2015-12-31": "-424.10000", "2014-12-31": "-321.20000", "2013-12-31": "-210.30000", "2012-12-31": "-287.50000", "2011-12-31": "-250.90000", "2010-12-31": "-1072.00000", "2009-12-31": "-1040.00000", "2008-12-31": "-1323.70000", "2007-12-31": "235.30000", "2006-12-31": "-342.70000", "2005-12-31": "-127.20000"}, "Other Share Holders Equity": {"2019-12-31": "", "2018-12-31": "", "2017-12-31": "", "2016-12-31": "", "2015-12-31": "", "2014-12-31": "", "2013-12-31": "", "2012-12-31": "", "2011-12-31": "", "2010-12-31": "", "2009-12-31": "", "2008-12-31": "", "2007-12-31": "", "2006-12-31": "", "2005-12-31": ""}, "Share Holder Equity": {"2019-12-31": "2077.80000", "2018-12-31": "1824.90000", "2017-12-31": "1597.80000", "2016-12-31": "1428.40000", "2015-12-31": "1365.40000", "2014-12-31": "1220.30000", "2013-12-31": "1206.90000", "2012-12-31": "703.20000", "2011-12-31": "694.80000", "2010-12-31": "4461.00000", "2009-12-31": "3878.00000", "2008-12-31": "3059.90000", "2007-12-31": "3944.80000", "2006-12-31": "2869.40000", "2005-12-31": "2723.40000"}, "Total Liabilities And Share Holders Equity": {"2019-12-31": "4107.70000", "2018-12-31": "3846.80000", "2017-12-31": "3700.20000", "2016-12-31": "3601.70000", "2015-12-31": "3723.60000", "2014-12-31": "3631.50000", "2013-12-31": "3740.20000", "2012-12-31": "3386.10000", "2011-12-31": "3671.50000", "2010-12-31": "12615.00000", "2009-12-31": "11129.00000", "2008-12-31": "10480.20000", "2007-12-31": "11552.70000", "2006-12-31": "7400.60000", "2005-12-31": "7071.90000"}}, "balance sheet, quarterly": {"Cash On Hand": {"2020-09-30": "782.30000", "2020-06-30": "819.10000", "2020-03-31": "839.90000", "2019-12-31": "612.10000", "2019-09-30": "555.70000", "2019-06-30": "531.90000", "2019-03-31": "554.00000", "2018-12-31": "561.20000", "2018-09-30": "525.80000", "2018-06-30": "449.60000", "2018-03-31": "438.70000", "2017-12-31": "389.80000", "2017-09-30": "395.60000", "2017-06-30": "355.30000", "2017-03-31": "348.50000", "2016-12-31": "460.70000", "2016-09-30": "475.80000", "2016-06-30": "433.30000", "2016-03-31": "430.90000", "2015-12-31": "415.70000", "2015-09-30": "504.90000", "2015-06-30": "497.40000", "2015-03-31": "570.10000", "2014-12-31": "584.00000", "2014-09-30": "522.60000", "2014-06-30": "527.70000", "2014-03-31": "515.10000", "2013-12-31": "507.30000", "2013-09-30": "480.60000", "2013-06-30": "517.70000", "2013-03-31": "483.10000", "2012-12-31": "544.50000", "2012-09-30": "762.00000", "2012-06-30": "739.10000", "2012-03-31": "728.00000", "2011-12-31": "689.80000", "2011-09-30": "2686.00000", "2011-06-30": "1160.00000", "2011-03-31": "1074.00000", "2010-12-31": "206.00000", "2010-09-30": "912.00000", "2010-06-30": "844.00000", "2010-03-31": "880.00000", "2009-12-31": "1216.00000", "2009-09-30": "1347.70000", "2009-06-30": "1019.00000", "2009-03-31": "911.00000", "2008-12-31": "964.90000", "2008-09-30": "957.30000", "2008-06-30": "877.70000", "2008-03-31": "899.60000", "2007-12-31": "1840.00000", "2007-09-30": "1440.10000", "2007-06-30": "1113.30000", "2007-03-31": "1050.20000", "2006-12-31": "937.10000", "2006-09-30": "792.50000", "2006-06-30": "755.00000", "2006-03-31": "623.80000", "2005-12-31": "451.00000", "2005-09-30": "470.30000", "2005-06-30": "384.20000", "2005-03-31": "336.30000"}, "Receivables": {"2020-09-30": "490.20000", "2020-06-30": "463.20000", "2020-03-31": "573.90000", "2019-12-31": "578.40000", "2019-09-30": "574.30000", "2019-06-30": "600.00000", "2019-03-31": "582.70000", "2018-12-31": "540.00000", "2018-09-30": "562.90000", "2018-06-30": "560.40000", "2018-03-31": "581.40000", "2017-12-31": "629.60000", "2017-09-30": "611.60000", "2017-06-30": "591.10000", "2017-03-31": "576.90000", "2016-12-31": "523.90000", "2016-09-30": "595.20000", "2016-06-30": "625.10000", "2016-03-31": "607.00000", "2015-12-31": "584.90000", "2015-09-30": "567.80000", "2015-06-30": "558.00000", "2015-03-31": "537.20000", "2014-12-31": "500.10000", "2014-09-30": "569.20000", "2014-06-30": "575.30000", "2014-03-31": "597.50000", "2013-12-31": "496.70000", "2013-09-30": "543.30000", "2013-06-30": "499.30000", "2013-03-31": "506.20000", "2012-12-31": "440.30000", "2012-09-30": "458.20000", "2012-06-30": "464.50000", "2012-03-31": "474.00000", "2011-12-31": "390.50000", "2011-09-30": "2198.00000", "2011-06-30": "2200.00000", "2011-03-31": "2075.00000", "2010-12-31": "315.00000", "2010-09-30": "1911.00000", "2010-06-30": "1829.00000", "2010-03-31": "1853.00000", "2009-12-31": "1754.00000", "2009-09-30": "1819.60000", "2009-06-30": "1900.30000", "2009-03-31": "1853.60000", "2008-12-31": "1961.10000", "2008-09-30": "1921.20000", "2008-06-30": "2038.70000", "2008-03-31": "1984.30000", "2007-12-31": "1935.00000", "2007-09-30": "1493.90000", "2007-06-30": "1429.20000", "2007-03-31": "1348.50000", "2006-12-31": "1288.90000", "2006-09-30": "1270.50000", "2006-06-30": "1403.90000", "2006-03-31": "1317.30000", "2005-12-31": "1197.70000", "2005-09-30": "1312.70000", "2005-06-30": "1309.30000", "2005-03-31": "1238.80000"}, "Inventory": {"2020-09-30": "378.50000", "2020-06-30": "384.60000", "2020-03-31": "382.40000", "2019-12-31": "392.90000", "2019-09-30": "414.60000", "2019-06-30": "421.40000", "2019-03-31": "396.20000", "2018-12-31": "380.50000", "2018-09-30": "391.40000", "2018-06-30": "393.50000", "2018-03-31": "404.90000", "2017-12-31": "311.90000", "2017-09-30": "327.90000", "2017-06-30": "314.90000", "2017-03-31": "311.50000", "2016-12-31": "295.20000", "2016-09-30": "305.10000", "2016-06-30": "299.30000", "2016-03-31": "301.30000", "2015-12-31": "292.70000", "2015-09-30": "299.70000", "2015-06-30": "294.90000", "2015-03-31": "287.60000", "2014-12-31": "302.30000", "2014-09-30": "312.80000", "2014-06-30": "309.00000", "2014-03-31": "289.80000", "2013-12-31": "315.90000", "2013-09-30": "297.40000", "2013-06-30": "308.50000", "2013-03-31": "314.90000", "2012-12-31": "304.20000", "2012-09-30": "268.70000", "2012-06-30": "259.70000", "2012-03-31": "268.00000", "2011-12-31": "248.10000", "2011-09-30": "1011.00000", "2011-06-30": "980.00000", "2011-03-31": "950.00000", "2010-12-31": "218.00000", "2010-09-30": "942.00000", "2010-06-30": "813.00000", "2010-03-31": "821.00000", "2009-12-31": "802.00000", "2009-09-30": "815.40000", "2009-06-30": "858.00000", "2009-03-31": "826.20000", "2008-12-31": "803.80000", "2008-09-30": "881.90000", "2008-06-30": "923.40000", "2008-03-31": "960.30000", "2007-12-31": "887.60000", "2007-09-30": "779.10000", "2007-06-30": "752.90000", "2007-03-31": "761.90000", "2006-12-31": "726.50000", "2006-09-30": "717.20000", "2006-06-30": "728.30000", "2006-03-31": "707.00000", "2005-12-31": "622.90000", "2005-09-30": "693.30000", "2005-06-30": "696.10000", "2005-03-31": "709.70000"}, "Pre-Paid Expenses": {"2020-09-30": "", "2020-06-30": "", "2020-03-31": "", "2019-12-31": "", "2019-09-30": "", "2019-06-30": "", "2019-03-31": "", "2018-12-31": "", "2018-09-30": "", "2018-06-30": "", "2018-03-31": "", "2017-12-31": "", "2017-09-30": "", "2017-06-30": "", "2017-03-31": "", "2016-12-31": "", "2016-09-30": "", "2016-06-30": "", "2016-03-31": "", "2015-12-31": "", "2015-09-30": "", "2015-06-30": "", "2015-03-31": "", "2014-12-31": "", "2014-09-30": "", "2014-06-30": "", "2014-03-31": "", "2013-12-31": "", "2013-09-30": "", "2013-06-30": "", "2013-03-31": "", "2012-12-31": "", "2012-09-30": "", "2012-06-30": "", "2012-03-31": "", "2011-12-31": "", "2011-09-30": "", "2011-06-30": "", "2011-03-31": "", "2010-12-31": "", "2010-09-30": "", "2010-06-30": "", "2010-03-31": "", "2009-12-31": "", "2009-09-30": "", "2009-06-30": "", "2009-03-31": "", "2008-12-31": "", "2008-09-30": "", "2008-06-30": "", "2008-03-31": "", "2007-12-31": "", "2007-09-30": "", "2007-06-30": "", "2007-03-31": "", "2006-12-31": "", "2006-09-30": "", "2006-06-30": "", "2006-03-31": "", "2005-12-31": "", "2005-09-30": "", "2005-06-30": "", "2005-03-31": ""}, "Other Current Assets": {"2020-09-30": "171.80000", "2020-06-30": "159.90000", "2020-03-31": "152.00000", "2019-12-31": "153.40000", "2019-09-30": "161.70000", "2019-06-30": "149.10000", "2019-03-31": "146.00000", "2018-12-31": "163.40000", "2018-09-30": "151.80000", "2018-06-30": "175.10000", "2018-03-31": "173.00000", "2017-12-31": "147.40000", "2017-09-30": "130.10000", "2017-06-30": "142.90000", "2017-03-31": "142.00000", "2016-12-31": "122.00000", "2016-09-30": "139.70000", "2016-06-30": "170.10000", "2016-03-31": "227.00000", "2015-12-31": "204.40000", "2015-09-30": "198.70000", "2015-06-30": "283.10000", "2015-03-31": "243.80000", "2014-12-31": "249.80000", "2014-09-30": "305.00000", "2014-06-30": "345.60000", "2014-03-31": "312.00000", "2013-12-31": "345.60000", "2013-09-30": "370.20000", "2013-06-30": "245.10000", "2013-03-31": "265.60000", "2012-12-31": "251.40000", "2012-09-30": "225.60000", "2012-06-30": "366.30000", "2012-03-31": "389.00000", "2011-12-31": "433.30000", "2011-09-30": "652.00000", "2011-06-30": "678.00000", "2011-03-31": "611.00000", "2010-12-31": "228.00000", "2010-09-30": "262.00000", "2010-06-30": "374.00000", "2010-03-31": "238.00000", "2009-12-31": "579.00000", "2009-09-30": "204.70000", "2009-06-30": "151.70000", "2009-03-31": "159.30000", "2008-12-31": "131.00000", "2008-09-30": "157.40000", "2008-06-30": "180.20000", "2008-03-31": "193.20000", "2007-12-31": "161.30000", "2007-09-30": "131.10000", "2007-06-30": "116.00000", "2007-03-31": "136.90000", "2006-12-31": "102.80000", "2006-09-30": "89.20000", "2006-06-30": "99.00000", "2006-03-31": "102.90000", "2005-12-31": "66.90000", "2005-09-30": "91.80000", "2005-06-30": "93.90000", "2005-03-31": "89.20000"}, "Total Current Assets": {"2020-09-30": "1822.80000", "2020-06-30": "1826.80000", "2020-03-31": "1948.20000", "2019-12-31": "1736.80000", "2019-09-30": "1706.30000", "2019-06-30": "1702.40000", "2019-03-31": "1678.90000", "2018-12-31": "1645.10000", "2018-09-30": "1631.90000", "2018-06-30": "1578.60000", "2018-03-31": "1598.00000", "2017-12-31": "1478.70000", "2017-09-30": "1465.20000", "2017-06-30": "1404.20000", "2017-03-31": "1378.90000", "2016-12-31": "1401.80000", "2016-09-30": "1515.80000", "2016-06-30": "1527.80000", "2016-03-31": "1566.20000", "2015-12-31": "1497.70000", "2015-09-30": "1571.10000", "2015-06-30": "1633.40000", "2015-03-31": "1638.70000", "2014-12-31": "1636.20000", "2014-09-30": "1709.60000", "2014-06-30": "1757.60000", "2014-03-31": "1714.40000", "2013-12-31": "1665.50000", "2013-09-30": "1691.50000", "2013-06-30": "1570.60000", "2013-03-31": "1569.80000", "2012-12-31": "1540.40000", "2012-09-30": "1714.50000", "2012-06-30": "1829.60000", "2012-03-31": "1859.00000", "2011-12-31": "1761.70000", "2011-09-30": "6547.00000", "2011-06-30": "5018.00000", "2011-03-31": "4710.00000", "2010-12-31": "4424.00000", "2010-09-30": "4258.00000", "2010-06-30": "4093.00000", "2010-03-31": "4027.00000", "2009-12-31": "4351.00000", "2009-09-30": "4396.80000", "2009-06-30": "4133.30000", "2009-03-31": "3953.10000", "2008-12-31": "4064.20000", "2008-09-30": "4020.80000", "2008-06-30": "4124.50000", "2008-03-31": "4143.30000", "2007-12-31": "4929.80000", "2007-09-30": "3937.80000", "2007-06-30": "3678.90000", "2007-03-31": "3565.80000", "2006-12-31": "3318.30000", "2006-09-30": "3143.60000", "2006-06-30": "3060.50000", "2006-03-31": "2824.20000", "2005-12-31": "2886.60000", "2005-09-30": "2646.80000", "2005-06-30": "2582.80000", "2005-03-31": "2477.70000"}, "Property, Plant, And Equipment": {"2020-09-30": "505.70000", "2020-06-30": "505.40000", "2020-03-31": "511.50000", "2019-12-31": "531.50000", "2019-09-30": "521.70000", "2019-06-30": "534.10000", "2019-03-31": "513.20000", "2018-12-31": "518.80000", "2018-09-30": "500.60000", "2018-06-30": "506.10000", "2018-03-31": "526.60000", "2017-12-31": "521.70000", "2017-09-30": "503.50000", "2017-06-30": "491.20000", "2017-03-31": "481.50000", "2016-12-31": "464.50000", "2016-09-30": "450.30000", "2016-06-30": "437.90000", "2016-03-31": "443.00000", "2015-12-31": "443.50000", "2015-09-30": "414.40000", "2015-06-30": "421.40000", "2015-03-31": "419.30000", "2014-12-31": "443.90000", "2014-09-30": "433.20000", "2014-06-30": "443.00000", "2014-03-31": "434.60000", "2013-12-31": "426.20000", "2013-09-30": "385.20000", "2013-06-30": "367.40000", "2013-03-31": "365.10000", "2012-12-31": "373.10000", "2012-09-30": "323.90000", "2012-06-30": "320.90000", "2012-03-31": "328.00000", "2011-12-31": "321.40000", "2011-09-30": "1214.00000", "2011-06-30": "1242.00000", "2011-03-31": "1207.00000", "2010-12-31": "299.00000", "2010-09-30": "1149.00000", "2010-06-30": "1037.00000", "2010-03-31": "1049.00000", "2009-12-31": "1050.00000", "2009-09-30": "998.00000", "2009-06-30": "984.50000", "2009-03-31": "960.50000", "2008-12-31": "993.90000", "2008-09-30": "971.40000", "2008-06-30": "988.80000", "2008-03-31": "985.30000", "2007-12-31": "980.30000", "2007-09-30": "875.30000", "2007-06-30": "826.10000", "2007-03-31": "822.10000", "2006-12-31": "833.00000", "2006-09-30": "775.60000", "2006-06-30": "840.10000", "2006-03-31": "829.30000", "2005-12-31": "782.00000", "2005-09-30": "941.50000", "2005-06-30": "909.30000", "2005-03-31": "942.90000"}, "Long-Term Investments": {"2020-09-30": "", "2020-06-30": "", "2020-03-31": "", "2019-12-31": "", "2019-09-30": "", "2019-06-30": "", "2019-03-31": "", "2018-12-31": "", "2018-09-30": "", "2018-06-30": "", "2018-03-31": "", "2017-12-31": "", "2017-09-30": "", "2017-06-30": "", "2017-03-31": "", "2016-12-31": "", "2016-09-30": "", "2016-06-30": "", "2016-03-31": "", "2015-12-31": "", "2015-09-30": "", "2015-06-30": "", "2015-03-31": "", "2014-12-31": "", "2014-09-30": "", "2014-06-30": "", "2014-03-31": "", "2013-12-31": "", "2013-09-30": "", "2013-06-30": "", "2013-03-31": "", "2012-12-31": "", "2012-09-30": "", "2012-06-30": "", "2012-03-31": "", "2011-12-31": "", "2011-09-30": "", "2011-06-30": "", "2011-03-31": "", "2010-12-31": "", "2010-09-30": "", "2010-06-30": "", "2010-03-31": "", "2009-12-31": "", "2009-09-30": "", "2009-06-30": "", "2009-03-31": "", "2008-12-31": "", "2008-09-30": "", "2008-06-30": "", "2008-03-31": "", "2007-12-31": "", "2007-09-30": "", "2007-06-30": "", "2007-03-31": "", "2006-12-31": "", "2006-09-30": "", "2006-06-30": "", "2006-03-31": "", "2005-12-31": "", "2005-09-30": "", "2005-06-30": "", "2005-03-31": ""}, "Goodwill And Intangible Assets": {"2020-09-30": "1041.10000", "2020-06-30": "1036.20000", "2020-03-31": "1034.10000", "2019-12-31": "1065.20000", "2019-09-30": "1057.50000", "2019-06-30": "1059.10000", "2019-03-31": "1004.20000", "2018-12-31": "1012.00000", "2018-09-30": "1020.50000", "2018-06-30": "1025.20000", "2018-03-31": "1047.50000", "2017-12-31": "1043.00000", "2017-09-30": "1042.40000", "2017-06-30": "1037.40000", "2017-03-31": "1022.40000", "2016-12-31": "935.00000", "2016-09-30": "951.20000", "2016-06-30": "960.10000", "2016-03-31": "968.80000", "2015-12-31": "965.50000", "2015-09-30": "729.30000", "2015-06-30": "735.70000", "2015-03-31": "696.10000", "2014-12-31": "723.50000", "2014-09-30": "738.50000", "2014-06-30": "760.60000", "2014-03-31": "765.50000", "2013-12-31": "766.70000", "2013-09-30": "764.50000", "2013-06-30": "757.20000", "2013-03-31": "758.20000", "2012-12-31": "774.70000", "2012-09-30": "591.70000", "2012-06-30": "591.50000", "2012-03-31": "598.00000", "2011-12-31": "574.10000", "2011-09-30": "5300.00000", "2011-06-30": "5081.00000", "2011-03-31": "5074.00000", "2010-12-31": "596.00000", "2010-09-30": "5054.00000", "2010-06-30": "4569.00000", "2010-03-31": "4735.00000", "2009-12-31": "4289.00000", "2009-09-30": "4412.30000", "2009-06-30": "4422.70000", "2009-03-31": "4383.30000", "2008-12-31": "4447.80000", "2008-09-30": "4520.00000", "2008-06-30": "4579.10000", "2008-03-31": "4576.10000", "2007-12-31": "4562.70000", "2007-09-30": "2898.30000", "2007-06-30": "2547.80000", "2007-03-31": "2544.60000", "2006-12-31": "2550.00000", "2006-09-30": "2546.80000", "2006-06-30": "2558.30000", "2006-03-31": "2495.20000", "2005-12-31": "2438.80000", "2005-09-30": "2693.20000", "2005-06-30": "2678.40000", "2005-03-31": "2726.40000"}, "Other Long-Term Assets": {"2020-09-30": "624.50000", "2020-06-30": "621.50000", "2020-03-31": "658.00000", "2019-12-31": "636.10000", "2019-09-30": "629.60000", "2019-06-30": "582.90000", "2019-03-31": "579.10000", "2018-12-31": "506.40000", "2018-09-30": "528.10000", "2018-06-30": "525.80000", "2018-03-31": "532.40000", "2017-12-31": "506.90000", "2017-09-30": "503.30000", "2017-06-30": "496.90000", "2017-03-31": "487.40000", "2016-12-31": "503.00000", "2016-09-30": "506.10000", "2016-06-30": "498.30000", "2016-03-31": "508.60000", "2015-12-31": "490.80000", "2015-09-30": "491.00000", "2015-06-30": "485.10000", "2015-03-31": "517.10000", "2014-12-31": "523.80000", "2014-09-30": "543.20000", "2014-06-30": "551.60000", "2014-03-31": "569.90000", "2013-12-31": "578.20000", "2013-09-30": "608.90000", "2013-06-30": "670.60000", "2013-03-31": "680.50000", "2012-12-31": "676.50000", "2012-09-30": "684.50000", "2012-06-30": "961.60000", "2012-03-31": "964.00000", "2011-12-31": "1014.30000", "2011-09-30": "2027.00000", "2011-06-30": "1759.00000", "2011-03-31": "1735.00000", "2010-12-31": "6976.00000", "2010-09-30": "1183.00000", "2010-06-30": "812.00000", "2010-03-31": "843.00000", "2009-12-31": "856.00000", "2009-09-30": "884.20000", "2009-06-30": "421.30000", "2009-03-31": "398.10000", "2008-12-31": "365.80000", "2008-09-30": "1081.80000", "2008-06-30": "1068.80000", "2008-03-31": "1054.40000", "2007-12-31": "1050.20000", "2007-09-30": "689.90000", "2007-06-30": "664.00000", "2007-03-31": "633.70000", "2006-12-31": "563.20000", "2006-09-30": "974.70000", "2006-06-30": "976.50000", "2006-03-31": "985.40000", "2005-12-31": "893.70000", "2005-09-30": "1016.80000", "2005-06-30": "1092.80000", "2005-03-31": "1080.30000"}, "Total Long-Term Assets": {"2020-09-30": "2353.60000", "2020-06-30": "2324.50000", "2020-03-31": "2328.40000", "2019-12-31": "2370.90000", "2019-09-30": "2357.90000", "2019-06-30": "2339.00000", "2019-03-31": "2258.20000", "2018-12-31": "2201.70000", "2018-09-30": "2212.80000", "2018-06-30": "2221.10000", "2018-03-31": "2273.50000", "2017-12-31": "2221.50000", "2017-09-30": "2334.90000", "2017-06-30": "2326.40000", "2017-03-31": "2291.50000", "2016-12-31": "2199.90000", "2016-09-30": "2201.80000", "2016-06-30": "2222.50000", "2016-03-31": "2243.00000", "2015-12-31": "2225.90000", "2015-09-30": "1907.20000", "2015-06-30": "1942.30000", "2015-03-31": "1933.90000", "2014-12-31": "1995.30000", "2014-09-30": "1997.10000", "2014-06-30": "2054.90000", "2014-03-31": "2069.30000", "2013-12-31": "2074.70000", "2013-09-30": "2103.80000", "2013-06-30": "1795.20000", "2013-03-31": "1803.80000", "2012-12-31": "1845.70000", "2012-09-30": "1600.10000", "2012-06-30": "1874.00000", "2012-03-31": "1890.00000", "2011-12-31": "1909.80000", "2011-09-30": "8541.00000", "2011-06-30": "8082.00000", "2011-03-31": "8016.00000", "2010-12-31": "8191.00000", "2010-09-30": "8202.00000", "2010-06-30": "6922.00000", "2010-03-31": "7173.00000", "2009-12-31": "6778.00000", "2009-09-30": "7147.60000", "2009-06-30": "6418.60000", "2009-03-31": "6344.70000", "2008-12-31": "6416.00000", "2008-09-30": "6616.10000", "2008-06-30": "6678.70000", "2008-03-31": "6652.00000", "2007-12-31": "6622.90000", "2007-09-30": "4659.50000", "2007-06-30": "4228.00000", "2007-03-31": "4163.50000", "2006-12-31": "4082.30000", "2006-09-30": "4392.60000", "2006-06-30": "4465.80000", "2006-03-31": "4399.90000", "2005-12-31": "4185.30000", "2005-09-30": "4889.60000", "2005-06-30": "4913.70000", "2005-03-31": "4985.00000"}, "Total Assets": {"2020-09-30": "4176.40000", "2020-06-30": "4151.30000", "2020-03-31": "4276.60000", "2019-12-31": "4107.70000", "2019-09-30": "4064.20000", "2019-06-30": "4041.40000", "2019-03-31": "3937.10000", "2018-12-31": "3846.80000", "2018-09-30": "3844.70000", "2018-06-30": "3799.70000", "2018-03-31": "3871.50000", "2017-12-31": "3700.20000", "2017-09-30": "3800.10000", "2017-06-30": "3730.60000", "2017-03-31": "3670.40000", "2016-12-31": "3601.70000", "2016-09-30": "3717.60000", "2016-06-30": "3750.30000", "2016-03-31": "3809.20000", "2015-12-31": "3723.60000", "2015-09-30": "3478.30000", "2015-06-30": "3575.70000", "2015-03-31": "3572.60000", "2014-12-31": "3631.50000", "2014-09-30": "3706.70000", "2014-06-30": "3812.50000", "2014-03-31": "3783.70000", "2013-12-31": "3740.20000", "2013-09-30": "3795.30000", "2013-06-30": "3365.80000", "2013-03-31": "3373.60000", "2012-12-31": "3386.10000", "2012-09-30": "3314.60000", "2012-06-30": "3703.60000", "2012-03-31": "3749.00000", "2011-12-31": "3671.50000", "2011-09-30": "15088.00000", "2011-06-30": "13100.00000", "2011-03-31": "12726.00000", "2010-12-31": "12615.00000", "2010-09-30": "12460.00000", "2010-06-30": "11015.00000", "2010-03-31": "11200.00000", "2009-12-31": "11129.00000", "2009-09-30": "11544.40000", "2009-06-30": "10551.90000", "2009-03-31": "10297.80000", "2008-12-31": "10480.20000", "2008-09-30": "10636.90000", "2008-06-30": "10803.20000", "2008-03-31": "10795.30000", "2007-12-31": "11552.70000", "2007-09-30": "8597.30000", "2007-06-30": "7906.90000", "2007-03-31": "7729.30000", "2006-12-31": "7400.60000", "2006-09-30": "7536.20000", "2006-06-30": "7526.30000", "2006-03-31": "7224.10000", "2005-12-31": "7071.90000", "2005-09-30": "7536.40000", "2005-06-30": "7496.50000", "2005-03-31": "7462.70000"}, "Total Current Liabilities": {"2020-09-30": "866.00000", "2020-06-30": "947.60000", "2020-03-31": "1107.00000", "2019-12-31": "849.70000", "2019-09-30": "888.80000", "2019-06-30": "892.40000", "2019-03-31": "860.50000", "2018-12-31": "872.10000", "2018-09-30": "897.70000", "2018-06-30": "939.60000", "2018-03-31": "1009.10000", "2017-12-31": "899.40000", "2017-09-30": "925.40000", "2017-06-30": "892.90000", "2017-03-31": "885.80000", "2016-12-31": "866.20000", "2016-09-30": "938.90000", "2016-06-30": "916.30000", "2016-03-31": "954.00000", "2015-12-31": "953.10000", "2015-09-30": "717.20000", "2015-06-30": "816.00000", "2015-03-31": "834.50000", "2014-12-31": "775.40000", "2014-09-30": "815.30000", "2014-06-30": "839.90000", "2014-03-31": "834.10000", "2013-12-31": "832.60000", "2013-09-30": "862.10000", "2013-06-30": "841.50000", "2013-03-31": "842.90000", "2012-12-31": "805.30000", "2012-09-30": "741.10000", "2012-06-30": "921.90000", "2012-03-31": "925.00000", "2011-12-31": "834.00000", "2011-09-30": "4176.00000", "2011-06-30": "2960.00000", "2011-03-31": "2769.00000", "2010-12-31": "2741.00000", "2010-09-30": "2792.00000", "2010-06-30": "2474.00000", "2010-03-31": "2667.00000", "2009-12-31": "2624.00000", "2009-09-30": "2803.60000", "2009-06-30": "2780.80000", "2009-03-31": "3834.50000", "2008-12-31": "4030.50000", "2008-09-30": "4058.80000", "2008-06-30": "4253.50000", "2008-03-31": "4429.80000", "2007-12-31": "5456.30000", "2007-09-30": "3166.20000", "2007-06-30": "2982.80000", "2007-03-31": "3029.30000", "2006-12-31": "2637.20000", "2006-09-30": "2576.00000", "2006-06-30": "2715.50000", "2006-03-31": "2597.20000", "2005-12-31": "2611.00000", "2005-09-30": "2631.80000", "2005-06-30": "2661.10000", "2005-03-31": "2644.10000"}, "Long Term Debt": {"2020-09-30": "", "2020-06-30": "", "2020-03-31": "", "2019-12-31": "", "2019-09-30": "", "2019-06-30": "", "2019-03-31": "", "2018-12-31": "", "2018-09-30": "", "2018-06-30": "", "2018-03-31": "", "2017-12-31": "", "2017-09-30": "", "2017-06-30": "", "2017-03-31": "", "2016-12-31": "", "2016-09-30": "", "2016-06-30": "", "2016-03-31": "", "2015-12-31": "", "2015-09-30": "", "2015-06-30": "", "2015-03-31": "", "2014-12-31": "", "2014-09-30": "", "2014-06-30": "", "2014-03-31": "", "2013-12-31": "", "2013-09-30": "", "2013-06-30": "", "2013-03-31": "", "2012-12-31": "", "2012-09-30": "", "2012-06-30": "", "2012-03-31": "", "2011-12-31": "", "2011-09-30": "1868.00000", "2011-06-30": "1297.00000", "2011-03-31": "1354.00000", "2010-12-31": "1350.00000", "2010-09-30": "1364.00000", "2010-06-30": "1363.00000", "2010-03-31": "1365.00000", "2009-12-31": "1431.00000", "2009-09-30": "1439.70000", "2009-06-30": "1456.40000", "2009-03-31": "466.50000", "2008-12-31": "467.90000", "2008-09-30": "479.10000", "2008-06-30": "480.70000", "2008-03-31": "482.50000", "2007-12-31": "483.00000", "2007-09-30": "491.40000", "2007-06-30": "486.00000", "2007-03-31": "486.60000", "2006-12-31": "500.40000", "2006-09-30": "511.70000", "2006-06-30": "516.20000", "2006-03-31": "514.40000", "2005-12-31": "516.00000", "2005-09-30": "543.10000", "2005-06-30": "561.30000", "2005-03-31": "535.60000"}, "Other Non-Current Liabilities": {"2020-09-30": "1072.00000", "2020-06-30": "935.80000", "2020-03-31": "942.10000", "2019-12-31": "966.30000", "2019-09-30": "979.30000", "2019-06-30": "1007.60000", "2019-03-31": "999.60000", "2018-12-31": "941.60000", "2018-09-30": "937.30000", "2018-06-30": "954.30000", "2018-03-31": "974.30000", "2017-12-31": "975.70000", "2017-09-30": "970.20000", "2017-06-30": "1036.60000", "2017-03-31": "1040.70000", "2016-12-31": "1058.50000", "2016-09-30": "1065.90000", "2016-06-30": "1159.90000", "2016-03-31": "1171.70000", "2015-12-31": "1144.70000", "2015-09-30": "1155.40000", "2015-06-30": "1251.00000", "2015-03-31": "1381.50000", "2014-12-31": "1386.10000", "2014-09-30": "1384.20000", "2014-06-30": "1464.70000", "2014-03-31": "1467.20000", "2013-12-31": "1457.40000", "2013-09-30": "1479.40000", "2013-06-30": "1533.90000", "2013-03-31": "1533.60000", "2012-12-31": "1547.30000", "2012-09-30": "1521.80000", "2012-06-30": "1811.50000", "2012-03-31": "1820.00000", "2011-12-31": "1827.30000", "2011-09-30": "2141.00000", "2011-06-30": "2127.00000", "2011-03-31": "2120.00000", "2010-12-31": "3801.00000", "2010-09-30": "2212.00000", "2010-06-30": "1402.00000", "2010-03-31": "1474.00000", "2009-12-31": "1408.00000", "2009-09-30": "1563.90000", "2009-06-30": "713.60000", "2009-03-31": "707.80000", "2008-12-31": "780.30000", "2008-09-30": "940.20000", "2008-06-30": "931.30000", "2008-03-31": "906.70000", "2007-12-31": "904.00000", "2007-09-30": "771.90000", "2007-06-30": "673.30000", "2007-03-31": "588.90000", "2006-12-31": "658.10000", "2006-09-30": "560.50000", "2006-06-30": "521.70000", "2006-03-31": "515.90000", "2005-12-31": "499.70000", "2005-09-30": "515.20000", "2005-06-30": "554.40000", "2005-03-31": "564.70000"}, "Total Long Term Liabilities": {"2020-09-30": "1285.90000", "2020-06-30": "1148.70000", "2020-03-31": "1154.00000", "2019-12-31": "1180.20000", "2019-09-30": "1175.50000", "2019-06-30": "1211.60000", "2019-03-31": "1205.30000", "2018-12-31": "1149.80000", "2018-09-30": "1159.20000", "2018-06-30": "1177.80000", "2018-03-31": "1201.90000", "2017-12-31": "1203.00000", "2017-09-30": "1221.50000", "2017-06-30": "1291.70000", "2017-03-31": "1292.60000", "2016-12-31": "1307.10000", "2016-09-30": "1321.00000", "2016-06-30": "1417.20000", "2016-03-31": "1432.30000", "2015-12-31": "1405.10000", "2015-09-30": "1394.20000", "2015-06-30": "1491.90000", "2015-03-31": "1623.50000", "2014-12-31": "1635.80000", "2014-09-30": "1589.70000", "2014-06-30": "1705.50000", "2014-03-31": "1710.00000", "2013-12-31": "1700.70000", "2013-09-30": "1807.20000", "2013-06-30": "1863.80000", "2013-03-31": "1863.70000", "2012-12-31": "1877.60000", "2012-09-30": "1803.90000", "2012-06-30": "2091.00000", "2012-03-31": "2101.00000", "2011-12-31": "2142.70000", "2011-09-30": "6667.00000", "2011-06-30": "5164.00000", "2011-03-31": "5189.00000", "2010-12-31": "5413.00000", "2010-09-30": "5339.00000", "2010-06-30": "4519.00000", "2010-03-31": "4614.00000", "2009-12-31": "4627.00000", "2009-09-30": "5152.70000", "2009-06-30": "4312.10000", "2009-03-31": "3309.00000", "2008-12-31": "3389.80000", "2008-09-30": "2165.80000", "2008-06-30": "2177.90000", "2008-03-31": "2164.60000", "2007-12-31": "2151.60000", "2007-09-30": "1980.10000", "2007-06-30": "1875.10000", "2007-03-31": "1793.70000", "2006-12-31": "1894.00000", "2006-09-30": "1809.20000", "2006-06-30": "1783.80000", "2006-03-31": "1765.70000", "2005-12-31": "1737.50000", "2005-09-30": "2427.70000", "2005-06-30": "2478.60000", "2005-03-31": "2474.40000"}, "Total Liabilities": {"2020-09-30": "2151.90000", "2020-06-30": "2096.30000", "2020-03-31": "2261.00000", "2019-12-31": "2029.90000", "2019-09-30": "2064.30000", "2019-06-30": "2104.00000", "2019-03-31": "2065.80000", "2018-12-31": "2021.90000", "2018-09-30": "2056.90000", "2018-06-30": "2117.40000", "2018-03-31": "2211.00000", "2017-12-31": "2102.40000", "2017-09-30": "2146.90000", "2017-06-30": "2184.60000", "2017-03-31": "2178.40000", "2016-12-31": "2173.30000", "2016-09-30": "2259.90000", "2016-06-30": "2333.50000", "2016-03-31": "2386.30000", "2015-12-31": "2358.20000", "2015-09-30": "2111.40000", "2015-06-30": "2307.90000", "2015-03-31": "2458.00000", "2014-12-31": "2411.20000", "2014-09-30": "2405.00000", "2014-06-30": "2545.40000", "2014-03-31": "2544.10000", "2013-12-31": "2533.30000", "2013-09-30": "2669.30000", "2013-06-30": "2705.30000", "2013-03-31": "2706.60000", "2012-12-31": "2682.90000", "2012-09-30": "2545.00000", "2012-06-30": "3012.90000", "2012-03-31": "3026.00000", "2011-12-31": "2976.70000", "2011-09-30": "10843.00000", "2011-06-30": "8124.00000", "2011-03-31": "7958.00000", "2010-12-31": "8154.00000", "2010-09-30": "8131.00000", "2010-06-30": "6993.00000", "2010-03-31": "7281.00000", "2009-12-31": "7251.00000", "2009-09-30": "7956.30000", "2009-06-30": "7092.90000", "2009-03-31": "7143.50000", "2008-12-31": "7420.30000", "2008-09-30": "6224.60000", "2008-06-30": "6431.40000", "2008-03-31": "6594.40000", "2007-12-31": "7607.90000", "2007-09-30": "5146.30000", "2007-06-30": "4857.90000", "2007-03-31": "4823.00000", "2006-12-31": "4531.20000", "2006-09-30": "4385.20000", "2006-06-30": "4499.30000", "2006-03-31": "4362.90000", "2005-12-31": "4348.50000", "2005-09-30": "5059.50000", "2005-06-30": "5139.70000", "2005-03-31": "5118.50000"}, "Common Stock Net": {"2020-09-30": "86.40000", "2020-06-30": "86.30000", "2020-03-31": "86.30000", "2019-12-31": "87.80000", "2019-09-30": "87.60000", "2019-06-30": "87.90000", "2019-03-31": "87.80000", "2018-12-31": "87.60000", "2018-09-30": "87.60000", "2018-06-30": "87.60000", "2018-03-31": "87.40000", "2017-12-31": "88.20000", "2017-09-30": "88.00000", "2017-06-30": "88.00000", "2017-03-31": "88.70000", "2016-12-31": "88.40000", "2016-09-30": "88.30000", "2016-06-30": "89.60000", "2016-03-31": "90.00000", "2015-12-31": "89.50000", "2015-09-30": "89.50000", "2015-06-30": "89.40000", "2015-03-31": "89.20000", "2014-12-31": "91.00000", "2014-09-30": "91.60000", "2014-06-30": "91.60000", "2014-03-31": "91.70000", "2013-12-31": "91.00000", "2013-09-30": "90.70000", "2013-06-30": "90.30000", "2013-03-31": "91.20000", "2012-12-31": "91.90000", "2012-09-30": "92.50000", "2012-06-30": "92.20000", "2012-03-31": "93.00000", "2011-12-31": "93.10000", "2011-09-30": "185.00000", "2011-06-30": "184.00000", "2011-03-31": "184.00000", "2010-12-31": "92.00000", "2010-09-30": "183.00000", "2010-06-30": "182.00000", "2010-03-31": "182.00000", "2009-12-31": "181.00000", "2009-09-30": "181.20000", "2009-06-30": "181.10000", "2009-03-31": "180.90000", "2008-12-31": "180.60000", "2008-09-30": "180.40000", "2008-06-30": "180.50000", "2008-03-31": "180.80000", "2007-12-31": "180.70000", "2007-09-30": "180.40000", "2007-06-30": "180.30000", "2007-03-31": "181.30000", "2006-12-31": "182.60000", "2006-09-30": "184.30000", "2006-06-30": "184.20000", "2006-03-31": "184.70000", "2005-12-31": "184.60000", "2005-09-30": "92.30000", "2005-06-30": "92.40000", "2005-03-31": "92.30000"}, "Retained Earnings (Accumulated Deficit)": {"2020-09-30": "2341.90000", "2020-06-30": "2398.20000", "2020-03-31": "2361.80000", "2019-12-31": "2372.40000", "2019-09-30": "2313.60000", "2019-06-30": "2218.80000", "2019-03-31": "2158.10000", "2018-12-31": "2110.30000", "2018-09-30": "2065.70000", "2018-06-30": "1959.30000", "2018-03-31": "1891.80000", "2017-12-31": "1856.10000", "2017-09-30": "1924.50000", "2017-06-30": "1843.60000", "2017-03-31": "1832.60000", "2016-12-31": "1789.20000", "2016-09-30": "1771.20000", "2016-06-30": "1734.60000", "2016-03-31": "1727.20000", "2015-12-31": "1696.70000", "2015-09-30": "1665.30000", "2015-06-30": "1540.90000", "2015-03-31": "1401.70000", "2014-12-31": "1445.10000", "2014-09-30": "1449.50000", "2014-06-30": "1381.00000", "2014-03-31": "1356.10000", "2013-12-31": "1320.30000", "2013-09-30": "1305.00000", "2013-06-30": "872.60000", "2013-03-31": "882.20000", "2012-12-31": "898.80000", "2012-09-30": "913.30000", "2012-06-30": "850.50000", "2012-03-31": "839.00000", "2011-12-31": "852.60000", "2011-09-30": "5709.00000", "2011-06-30": "5676.00000", "2011-03-31": "5539.00000", "2010-12-31": "5441.00000", "2010-09-30": "5168.00000", "2010-06-30": "5058.00000", "2010-03-31": "4850.00000", "2009-12-31": "4737.00000", "2009-09-30": "4556.70000", "2009-06-30": "4533.30000", "2009-03-31": "4358.70000", "2008-12-31": "4203.00000", "2008-09-30": "4035.50000", "2008-06-30": "3854.50000", "2008-03-31": "3680.90000", "2007-12-31": "3528.80000", "2007-09-30": "3378.60000", "2007-06-30": "3159.20000", "2007-03-31": "3040.00000", "2006-12-31": "3029.50000", "2006-09-30": "3002.40000", "2006-06-30": "2871.80000", "2006-03-31": "2785.30000", "2005-12-31": "2666.00000", "2005-09-30": "2877.00000", "2005-06-30": "2770.70000", "2005-03-31": "2653.40000"}, "Comprehensive Income": {"2020-09-30": "-407.40000", "2020-06-30": "-432.70000", "2020-03-31": "-435.70000", "2019-12-31": "-385.30000", "2019-09-30": "-403.60000", "2019-06-30": "-371.50000", "2019-03-31": "-377.30000", "2018-12-31": "-375.50000", "2018-09-30": "-367.70000", "2018-06-30": "-366.60000", "2018-03-31": "-320.60000", "2017-12-31": "-348.20000", "2017-09-30": "-360.90000", "2017-06-30": "-387.20000", "2017-03-31": "-430.90000", "2016-12-31": "-451.20000", "2016-09-30": "-403.50000", "2016-06-30": "-409.00000", "2016-03-31": "-395.80000", "2015-12-31": "-424.10000", "2015-09-30": "-391.50000", "2015-06-30": "-367.90000", "2015-03-31": "-381.60000", "2014-12-31": "-321.20000", "2014-09-30": "-244.20000", "2014-06-30": "-209.90000", "2014-03-31": "-212.20000", "2013-12-31": "-210.30000", "2013-09-30": "-274.60000", "2013-06-30": "-306.80000", "2013-03-31": "-310.70000", "2012-12-31": "-287.50000", "2012-09-30": "-236.20000", "2012-06-30": "-252.00000", "2012-03-31": "-209.00000", "2011-12-31": "-250.90000", "2011-09-30": "-1649.00000", "2011-06-30": "-884.00000", "2011-03-31": "-955.00000", "2010-12-31": "-1072.00000", "2010-09-30": "-1022.00000", "2010-06-30": "-1218.00000", "2010-03-31": "-1113.00000", "2009-12-31": "-1040.00000", "2009-09-30": "-1149.80000", "2009-06-30": "-1255.40000", "2009-03-31": "-1385.30000", "2008-12-31": "-1323.70000", "2008-09-30": "196.40000", "2008-06-30": "336.80000", "2008-03-31": "339.20000", "2007-12-31": "235.30000", "2007-09-30": "-108.00000", "2007-06-30": "-290.50000", "2007-03-31": "-315.00000", "2006-12-31": "-342.70000", "2006-09-30": "-35.70000", "2006-06-30": "-29.00000", "2006-03-31": "-108.80000", "2005-12-31": "-127.20000", "2005-09-30": "-492.40000", "2005-06-30": "-506.30000", "2005-03-31": "-404.90000"}, "Other Share Holders Equity": {"2020-09-30": "", "2020-06-30": "", "2020-03-31": "", "2019-12-31": "", "2019-09-30": "", "2019-06-30": "", "2019-03-31": "", "2018-12-31": "", "2018-09-30": "", "2018-06-30": "", "2018-03-31": "", "2017-12-31": "", "2017-09-30": "", "2017-06-30": "", "2017-03-31": "", "2016-12-31": "", "2016-09-30": "", "2016-06-30": "", "2016-03-31": "", "2015-12-31": "", "2015-09-30": "", "2015-06-30": "", "2015-03-31": "", "2014-12-31": "", "2014-09-30": "", "2014-06-30": "", "2014-03-31": "", "2013-12-31": "", "2013-09-30": "", "2013-06-30": "", "2013-03-31": "", "2012-12-31": "", "2012-09-30": "", "2012-06-30": "", "2012-03-31": "", "2011-12-31": "", "2011-09-30": "", "2011-06-30": "", "2011-03-31": "", "2010-12-31": "", "2010-09-30": "", "2010-06-30": "", "2010-03-31": "", "2009-12-31": "", "2009-09-30": "", "2009-06-30": "", "2009-03-31": "", "2008-12-31": "", "2008-09-30": "", "2008-06-30": "", "2008-03-31": "", "2007-12-31": "", "2007-09-30": "", "2007-06-30": "", "2007-03-31": "", "2006-12-31": "", "2006-09-30": "", "2006-06-30": "", "2006-03-31": "", "2005-12-31": "", "2005-09-30": "", "2005-06-30": "", "2005-03-31": ""}, "Share Holder Equity": {"2020-09-30": "2024.50000", "2020-06-30": "2055.00000", "2020-03-31": "2015.60000", "2019-12-31": "2077.80000", "2019-09-30": "1999.90000", "2019-06-30": "1937.40000", "2019-03-31": "1871.30000", "2018-12-31": "1824.90000", "2018-09-30": "1787.80000", "2018-06-30": "1682.30000", "2018-03-31": "1660.50000", "2017-12-31": "1597.80000", "2017-09-30": "1653.20000", "2017-06-30": "1546.00000", "2017-03-31": "1492.00000", "2016-12-31": "1428.40000", "2016-09-30": "1457.70000", "2016-06-30": "1416.80000", "2016-03-31": "1422.90000", "2015-12-31": "1365.40000", "2015-09-30": "1366.90000", "2015-06-30": "1267.80000", "2015-03-31": "1114.60000", "2014-12-31": "1220.30000", "2014-09-30": "1301.70000", "2014-06-30": "1267.10000", "2014-03-31": "1239.60000", "2013-12-31": "1206.90000", "2013-09-30": "1126.00000", "2013-06-30": "660.50000", "2013-03-31": "667.00000", "2012-12-31": "703.20000", "2012-09-30": "769.60000", "2012-06-30": "690.70000", "2012-03-31": "723.00000", "2011-12-31": "694.80000", "2011-09-30": "4245.00000", "2011-06-30": "4976.00000", "2011-03-31": "4768.00000", "2010-12-31": "4461.00000", "2010-09-30": "4329.00000", "2010-06-30": "4022.00000", "2010-03-31": "3919.00000", "2009-12-31": "3878.00000", "2009-09-30": "3588.10000", "2009-06-30": "3459.00000", "2009-03-31": "3154.30000", "2008-12-31": "3059.90000", "2008-09-30": "4412.30000", "2008-06-30": "4371.80000", "2008-03-31": "4200.90000", "2007-12-31": "3944.80000", "2007-09-30": "3451.00000", "2007-06-30": "3049.00000", "2007-03-31": "2906.30000", "2006-12-31": "2869.40000", "2006-09-30": "3151.00000", "2006-06-30": "3027.00000", "2006-03-31": "2861.20000", "2005-12-31": "2723.40000", "2005-09-30": "2476.90000", "2005-06-30": "2356.80000", "2005-03-31": "2344.20000"}, "Total Liabilities And Share Holders Equity": {"2020-09-30": "4176.40000", "2020-06-30": "4151.30000", "2020-03-31": "4276.60000", "2019-12-31": "4107.70000", "2019-09-30": "4064.20000", "2019-06-30": "4041.40000", "2019-03-31": "3937.10000", "2018-12-31": "3846.80000", "2018-09-30": "3844.70000", "2018-06-30": "3799.70000", "2018-03-31": "3871.50000", "2017-12-31": "3700.20000", "2017-09-30": "3800.10000", "2017-06-30": "3730.60000", "2017-03-31": "3670.40000", "2016-12-31": "3601.70000", "2016-09-30": "3717.60000", "2016-06-30": "3750.30000", "2016-03-31": "3809.20000", "2015-12-31": "3723.60000", "2015-09-30": "3478.30000", "2015-06-30": "3575.70000", "2015-03-31": "3572.60000", "2014-12-31": "3631.50000", "2014-09-30": "3706.70000", "2014-06-30": "3812.50000", "2014-03-31": "3783.70000", "2013-12-31": "3740.20000", "2013-09-30": "3795.30000", "2013-06-30": "3365.80000", "2013-03-31": "3373.60000", "2012-12-31": "3386.10000", "2012-09-30": "3314.60000", "2012-06-30": "3703.60000", "2012-03-31": "3749.00000", "2011-12-31": "3671.50000", "2011-09-30": "15088.00000", "2011-06-30": "13100.00000", "2011-03-31": "12726.00000", "2010-12-31": "12615.00000", "2010-09-30": "12460.00000", "2010-06-30": "11015.00000", "2010-03-31": "11200.00000", "2009-12-31": "11129.00000", "2009-09-30": "11544.40000", "2009-06-30": "10551.90000", "2009-03-31": "10297.80000", "2008-12-31": "10480.20000", "2008-09-30": "10636.90000", "2008-06-30": "10803.20000", "2008-03-31": "10795.30000", "2007-12-31": "11552.70000", "2007-09-30": "8597.30000", "2007-06-30": "7906.90000", "2007-03-31": "7729.30000", "2006-12-31": "7400.60000", "2006-09-30": "7536.20000", "2006-06-30": "7526.30000", "2006-03-31": "7224.10000", "2005-12-31": "7071.90000", "2005-09-30": "7536.40000", "2005-06-30": "7496.50000", "2005-03-31": "7462.70000"}}, "cash flow statement": {"Net Income/Loss": {"2019-12-31": "323.40000", "2018-12-31": "332.40000", "2017-12-31": "115.00000", "2016-12-31": "181.90000", "2015-12-31": "351.60000", "2014-12-31": "186.80000", "2013-12-31": "490.90000", "2012-12-31": "125.40000", "2011-12-31": "-129.50000", "2010-12-31": "804.30000", "2009-12-31": "629.00000", "2008-12-31": "795.00000", "2007-12-31": "742.10000", "2006-12-31": "581.10000", "2005-12-31": "359.50000"}, "Total Depreciation And Amortization - Cash Flow": {"2019-12-31": "113.40000", "2018-12-31": "109.40000", "2017-12-31": "105.30000", "2016-12-31": "102.00000", "2015-12-31": "90.00000", "2014-12-31": "88.30000", "2013-12-31": "86.90000", "2012-12-31": "71.10000", "2011-12-31": "71.30000", "2010-12-31": "64.20000", "2009-12-31": "65.00000", "2008-12-31": "274.00000", "2007-12-31": "185.40000", "2006-12-31": "171.60000", "2005-12-31": "174.40000"}, "Other Non-Cash Items": {"2019-12-31": "-17.10000", "2018-12-31": "-80.90000", "2017-12-31": "54.00000", "2016-12-31": "-43.50000", "2015-12-31": "-132.50000", "2014-12-31": "2.80000", "2013-12-31": "-358.60000", "2012-12-31": "-9.60000", "2011-12-31": "-44.40000", "2010-12-31": "-660.30000", "2009-12-31": "-607.00000", "2008-12-31": "28.00000", "2007-12-31": "-129.20000", "2006-12-31": "-50.20000", "2005-12-31": "182.70000"}, "Total Non-Cash Items": {"2019-12-31": "96.30000", "2018-12-31": "28.50000", "2017-12-31": "159.30000", "2016-12-31": "58.50000", "2015-12-31": "-42.50000", "2014-12-31": "91.10000", "2013-12-31": "-271.70000", "2012-12-31": "61.50000", "2011-12-31": "26.90000", "2010-12-31": "-596.10000", "2009-12-31": "-542.00000", "2008-12-31": "302.00000", "2007-12-31": "56.20000", "2006-12-31": "121.40000", "2005-12-31": "357.10000"}, "Change In Accounts Receivable": {"2019-12-31": "-40.60000", "2018-12-31": "-2.70000", "2017-12-31": "-59.30000", "2016-12-31": "22.50000", "2015-12-31": "-72.00000", "2014-12-31": "-45.10000", "2013-12-31": "-60.70000", "2012-12-31": "-17.70000", "2011-12-31": "-71.00000", "2010-12-31": "1.90000", "2009-12-31": "5.00000", "2008-12-31": "-108.00000", "2007-12-31": "-252.50000", "2006-12-31": "-61.20000", "2005-12-31": "-183.90000"}, "Change In Inventories": {"2019-12-31": "-0.60000", "2018-12-31": "-13.30000", "2017-12-31": "14.20000", "2016-12-31": "-7.20000", "2015-12-31": "31.50000", "2014-12-31": "-3.10000", "2013-12-31": "-10.70000", "2012-12-31": "-8.70000", "2011-12-31": "-37.00000", "2010-12-31": "-39.30000", "2009-12-31": "-7.00000", "2008-12-31": "70.00000", "2007-12-31": "111.80000", "2006-12-31": "-101.40000", "2005-12-31": "-26.20000"}, "Change In Accounts Payable": {"2019-12-31": "", "2018-12-31": "", "2017-12-31": "", "2016-12-31": "0.70000", "2015-12-31": "11.00000", "2014-12-31": "-5.80000", "2013-12-31": "4.50000", "2012-12-31": "-4.30000", "2011-12-31": "3.30000", "2010-12-31": "", "2009-12-31": "", "2008-12-31": "", "2007-12-31": "", "2006-12-31": "", "2005-12-31": ""}, "Change In Assets/Liabilities": {"2019-12-31": "5.40000", "2018-12-31": "11.00000", "2017-12-31": "-1.20000", "2016-12-31": "17.40000", "2015-12-31": "3.30000", "2014-12-31": "36.40000", "2013-12-31": "10.10000", "2012-12-31": "51.20000", "2011-12-31": "-52.40000", "2010-12-31": "-15.20000", "2009-12-31": "69.00000", "2008-12-31": "-16.00000", "2007-12-31": "21.60000", "2006-12-31": "-35.90000", "2005-12-31": "-9.00000"}, "Total Change In Assets/Liabilities": {"2019-12-31": "-62.00000", "2018-12-31": "10.90000", "2017-12-31": "-27.10000", "2016-12-31": "0.30000", "2015-12-31": "-79.40000", "2014-12-31": "-33.20000", "2013-12-31": "7.40000", "2012-12-31": "60.20000", "2011-12-31": "-219.80000", "2010-12-31": "-282.40000", "2009-12-31": "174.00000", "2008-12-31": "10.00000", "2007-12-31": "-0.20000", "2006-12-31": "78.20000", "2005-12-31": "-3.70000"}, "Cash Flow From Operating Activities": {"2019-12-31": "357.70000", "2018-12-31": "371.80000", "2017-12-31": "247.20000", "2016-12-31": "240.70000", "2015-12-31": "229.70000", "2014-12-31": "244.70000", "2013-12-31": "226.60000", "2012-12-31": "247.10000", "2011-12-31": "-322.40000", "2010-12-31": "-74.20000", "2009-12-31": "261.00000", "2008-12-31": "1107.00000", "2007-12-31": "798.10000", "2006-12-31": "780.70000", "2005-12-31": "712.90000"}, "Net Change In Property, Plant, And Equipment": {"2019-12-31": "-91.40000", "2018-12-31": "-95.50000", "2017-12-31": "-113.30000", "2016-12-31": "-111.40000", "2015-12-31": "-86.70000", "2014-12-31": "-118.80000", "2013-12-31": "-122.90000", "2012-12-31": "-83.80000", "2011-12-31": "-102.30000", "2010-12-31": "-126.30000", "2009-12-31": "-92.00000", "2008-12-31": "-248.00000", "2007-12-31": "-239.30000", "2006-12-31": "-177.10000", "2005-12-31": "-164.40000"}, "Net Change In Intangible Assets": {"2019-12-31": "", "2018-12-31": "", "2017-12-31": "", "2016-12-31": "", "2015-12-31": "", "2014-12-31": "", "2013-12-31": "", "2012-12-31": "", "2011-12-31": "", "2010-12-31": "", "2009-12-31": "", "2008-12-31": "", "2007-12-31": "", "2006-12-31": "", "2005-12-31": ""}, "Net Acquisitions/Divestitures": {"2019-12-31": "-112.20000", "2018-12-31": "43.20000", "2017-12-31": "-109.90000", "2016-12-31": "-5.80000", "2015-12-31": "-341.50000", "2014-12-31": "0.90000", "2013-12-31": "3.00000", "2012-12-31": "-153.70000", "2011-12-31": "-5.20000", "2010-12-31": "-8.30000", "2009-12-31": "6.00000", "2008-12-31": "-254.00000", "2007-12-31": "-1725.60000", "2006-12-31": "137.10000", "2005-12-31": "-44.10000"}, "Net Change In Short-term Investments": {"2019-12-31": "", "2018-12-31": "", "2017-12-31": "", "2016-12-31": "", "2015-12-31": "", "2014-12-31": "", "2013-12-31": "", "2012-12-31": "", "2011-12-31": "", "2010-12-31": "", "2009-12-31": "", "2008-12-31": "", "2007-12-31": "", "2006-12-31": "", "2005-12-31": ""}, "Net Change In Long-Term Investments": {"2019-12-31": "", "2018-12-31": "", "2017-12-31": "", "2016-12-31": "62.90000", "2015-12-31": "-61.60000", "2014-12-31": "103.60000", "2013-12-31": "-72.00000", "2012-12-31": "-38.20000", "2011-12-31": "", "2010-12-31": "", "2009-12-31": "", "2008-12-31": "", "2007-12-31": "", "2006-12-31": "", "2005-12-31": ""}, "Net Change In Investments - Total": {"2019-12-31": "", "2018-12-31": "", "2017-12-31": "", "2016-12-31": "62.90000", "2015-12-31": "-61.60000", "2014-12-31": "103.60000", "2013-12-31": "-72.00000", "2012-12-31": "-38.20000", "2011-12-31": "", "2010-12-31": "", "2009-12-31": "", "2008-12-31": "", "2007-12-31": "", "2006-12-31": "", "2005-12-31": ""}, "Investing Activities - Other": {"2019-12-31": "0.20000", "2018-12-31": "", "2017-12-31": "", "2016-12-31": "-0.10000", "2015-12-31": "4.30000", "2014-12-31": "-0.20000", "2013-12-31": "3.10000", "2012-12-31": "1.00000", "2011-12-31": "1.00000", "2010-12-31": "-0.40000", "2009-12-31": "", "2008-12-31": "", "2007-12-31": "6.80000", "2006-12-31": "-6.30000", "2005-12-31": "-2.20000"}, "Cash Flow From Investing Activities": {"2019-12-31": "-203.40000", "2018-12-31": "-52.30000", "2017-12-31": "-223.20000", "2016-12-31": "-54.40000", "2015-12-31": "-485.50000", "2014-12-31": "-14.50000", "2013-12-31": "-188.80000", "2012-12-31": "-274.70000", "2011-12-31": "-106.50000", "2010-12-31": "-135.00000", "2009-12-31": "-86.00000", "2008-12-31": "-502.00000", "2007-12-31": "-1958.10000", "2006-12-31": "-46.30000", "2005-12-31": "-210.70000"}, "Net Long-Term Debt": {"2019-12-31": "-22.30000", "2018-12-31": "-44.00000", "2017-12-31": "54.60000", "2016-12-31": "17.90000", "2015-12-31": "90.90000", "2014-12-31": "-39.70000", "2013-12-31": "19.00000", "2012-12-31": "0.30000", "2011-12-31": "-1318.70000", "2010-12-31": "-78.70000", "2009-12-31": "963.00000", "2008-12-31": "-22.00000", "2007-12-31": "-14.70000", "2006-12-31": "-12.80000", "2005-12-31": "-17.20000"}, "Net Current Debt": {"2019-12-31": "", "2018-12-31": "12.70000", "2017-12-31": "-100.00000", "2016-12-31": "-50.60000", "2015-12-31": "150.00000", "2014-12-31": "", "2013-12-31": "", "2012-12-31": "-24.80000", "2011-12-31": "3.50000", "2010-12-31": "-56.00000", "2009-12-31": "-1607.00000", "2008-12-31": "-1229.00000", "2007-12-31": "2311.90000", "2006-12-31": "-155.60000", "2005-12-31": "27.20000"}, "Debt Issuance/Retirement Net - Total": {"2019-12-31": "-22.30000", "2018-12-31": "-31.30000", "2017-12-31": "-45.40000", "2016-12-31": "-32.70000", "2015-12-31": "240.90000", "2014-12-31": "-39.70000", "2013-12-31": "19.00000", "2012-12-31": "-24.50000", "2011-12-31": "-1315.20000", "2010-12-31": "-134.70000", "2009-12-31": "-644.00000", "2008-12-31": "-1251.00000", "2007-12-31": "2297.20000", "2006-12-31": "-168.40000", "2005-12-31": "10.00000"}, "Net Common Equity Issued/Repurchased": {"2019-12-31": "-26.50000", "2018-12-31": "-50.30000", "2017-12-31": "-21.70000", "2016-12-31": "-65.50000", "2015-12-31": "-77.80000", "2014-12-31": "-45.10000", "2013-12-31": "-53.10000", "2012-12-31": "-58.80000", "2011-12-31": "53.40000", "2010-12-31": "27.50000", "2009-12-31": "15.00000", "2008-12-31": "-41.00000", "2007-12-31": "-233.60000", "2006-12-31": "-141.00000", "2005-12-31": "-182.50000"}, "Net Total Equity Issued/Repurchased": {"2019-12-31": "-26.50000", "2018-12-31": "-50.30000", "2017-12-31": "-21.70000", "2016-12-31": "-65.50000", "2015-12-31": "-77.80000", "2014-12-31": "-45.10000", "2013-12-31": "-53.10000", "2012-12-31": "-58.80000", "2011-12-31": "53.40000", "2010-12-31": "27.50000", "2009-12-31": "15.00000", "2008-12-31": "-41.00000", "2007-12-31": "-233.60000", "2006-12-31": "-141.00000", "2005-12-31": "-182.50000"}, "Total Common And Preferred Stock Dividends Paid": {"2019-12-31": "-52.10000", "2018-12-31": "-47.30000", "2017-12-31": "-45.40000", "2016-12-31": "-44.60000", "2015-12-31": "-42.80000", "2014-12-31": "-40.70000", "2013-12-31": "-36.40000", "2012-12-31": "-34.20000", "2011-12-31": "-193.00000", "2010-12-31": "-176.40000", "2009-12-31": "-148.00000", "2008-12-31": "-121.00000", "2007-12-31": "-96.60000", "2006-12-31": "-77.60000", "2005-12-31": "-65.60000"}, "Financial Activities - Other": {"2019-12-31": "-0.60000", "2018-12-31": "0.10000", "2017-12-31": "", "2016-12-31": "0.90000", "2015-12-31": "0.10000", "2014-12-31": "8.90000", "2013-12-31": "12.20000", "2012-12-31": "9.50000", "2011-12-31": "2377.10000", "2010-12-31": "531.70000", "2009-12-31": "280.00000", "2008-12-31": "6.00000", "2007-12-31": "14.10000", "2006-12-31": "16.80000", "2005-12-31": "-0.10000"}, "Cash Flow From Financial Activities": {"2019-12-31": "-101.50000", "2018-12-31": "-128.80000", "2017-12-31": "-112.50000", "2016-12-31": "-141.90000", "2015-12-31": "120.40000", "2014-12-31": "-116.60000", "2013-12-31": "-58.30000", "2012-12-31": "-108.00000", "2011-12-31": "922.30000", "2010-12-31": "248.10000", "2009-12-31": "-497.00000", "2008-12-31": "-1407.00000", "2007-12-31": "1981.10000", "2006-12-31": "-370.20000", "2005-12-31": "-238.20000"}, "Net Cash Flow": {"2019-12-31": "50.70000", "2018-12-31": "171.20000", "2017-12-31": "-70.90000", "2016-12-31": "45.00000", "2015-12-31": "-168.30000", "2014-12-31": "76.70000", "2013-12-31": "-37.20000", "2012-12-31": "-145.30000", "2011-12-31": "57.50000", "2010-12-31": "-183.30000", "2009-12-31": "-16.00000", "2008-12-31": "-875.00000", "2007-12-31": "902.90000", "2006-12-31": "486.10000", "2005-12-31": "188.10000"}, "Stock-Based Compensation": {"2019-12-31": "15.70000", "2018-12-31": "21.60000", "2017-12-31": "18.10000", "2016-12-31": "12.60000", "2015-12-31": "15.70000", "2014-12-31": "14.00000", "2013-12-31": "13.10000", "2012-12-31": "12.40000", "2011-12-31": "11.50000", "2010-12-31": "13.70000", "2009-12-31": "18.00000", "2008-12-31": "30.00000", "2007-12-31": "34.60000", "2006-12-31": "22.90000", "2005-12-31": "1.50000"}, "Common Stock Dividends Paid": {"2019-12-31": "-52.10000", "2018-12-31": "-47.30000", "2017-12-31": "-45.40000", "2016-12-31": "-44.60000", "2015-12-31": "-42.80000", "2014-12-31": "-40.70000", "2013-12-31": "-36.40000", "2012-12-31": "-34.20000", "2011-12-31": "-193.00000", "2010-12-31": "-176.40000", "2009-12-31": "-148.00000", "2008-12-31": "-121.00000", "2007-12-31": "-96.60000", "2006-12-31": "-77.60000", "2005-12-31": "-65.60000"}}, "cash flow statement, quarterly": {"Net Income/Loss": {"2020-09-30": -48, "2020-06-30": 46.4, "2020-03-31": "83.70000", "2019-12-31": 66.5, "2019-09-30": 118.7, "2019-06-30": 66.9, "2019-03-31": "71.30000", "2018-12-31": 50.6, "2018-09-30": 111, "2018-06-30": 69.7, "2018-03-31": "101.10000", "2017-12-31": -65.4, "2017-09-30": 86.9, "2017-06-30": 47.9, "2017-03-31": "45.60000", "2016-12-31": 21.4, "2016-09-30": 90.2, "2016-06-30": 33, "2016-03-31": "37.30000", "2015-12-31": 36.5, "2015-09-30": 130.7, "2015-06-30": 142.4, "2015-03-31": "42.00000", "2014-12-31": 34.2, "2014-09-30": 80.7, "2014-06-30": 38.7, "2014-03-31": "33.20000", "2013-12-31": 12.4, "2013-09-30": 431.4, "2013-06-30": 25.9, "2013-03-31": "21.20000", "2012-12-31": 32.4, "2012-09-30": 73, "2012-06-30": 16.8, "2012-03-31": "3.20000", "2011-12-31": -529, "2011-09-30": 108.5, "2011-06-30": 170, "2011-03-31": "121.00000", "2010-12-31": 275.3, "2010-09-30": 145, "2010-06-30": 238, "2010-03-31": "146.00000", "2009-12-31": 184, "2009-09-30": 60, "2009-06-30": 201, "2009-03-31": "184.00000", "2008-12-31": 185.8, "2008-09-30": 216.3, "2008-06-30": 221, "2008-03-31": "171.90000", "2007-12-31": 158.3, "2007-09-30": 230.1, "2007-06-30": 213.7, "2007-03-31": "140.00000", "2006-12-31": 140.8, "2006-09-30": 143.5, "2006-06-30": 140.9, "2006-03-31": "155.90000", "2005-12-31": -84, "2005-09-30": 189.3, "2005-06-30": 137.7, "2005-03-31": "116.50000"}, "Total Depreciation And Amortization - Cash Flow": {"2020-09-30": 27.5, "2020-06-30": 27.1, "2020-03-31": "27.40000", "2019-12-31": 32.3, "2019-09-30": 28.1, "2019-06-30": 26.6, "2019-03-31": "26.40000", "2018-12-31": 26.9, "2018-09-30": 27.3, "2018-06-30": 27.6, "2018-03-31": "27.60000", "2017-12-31": 27.7, "2017-09-30": 27.2, "2017-06-30": 25.6, "2017-03-31": "24.80000", "2016-12-31": 25.5, "2016-09-30": 25.4, "2016-06-30": 25.8, "2016-03-31": "25.30000", "2015-12-31": 26.9, "2015-09-30": 21.2, "2015-06-30": 21.2, "2015-03-31": "20.70000", "2014-12-31": 24.1, "2014-09-30": 22, "2014-06-30": 21.1, "2014-03-31": "21.10000", "2013-12-31": 20.4, "2013-09-30": 21.9, "2013-06-30": 20.1, "2013-03-31": "24.50000", "2012-12-31": 21.1, "2012-09-30": 17.2, "2012-06-30": 16.6, "2012-03-31": "16.20000", "2011-12-31": 18, "2011-09-30": 17.3, "2011-06-30": 18, "2011-03-31": "18.00000", "2010-12-31": -149.8, "2010-09-30": 74, "2010-06-30": 72, "2010-03-31": "68.00000", "2009-12-31": -149, "2009-09-30": 74, "2009-06-30": 74, "2009-03-31": "66.00000", "2008-12-31": 58.2, "2008-09-30": 67.2, "2008-06-30": 77.4, "2008-03-31": "71.20000", "2007-12-31": 24.1, "2007-09-30": 72.5, "2007-06-30": 44.6, "2007-03-31": "44.20000", "2006-12-31": 44.5, "2006-09-30": 42.9, "2006-06-30": 41.9, "2006-03-31": "42.30000", "2005-12-31": 45.7, "2005-09-30": 31.7, "2005-06-30": 47.5, "2005-03-31": "49.50000"}, "Other Non-Cash Items": {"2020-09-30": 146.8, "2020-06-30": 30.3, "2020-03-31": "-17.00000", "2019-12-31": 16.3, "2019-09-30": -66, "2019-06-30": 17.5, "2019-03-31": "15.10000", "2018-12-31": -4.9, "2018-09-30": -53.5, "2018-06-30": 5.5, "2018-03-31": "-28.00000", "2017-12-31": 114.3, "2017-09-30": -67.2, "2017-06-30": 0.8, "2017-03-31": "6.10000", "2016-12-31": 14.4, "2016-09-30": -79.8, "2016-06-30": 10.1, "2016-03-31": "11.80000", "2015-12-31": 10.6, "2015-09-30": -69, "2015-06-30": -85.4, "2015-03-31": "11.30000", "2014-12-31": 9.3, "2014-09-30": -40.6, "2014-06-30": 17.5, "2014-03-31": "16.60000", "2013-12-31": -363.9, "2013-09-30": -17.8, "2013-06-30": 9.6, "2013-03-31": "13.50000", "2012-12-31": 15, "2012-09-30": -10.3, "2012-06-30": 10.9, "2012-03-31": "-25.20000", "2011-12-31": 354.9, "2011-09-30": -135.1, "2011-06-30": -176.2, "2011-03-31": "-88.00000", "2010-12-31": -536.3, "2010-09-30": -126, "2010-06-30": -4, "2010-03-31": "6.00000", "2009-12-31": -783, "2009-09-30": 187, "2009-06-30": -2, "2009-03-31": "-9.00000", "2008-12-31": 24.5, "2008-09-30": 4, "2008-06-30": 3.4, "2008-03-31": "-3.90000", "2007-12-31": -45.3, "2007-09-30": -83.2, "2007-06-30": -0.2, "2007-03-31": "-0.50000", "2006-12-31": -0.2, "2006-09-30": 1.8, "2006-06-30": 0.2, "2006-03-31": "-52.00000", "2005-12-31": 208.2, "2005-09-30": -26.7, "2005-06-30": -12.5, "2005-03-31": "13.70000"}, "Total Non-Cash Items": {"2020-09-30": 174.3, "2020-06-30": 57.4, "2020-03-31": "10.40000", "2019-12-31": 48.6, "2019-09-30": -37.9, "2019-06-30": 44.1, "2019-03-31": "41.50000", "2018-12-31": 22, "2018-09-30": -26.2, "2018-06-30": 33.1, "2018-03-31": "-0.40000", "2017-12-31": 142, "2017-09-30": -40, "2017-06-30": 26.4, "2017-03-31": "30.90000", "2016-12-31": 39.9, "2016-09-30": -54.4, "2016-06-30": 35.9, "2016-03-31": "37.10000", "2015-12-31": 37.5, "2015-09-30": -47.8, "2015-06-30": -64.2, "2015-03-31": "32.00000", "2014-12-31": 33.4, "2014-09-30": -18.6, "2014-06-30": 38.6, "2014-03-31": "37.70000", "2013-12-31": -343.5, "2013-09-30": 4.1, "2013-06-30": 29.7, "2013-03-31": "38.00000", "2012-12-31": 36.1, "2012-09-30": 6.9, "2012-06-30": 27.5, "2012-03-31": "-9.00000", "2011-12-31": 372.9, "2011-09-30": -117.8, "2011-06-30": -158.2, "2011-03-31": "-70.00000", "2010-12-31": -686.1, "2010-09-30": -52, "2010-06-30": 68, "2010-03-31": "74.00000", "2009-12-31": -932, "2009-09-30": 261, "2009-06-30": 72, "2009-03-31": "57.00000", "2008-12-31": 82.7, "2008-09-30": 71.2, "2008-06-30": 80.8, "2008-03-31": "67.30000", "2007-12-31": -21.2, "2007-09-30": -10.7, "2007-06-30": 44.4, "2007-03-31": "43.70000", "2006-12-31": 44.3, "2006-09-30": 44.7, "2006-06-30": 42.1, "2006-03-31": "-9.70000", "2005-12-31": 253.9, "2005-09-30": 5, "2005-06-30": 35, "2005-03-31": "63.20000"}, "Change In Accounts Receivable": {"2020-09-30": -19.4, "2020-06-30": 110.6, "2020-03-31": "-13.40000", "2019-12-31": 1.3, "2019-09-30": 11, "2019-06-30": -5.8, "2019-03-31": "-47.10000", "2018-12-31": 20.8, "2018-09-30": -8.3, "2018-06-30": -1.9, "2018-03-31": "-13.30000", "2017-12-31": -12.1, "2017-09-30": -11.6, "2017-06-30": -0.9, "2017-03-31": "-34.70000", "2016-12-31": 36.4, "2016-09-30": 31.7, "2016-06-30": -24.6, "2016-03-31": "-21.00000", "2015-12-31": 5.2, "2015-09-30": -5.4, "2015-06-30": -15.1, "2015-03-31": "-56.70000", "2014-12-31": 48.4, "2014-09-30": -14.2, "2014-06-30": 20.7, "2014-03-31": "-100.00000", "2013-12-31": 45.8, "2013-09-30": -42.3, "2013-06-30": 8.3, "2013-03-31": "-72.50000", "2012-12-31": 41.5, "2012-09-30": 1, "2012-06-30": -1.4, "2012-03-31": "-58.80000", "2011-12-31": 15.6, "2011-09-30": -7.4, "2011-06-30": -26.2, "2011-03-31": "-53.00000", "2010-12-31": 106.9, "2010-09-30": 16, "2010-06-30": -49, "2010-03-31": "-72.00000", "2009-12-31": -182, "2009-09-30": 49, "2009-06-30": 83, "2009-03-31": "55.00000", "2008-12-31": -163.1, "2008-09-30": 112.3, "2008-06-30": -54.5, "2008-03-31": "-2.70000", "2007-12-31": -136.1, "2007-09-30": 14.2, "2007-06-30": -75.9, "2007-03-31": "-54.70000", "2006-12-31": 7.3, "2006-09-30": 48.8, "2006-06-30": -74.7, "2006-03-31": "-42.60000", "2005-12-31": -12.1, "2005-09-30": 11.2, "2005-06-30": -100.5, "2005-03-31": "-82.50000"}, "Change In Inventories": {"2020-09-30": 11.8, "2020-06-30": 1.4, "2020-03-31": "0.60000", "2019-12-31": 27.6, "2019-09-30": -0.8, "2019-06-30": -10.1, "2019-03-31": "-17.30000", "2018-12-31": 8.9, "2018-09-30": 0.6, "2018-06-30": -2.1, "2018-03-31": "-20.70000", "2017-12-31": 18.4, "2017-09-30": -6.5, "2017-06-30": 3.9, "2017-03-31": "-1.60000", "2016-12-31": 1.7, "2016-09-30": -5.2, "2016-06-30": 0.3, "2016-03-31": "-4.00000", "2015-12-31": 37.8, "2015-09-30": -8.3, "2015-06-30": -1.6, "2015-03-31": "3.60000", "2014-12-31": 3.2, "2014-09-30": -12.1, "2014-06-30": -19.8, "2014-03-31": "25.60000", "2013-12-31": -18.1, "2013-09-30": 25.6, "2013-06-30": -2.8, "2013-03-31": "-15.40000", "2012-12-31": 6.4, "2012-09-30": -6.3, "2012-06-30": 1.8, "2012-03-31": "-10.60000", "2011-12-31": 9.2, "2011-09-30": -19.9, "2011-06-30": -12.3, "2011-03-31": "-14.00000", "2010-12-31": 0.7, "2010-09-30": -42, "2010-06-30": -1, "2010-03-31": "3.00000", "2009-12-31": -19, "2009-09-30": 61, "2009-06-30": -5, "2009-03-31": "-44.00000", "2008-12-31": 68.7, "2008-09-30": 16.3, "2008-06-30": 34.7, "2008-03-31": "-49.70000", "2007-12-31": 94.1, "2007-09-30": 47.1, "2007-06-30": 5, "2007-03-31": "-34.40000", "2006-12-31": -24.5, "2006-09-30": -26.8, "2006-06-30": -6.3, "2006-03-31": "-43.80000", "2005-12-31": -7.5, "2005-09-30": 10.6, "2005-06-30": -12, "2005-03-31": "-17.30000"}, "Change In Accounts Payable": {"2020-09-30": 62.3, "2020-06-30": -55.9, "2020-03-31": "-6.40000", "2019-12-31": 0, "2019-09-30": -11.4, "2019-06-30": -7.4, "2019-03-31": "18.80000", "2018-12-31": 0, "2018-09-30": 0, "2018-06-30": -10.4, "2018-03-31": "10.40000", "2017-12-31": -3.4, "2017-09-30": 11.2, "2017-06-30": -7.8, "2017-03-31": "", "2016-12-31": 16.9, "2016-09-30": -16.2, "2016-06-30": 14.8, "2016-03-31": "-14.80000", "2015-12-31": 11, "2015-09-30": 0, "2015-06-30": 0, "2015-03-31": "", "2014-12-31": -5.8, "2014-09-30": 0.4, "2014-06-30": -0.4, "2014-03-31": "", "2013-12-31": 4.5, "2013-09-30": 0, "2013-06-30": 0, "2013-03-31": "", "2012-12-31": 7.2, "2012-09-30": -11.5, "2012-06-30": 0, "2012-03-31": "", "2011-12-31": -49.1, "2011-09-30": 52.4, "2011-06-30": 0, "2011-03-31": "", "2010-12-31": 0, "2010-09-30": 0, "2010-06-30": 0, "2010-03-31": "", "2009-12-31": 0, "2009-09-30": 0, "2009-06-30": 0, "2009-03-31": "", "2008-12-31": 0, "2008-09-30": 0, "2008-06-30": 0, "2008-03-31": "", "2007-12-31": 0, "2007-09-30": 0, "2007-06-30": 0, "2007-03-31": "", "2006-12-31": 0, "2006-09-30": 0, "2006-06-30": 0, "2006-03-31": "", "2005-12-31": 0, "2005-09-30": 0, "2005-06-30": 0, "2005-03-31": ""}, "Change In Assets/Liabilities": {"2020-09-30": 5.7, "2020-06-30": -7.2, "2020-03-31": "-12.70000", "2019-12-31": 37.9, "2019-09-30": -3.1, "2019-06-30": -30.4, "2019-03-31": "1.00000", "2018-12-31": -4.6, "2018-09-30": 12.9, "2018-06-30": 6.3, "2018-03-31": "-3.60000", "2017-12-31": 8.3, "2017-09-30": 1.2, "2017-06-30": -3, "2017-03-31": "-7.70000", "2016-12-31": 25.3, "2016-09-30": -8.2, "2016-06-30": 3.8, "2016-03-31": "-3.50000", "2015-12-31": 3.2, "2015-09-30": 8.3, "2015-06-30": -0.1, "2015-03-31": "-8.10000", "2014-12-31": 25.3, "2014-09-30": -2.2, "2014-06-30": 13.6, "2014-03-31": "-0.30000", "2013-12-31": 23.5, "2013-09-30": -22.1, "2013-06-30": 3.6, "2013-03-31": "5.10000", "2012-12-31": 17.5, "2012-09-30": 1, "2012-06-30": 19.6, "2012-03-31": "13.10000", "2011-12-31": -44.9, "2011-09-30": 33.3, "2011-06-30": -15.8, "2011-03-31": "-25.00000", "2010-12-31": -156.2, "2010-09-30": 215, "2010-06-30": 0, "2010-03-31": "-74.00000", "2009-12-31": 86, "2009-09-30": 14, "2009-06-30": 8, "2009-03-31": "-39.00000", "2008-12-31": 6.6, "2008-09-30": -3.9, "2008-06-30": 13.6, "2008-03-31": "-32.30000", "2007-12-31": 101.5, "2007-09-30": 8.4, "2007-06-30": 8.7, "2007-03-31": "-97.00000", "2006-12-31": 39, "2006-09-30": 15.5, "2006-06-30": 19.7, "2006-03-31": "-110.10000", "2005-12-31": 94.9, "2005-09-30": 3.1, "2005-06-30": 8.5, "2005-03-31": "-115.50000"}, "Total Change In Assets/Liabilities": {"2020-09-30": -11.3, "2020-06-30": 45.8, "2020-03-31": "-40.60000", "2019-12-31": 20.9, "2019-09-30": 39.8, "2019-06-30": -52, "2019-03-31": "-70.70000", "2018-12-31": 52.6, "2018-09-30": 42.5, "2018-06-30": -25.9, "2018-03-31": "-58.30000", "2017-12-31": -7.7, "2017-09-30": 38.8, "2017-06-30": -8.6, "2017-03-31": "-49.60000", "2016-12-31": 32.7, "2016-09-30": 39.3, "2016-06-30": -3, "2016-03-31": "-68.70000", "2015-12-31": 8.6, "2015-09-30": -25.3, "2015-06-30": 3.1, "2015-03-31": "-65.80000", "2014-12-31": 45.2, "2014-09-30": -14.5, "2014-06-30": 20.2, "2014-03-31": "-84.10000", "2013-12-31": 459.1, "2013-09-30": -405.7, "2013-06-30": 25.5, "2013-03-31": "-71.50000", "2012-12-31": 3.3, "2012-09-30": -6.6, "2012-06-30": 39.3, "2012-03-31": "24.20000", "2011-12-31": -54.5, "2011-09-30": 66.7, "2011-06-30": -136, "2011-03-31": "-96.00000", "2010-12-31": -317.4, "2010-09-30": 205, "2010-06-30": -17, "2010-03-31": "-153.00000", "2009-12-31": -39, "2009-09-30": 181, "2009-06-30": 60, "2009-03-31": "-28.00000", "2008-12-31": -57.5, "2008-09-30": 118.3, "2008-06-30": -30.9, "2008-03-31": "-19.90000", "2007-12-31": 170.9, "2007-09-30": 131.3, "2007-06-30": -118, "2007-03-31": "-184.40000", "2006-12-31": 108.2, "2006-09-30": 201.3, "2006-06-30": -34.1, "2006-03-31": "-197.20000", "2005-12-31": 65.1, "2005-09-30": 135.5, "2005-06-30": -31.9, "2005-03-31": "-172.40000"}, "Cash Flow From Operating Activities": {"2020-09-30": 115, "2020-06-30": 149.6, "2020-03-31": "53.50000", "2019-12-31": 136, "2019-09-30": 120.6, "2019-06-30": 59, "2019-03-31": "42.10000", "2018-12-31": 125.2, "2018-09-30": 127.3, "2018-06-30": 76.9, "2018-03-31": "42.40000", "2017-12-31": 68.9, "2017-09-30": 85.7, "2017-06-30": 65.7, "2017-03-31": "26.90000", "2016-12-31": 94, "2016-09-30": 75.1, "2016-06-30": 65.9, "2016-03-31": "5.70000", "2015-12-31": 82.6, "2015-09-30": 57.6, "2015-06-30": 81.3, "2015-03-31": "8.20000", "2014-12-31": 112.8, "2014-09-30": 47.6, "2014-06-30": 97.5, "2014-03-31": "-13.20000", "2013-12-31": 128, "2013-09-30": 29.8, "2013-06-30": 81.1, "2013-03-31": "-12.30000", "2012-12-31": 71.8, "2012-09-30": 73.3, "2012-06-30": 83.6, "2012-03-31": "18.40000", "2011-12-31": -210.6, "2011-09-30": 57.4, "2011-06-30": -124.2, "2011-03-31": "-45.00000", "2010-12-31": -728.2, "2010-09-30": 298, "2010-06-30": 289, "2010-03-31": "67.00000", "2009-12-31": -787, "2009-09-30": 502, "2009-06-30": 333, "2009-03-31": "213.00000", "2008-12-31": 211, "2008-09-30": 405.8, "2008-06-30": 270.9, "2008-03-31": "219.30000", "2007-12-31": 308, "2007-09-30": 350.7, "2007-06-30": 140.1, "2007-03-31": "-0.70000", "2006-12-31": 293.3, "2006-09-30": 389.5, "2006-06-30": 148.9, "2006-03-31": "-51.00000", "2005-12-31": 235, "2005-09-30": 329.8, "2005-06-30": 140.8, "2005-03-31": "7.30000"}, "Net Change In Property, Plant, And Equipment": {"2020-09-30": -13.3, "2020-06-30": -12.1, "2020-03-31": "-22.20000", "2019-12-31": -22.1, "2019-09-30": -23.5, "2019-06-30": -16.6, "2019-03-31": "-29.20000", "2018-12-31": -31.7, "2018-09-30": -17.5, "2018-06-30": -17.6, "2018-03-31": "-28.70000", "2017-12-31": -34.1, "2017-09-30": -25.9, "2017-06-30": -16.6, "2017-03-31": "-36.70000", "2016-12-31": -43.3, "2016-09-30": -22, "2016-06-30": -25.1, "2016-03-31": "-21.00000", "2015-12-31": -22.5, "2015-09-30": -18.2, "2015-06-30": -15.8, "2015-03-31": "-30.20000", "2014-12-31": -44.4, "2014-09-30": -28.7, "2014-06-30": -26.7, "2014-03-31": "-19.00000", "2013-12-31": -64.7, "2013-09-30": -21.4, "2013-06-30": -20.1, "2013-03-31": "-16.70000", "2012-12-31": -40.1, "2012-09-30": -14.1, "2012-06-30": -16.6, "2012-03-31": "-13.00000", "2011-12-31": -49.1, "2011-09-30": -16.1, "2011-06-30": -22.1, "2011-03-31": "-15.00000", "2010-12-31": 47.7, "2010-09-30": -68, "2010-06-30": -54, "2010-03-31": "-52.00000", "2009-12-31": 48, "2009-09-30": -53, "2009-06-30": -39, "2009-03-31": "-48.00000", "2008-12-31": -111.4, "2008-09-30": -57.2, "2008-06-30": -45.5, "2008-03-31": "-33.90000", "2007-12-31": -131.1, "2007-09-30": -41.9, "2007-06-30": -38.2, "2007-03-31": "-28.10000", "2006-12-31": -81.9, "2006-09-30": -34.3, "2006-06-30": -32.5, "2006-03-31": "-28.40000", "2005-12-31": -69.1, "2005-09-30": -31.2, "2005-06-30": -37.7, "2005-03-31": "-26.40000"}, "Net Change In Intangible Assets": {"2020-09-30": 0, "2020-06-30": 0, "2020-03-31": "", "2019-12-31": 0, "2019-09-30": 0, "2019-06-30": 0, "2019-03-31": "", "2018-12-31": 0, "2018-09-30": 0, "2018-06-30": 0, "2018-03-31": "", "2017-12-31": 0, "2017-09-30": 0, "2017-06-30": 0, "2017-03-31": "", "2016-12-31": 0, "2016-09-30": 0, "2016-06-30": 0, "2016-03-31": "", "2015-12-31": 0, "2015-09-30": 0, "2015-06-30": 0, "2015-03-31": "", "2014-12-31": 0, "2014-09-30": 0, "2014-06-30": 0, "2014-03-31": "", "2013-12-31": 0, "2013-09-30": 0, "2013-06-30": 0, "2013-03-31": "", "2012-12-31": 0, "2012-09-30": 0, "2012-06-30": 0, "2012-03-31": "", "2011-12-31": 0, "2011-09-30": 0, "2011-06-30": 0, "2011-03-31": "", "2010-12-31": 0, "2010-09-30": 0, "2010-06-30": 0, "2010-03-31": "", "2009-12-31": 0, "2009-09-30": 0, "2009-06-30": 0, "2009-03-31": "", "2008-12-31": 0, "2008-09-30": 0, "2008-06-30": 0, "2008-03-31": "", "2007-12-31": 0, "2007-09-30": 0, "2007-06-30": 0, "2007-03-31": "", "2006-12-31": 0, "2006-09-30": 0, "2006-06-30": 0, "2006-03-31": "", "2005-12-31": 0, "2005-09-30": 0, "2005-06-30": 0, "2005-03-31": ""}, "Net Acquisitions/Divestitures": {"2020-09-30": 0, "2020-06-30": 0, "2020-03-31": "-4.70000", "2019-12-31": 0.9, "2019-09-30": -25.8, "2019-06-30": -87.3, "2019-03-31": "", "2018-12-31": 0.5, "2018-09-30": 42.7, "2018-06-30": 0, "2018-03-31": "", "2017-12-31": 0.4, "2017-09-30": 3.4, "2017-06-30": 0, "2017-03-31": "-113.70000", "2016-12-31": 1.6, "2016-09-30": -8.4, "2016-06-30": 1.2, "2016-03-31": "-0.20000", "2015-12-31": -296.6, "2015-09-30": -0.3, "2015-06-30": -44.6, "2015-03-31": "", "2014-12-31": 0.3, "2014-09-30": 2.1, "2014-06-30": -1.5, "2014-03-31": "", "2013-12-31": 3, "2013-09-30": 0, "2013-06-30": 0, "2013-03-31": "", "2012-12-31": -153.7, "2012-09-30": 0, "2012-06-30": 0, "2012-03-31": "", "2011-12-31": -10.8, "2011-09-30": 1, "2011-06-30": 4.6, "2011-03-31": "", "2010-12-31": 735.7, "2010-09-30": -343, "2010-06-30": -10, "2010-03-31": "-391.00000", "2009-12-31": 27, "2009-09-30": 0, "2009-06-30": -30, "2009-03-31": "9.00000", "2008-12-31": -24.5, "2008-09-30": -2.8, "2008-06-30": -34, "2008-03-31": "-192.70000", "2007-12-31": -1562.3, "2007-09-30": -161.5, "2007-06-30": 1.6, "2007-03-31": "-3.40000", "2006-12-31": -11.4, "2006-09-30": -7.6, "2006-06-30": -45.5, "2006-03-31": "201.60000", "2005-12-31": -14.8, "2005-09-30": -35.5, "2005-06-30": 3.8, "2005-03-31": "2.40000"}, "Net Change In Short-term Investments": {"2020-09-30": 0, "2020-06-30": 0, "2020-03-31": "", "2019-12-31": 0, "2019-09-30": 0, "2019-06-30": 0, "2019-03-31": "", "2018-12-31": 0, "2018-09-30": 0, "2018-06-30": 0, "2018-03-31": "", "2017-12-31": 0, "2017-09-30": 0, "2017-06-30": 0, "2017-03-31": "", "2016-12-31": 0, "2016-09-30": 0, "2016-06-30": 0, "2016-03-31": "", "2015-12-31": 0, "2015-09-30": 0, "2015-06-30": 0, "2015-03-31": "", "2014-12-31": 0, "2014-09-30": 0, "2014-06-30": 0, "2014-03-31": "", "2013-12-31": 0, "2013-09-30": 0, "2013-06-30": 0, "2013-03-31": "", "2012-12-31": 0, "2012-09-30": 0, "2012-06-30": 0, "2012-03-31": "", "2011-12-31": 0, "2011-09-30": 0, "2011-06-30": 0, "2011-03-31": "", "2010-12-31": 0, "2010-09-30": 0, "2010-06-30": 0, "2010-03-31": "", "2009-12-31": 0, "2009-09-30": 0, "2009-06-30": 0, "2009-03-31": "", "2008-12-31": 0, "2008-09-30": 0, "2008-06-30": 0, "2008-03-31": "", "2007-12-31": 0, "2007-09-30": 0, "2007-06-30": 0, "2007-03-31": "", "2006-12-31": 0, "2006-09-30": 0, "2006-06-30": 0, "2006-03-31": "", "2005-12-31": 0, "2005-09-30": 0, "2005-06-30": 0, "2005-03-31": ""}, "Net Change In Long-Term Investments": {"2020-09-30": 0, "2020-06-30": 0, "2020-03-31": "", "2019-12-31": 0, "2019-09-30": 0, "2019-06-30": 0, "2019-03-31": "", "2018-12-31": 0, "2018-09-30": 0, "2018-06-30": 0, "2018-03-31": "", "2017-12-31": 0, "2017-09-30": 0, "2017-06-30": 0, "2017-03-31": "", "2016-12-31": 9.9, "2016-09-30": 4.9, "2016-06-30": 51.8, "2016-03-31": "-3.70000", "2015-12-31": -56.8, "2015-09-30": 47.6, "2015-06-30": -42.4, "2015-03-31": "-10.00000", "2014-12-31": 61.7, "2014-09-30": 26.7, "2014-06-30": -33, "2014-03-31": "48.20000", "2013-12-31": -9.6, "2013-09-30": -64.5, "2013-06-30": 20.6, "2013-03-31": "-18.50000", "2012-12-31": -38.2, "2012-09-30": 0, "2012-06-30": 0, "2012-03-31": "", "2011-12-31": 0, "2011-09-30": 0, "2011-06-30": 0, "2011-03-31": "", "2010-12-31": 0, "2010-09-30": 0, "2010-06-30": 0, "2010-03-31": "", "2009-12-31": 0, "2009-09-30": 0, "2009-06-30": 0, "2009-03-31": "", "2008-12-31": 0, "2008-09-30": 0, "2008-06-30": 0, "2008-03-31": "", "2007-12-31": 0, "2007-09-30": 0, "2007-06-30": 0, "2007-03-31": "", "2006-12-31": 0, "2006-09-30": 0, "2006-06-30": 0, "2006-03-31": "", "2005-12-31": 0, "2005-09-30": 0, "2005-06-30": 0, "2005-03-31": ""}, "Net Change In Investments - Total": {"2020-09-30": 0, "2020-06-30": 0, "2020-03-31": "", "2019-12-31": 0, "2019-09-30": 0, "2019-06-30": 0, "2019-03-31": "", "2018-12-31": 0, "2018-09-30": 0, "2018-06-30": 0, "2018-03-31": "", "2017-12-31": 0, "2017-09-30": 0, "2017-06-30": 0, "2017-03-31": "", "2016-12-31": 9.9, "2016-09-30": 4.9, "2016-06-30": 51.8, "2016-03-31": "-3.70000", "2015-12-31": -56.8, "2015-09-30": 47.6, "2015-06-30": -42.4, "2015-03-31": "-10.00000", "2014-12-31": 61.7, "2014-09-30": 26.7, "2014-06-30": -33, "2014-03-31": "48.20000", "2013-12-31": -9.6, "2013-09-30": -64.5, "2013-06-30": 20.6, "2013-03-31": "-18.50000", "2012-12-31": -38.2, "2012-09-30": 0, "2012-06-30": 0, "2012-03-31": "", "2011-12-31": 0, "2011-09-30": 0, "2011-06-30": 0, "2011-03-31": "", "2010-12-31": 0, "2010-09-30": 0, "2010-06-30": 0, "2010-03-31": "", "2009-12-31": 0, "2009-09-30": 0, "2009-06-30": 0, "2009-03-31": "", "2008-12-31": 0, "2008-09-30": 0, "2008-06-30": 0, "2008-03-31": "", "2007-12-31": 0, "2007-09-30": 0, "2007-06-30": 0, "2007-03-31": "", "2006-12-31": 0, "2006-09-30": 0, "2006-06-30": 0, "2006-03-31": "", "2005-12-31": 0, "2005-09-30": 0, "2005-06-30": 0, "2005-03-31": ""}, "Investing Activities - Other": {"2020-09-30": 0, "2020-06-30": 1.2, "2020-03-31": "0.70000", "2019-12-31": -1.4, "2019-09-30": 0.8, "2019-06-30": 0.4, "2019-03-31": "0.40000", "2018-12-31": 0, "2018-09-30": -0.9, "2018-06-30": 0.4, "2018-03-31": "0.50000", "2017-12-31": -0.2, "2017-09-30": -2.3, "2017-06-30": 2.2, "2017-03-31": "0.30000", "2016-12-31": -0.1, "2016-09-30": -0.2, "2016-06-30": 0.1, "2016-03-31": "0.10000", "2015-12-31": 1.8, "2015-09-30": -0.3, "2015-06-30": 2.6, "2015-03-31": "0.20000", "2014-12-31": 0.4, "2014-09-30": 0, "2014-06-30": 2.1, "2014-03-31": "-2.70000", "2013-12-31": 1.3, "2013-09-30": 0.7, "2013-06-30": 0.6, "2013-03-31": "0.50000", "2012-12-31": -0.2, "2012-09-30": 0.2, "2012-06-30": -0.4, "2012-03-31": "1.40000", "2011-12-31": 0.9, "2011-09-30": 0.7, "2011-06-30": -2.6, "2011-03-31": "2.00000", "2010-12-31": -1.4, "2010-09-30": -2, "2010-06-30": 1, "2010-03-31": "2.00000", "2009-12-31": 0, "2009-09-30": -4, "2009-06-30": 2, "2009-03-31": "2.00000", "2008-12-31": -3.6, "2008-09-30": 4.5, "2008-06-30": -1.7, "2008-03-31": "0.80000", "2007-12-31": 5.3, "2007-09-30": 1.3, "2007-06-30": 0.6, "2007-03-31": "-0.40000", "2006-12-31": 0.1, "2006-09-30": -0.1, "2006-06-30": -4.6, "2006-03-31": "-1.70000", "2005-12-31": -1.3, "2005-09-30": -0.9, "2005-06-30": -0.2, "2005-03-31": "0.20000"}, "Cash Flow From Investing Activities": {"2020-09-30": -13.3, "2020-06-30": -10.9, "2020-03-31": "-26.20000", "2019-12-31": -22.6, "2019-09-30": -48.5, "2019-06-30": -103.5, "2019-03-31": "-28.80000", "2018-12-31": -31.2, "2018-09-30": 24.3, "2018-06-30": -17.2, "2018-03-31": "-28.20000", "2017-12-31": -33.9, "2017-09-30": -24.8, "2017-06-30": -14.4, "2017-03-31": "-150.10000", "2016-12-31": -31.9, "2016-09-30": -25.7, "2016-06-30": 28, "2016-03-31": "-24.80000", "2015-12-31": -374.1, "2015-09-30": 28.8, "2015-06-30": -100.2, "2015-03-31": "-40.00000", "2014-12-31": 18, "2014-09-30": 0.1, "2014-06-30": -59.1, "2014-03-31": "26.50000", "2013-12-31": -70, "2013-09-30": -85.2, "2013-06-30": 1.1, "2013-03-31": "-34.70000", "2012-12-31": -232.2, "2012-09-30": -13.9, "2012-06-30": -17, "2012-03-31": "-11.60000", "2011-12-31": -59, "2011-09-30": -14.4, "2011-06-30": -20.1, "2011-03-31": "-13.00000", "2010-12-31": 782, "2010-09-30": -413, "2010-06-30": -63, "2010-03-31": "-441.00000", "2009-12-31": 75, "2009-09-30": -57, "2009-06-30": -67, "2009-03-31": "-37.00000", "2008-12-31": -139.5, "2008-09-30": -55.5, "2008-06-30": -81.2, "2008-03-31": "-225.80000", "2007-12-31": -1688.1, "2007-09-30": -202.1, "2007-06-30": -36, "2007-03-31": "-31.90000", "2006-12-31": -93.2, "2006-09-30": -42, "2006-06-30": -82.6, "2006-03-31": "171.50000", "2005-12-31": -85.2, "2005-09-30": -67.6, "2005-06-30": -34.1, "2005-03-31": "-23.80000"}, "Net Long-Term Debt": {"2020-09-30": -18.9, "2020-06-30": 132.5, "2020-03-31": "-82.70000", "2019-12-31": -38.8, "2019-09-30": -22.3, "2019-06-30": 31.9, "2019-03-31": "6.90000", "2018-12-31": -29.1, "2018-09-30": 149.4, "2018-06-30": -0.4, "2018-03-31": "-163.90000", "2017-12-31": 34.3, "2017-09-30": 7.7, "2017-06-30": 12.3, "2017-03-31": "0.30000", "2016-12-31": -37.8, "2016-09-30": 32.8, "2016-06-30": -5.3, "2016-03-31": "28.20000", "2015-12-31": 82.5, "2015-09-30": -58.4, "2015-06-30": 66.8, "2015-03-31": "", "2014-12-31": -38.5, "2014-09-30": -0.5, "2014-06-30": -0.4, "2014-03-31": "-0.30000", "2013-12-31": 25, "2013-09-30": -0.5, "2013-06-30": -2.9, "2013-03-31": "-2.60000", "2012-12-31": 0.6, "2012-09-30": -0.1, "2012-06-30": -0.2, "2012-03-31": "", "2011-12-31": -1252.6, "2011-09-30": -65, "2011-06-30": -1.1, "2011-03-31": "", "2010-12-31": -8.7, "2010-09-30": 0, "2010-06-30": -70, "2010-03-31": "", "2009-12-31": -8, "2009-09-30": -17, "2009-06-30": 991, "2009-03-31": "-3.00000", "2008-12-31": -7.1, "2008-09-30": -0.9, "2008-06-30": -0.4, "2008-03-31": "-13.60000", "2007-12-31": -7.9, "2007-09-30": -5.1, "2007-06-30": -0.3, "2007-03-31": "-1.40000", "2006-12-31": -10.6, "2006-09-30": -1.4, "2006-06-30": -0.3, "2006-03-31": "-0.50000", "2005-12-31": -13.1, "2005-09-30": 0.1, "2005-06-30": -1.2, "2005-03-31": "-3.00000"}, "Net Current Debt": {"2020-09-30": -118.5, "2020-06-30": -288.7, "2020-03-31": "378.30000", "2019-12-31": 0, "2019-09-30": 0, "2019-06-30": 0, "2019-03-31": "", "2018-12-31": 0, "2018-09-30": -210.3, "2018-06-30": -23.5, "2018-03-31": "246.50000", "2017-12-31": -53.4, "2017-09-30": -23.9, "2017-06-30": -22.7, "2017-03-31": "", "2016-12-31": 0, "2016-09-30": 0, "2016-06-30": -50.6, "2016-03-31": "", "2015-12-31": 150, "2015-09-30": 0, "2015-06-30": -113.5, "2015-03-31": "113.50000", "2014-12-31": 38, "2014-09-30": -22.5, "2014-06-30": -4.5, "2014-03-31": "-11.00000", "2013-12-31": -53.5, "2013-09-30": 26.2, "2013-06-30": -1, "2013-03-31": "28.30000", "2012-12-31": -22.6, "2012-09-30": -40, "2012-06-30": 17, "2012-03-31": "20.80000", "2011-12-31": -9.6, "2011-09-30": -50.9, "2011-06-30": -10, "2011-03-31": "74.00000", "2010-12-31": -262, "2010-09-30": 172, "2010-06-30": -117, "2010-03-31": "151.00000", "2009-12-31": -172, "2009-09-30": -112, "2009-06-30": -1157, "2009-03-31": "-166.00000", "2008-12-31": 25.1, "2008-09-30": -110.6, "2008-06-30": -171, "2008-03-31": "-972.50000", "2007-12-31": 1779.1, "2007-09-30": 179.7, "2007-06-30": 47.5, "2007-03-31": "305.60000", "2006-12-31": 1.6, "2006-09-30": -304.5, "2006-06-30": 80, "2006-03-31": "67.30000", "2005-12-31": -146.7, "2005-09-30": 10.4, "2005-06-30": -15.8, "2005-03-31": "179.30000"}, "Debt Issuance/Retirement Net - Total": {"2020-09-30": -137.4, "2020-06-30": -156.2, "2020-03-31": "295.60000", "2019-12-31": -38.8, "2019-09-30": -22.3, "2019-06-30": 31.9, "2019-03-31": "6.90000", "2018-12-31": -29.1, "2018-09-30": -60.9, "2018-06-30": -23.9, "2018-03-31": "82.60000", "2017-12-31": -19.1, "2017-09-30": -16.2, "2017-06-30": -10.4, "2017-03-31": "0.30000", "2016-12-31": -37.8, "2016-09-30": 32.8, "2016-06-30": -55.9, "2016-03-31": "28.20000", "2015-12-31": 232.5, "2015-09-30": -58.4, "2015-06-30": -46.7, "2015-03-31": "113.50000", "2014-12-31": -0.5, "2014-09-30": -23, "2014-06-30": -4.9, "2014-03-31": "-11.30000", "2013-12-31": -28.5, "2013-09-30": 25.7, "2013-06-30": -3.9, "2013-03-31": "25.70000", "2012-12-31": -22, "2012-09-30": -40.1, "2012-06-30": 16.8, "2012-03-31": "20.80000", "2011-12-31": -1262.2, "2011-09-30": -115.9, "2011-06-30": -11.1, "2011-03-31": "74.00000", "2010-12-31": -270.7, "2010-09-30": 172, "2010-06-30": -187, "2010-03-31": "151.00000", "2009-12-31": -180, "2009-09-30": -129, "2009-06-30": -166, "2009-03-31": "-169.00000", "2008-12-31": 18, "2008-09-30": -111.5, "2008-06-30": -171.4, "2008-03-31": "-986.10000", "2007-12-31": 1771.2, "2007-09-30": 174.6, "2007-06-30": 47.2, "2007-03-31": "304.20000", "2006-12-31": -9, "2006-09-30": -305.9, "2006-06-30": 79.7, "2006-03-31": "66.80000", "2005-12-31": -159.8, "2005-09-30": 10.5, "2005-06-30": -17, "2005-03-31": "176.30000"}, "Net Common Equity Issued/Repurchased": {"2020-09-30": 1.4, "2020-06-30": -0.3, "2020-03-31": "-83.30000", "2019-12-31": 0.2, "2019-09-30": -15, "2019-06-30": 3.1, "2019-03-31": "-14.80000", "2018-12-31": -0.3, "2018-09-30": 0.7, "2018-06-30": 4, "2018-03-31": "-54.70000", "2017-12-31": 4.5, "2017-09-30": 0.1, "2017-06-30": -29.9, "2017-03-31": "3.60000", "2016-12-31": -3.4, "2016-09-30": -43.4, "2016-06-30": -17.9, "2016-03-31": "-0.80000", "2015-12-31": 0.6, "2015-09-30": 0, "2015-06-30": 2.4, "2015-03-31": "-80.80000", "2014-12-31": -33.9, "2014-09-30": -7.7, "2014-06-30": -7.7, "2014-03-31": "4.20000", "2013-12-31": 6.8, "2013-09-30": 6.1, "2013-06-30": -31.8, "2013-03-31": "-34.20000", "2012-12-31": -22.1, "2012-09-30": 4.4, "2012-06-30": -38.6, "2012-03-31": "-2.50000", "2011-12-31": 10.4, "2011-09-30": 7, "2011-06-30": 8, "2011-03-31": "28.00000", "2010-12-31": 10.5, "2010-09-30": 3, "2010-06-30": 4, "2010-03-31": "10.00000", "2009-12-31": 10, "2009-09-30": 3, "2009-06-30": 0, "2009-03-31": "2.00000", "2008-12-31": 2.4, "2008-09-30": -65.4, "2008-06-30": 17.7, "2008-03-31": "4.30000", "2007-12-31": 10.2, "2007-09-30": -5.2, "2007-06-30": -83.4, "2007-03-31": "-155.20000", "2006-12-31": -57.6, "2006-09-30": -4.1, "2006-06-30": -47.4, "2006-03-31": "-31.90000", "2005-12-31": -27.4, "2005-09-30": -93.2, "2005-06-30": -15.2, "2005-03-31": "-46.70000"}, "Net Total Equity Issued/Repurchased": {"2020-09-30": 1.4, "2020-06-30": -0.3, "2020-03-31": "-83.30000", "2019-12-31": 0.2, "2019-09-30": -15, "2019-06-30": 3.1, "2019-03-31": "-14.80000", "2018-12-31": -0.3, "2018-09-30": 0.7, "2018-06-30": 4, "2018-03-31": "-54.70000", "2017-12-31": 4.5, "2017-09-30": 0.1, "2017-06-30": -29.9, "2017-03-31": "3.60000", "2016-12-31": -3.4, "2016-09-30": -43.4, "2016-06-30": -17.9, "2016-03-31": "-0.80000", "2015-12-31": 0.6, "2015-09-30": 0, "2015-06-30": 2.4, "2015-03-31": "-80.80000", "2014-12-31": -33.9, "2014-09-30": -7.7, "2014-06-30": -7.7, "2014-03-31": "4.20000", "2013-12-31": 6.8, "2013-09-30": 6.1, "2013-06-30": -31.8, "2013-03-31": "-34.20000", "2012-12-31": -22.1, "2012-09-30": 4.4, "2012-06-30": -38.6, "2012-03-31": "-2.50000", "2011-12-31": 10.4, "2011-09-30": 7, "2011-06-30": 8, "2011-03-31": "28.00000", "2010-12-31": 10.5, "2010-09-30": 3, "2010-06-30": 4, "2010-03-31": "10.00000", "2009-12-31": 10, "2009-09-30": 3, "2009-06-30": 0, "2009-03-31": "2.00000", "2008-12-31": 2.4, "2008-09-30": -65.4, "2008-06-30": 17.7, "2008-03-31": "4.30000", "2007-12-31": 10.2, "2007-09-30": -5.2, "2007-06-30": -83.4, "2007-03-31": "-155.20000", "2006-12-31": -57.6, "2006-09-30": -4.1, "2006-06-30": -47.4, "2006-03-31": "-31.90000", "2005-12-31": -27.4, "2005-09-30": -93.2, "2005-06-30": -15.2, "2005-03-31": "-46.70000"}, "Total Common And Preferred Stock Dividends Paid": {"2020-09-30": -15.1, "2020-06-30": -14.4, "2020-03-31": "-0.20000", "2019-12-31": -26, "2019-09-30": 0, "2019-06-30": -12.9, "2019-03-31": "-13.20000", "2018-12-31": -23.4, "2018-09-30": -11.9, "2018-06-30": -11.8, "2018-03-31": "-0.20000", "2017-12-31": -22.6, "2017-09-30": -11.2, "2017-06-30": -11.4, "2017-03-31": "-0.20000", "2016-12-31": -22, "2016-09-30": -0.1, "2016-06-30": -11.1, "2016-03-31": "-11.40000", "2015-12-31": -21.2, "2015-09-30": -10.6, "2015-06-30": -10.7, "2015-03-31": "-0.30000", "2014-12-31": -20.3, "2014-09-30": -10.1, "2014-06-30": -10.3, "2014-03-31": "", "2013-12-31": -18.1, "2013-09-30": -9, "2013-06-30": -9.3, "2013-03-31": "", "2012-12-31": -17, "2012-09-30": 0, "2012-06-30": -8.3, "2012-03-31": "-8.90000", "2011-12-31": -8.6, "2011-09-30": -46.1, "2011-06-30": -46.3, "2011-03-31": "-92.00000", "2010-12-31": -0.4, "2010-09-30": -46, "2010-06-30": -45, "2010-03-31": "-85.00000", "2009-12-31": -39, "2009-09-30": -39, "2009-06-30": -38, "2009-03-31": "-32.00000", "2008-12-31": -31.9, "2008-09-30": -31.9, "2008-06-30": -31.8, "2008-03-31": "-25.40000", "2007-12-31": -25.3, "2007-09-30": -25.5, "2007-06-30": -25.5, "2007-03-31": "-20.30000", "2006-12-31": -20.3, "2006-09-30": -20.3, "2006-06-30": -20.4, "2006-03-31": "-16.60000", "2005-12-31": -16.7, "2005-09-30": 0.9, "2005-06-30": -16.6, "2005-03-31": "-33.20000"}, "Financial Activities - Other": {"2020-09-30": 0, "2020-06-30": 0.1, "2020-03-31": "-0.10000", "2019-12-31": 0, "2019-09-30": 0, "2019-06-30": -0.7, "2019-03-31": "0.10000", "2018-12-31": 0.2, "2018-09-30": 0, "2018-06-30": -0.1, "2018-03-31": "", "2017-12-31": 0, "2017-09-30": -0.1, "2017-06-30": 0.1, "2017-03-31": "", "2016-12-31": -0.3, "2016-09-30": 0.1, "2016-06-30": 0.2, "2016-03-31": "0.90000", "2015-12-31": -1.3, "2015-09-30": -1.6, "2015-06-30": 1.4, "2015-03-31": "1.60000", "2014-12-31": 2, "2014-09-30": 2.1, "2014-06-30": 1.1, "2014-03-31": "3.70000", "2013-12-31": 5.7, "2013-09-30": 4.1, "2013-06-30": 1.8, "2013-03-31": "0.60000", "2012-12-31": 1.9, "2012-09-30": 1.3, "2012-06-30": 1.9, "2012-03-31": "4.40000", "2011-12-31": 350.4, "2011-09-30": 1807, "2011-06-30": 212.7, "2011-03-31": "7.00000", "2010-12-31": 524.7, "2010-09-30": 3, "2010-06-30": 4, "2010-03-31": "", "2009-12-31": 276, "2009-09-30": 3, "2009-06-30": 2, "2009-03-31": "-1.00000", "2008-12-31": 0.9, "2008-09-30": 4.3, "2008-06-30": 2, "2008-03-31": "-1.20000", "2007-12-31": 3.5, "2007-09-30": -0.4, "2007-06-30": 4, "2007-03-31": "7.00000", "2006-12-31": 3.2, "2006-09-30": 0.8, "2006-06-30": 5.3, "2006-03-31": "7.50000", "2005-12-31": 0.1, "2005-09-30": -0.1, "2005-06-30": 0.2, "2005-03-31": "-0.30000"}, "Cash Flow From Financial Activities": {"2020-09-30": -151.1, "2020-06-30": -170.8, "2020-03-31": "212.00000", "2019-12-31": -64.6, "2019-09-30": -37.3, "2019-06-30": 21.4, "2019-03-31": "-21.00000", "2018-12-31": -52.6, "2018-09-30": -72.1, "2018-06-30": -31.8, "2018-03-31": "27.70000", "2017-12-31": -37.2, "2017-09-30": -27.4, "2017-06-30": -51.6, "2017-03-31": "3.70000", "2016-12-31": -63.5, "2016-09-30": -10.6, "2016-06-30": -84.7, "2016-03-31": "16.90000", "2015-12-31": 210.6, "2015-09-30": -70.6, "2015-06-30": -53.6, "2015-03-31": "34.00000", "2014-12-31": -52.7, "2014-09-30": -38.7, "2014-06-30": -21.8, "2014-03-31": "-3.40000", "2013-12-31": -34.1, "2013-09-30": 26.9, "2013-06-30": -43.2, "2013-03-31": "-7.90000", "2012-12-31": -59.2, "2012-09-30": -34.4, "2012-06-30": -28.2, "2012-03-31": "13.80000", "2011-12-31": -910, "2011-09-30": 1652, "2011-06-30": 163.3, "2011-03-31": "17.00000", "2010-12-31": 264.1, "2010-09-30": 132, "2010-06-30": -224, "2010-03-31": "76.00000", "2009-12-31": 67, "2009-09-30": -162, "2009-06-30": -202, "2009-03-31": "-200.00000", "2008-12-31": -10.6, "2008-09-30": -204.5, "2008-06-30": -183.5, "2008-03-31": "-1008.40000", "2007-12-31": 1759.6, "2007-09-30": 143.5, "2007-06-30": -57.7, "2007-03-31": "135.70000", "2006-12-31": -83.7, "2006-09-30": -329.5, "2006-06-30": 17.2, "2006-03-31": "25.80000", "2005-12-31": -203.8, "2005-09-30": -81.9, "2005-06-30": -48.6, "2005-03-31": "96.10000"}, "Net Cash Flow": {"2020-09-30": -36.9, "2020-06-30": -20.7, "2020-03-31": "227.80000", "2019-12-31": 56.2, "2019-09-30": 23.5, "2019-06-30": -21.6, "2019-03-31": "-7.40000", "2018-12-31": 35.2, "2018-09-30": 76.2, "2018-06-30": 10.9, "2018-03-31": "48.90000", "2017-12-31": -5.8, "2017-09-30": 40.3, "2017-06-30": 7, "2017-03-31": "-112.40000", "2016-12-31": -15.1, "2016-09-30": 42.5, "2016-06-30": 2.4, "2016-03-31": "15.20000", "2015-12-31": -89.2, "2015-09-30": 7.5, "2015-06-30": -72.7, "2015-03-31": "-13.90000", "2014-12-31": 61.4, "2014-09-30": -5.1, "2014-06-30": 12.6, "2014-03-31": "7.80000", "2013-12-31": 26.7, "2013-09-30": -37.1, "2013-06-30": 34.6, "2013-03-31": "-61.40000", "2012-12-31": -217.4, "2012-09-30": 22.9, "2012-06-30": 11, "2012-03-31": "38.20000", "2011-12-31": -1596.7, "2011-09-30": 1526.7, "2011-06-30": 85.5, "2011-03-31": "42.00000", "2010-12-31": 120.7, "2010-09-30": 68, "2010-06-30": -36, "2010-03-31": "-336.00000", "2009-12-31": -399, "2009-09-30": 329, "2009-06-30": 108, "2009-03-31": "-54.00000", "2008-12-31": 7.7, "2008-09-30": 79.6, "2008-06-30": -21.9, "2008-03-31": "-940.40000", "2007-12-31": 399.9, "2007-09-30": 326.8, "2007-06-30": 63.1, "2007-03-31": "113.10000", "2006-12-31": 144.6, "2006-09-30": 37.5, "2006-06-30": 131.2, "2006-03-31": "172.80000", "2005-12-31": -19.3, "2005-09-30": 86.1, "2005-06-30": 47.9, "2005-03-31": "73.40000"}, "Stock-Based Compensation": {"2020-09-30": 3.9, "2020-06-30": 3.3, "2020-03-31": "2.50000", "2019-12-31": 3.4, "2019-09-30": 3.9, "2019-06-30": 3.9, "2019-03-31": "4.50000", "2018-12-31": 4.7, "2018-09-30": 6.7, "2018-06-30": 5.7, "2018-03-31": "4.50000", "2017-12-31": 5.6, "2017-09-30": 5.2, "2017-06-30": 3.6, "2017-03-31": "3.70000", "2016-12-31": 3.5, "2016-09-30": 3.2, "2016-06-30": 3, "2016-03-31": "2.90000", "2015-12-31": 4.6, "2015-09-30": 4.2, "2015-06-30": 3.8, "2015-03-31": "3.10000", "2014-12-31": 3.2, "2014-09-30": 4, "2014-06-30": 3.5, "2014-03-31": "3.30000", "2013-12-31": 3.4, "2013-09-30": 3.5, "2013-06-30": 3.2, "2013-03-31": "3.00000", "2012-12-31": 3, "2012-09-30": 3.6, "2012-06-30": 3, "2012-03-31": "2.80000", "2011-12-31": 0.8, "2011-09-30": 3.6, "2011-06-30": 4.1, "2011-03-31": "3.00000", "2010-12-31": -9.3, "2010-09-30": 7, "2010-06-30": 8, "2010-03-31": "8.00000", "2009-12-31": -5, "2009-09-30": 7, "2009-06-30": 8, "2009-03-31": "8.00000", "2008-12-31": 6.8, "2008-09-30": 8.2, "2008-06-30": 6.9, "2008-03-31": "8.10000", "2007-12-31": 34.6, "2007-09-30": -18.7, "2007-06-30": 11.2, "2007-03-31": "7.50000", "2006-12-31": 6.2, "2006-09-30": 5.9, "2006-06-30": 6.5, "2006-03-31": "4.30000", "2005-12-31": 1.5, "2005-09-30": 0, "2005-06-30": 0, "2005-03-31": ""}, "Common Stock Dividends Paid": {"2020-09-30": -15.1, "2020-06-30": -14.4, "2020-03-31": "-0.20000", "2019-12-31": -26, "2019-09-30": 0, "2019-06-30": -12.9, "2019-03-31": "-13.20000", "2018-12-31": -23.4, "2018-09-30": -11.9, "2018-06-30": -11.8, "2018-03-31": "-0.20000", "2017-12-31": -22.6, "2017-09-30": -11.2, "2017-06-30": -11.4, "2017-03-31": "-0.20000", "2016-12-31": -22, "2016-09-30": -0.1, "2016-06-30": -11.1, "2016-03-31": "-11.40000", "2015-12-31": -21.2, "2015-09-30": -10.6, "2015-06-30": -10.7, "2015-03-31": "-0.30000", "2014-12-31": -20.3, "2014-09-30": -10.1, "2014-06-30": -10.3, "2014-03-31": "", "2013-12-31": -18.1, "2013-09-30": -9, "2013-06-30": -9.3, "2013-03-31": "", "2012-12-31": -17, "2012-09-30": 0, "2012-06-30": -8.3, "2012-03-31": "-8.90000", "2011-12-31": -8.6, "2011-09-30": -46.1, "2011-06-30": -46.3, "2011-03-31": "-92.00000", "2010-12-31": -0.4, "2010-09-30": -46, "2010-06-30": -45, "2010-03-31": "-85.00000", "2009-12-31": -39, "2009-09-30": -39, "2009-06-30": -38, "2009-03-31": "-32.00000", "2008-12-31": -31.9, "2008-09-30": -31.9, "2008-06-30": -31.8, "2008-03-31": "-25.40000", "2007-12-31": -25.3, "2007-09-30": -25.5, "2007-06-30": -25.5, "2007-03-31": "-20.30000", "2006-12-31": -20.3, "2006-09-30": -20.3, "2006-06-30": -20.4, "2006-03-31": "-16.60000", "2005-12-31": -16.7, "2005-09-30": 0.9, "2005-06-30": -16.6, "2005-03-31": "-33.20000"}}, "financial ratios": {"Current Ratio": {"2019-12-31": "2.04400", "2018-12-31": "1.88640", "2017-12-31": "1.64410", "2016-12-31": "1.61830", "2015-12-31": "1.57140", "2014-12-31": "2.11010", "2013-12-31": "2.00040", "2012-12-31": "1.91280", "2011-12-31": "2.11240", "2010-12-31": "1.61400", "2009-12-31": "1.65820", "2008-12-31": "1.00840", "2007-12-31": "0.90350", "2006-12-31": "1.25830", "2005-12-31": "1.10560"}, "Long-term Debt / Capital": {"2019-12-31": "", "2018-12-31": "", "2017-12-31": "", "2016-12-31": "", "2015-12-31": "", "2014-12-31": "", "2013-12-31": "", "2012-12-31": "", "2011-12-31": "", "2010-12-31": "0.23230", "2009-12-31": "0.26950", "2008-12-31": "0.13260", "2007-12-31": "0.10910", "2006-12-31": "0.14850", "2005-12-31": "0.15930"}, "Debt/Equity Ratio": {"2019-12-31": "0.04160", "2018-12-31": "0.06370", "2017-12-31": "0.10240", "2016-12-31": "0.15000", "2015-12-31": "0.17990", "2014-12-31": "0.00120", "2013-12-31": "", "2012-12-31": "", "2011-12-31": "", "2010-12-31": "0.30490", "2009-12-31": "0.38830", "2008-12-31": "0.70160", "2007-12-31": "0.90400", "2006-12-31": "0.38240", "2005-12-31": "0.46520"}, "Gross Margin": {"2019-12-31": "31.97370", "2018-12-31": "32.31940", "2017-12-31": "31.71390", "2016-12-31": "31.63300", "2015-12-31": "32.55150", "2014-12-31": "32.63770", "2013-12-31": "32.03170", "2012-12-31": "30.53240", "2011-12-31": "30.92640", "2010-12-31": "31.94060", "2009-12-31": "31.80790", "2008-12-31": "28.00630", "2007-12-31": "28.52620", "2006-12-31": "28.04210", "2005-12-31": "27.95420"}, "Operating Margin": {"2019-12-31": "14.45330", "2018-12-31": "14.47310", "2017-12-31": "12.35060", "2016-12-31": "11.49910", "2015-12-31": "15.29210", "2014-12-31": "10.03540", "2013-12-31": "7.35310", "2012-12-31": "6.80040", "2011-12-31": "-11.74240", "2010-12-31": "-9.55200", "2009-12-31": "-6.83620", "2008-12-31": "10.43920", "2007-12-31": "10.85380", "2006-12-31": "10.25880", "2005-12-31": "10.30420"}, "EBIT Margin": {"2019-12-31": "14.45330", "2018-12-31": "14.47310", "2017-12-31": "12.35060", "2016-12-31": "11.49910", "2015-12-31": "15.29210", "2014-12-31": "10.03540", "2013-12-31": "7.35310", "2012-12-31": "6.80040", "2011-12-31": "-11.74240", "2010-12-31": "-9.55200", "2009-12-31": "-6.83620", "2008-12-31": "10.43920", "2007-12-31": "10.85380", "2006-12-31": "10.25880", "2005-12-31": "10.30420"}, "EBITDA Margin": {"2019-12-31": "18.43730", "2018-12-31": "18.45840", "2017-12-31": "16.42360", "2016-12-31": "15.73960", "2015-12-31": "18.91290", "2014-12-31": "13.36170", "2013-12-31": "10.83340", "2012-12-31": "9.99190", "2011-12-31": "-8.32370", "2010-12-31": "-6.15650", "2009-12-31": "-3.16380", "2008-12-31": "12.82680", "2007-12-31": "12.91300", "2006-12-31": "12.45660", "2005-12-31": "12.78120"}, "Pre-Tax Profit Margin": {"2019-12-31": "14.55870", "2018-12-31": "14.24360", "2017-12-31": "11.96770", "2016-12-31": "10.74250", "2015-12-31": "15.38060", "2014-12-31": "9.86970", "2013-12-31": "7.22900", "2012-12-31": "6.69270", "2011-12-31": "-15.14670", "2010-12-31": "-14.41790", "2009-12-31": "-11.75140", "2008-12-31": "9.37610", "2007-12-31": "9.97970", "2006-12-31": "9.31490", "2005-12-31": "9.56570"}, "Net Profit Margin": {"2019-12-31": "11.42140", "2018-12-31": "12.15620", "2017-12-31": "4.39020", "2016-12-31": "7.73680", "2015-12-31": "14.15350", "2014-12-31": "6.95020", "2013-12-31": "19.56430", "2012-12-31": "5.62890", "2011-12-31": "-6.20920", "2010-12-31": "42.53980", "2009-12-31": "35.53670", "2008-12-31": "6.92750", "2007-12-31": "8.24250", "2006-12-31": "7.44250", "2005-12-31": "5.10600"}, "Asset Turnover": {"2019-12-31": "0.69290", "2018-12-31": "0.71360", "2017-12-31": "0.69870", "2016-12-31": "0.66790", "2015-12-31": "0.66750", "2014-12-31": "0.73100", "2013-12-31": "0.66760", "2012-12-31": "0.65790", "2011-12-31": "0.56810", "2010-12-31": "0.14990", "2009-12-31": "0.15900", "2008-12-31": "1.09500", "2007-12-31": "0.77930", "2006-12-31": "1.05500", "2005-12-31": "0.99560"}, "Inventory Turnover Ratio": {"2019-12-31": "4.92820", "2018-12-31": "4.88280", "2017-12-31": "5.66010", "2016-12-31": "5.57080", "2015-12-31": "5.72770", "2014-12-31": "5.91530", "2013-12-31": "5.37230", "2012-12-31": "5.08740", "2011-12-31": "5.80650", "2010-12-31": "5.90280", "2009-12-31": "1.50500", "2008-12-31": "10.27870", "2007-12-31": "7.24990", "2006-12-31": "7.73350", "2005-12-31": "8.14350"}, "Receiveable Turnover": {"2019-12-31": "4.92120", "2018-12-31": "5.08350", "2017-12-31": "4.10630", "2016-12-31": "4.59130", "2015-12-31": "4.24960", "2014-12-31": "5.30810", "2013-12-31": "5.02700", "2012-12-31": "5.05970", "2011-12-31": "5.34080", "2010-12-31": "6.00220", "2009-12-31": "1.00910", "2008-12-31": "5.85180", "2007-12-31": "4.65290", "2006-12-31": "6.05780", "2005-12-31": "5.87860"}, "Days Sales In Receivables": {"2019-12-31": "74.16950", "2018-12-31": "71.80070", "2017-12-31": "88.88870", "2016-12-31": "79.49760", "2015-12-31": "85.89010", "2014-12-31": "68.76230", "2013-12-31": "72.60820", "2012-12-31": "72.13820", "2011-12-31": "68.34130", "2010-12-31": "60.81080", "2009-12-31": "361.70060", "2008-12-31": "62.37380", "2007-12-31": "78.44620", "2006-12-31": "60.25290", "2005-12-31": "62.08960"}, "ROE - Return On Equity": {"2019-12-31": "15.61750", "2018-12-31": "18.26400", "2017-12-31": "7.18490", "2016-12-31": "12.76950", "2015-12-31": "22.86510", "2014-12-31": "15.62730", "2013-12-31": "40.60820", "2012-12-31": "15.57170", "2011-12-31": "-82.97350", "2010-12-31": "-2.92310", "2009-12-31": "-2.86230", "2008-12-31": "25.09890", "2007-12-31": "16.04640", "2006-12-31": "17.41480", "2005-12-31": "19.41690"}, "Return On Tangible Equity": {"2019-12-31": "32.04620", "2018-12-31": "41.00140", "2017-12-31": "20.69210", "2016-12-31": "36.96800", "2015-12-31": "78.06950", "2014-12-31": "38.38570", "2013-12-31": "111.33580", "2012-12-31": "-153.14720", "2011-12-31": "-477.63020", "2010-12-31": "-3.37390", "2009-12-31": "27.00730", "2008-12-31": "-55.33540", "2007-12-31": "-102.44380", "2006-12-31": "156.44960", "2005-12-31": "185.80470"}, "ROA - Return On Assets": {"2019-12-31": "7.89980", "2018-12-31": "8.66430", "2017-12-31": "3.10250", "2016-12-31": "5.06430", "2015-12-31": "8.38440", "2014-12-31": "5.25130", "2013-12-31": "13.10360", "2012-12-31": "3.23380", "2011-12-31": "-15.70200", "2010-12-31": "-1.03370", "2009-12-31": "-0.99740", "2008-12-31": "7.32810", "2007-12-31": "5.47920", "2006-12-31": "6.75220", "2005-12-31": "7.47750"}, "ROI - Return On Investment": {"2019-12-31": "15.61750", "2018-12-31": "18.26400", "2017-12-31": "7.18490", "2016-12-31": "12.76950", "2015-12-31": "22.86510", "2014-12-31": "15.62730", "2013-12-31": "40.60820", "2012-12-31": "15.57170", "2011-12-31": "-82.97350", "2010-12-31": "-2.24400", "2009-12-31": "-2.09080", "2008-12-31": "21.76990", "2007-12-31": "14.29600", "2006-12-31": "14.82880", "2005-12-31": "16.32400"}, "Book Value Per Share": {"2019-12-31": "23.66520", "2018-12-31": "20.83220", "2017-12-31": "18.11570", "2016-12-31": "16.15840", "2015-12-31": "15.25590", "2014-12-31": "13.40990", "2013-12-31": "13.26260", "2012-12-31": "7.63520", "2011-12-31": "7.43100", "2010-12-31": "48.17500", "2009-12-31": "42.40570", "2008-12-31": "33.68080", "2007-12-31": "43.46890", "2006-12-31": "31.35680", "2005-12-31": "29.49990"}, "Operating Cash Flow Per Share": {"2019-12-31": -0.1545, "2018-12-31": 1.4142, "2017-12-31": 0.1001, "2016-12-31": 0.1449, "2015-12-31": -0.1044, "2014-12-31": 0.1819, "2013-12-31": -0.1709, "2012-12-31": 6.1, "2011-12-31": -2.6676, "2010-12-31": -3.6652, "2009-12-31": -9.1739, "2008-12-31": 3.3811, "2007-12-31": 0.3196, "2006-12-31": 0.768, "2005-12-31": 7.5639}, "Free Cash Flow Per Share": {"2019-12-31": -0.1094, "2018-12-31": 1.6105, "2017-12-31": 0.0662, "2016-12-31": -0.1383, "2015-12-31": 0.2199, "2014-12-31": 0.2332, "2013-12-31": -0.6119, "2012-12-31": 6.3119, "2011-12-31": -2.3972, "2010-12-31": -4.0303, "2009-12-31": -7.486, "2008-12-31": 3.2795, "2007-12-31": -0.3843, "2006-12-31": 0.6222, "2005-12-31": 5.8196}}, "financial ratios, quarterly": {"Current Ratio": {"2020-09-30": "2.10490", "2020-06-30": "1.92780", "2020-03-31": "1.75990", "2019-12-31": "2.04400", "2019-09-30": "1.91980", "2019-06-30": "1.90770", "2019-03-31": "1.95110", "2018-12-31": "1.88640", "2018-09-30": "1.81790", "2018-06-30": "1.68010", "2018-03-31": "1.58360", "2017-12-31": "1.64410", "2017-09-30": "1.58330", "2017-06-30": "1.57260", "2017-03-31": "1.55670", "2016-12-31": "1.61830", "2016-09-30": "1.61440", "2016-06-30": "1.66740", "2016-03-31": "1.64170", "2015-12-31": "1.57140", "2015-09-30": "2.19060", "2015-06-30": "2.00170", "2015-03-31": "1.96370", "2014-12-31": "2.11010", "2014-09-30": "2.09690", "2014-06-30": "2.09260", "2014-03-31": "2.05540", "2013-12-31": "2.00040", "2013-09-30": "1.96210", "2013-06-30": "1.86640", "2013-03-31": "1.86240", "2012-12-31": "1.91280", "2012-09-30": "2.31350", "2012-06-30": "1.98460", "2012-03-31": "2.00970", "2011-12-31": "2.11240", "2011-09-30": "1.56780", "2011-06-30": "1.69530", "2011-03-31": "1.70100", "2010-12-31": "1.61400", "2010-09-30": "1.52510", "2010-06-30": "1.65440", "2010-03-31": "1.50990", "2009-12-31": "1.65820", "2009-09-30": "1.56830", "2009-06-30": "1.48640", "2009-03-31": "1.03090", "2008-12-31": "1.00840", "2008-09-30": "0.99060", "2008-06-30": "0.96970", "2008-03-31": "0.93530", "2007-12-31": "0.90350", "2007-09-30": "1.24370", "2007-06-30": "1.23340", "2007-03-31": "1.17710", "2006-12-31": "1.25830", "2006-09-30": "1.22030", "2006-06-30": "1.12700", "2006-03-31": "1.08740", "2005-12-31": "1.10560", "2005-09-30": "1.00570", "2005-06-30": "0.97060", "2005-03-31": "0.93710"}, "Long-term Debt / Capital": {"2020-09-30": "", "2020-06-30": "", "2020-03-31": "", "2019-12-31": "", "2019-09-30": "", "2019-06-30": "", "2019-03-31": "", "2018-12-31": "", "2018-09-30": "", "2018-06-30": "", "2018-03-31": "", "2017-12-31": "", "2017-09-30": "", "2017-06-30": "", "2017-03-31": "", "2016-12-31": "", "2016-09-30": "", "2016-06-30": "", "2016-03-31": "", "2015-12-31": "", "2015-09-30": "", "2015-06-30": "", "2015-03-31": "", "2014-12-31": "", "2014-09-30": "", "2014-06-30": "", "2014-03-31": "", "2013-12-31": "", "2013-09-30": "", "2013-06-30": "", "2013-03-31": "", "2012-12-31": "", "2012-09-30": "", "2012-06-30": "", "2012-03-31": "", "2011-12-31": "", "2011-09-30": "0.30560", "2011-06-30": "0.20680", "2011-03-31": "0.22120", "2010-12-31": "0.23230", "2010-09-30": "0.23960", "2010-06-30": "0.25310", "2010-03-31": "0.25830", "2009-12-31": "0.26950", "2009-09-30": "0.28630", "2009-06-30": "0.29630", "2009-03-31": "0.12880", "2008-12-31": "0.13260", "2008-09-30": "0.09790", "2008-06-30": "0.09910", "2008-03-31": "0.10300", "2007-12-31": "0.10910", "2007-09-30": "0.12460", "2007-06-30": "0.13750", "2007-03-31": "0.14340", "2006-12-31": "0.14850", "2006-09-30": "0.13970", "2006-06-30": "0.14570", "2006-03-31": "0.15240", "2005-12-31": "0.15930", "2005-09-30": "0.17980", "2005-06-30": "0.19240", "2005-03-31": "0.18600"}, "Debt/Equity Ratio": {"2020-09-30": "0.05860", "2020-06-30": "0.12040", "2020-03-31": "0.19190", "2019-12-31": "0.04160", "2019-09-30": "0.06140", "2019-06-30": "0.07710", "2019-03-31": "0.06110", "2018-12-31": "0.06370", "2018-09-30": "0.08180", "2018-06-30": "0.12520", "2018-03-31": "0.14930", "2017-12-31": "0.10240", "2017-09-30": "0.11560", "2017-06-30": "0.13200", "2017-03-31": "0.14280", "2016-12-31": "0.15000", "2016-09-30": "0.17280", "2016-06-30": "0.15460", "2016-03-31": "0.19340", "2015-12-31": "0.17990", "2015-09-30": "0.00770", "2015-06-30": "0.05420", "2015-03-31": "0.10180", "2014-12-31": "0.00120", "2014-09-30": "", "2014-06-30": "", "2014-03-31": "", "2013-12-31": "", "2013-09-30": "", "2013-06-30": "", "2013-03-31": "", "2012-12-31": "", "2012-09-30": "", "2012-06-30": "", "2012-03-31": "", "2011-12-31": "", "2011-09-30": "0.74750", "2011-06-30": "0.28700", "2011-03-31": "0.30180", "2010-12-31": "0.30490", "2010-09-30": "0.37950", "2010-06-30": "0.36520", "2010-03-31": "0.42200", "2009-12-31": "0.38830", "2009-09-30": "0.46890", "2009-06-30": "0.52380", "2009-03-31": "0.62690", "2008-12-31": "0.70160", "2008-09-30": "0.48530", "2008-06-30": "0.52150", "2008-03-31": "0.58860", "2007-12-31": "0.90400", "2007-09-30": "0.47380", "2007-06-30": "0.47510", "2007-03-31": "0.48210", "2006-12-31": "0.38240", "2006-09-30": "0.35130", "2006-06-30": "0.46790", "2006-03-31": "0.46620", "2005-12-31": "0.46520", "2005-09-30": "0.58180", "2005-06-30": "0.61480", "2005-03-31": "0.61450"}, "Gross Margin": {"2020-09-30": "32.23950", "2020-06-30": "31.78550", "2020-03-31": "31.56940", "2019-12-31": "31.70630", "2019-09-30": "32.49050", "2019-06-30": "32.22670", "2019-03-31": "31.45940", "2018-12-31": "31.02890", "2018-09-30": "33.27950", "2018-06-30": "32.43400", "2018-03-31": "32.52580", "2017-12-31": "30.42720", "2017-09-30": "31.59690", "2017-06-30": "32.49330", "2017-03-31": "32.45450", "2016-12-31": "29.92860", "2016-09-30": "31.61420", "2016-06-30": "32.83300", "2016-03-31": "32.06370", "2015-12-31": "30.18900", "2015-09-30": "32.38080", "2015-06-30": "34.04970", "2015-03-31": "33.80330", "2014-12-31": "32.86360", "2014-09-30": "33.46520", "2014-06-30": "32.39820", "2014-03-31": "31.84580", "2013-12-31": "32.31600", "2013-09-30": "32.00320", "2013-06-30": "32.46880", "2013-03-31": "31.32190", "2012-12-31": "31.28270", "2012-09-30": "30.35620", "2012-06-30": "30.54310", "2012-03-31": "29.95950", "2011-12-31": "38.57110", "2011-09-30": "30.08340", "2011-06-30": "31.86100", "2011-03-31": "23.82740", "2010-12-31": "29.91760", "2010-09-30": "29.05790", "2010-06-30": "28.51410", "2010-03-31": "27.85110", "2009-12-31": "29.72590", "2009-09-30": "28.78790", "2009-06-30": "28.28250", "2009-03-31": "26.16350", "2008-12-31": "28.43890", "2008-09-30": "28.15620", "2008-06-30": "28.29870", "2008-03-31": "27.11300", "2007-12-31": "27.70590", "2007-09-30": "29.39210", "2007-06-30": "28.89660", "2007-03-31": "28.21810", "2006-12-31": "28.87930", "2006-09-30": "28.14950", "2006-06-30": "28.05500", "2006-03-31": "26.94950", "2005-12-31": "31.20970", "2005-09-30": "26.78430", "2005-06-30": "27.41030", "2005-03-31": "26.58700"}, "Operating Margin": {"2020-09-30": "-10.57170", "2020-06-30": "3.98290", "2020-03-31": "16.47820", "2019-12-31": "11.44480", "2019-09-30": "21.42160", "2019-06-30": "11.94610", "2019-03-31": "13.02660", "2018-12-31": "10.11200", "2018-09-30": "20.24680", "2018-06-30": "11.52410", "2018-03-31": "16.04530", "2017-12-31": "10.25450", "2017-09-30": "20.63570", "2017-06-30": "9.36760", "2017-03-31": "9.10830", "2016-12-31": "7.01900", "2016-09-30": "23.17350", "2016-06-30": "7.90480", "2016-03-31": "8.37300", "2015-12-31": "8.06840", "2015-09-30": "17.26200", "2015-06-30": "26.18590", "2015-03-31": "9.83520", "2014-12-31": "6.65160", "2014-09-30": "18.21640", "2014-06-30": "8.22020", "2014-03-31": "7.16090", "2013-12-31": "4.33770", "2013-09-30": "12.14510", "2013-06-30": "6.79580", "2013-03-31": "6.11640", "2012-12-31": "3.80670", "2012-09-30": "6.70320", "2012-06-30": "10.21690", "2012-03-31": "6.46010", "2011-12-31": "-55.79190", "2011-09-30": "-2.19030", "2011-06-30": "8.43590", "2011-03-31": "-1.87620", "2010-12-31": "11.96050", "2010-09-30": "-1.21070", "2010-06-30": "11.82910", "2010-03-31": "9.50350", "2009-12-31": "10.11040", "2009-09-30": "3.37120", "2009-06-30": "11.14380", "2009-03-31": "8.68200", "2008-12-31": "8.47700", "2008-09-30": "11.39170", "2008-06-30": "11.57930", "2008-03-31": "10.12330", "2007-12-31": "9.84700", "2007-09-30": "11.89710", "2007-06-30": "11.29950", "2007-03-31": "10.50570", "2006-12-31": "9.73530", "2006-09-30": "10.73910", "2006-06-30": "11.05910", "2006-03-31": "9.44460", "2005-12-31": "12.13910", "2005-09-30": "10.37700", "2005-06-30": "10.62830", "2005-03-31": "8.14880"}, "EBIT Margin": {"2020-09-30": "-10.57170", "2020-06-30": "3.98290", "2020-03-31": "16.47820", "2019-12-31": "11.44480", "2019-09-30": "21.42160", "2019-06-30": "11.94610", "2019-03-31": "13.02660", "2018-12-31": "10.11210", "2018-09-30": "20.24680", "2018-06-30": "11.52410", "2018-03-31": "16.04530", "2017-12-31": "10.25450", "2017-09-30": "20.63570", "2017-06-30": "9.36760", "2017-03-31": "9.10830", "2016-12-31": "7.01900", "2016-09-30": "23.17350", "2016-06-30": "7.90480", "2016-03-31": "8.37300", "2015-12-31": "8.06840", "2015-09-30": "17.26200", "2015-06-30": "26.18590", "2015-03-31": "9.83520", "2014-12-31": "6.65160", "2014-09-30": "18.21640", "2014-06-30": "8.22020", "2014-03-31": "7.16090", "2013-12-31": "4.33770", "2013-09-30": "12.14510", "2013-06-30": "6.79580", "2013-03-31": "6.11640", "2012-12-31": "3.80660", "2012-09-30": "6.70320", "2012-06-30": "10.21690", "2012-03-31": "6.46010", "2011-12-31": "-55.79180", "2011-09-30": "-2.19030", "2011-06-30": "8.43590", "2011-03-31": "-1.87620", "2010-12-31": "11.96050", "2010-09-30": "-1.21070", "2010-06-30": "11.82910", "2010-03-31": "9.50350", "2009-12-31": "10.11040", "2009-09-30": "3.37120", "2009-06-30": "11.14380", "2009-03-31": "8.68200", "2008-12-31": "8.47700", "2008-09-30": "11.39170", "2008-06-30": "11.57930", "2008-03-31": "10.12330", "2007-12-31": "9.84700", "2007-09-30": "11.89710", "2007-06-30": "11.29950", "2007-03-31": "10.50570", "2006-12-31": "9.73530", "2006-09-30": "10.73910", "2006-06-30": "11.05910", "2006-03-31": "9.44460", "2005-12-31": "12.13910", "2005-09-30": "10.37700", "2005-06-30": "10.62830", "2005-03-31": "8.14880"}, "EBITDA Margin": {"2020-09-30": "", "2020-06-30": "", "2020-03-31": "", "2019-12-31": "", "2019-09-30": "", "2019-06-30": "", "2019-03-31": "", "2018-12-31": "", "2018-09-30": "", "2018-06-30": "", "2018-03-31": "", "2017-12-31": "", "2017-09-30": "", "2017-06-30": "", "2017-03-31": "", "2016-12-31": "", "2016-09-30": "", "2016-06-30": "", "2016-03-31": "", "2015-12-31": "", "2015-09-30": "", "2015-06-30": "", "2015-03-31": "", "2014-12-31": "", "2014-09-30": "", "2014-06-30": "", "2014-03-31": "", "2013-12-31": "", "2013-09-30": "", "2013-06-30": "", "2013-03-31": "", "2012-12-31": "", "2012-09-30": "", "2012-06-30": "", "2012-03-31": "", "2011-12-31": "", "2011-09-30": "", "2011-06-30": "", "2011-03-31": "", "2010-12-31": "", "2010-09-30": "", "2010-06-30": "", "2010-03-31": "", "2009-12-31": "", "2009-09-30": "", "2009-06-30": "", "2009-03-31": "", "2008-12-31": "", "2008-09-30": "", "2008-06-30": "", "2008-03-31": "", "2007-12-31": "", "2007-09-30": "", "2007-06-30": "", "2007-03-31": "", "2006-12-31": "", "2006-09-30": "", "2006-06-30": "", "2006-03-31": "", "2005-12-31": "", "2005-09-30": "", "2005-06-30": "", "2005-03-31": ""}, "Pre-Tax Profit Margin": {"2020-09-30": "-10.77470", "2020-06-30": "3.55550", "2020-03-31": "16.38780", "2019-12-31": "11.68130", "2019-09-30": "21.47770", "2019-06-30": "12.00170", "2019-03-31": "13.09850", "2018-12-31": "9.77300", "2018-09-30": "20.14400", "2018-06-30": "11.30880", "2018-03-31": "15.78410", "2017-12-31": "10.00590", "2017-09-30": "19.78300", "2017-06-30": "9.28830", "2017-03-31": "8.75680", "2016-12-31": "4.18080", "2016-09-30": "23.12190", "2016-06-30": "7.98470", "2016-03-31": "8.09390", "2015-12-31": "8.02340", "2015-09-30": "17.92660", "2015-06-30": "26.13820", "2015-03-31": "9.63140", "2014-12-31": "6.33330", "2014-09-30": "18.10990", "2014-06-30": "8.14480", "2014-03-31": "6.99780", "2013-12-31": "4.26030", "2013-09-30": "12.50790", "2013-06-30": "6.43470", "2013-03-31": "5.67250", "2012-12-31": "3.37360", "2012-09-30": "7.61640", "2012-06-30": "9.60750", "2012-03-31": "6.17850", "2011-12-31": "-56.88620", "2011-09-30": "-6.55170", "2011-06-30": "5.14120", "2011-03-31": "-6.56660", "2010-12-31": "11.26850", "2010-09-30": "-1.81610", "2010-06-30": "11.13550", "2010-03-31": "8.49500", "2009-12-31": "9.29160", "2009-09-30": "2.84090", "2009-06-30": "10.33470", "2009-03-31": "7.70430", "2008-12-31": "7.20420", "2008-09-30": "10.52690", "2008-06-30": "10.69160", "2008-03-31": "8.86900", "2007-12-31": "8.64480", "2007-09-30": "11.08110", "2007-06-30": "10.80470", "2007-03-31": "9.56380", "2006-12-31": "9.04790", "2006-09-30": "9.87960", "2006-06-30": "9.98980", "2006-03-31": "8.25010", "2005-12-31": "10.73730", "2005-09-30": "10.16370", "2005-06-30": "9.88250", "2005-03-31": "7.53160"}, "Net Profit Margin": {"2020-09-30": "-7.91610", "2020-06-30": "9.32580", "2020-03-31": "12.78460", "2019-12-31": "9.51190", "2019-09-30": "16.65960", "2019-06-30": "9.27910", "2019-03-31": "10.25160", "2018-12-31": "7.65040", "2018-09-30": "16.29450", "2018-06-30": "10.00290", "2018-03-31": "14.68160", "2017-12-31": "-9.83030", "2017-09-30": "13.47290", "2017-06-30": "7.57650", "2017-03-31": "7.35060", "2016-12-31": "4.38480", "2016-09-30": "15.48910", "2016-06-30": "5.23790", "2016-03-31": "6.14020", "2015-12-31": "5.50390", "2015-09-30": "21.71460", "2015-06-30": "22.65200", "2015-03-31": "7.15140", "2014-12-31": "5.10610", "2014-09-30": "12.22040", "2014-06-30": "5.77680", "2014-03-31": "4.77390", "2013-12-31": "1.73510", "2013-09-30": "67.93380", "2013-06-30": "4.23510", "2013-03-31": "3.41990", "2012-12-31": "5.84520", "2012-09-30": "13.33330", "2012-06-30": "3.01130", "2012-03-31": "0.56330", "2011-12-31": "-109.16790", "2011-09-30": "21.03120", "2011-06-30": "30.72050", "2011-03-31": "22.70170", "2010-12-31": "8.86330", "2010-09-30": "5.48620", "2010-06-30": "8.68930", "2010-03-31": "5.66330", "2009-12-31": "7.08440", "2009-09-30": "2.23480", "2009-06-30": "7.39240", "2009-03-31": "7.19590", "2008-12-31": "6.81530", "2008-09-30": "7.51220", "2008-06-30": "7.21260", "2008-03-31": "6.12530", "2007-12-31": "6.26010", "2007-09-30": "10.54920", "2007-06-30": "9.61270", "2007-03-31": "6.76230", "2006-12-31": "6.86390", "2006-09-30": "7.17110", "2006-06-30": "7.17410", "2006-03-31": "8.70220", "2005-12-31": "-5.01070", "2005-09-30": "10.91320", "2005-06-30": "7.38770", "2005-03-31": "6.59720"}, "Asset Turnover": {"2020-09-30": "0.14160", "2020-06-30": "0.12400", "2020-03-31": "0.15510", "2019-12-31": "0.17510", "2019-09-30": "0.17520", "2019-06-30": "0.17810", "2019-03-31": "0.17670", "2018-12-31": "0.17640", "2018-09-30": "0.17700", "2018-06-30": "0.18340", "2018-03-31": "0.17800", "2017-12-31": "0.18470", "2017-09-30": "0.16970", "2017-06-30": "0.16910", "2017-03-31": "0.17050", "2016-12-31": "0.16340", "2016-09-30": "0.15650", "2016-06-30": "0.16700", "2016-03-31": "0.15990", "2015-12-31": "0.17910", "2015-09-30": "0.17300", "2015-06-30": "0.17570", "2015-03-31": "0.16480", "2014-12-31": "0.18170", "2014-09-30": "0.17730", "2014-06-30": "0.17390", "2014-03-31": "0.17830", "2013-12-31": "0.17260", "2013-09-30": "0.16700", "2013-06-30": "0.18100", "2013-03-31": "0.18030", "2012-12-31": "0.16370", "2012-09-30": "0.16520", "2012-06-30": "0.15060", "2012-03-31": "0.15150", "2011-12-31": "0.13190", "2011-09-30": "0.03420", "2011-06-30": "0.04220", "2011-03-31": "0.04190", "2010-12-31": "0.24060", "2010-09-30": "0.21210", "2010-06-30": "0.24870", "2010-03-31": "0.23020", "2009-12-31": "0.25240", "2009-09-30": "0.22870", "2009-06-30": "0.25770", "2009-03-31": "0.24830", "2008-12-31": "0.26010", "2008-09-30": "0.27070", "2008-06-30": "0.28360", "2008-03-31": "0.26000", "2007-12-31": "0.21890", "2007-09-30": "0.25370", "2007-06-30": "0.28120", "2007-03-31": "0.26790", "2006-12-31": "0.27720", "2006-09-30": "0.26550", "2006-06-30": "0.26100", "2006-03-31": "0.24800", "2005-12-31": "0.23710", "2005-09-30": "0.23020", "2005-06-30": "0.24860", "2005-03-31": "0.23660"}, "Inventory Turnover Ratio": {"2020-09-30": "1.05840", "2020-06-30": "0.91290", "2020-03-31": "1.18700", "2019-12-31": "1.24990", "2019-09-30": "1.15920", "2019-06-30": "1.15780", "2019-03-31": "1.20320", "2018-12-31": "1.22970", "2018-09-30": "1.16020", "2018-06-30": "1.19640", "2018-03-31": "1.14870", "2017-12-31": "1.52480", "2017-09-30": "1.34550", "2017-06-30": "1.35250", "2017-03-31": "1.35700", "2016-12-31": "1.39670", "2016-09-30": "1.30380", "2016-06-30": "1.40530", "2016-03-31": "1.37340", "2015-12-31": "1.59040", "2015-09-30": "1.35800", "2015-06-30": "1.40490", "2015-03-31": "1.35500", "2014-12-31": "1.46580", "2014-09-30": "1.39770", "2014-06-30": "1.45050", "2014-03-31": "1.58630", "2013-12-31": "1.38300", "2013-09-30": "1.44960", "2013-06-30": "1.33350", "2013-03-31": "1.32650", "2012-12-31": "1.25210", "2012-09-30": "1.41910", "2012-06-30": "1.49210", "2012-03-31": "1.48470", "2011-12-31": "1.19910", "2011-09-30": "0.35680", "2011-06-30": "0.38410", "2011-03-31": "0.42740", "2010-12-31": "9.75690", "2010-09-30": "1.99040", "2010-06-30": "2.40840", "2010-03-31": "2.26550", "2009-12-31": "2.46130", "2009-09-30": "2.30560", "2009-06-30": "2.27270", "2009-03-31": "2.28520", "2008-12-31": "2.42710", "2008-09-30": "2.34560", "2008-06-30": "2.37930", "2008-03-31": "2.13010", "2007-12-31": "2.05960", "2007-09-30": "1.97680", "2007-06-30": "2.09950", "2007-03-31": "1.95050", "2006-12-31": "2.00810", "2006-09-30": "2.00470", "2006-06-30": "1.94010", "2006-03-31": "1.85110", "2005-12-31": "1.85130", "2005-09-30": "1.83180", "2005-06-30": "1.94370", "2005-03-31": "1.82670"}, "Receiveable Turnover": {"2020-09-30": "1.20600", "2020-06-30": "1.11120", "2020-03-31": "1.15580", "2019-12-31": "1.24330", "2019-09-30": "1.23960", "2019-06-30": "1.19980", "2019-03-31": "1.19360", "2018-12-31": "1.25630", "2018-09-30": "1.20910", "2018-06-30": "1.24340", "2018-03-31": "1.18560", "2017-12-31": "1.08580", "2017-09-30": "1.05460", "2017-06-30": "1.06730", "2017-03-31": "1.08480", "2016-12-31": "1.12310", "2016-09-30": "0.97730", "2016-06-30": "1.00180", "2016-03-31": "1.00350", "2015-12-31": "1.14000", "2015-09-30": "1.06010", "2015-06-30": "1.12580", "2015-03-31": "1.09590", "2014-12-31": "1.31970", "2014-09-30": "1.15440", "2014-06-30": "1.15240", "2014-03-31": "1.12890", "2013-12-31": "1.29960", "2013-09-30": "1.16690", "2013-06-30": "1.22010", "2013-03-31": "1.20150", "2012-12-31": "1.25890", "2012-09-30": "1.19490", "2012-06-30": "1.20110", "2012-03-31": "1.19850", "2011-12-31": "1.24020", "2011-09-30": "0.23470", "2011-06-30": "0.25110", "2011-03-31": "0.25690", "2010-12-31": "9.63490", "2010-09-30": "1.38300", "2010-06-30": "1.49750", "2010-03-31": "1.39130", "2009-12-31": "1.60150", "2009-09-30": "1.45090", "2009-06-30": "1.43080", "2009-03-31": "1.37950", "2008-12-31": "1.39010", "2008-09-30": "1.49870", "2008-06-30": "1.50300", "2008-03-31": "1.41430", "2007-12-31": "1.30680", "2007-09-30": "1.46010", "2007-06-30": "1.55550", "2007-03-31": "1.53530", "2006-12-31": "1.59150", "2006-09-30": "1.57500", "2006-06-30": "1.39900", "2006-03-31": "1.36000", "2005-12-31": "1.39970", "2005-09-30": "1.32140", "2005-06-30": "1.42360", "2005-03-31": "1.42550"}, "Days Sales In Receivables": {"2020-09-30": "74.62450", "2020-06-30": "80.99480", "2020-03-31": "77.86980", "2019-12-31": "72.39050", "2019-09-30": "72.60430", "2019-06-30": "75.01040", "2019-03-31": "75.40330", "2018-12-31": "71.63920", "2018-09-30": "74.43580", "2018-06-30": "72.38230", "2018-03-31": "75.91180", "2017-12-31": "82.89060", "2017-09-30": "85.33950", "2017-06-30": "84.32240", "2017-03-31": "82.96740", "2016-12-31": "80.13430", "2016-09-30": "92.08870", "2016-06-30": "89.84190", "2016-03-31": "89.68970", "2015-12-31": "78.94570", "2015-09-30": "84.90110", "2015-06-30": "79.94270", "2015-03-31": "82.12670", "2014-12-31": "68.19540", "2014-09-30": "77.96080", "2014-06-30": "78.09500", "2014-03-31": "79.72570", "2013-12-31": "69.25330", "2013-09-30": "77.12460", "2013-06-30": "73.76400", "2013-03-31": "74.90630", "2012-12-31": "71.49020", "2012-09-30": "75.32060", "2012-06-30": "74.93280", "2012-03-31": "75.09240", "2011-12-31": "72.56860", "2011-09-30": "383.44640", "2011-06-30": "358.43590", "2011-03-31": "350.37520", "2010-12-31": "9.34100", "2010-09-30": "65.07380", "2010-06-30": "60.09860", "2010-03-31": "64.68970", "2009-12-31": "56.19790", "2009-09-30": "62.03180", "2009-06-30": "62.90070", "2009-03-31": "65.24210", "2008-12-31": "64.74180", "2008-09-30": "60.05210", "2008-06-30": "59.88150", "2008-03-31": "63.63560", "2007-12-31": "68.86940", "2007-09-30": "61.64090", "2007-06-30": "57.85970", "2007-03-31": "58.62190", "2006-12-31": "56.55000", "2006-09-30": "57.14110", "2006-06-30": "64.33350", "2006-03-31": "66.17750", "2005-12-31": "64.30030", "2005-09-30": "68.10970", "2005-06-30": "63.22070", "2005-03-31": "63.13610"}, "ROE - Return On Equity": {"2020-09-30": "-2.34630", "2020-06-30": "2.25790", "2020-03-31": "4.16750", "2019-12-31": "3.23420", "2019-09-30": "5.94030", "2019-06-30": "3.46340", "2019-03-31": "3.81550", "2018-12-31": "2.79470", "2018-09-30": "6.21990", "2018-06-30": "4.15500", "2018-03-31": "6.09450", "2017-12-31": "-4.12440", "2017-09-30": "5.26250", "2017-06-30": "3.10480", "2017-03-31": "3.06300", "2016-12-31": "1.67320", "2016-09-30": "6.06430", "2016-06-30": "2.29390", "2016-03-31": "2.64250", "2015-12-31": "2.66590", "2015-09-30": "7.05980", "2015-06-30": "11.09800", "2015-03-31": "3.46310", "2014-12-31": "2.77800", "2014-09-30": "6.22260", "2014-06-30": "3.28310", "2014-03-31": "2.75900", "2013-12-31": "1.00260", "2013-09-30": "38.51690", "2013-06-30": "3.75470", "2013-03-31": "2.92350", "2012-12-31": "3.14280", "2012-09-30": "7.88720", "2012-06-30": "2.34540", "2012-03-31": "1.45230", "2011-12-31": "-78.25280", "2011-09-30": "-0.69490", "2011-06-30": "0.37580", "2011-03-31": "-0.46140", "2010-12-31": "6.09730", "2010-09-30": "0.27720", "2010-06-30": "5.61910", "2010-03-31": "3.67440", "2009-12-31": "4.97680", "2009-09-30": "1.78370", "2009-06-30": "5.78200", "2009-03-31": "5.92840", "2008-12-31": "5.50020", "2008-09-30": "4.63480", "2008-06-30": "5.13060", "2008-03-31": "4.06820", "2007-12-31": "3.25490", "2007-09-30": "4.88550", "2007-06-30": "6.53330", "2007-03-31": "4.70700", "2006-12-31": "4.24830", "2006-09-30": "4.45570", "2006-06-30": "4.44330", "2006-03-31": "3.59640", "2005-12-31": "4.51640", "2005-09-30": "6.19320", "2005-06-30": "5.55840", "2005-03-31": "5.17870"}, "Return On Tangible Equity": {"2020-09-30": "-4.83020", "2020-06-30": "4.55440", "2020-03-31": "8.55830", "2019-12-31": "6.63640", "2019-09-30": "12.60610", "2019-06-30": "7.63980", "2019-03-31": "8.23430", "2018-12-31": "6.27380", "2018-09-30": "14.49240", "2018-06-30": "10.63770", "2018-03-31": "16.50900", "2017-12-31": "-11.87820", "2017-09-30": "14.24360", "2017-06-30": "9.43770", "2017-03-31": "9.73170", "2016-12-31": "4.84390", "2016-09-30": "17.45310", "2016-06-30": "7.11630", "2016-03-31": "8.28010", "2015-12-31": "9.10230", "2015-09-30": "15.13490", "2015-06-30": "26.44240", "2015-03-31": "9.22340", "2014-12-31": "6.82370", "2014-09-30": "14.38210", "2014-06-30": "8.21320", "2014-03-31": "7.21370", "2013-12-31": "2.74880", "2013-09-30": "119.97230", "2013-06-30": "-25.64630", "2013-03-31": "-21.38160", "2012-12-31": "-30.90920", "2012-09-30": "34.12030", "2012-06-30": "16.33060", "2012-03-31": "8.40000", "2011-12-31": "-450.45540", "2011-09-30": "2.79620", "2011-06-30": "-17.80950", "2011-03-31": "7.18950", "2010-12-31": "7.03750", "2010-09-30": "-1.65520", "2010-06-30": "-41.31630", "2010-03-31": "-17.64710", "2009-12-31": "-46.95860", "2009-09-30": "-7.76510", "2009-06-30": "-20.75340", "2009-03-31": "-15.21560", "2008-12-31": "-12.12620", "2008-09-30": "-189.87980", "2008-06-30": "-108.20080", "2008-03-31": "-45.54900", "2007-12-31": "-20.78010", "2007-09-30": "30.50480", "2007-06-30": "39.74460", "2007-03-31": "37.82140", "2006-12-31": "38.16530", "2006-09-30": "23.23730", "2006-06-30": "28.69640", "2006-03-31": "28.11470", "2005-12-31": "43.21860", "2005-09-30": "-70.92000", "2005-06-30": "-40.73380", "2005-03-31": "-31.76350"}, "ROA - Return On Assets": {"2020-09-30": "-1.13730", "2020-06-30": "1.11770", "2020-03-31": "1.96420", "2019-12-31": "1.63600", "2019-09-30": "2.92310", "2019-06-30": "1.66030", "2019-03-31": "1.81350", "2018-12-31": "1.32580", "2018-09-30": "2.89230", "2018-06-30": "1.83960", "2018-03-31": "2.61400", "2017-12-31": "-1.78100", "2017-09-30": "2.28940", "2017-06-30": "1.28670", "2017-03-31": "1.24510", "2016-12-31": "0.66360", "2016-09-30": "2.37790", "2016-06-30": "0.86660", "2016-03-31": "0.98710", "2015-12-31": "0.97750", "2015-09-30": "2.77430", "2015-06-30": "3.93490", "2015-03-31": "1.08040", "2014-12-31": "0.93350", "2014-09-30": "2.18520", "2014-06-30": "1.09110", "2014-03-31": "0.90390", "2013-12-31": "0.32350", "2013-09-30": "11.42730", "2013-06-30": "0.73680", "2013-03-31": "0.57800", "2012-12-31": "0.65270", "2012-09-30": "1.83130", "2012-06-30": "0.43740", "2012-03-31": "0.28010", "2011-12-31": "-14.80870", "2011-09-30": "-0.19550", "2011-06-30": "0.14270", "2011-03-31": "-0.17290", "2010-12-31": "2.15620", "2010-09-30": "0.09630", "2010-06-30": "2.05170", "2010-03-31": "1.28570", "2009-12-31": "1.73420", "2009-09-30": "0.55440", "2009-06-30": "1.89540", "2009-03-31": "1.81590", "2008-12-31": "1.60590", "2008-09-30": "1.92260", "2008-06-30": "2.07620", "2008-03-31": "1.58310", "2007-12-31": "1.11140", "2007-09-30": "1.96110", "2007-06-30": "2.51930", "2007-03-31": "1.76990", "2006-12-31": "1.64720", "2006-09-30": "1.86300", "2006-06-30": "1.78710", "2006-03-31": "1.42440", "2005-12-31": "1.73930", "2005-09-30": "2.03550", "2005-06-30": "1.74750", "2005-03-31": "1.62680"}, "ROI - Return On Investment": {"2020-09-30": "-2.34630", "2020-06-30": "2.25790", "2020-03-31": "4.16750", "2019-12-31": "3.23420", "2019-09-30": "5.94030", "2019-06-30": "3.46340", "2019-03-31": "3.81550", "2018-12-31": "2.79470", "2018-09-30": "6.21990", "2018-06-30": "4.15500", "2018-03-31": "6.09460", "2017-12-31": "-4.12440", "2017-09-30": "5.26250", "2017-06-30": "3.10480", "2017-03-31": "3.06300", "2016-12-31": "1.67320", "2016-09-30": "6.06430", "2016-06-30": "2.29390", "2016-03-31": "2.64250", "2015-12-31": "2.66590", "2015-09-30": "7.05980", "2015-06-30": "11.09800", "2015-03-31": "3.46310", "2014-12-31": "2.77800", "2014-09-30": "6.22260", "2014-06-30": "3.28310", "2014-03-31": "2.75900", "2013-12-31": "1.00260", "2013-09-30": "38.51690", "2013-06-30": "3.75470", "2013-03-31": "2.92350", "2012-12-31": "3.14280", "2012-09-30": "7.88720", "2012-06-30": "2.34540", "2012-03-31": "1.45230", "2011-12-31": "-78.25270", "2011-09-30": "-0.48260", "2011-06-30": "0.29810", "2011-03-31": "-0.35940", "2010-12-31": "4.68080", "2010-09-30": "0.21080", "2010-06-30": "4.19680", "2010-03-31": "2.72520", "2009-12-31": "3.63530", "2009-09-30": "1.27290", "2009-06-30": "4.06880", "2009-03-31": "5.16460", "2008-12-31": "4.77070", "2008-09-30": "4.18080", "2008-06-30": "4.62240", "2008-03-31": "3.64910", "2007-12-31": "2.89990", "2007-09-30": "4.27660", "2007-06-30": "5.63510", "2007-03-31": "4.03190", "2006-12-31": "3.61740", "2006-09-30": "3.83320", "2006-06-30": "3.79600", "2006-03-31": "3.04830", "2005-12-31": "3.79700", "2005-09-30": "5.07950", "2005-06-30": "4.48920", "2005-03-31": "4.21560"}, "Book Value Per Share": {"2020-09-30": "23.43170", "2020-06-30": "23.81230", "2020-03-31": "23.35570", "2019-12-31": "23.66520", "2019-09-30": "22.82990", "2019-06-30": "22.04100", "2019-03-31": "21.31320", "2018-12-31": "20.83220", "2018-09-30": "20.40870", "2018-06-30": "19.20430", "2018-03-31": "18.99890", "2017-12-31": "18.11570", "2017-09-30": "18.78640", "2017-06-30": "17.56820", "2017-03-31": "16.82080", "2016-12-31": "16.15840", "2016-09-30": "16.50850", "2016-06-30": "15.81250", "2016-03-31": "15.81000", "2015-12-31": "15.25590", "2015-09-30": "15.27260", "2015-06-30": "14.18120", "2015-03-31": "12.49550", "2014-12-31": "13.40990", "2014-09-30": "14.21070", "2014-06-30": "13.83300", "2014-03-31": "13.51800", "2013-12-31": "13.26260", "2013-09-30": "12.42830", "2013-06-30": "7.31450", "2013-03-31": "7.31360", "2012-12-31": "7.63520", "2012-09-30": "8.30210", "2012-06-30": "7.47510", "2012-03-31": "7.69150", "2011-12-31": "7.43100", "2011-09-30": "45.79290", "2011-06-30": "53.73650", "2011-03-31": "51.60170", "2010-12-31": "48.17500", "2010-09-30": "47.15690", "2010-06-30": "43.78880", "2010-03-31": "42.73720", "2009-12-31": "42.40570", "2009-09-30": "39.32160", "2009-06-30": "37.92760", "2009-03-31": "34.66260", "2008-12-31": "33.68080", "2008-09-30": "48.60380", "2008-06-30": "48.12420", "2008-03-31": "46.26190", "2007-12-31": "43.46890", "2007-09-30": "38.07480", "2007-06-30": "33.67540", "2007-03-31": "31.91830", "2006-12-31": "31.35680", "2006-09-30": "34.11720", "2006-06-30": "32.78850", "2006-03-31": "30.91080", "2005-12-31": "29.49990", "2005-09-30": "26.82200", "2005-06-30": "25.51640", "2005-03-31": "25.40150"}, "Operating Cash Flow Per Share": {"2020-09-30": 1.3418, "2020-06-30": 1.7333, "2020-03-31": "0.60660", "2019-12-31": 1.5378, "2019-09-30": 1.3596, "2019-06-30": 0.6646, "2019-03-31": "0.47520", "2018-12-31": 1.4115, "2018-09-30": 1.4307, "2018-06-30": 0.8731, "2018-03-31": "0.47640", "2017-12-31": 0.7674, "2017-09-30": 0.9697, "2017-06-30": 0.7388, "2017-03-31": "0.30160", "2016-12-31": 1.0419, "2016-09-30": 0.8435, "2016-06-30": 0.729, "2016-03-31": "0.06300", "2015-12-31": 0.9035, "2015-09-30": 0.6368, "2015-06-30": 0.9027, "2015-03-31": "0.08950", "2014-12-31": 1.2171, "2014-09-30": 0.5133, "2014-06-30": 1.0487, "2014-03-31": "-0.14220", "2013-12-31": 1.3821, "2013-09-30": 0.3218, "2013-06-30": 0.8831, "2013-03-31": "-0.13200", "2012-12-31": 0.751, "2012-09-30": 0.7886, "2012-06-30": 0.894, "2012-03-31": "0.19230", "2011-12-31": -2.2681, "2011-09-30": 0.6056, "2011-06-30": -1.3251, "2011-03-31": "-0.48650", "2010-12-31": -7.8584, "2010-09-30": 3.2205, "2010-06-30": 3.1136, "2010-03-31": "0.72470", "2009-12-31": -8.5466, "2009-09-30": 5.4251, "2009-06-30": 3.6224, "2009-03-31": "2.32530", "2008-12-31": 2.3146, "2008-09-30": 4.4157, "2008-06-30": 2.9186, "2008-03-31": "2.38370", "2007-12-31": 3.3156, "2007-09-30": 3.8182, "2007-06-30": 1.5253, "2007-03-31": "-0.00760", "2006-12-31": 3.1107, "2006-09-30": 4.1753, "2006-06-30": 1.589, "2006-03-31": "-0.54310", "2005-12-31": 2.5041, "2005-09-30": 3.4884, "2005-06-30": 1.4939, "2005-03-31": "0.07750"}, "Free Cash Flow Per Share": {"2020-09-30": 1.1861, "2020-06-30": 1.5898, "2020-03-31": "0.35490", "2019-12-31": 1.2874, "2019-09-30": 1.0948, "2019-06-30": 0.4778, "2019-03-31": "0.14560", "2018-12-31": 1.0541, "2018-09-30": 1.2351, "2018-06-30": 0.6719, "2018-03-31": "0.15390", "2017-12-31": 0.3873, "2017-09-30": 0.6756, "2017-06-30": 0.5515, "2017-03-31": "-0.10990", "2016-12-31": 0.562, "2016-09-30": 0.5942, "2016-06-30": 0.4512, "2016-03-31": "-0.16910", "2015-12-31": 0.6585, "2015-09-30": 0.4358, "2015-06-30": 0.7225, "2015-03-31": "-0.24020", "2014-12-31": 0.7378, "2014-09-30": 0.2038, "2014-06-30": 0.7621, "2014-03-31": "-0.34700", "2013-12-31": 0.6839, "2013-09-30": 0.0903, "2013-06-30": 0.6605, "2013-03-31": "-0.31120", "2012-12-31": 0.3279, "2012-09-30": 0.6365, "2012-06-30": 0.7146, "2012-03-31": "0.05640", "2011-12-31": -2.7966, "2011-09-30": 0.4289, "2011-06-30": -1.5602, "2011-03-31": "-0.64860", "2010-12-31": -7.3414, "2010-09-30": 2.4854, "2010-06-30": 2.5332, "2010-03-31": "0.16220", "2009-12-31": -8.0235, "2009-09-30": 4.8535, "2009-06-30": 3.1987, "2009-03-31": "1.80130", "2008-12-31": 1.1006, "2008-09-30": 3.7929, "2008-06-30": 2.4283, "2008-03-31": "2.01520", "2007-12-31": 1.8996, "2007-09-30": 3.362, "2007-06-30": 1.1084, "2007-03-31": "-0.31250", "2006-12-31": 2.2404, "2006-09-30": 3.8061, "2006-06-30": 1.2409, "2006-03-31": "-0.84560", "2005-12-31": 1.7688, "2005-09-30": 3.1596, "2005-06-30": 1.0939, "2005-03-31": "-0.20270"}}, "revenue": {"ITT Annual Revenue (Millions of US $)": {"2019": "$2,846", "2018": "$2,745", "2017": "$2,585", "2016": "$2,405", "2015": "$2,486", "2014": "$2,655", "2013": "$2,497", "2012": "$2,228", "2011": "$2,086", "2010": "$1,891", "2009": "$1,770", "2008": "$11,476", "2007": "$9,003", "2006": "$7,808", "2005": "$7,041"}, "ITT Quarterly Revenue (Millions of US $)": {"2020-09-30": "$591", "2020-06-30": "$515", "2020-03-31": "$663", "2019-12-31": "$719", "2019-09-30": "$712", "2019-06-30": "$720", "2019-03-31": "$696", "2018-12-31": "$678", "2018-09-30": "$681", "2018-06-30": "$697", "2018-03-31": "$689", "2017-12-31": "$684", "2017-09-30": "$645", "2017-06-30": "$631", "2017-03-31": "$626", "2016-12-31": "$588", "2016-09-30": "$582", "2016-06-30": "$626", "2016-03-31": "$609", "2015-12-31": "$667", "2015-09-30": "$602", "2015-06-30": "$628", "2015-03-31": "$589", "2014-12-31": "$660", "2014-09-30": "$657", "2014-06-30": "$663", "2014-03-31": "$675", "2013-12-31": "$646", "2013-09-30": "$634", "2013-06-30": "$609", "2013-03-31": "$608", "2012-12-31": "$554", "2012-09-30": "$548", "2012-06-30": "$558", "2012-03-31": "$568", "2011-12-31": "$484", "2011-09-30": "$516", "2011-06-30": "$552", "2011-03-31": "$533", "2010-12-31": "$3,035", "2010-09-30": "$2,643", "2010-06-30": "$2,739", "2010-03-31": "$2,578", "2009-12-31": "$2,809", "2009-09-30": "$2,640", "2009-06-30": "$2,719", "2009-03-31": "$2,557", "2008-12-31": "$2,726", "2008-09-30": "$2,879", "2008-06-30": "$3,064", "2008-03-31": "$2,806", "2007-12-31": "$2,529", "2007-09-30": "$2,181", "2007-06-30": "$2,223", "2007-03-31": "$2,070", "2006-12-31": "$2,051", "2006-09-30": "$2,001", "2006-06-30": "$1,964", "2006-03-31": "$1,792", "2005-12-31": "$1,676", "2005-09-30": "$1,735", "2005-06-30": "$1,864", "2005-03-31": "$1,766"}}, "gross-profit": {"ITT Annual Gross Profit (Millions of US $)": {"2019": "$910", "2018": "$887", "2017": "$820", "2016": "$761", "2015": "$809", "2014": "$866", "2013": "$800", "2012": "$680", "2011": "$645", "2010": "$604", "2009": "$563", "2008": "$3,214", "2007": "$2,568", "2006": "$2,190", "2005": "$1,968"}, "ITT Quarterly Gross Profit (Millions of US $)": {"2020-09-30": "$191", "2020-06-30": "$164", "2020-03-31": "$209", "2019-12-31": "$228", "2019-09-30": "$231", "2019-06-30": "$232", "2019-03-31": "$219", "2018-12-31": "$211", "2018-09-30": "$227", "2018-06-30": "$226", "2018-03-31": "$224", "2017-12-31": "$208", "2017-09-30": "$204", "2017-06-30": "$205", "2017-03-31": "$203", "2016-12-31": "$176", "2016-09-30": "$184", "2016-06-30": "$206", "2016-03-31": "$195", "2015-12-31": "$201", "2015-09-30": "$195", "2015-06-30": "$214", "2015-03-31": "$199", "2014-12-31": "$217", "2014-09-30": "$220", "2014-06-30": "$215", "2014-03-31": "$215", "2013-12-31": "$209", "2013-09-30": "$203", "2013-06-30": "$198", "2013-03-31": "$191", "2012-12-31": "$173", "2012-09-30": "$166", "2012-06-30": "$170", "2012-03-31": "$170", "2011-12-31": "$187", "2011-09-30": "$155", "2011-06-30": "$176", "2011-03-31": "$127", "2010-12-31": "$908", "2010-09-30": "$768", "2010-06-30": "$781", "2010-03-31": "$718", "2009-12-31": "$835", "2009-09-30": "$760", "2009-06-30": "$769", "2009-03-31": "$669", "2008-12-31": "$775", "2008-09-30": "$811", "2008-06-30": "$867", "2008-03-31": "$761", "2007-12-31": "$701", "2007-09-30": "$641", "2007-06-30": "$642", "2007-03-31": "$584", "2006-12-31": "$592", "2006-09-30": "$563", "2006-06-30": "$551", "2006-03-31": "$483", "2005-12-31": "$523", "2005-09-30": "$465", "2005-06-30": "$511", "2005-03-31": "$470"}}, "operating-income": {"ITT Annual Operating Income (Millions of US $)": {"2019": "$411", "2018": "$397", "2017": "$319", "2016": "$277", "2015": "$380", "2014": "$266", "2013": "$184", "2012": "$152", "2011": "$-245", "2010": "$-181", "2009": "$-121", "2008": "$1,198", "2007": "$977", "2006": "$801", "2005": "$726"}, "ITT Quarterly Operating Income (Millions of US $)": {"2020-09-30": "$-63", "2020-06-30": "$21", "2020-03-31": "$109", "2019-12-31": "$82", "2019-09-30": "$153", "2019-06-30": "$86", "2019-03-31": "$91", "2018-12-31": "$69", "2018-09-30": "$138", "2018-06-30": "$80", "2018-03-31": "$111", "2017-12-31": "$70", "2017-09-30": "$133", "2017-06-30": "$59", "2017-03-31": "$57", "2016-12-31": "$41", "2016-09-30": "$135", "2016-06-30": "$50", "2016-03-31": "$51", "2015-12-31": "$54", "2015-09-30": "$104", "2015-06-30": "$165", "2015-03-31": "$58", "2014-12-31": "$44", "2014-09-30": "$120", "2014-06-30": "$55", "2014-03-31": "$48", "2013-12-31": "$28", "2013-09-30": "$77", "2013-06-30": "$41", "2013-03-31": "$37", "2012-12-31": "$21", "2012-09-30": "$37", "2012-06-30": "$57", "2012-03-31": "$37", "2011-12-31": "$-270", "2011-09-30": "$-11", "2011-06-30": "$47", "2011-03-31": "$-10", "2010-12-31": "$363", "2010-09-30": "$-32", "2010-06-30": "$324", "2010-03-31": "$245", "2009-12-31": "$284", "2009-09-30": "$89", "2009-06-30": "$303", "2009-03-31": "$222", "2008-12-31": "$231", "2008-09-30": "$328", "2008-06-30": "$355", "2008-03-31": "$284", "2007-12-31": "$249", "2007-09-30": "$260", "2007-06-30": "$251", "2007-03-31": "$218", "2006-12-31": "$200", "2006-09-30": "$215", "2006-06-30": "$217", "2006-03-31": "$169", "2005-12-31": "$204", "2005-09-30": "$180", "2005-06-30": "$198", "2005-03-31": "$144"}}, "ebitda": {"ITT Annual EBITDA (Millions of US $)": {"2019": "$525", "2018": "$507", "2017": "$425", "2016": "$379", "2015": "$470", "2014": "$355", "2013": "$271", "2012": "$223", "2011": "$-174", "2010": "$-116", "2009": "$-56", "2008": "$1,472", "2007": "$1,163", "2006": "$973", "2005": "$900"}, "ITT Quarterly EBITDA (Millions of US $)": {"2020-09-30": "$-35", "2020-06-30": "$48", "2020-03-31": "$137", "2019-12-31": "$115", "2019-09-30": "$181", "2019-06-30": "$113", "2019-03-31": "$117", "2018-12-31": "$96", "2018-09-30": "$165", "2018-06-30": "$108", "2018-03-31": "$138", "2017-12-31": "$98", "2017-09-30": "$160", "2017-06-30": "$85", "2017-03-31": "$82", "2016-12-31": "$67", "2016-09-30": "$160", "2016-06-30": "$75", "2016-03-31": "$76", "2015-12-31": "$81", "2015-09-30": "$125", "2015-06-30": "$186", "2015-03-31": "$79", "2014-12-31": "$68", "2014-09-30": "$142", "2014-06-30": "$76", "2014-03-31": "$69", "2013-12-31": "$48", "2013-09-30": "$99", "2013-06-30": "$62", "2013-03-31": "$62", "2012-12-31": "$42", "2012-09-30": "$54", "2012-06-30": "$74", "2012-03-31": "$53", "2011-12-31": "$-252", "2011-09-30": "$6", "2011-06-30": "$65", "2011-03-31": "$8", "2010-12-31": "$213", "2010-09-30": "$42", "2010-06-30": "$396", "2010-03-31": "$313", "2009-12-31": "$135", "2009-09-30": "$163", "2009-06-30": "$377", "2009-03-31": "$288", "2008-12-31": "$289", "2008-09-30": "$395", "2008-06-30": "$432", "2008-03-31": "$355", "2007-12-31": "$273", "2007-09-30": "$332", "2007-06-30": "$296", "2007-03-31": "$262", "2006-12-31": "$244", "2006-09-30": "$258", "2006-06-30": "$259", "2006-03-31": "$212", "2005-12-31": "$249", "2005-09-30": "$212", "2005-06-30": "$246", "2005-03-31": "$193"}}, "net-income": {"ITT Annual Net Income (Millions of US $)": {"2019": "$325", "2018": "$334", "2017": "$114", "2016": "$186", "2015": "$352", "2014": "$185", "2013": "$489", "2012": "$125", "2011": "$-130", "2010": "$804", "2009": "$629", "2008": "$795", "2007": "$742", "2006": "$581", "2005": "$360"}, "ITT Quarterly Net Income (Millions of US $)": {"2020-09-30": "$-47", "2020-06-30": "$48", "2020-03-31": "$85", "2019-12-31": "$68", "2019-09-30": "$119", "2019-06-30": "$67", "2019-03-31": "$71", "2018-12-31": "$52", "2018-09-30": "$111", "2018-06-30": "$70", "2018-03-31": "$101", "2017-12-31": "$-67", "2017-09-30": "$87", "2017-06-30": "$48", "2017-03-31": "$46", "2016-12-31": "$26", "2016-09-30": "$90", "2016-06-30": "$33", "2016-03-31": "$37", "2015-12-31": "$37", "2015-09-30": "$131", "2015-06-30": "$142", "2015-03-31": "$42", "2014-12-31": "$34", "2014-09-30": "$80", "2014-06-30": "$38", "2014-03-31": "$32", "2013-12-31": "$11", "2013-09-30": "$431", "2013-06-30": "$26", "2013-03-31": "$21", "2012-12-31": "$32", "2012-09-30": "$73", "2012-06-30": "$17", "2012-03-31": "$3", "2011-12-31": "$-529", "2011-09-30": "$109", "2011-06-30": "$170", "2011-03-31": "$121", "2010-12-31": "$269", "2010-09-30": "$145", "2010-06-30": "$238", "2010-03-31": "$146", "2009-12-31": "$199", "2009-09-30": "$59", "2009-06-30": "$201", "2009-03-31": "$184", "2008-12-31": "$186", "2008-09-30": "$216", "2008-06-30": "$221", "2008-03-31": "$172", "2007-12-31": "$158", "2007-09-30": "$230", "2007-06-30": "$214", "2007-03-31": "$140", "2006-12-31": "$141", "2006-09-30": "$144", "2006-06-30": "$141", "2006-03-31": "$156", "2005-12-31": "$-84", "2005-09-30": "$189", "2005-06-30": "$138", "2005-03-31": "$117"}}, "eps-earnings-per-share-diluted": {"ITT Annual EPS": {"2019": "$3.67", "2018": "$3.76", "2017": "$1.28", "2016": "$2.07", "2015": "$3.88", "2014": "$1.99", "2013": "$5.29", "2012": "$1.33", "2011": "$-1.40", "2010": "$8.75", "2009": "$6.89", "2008": "$8.64", "2007": "$8.04", "2006": "$6.20", "2005": "$3.82"}, "ITT Quarterly EPS": {"2020-09-30": "$-0.54", "2020-06-30": "$0.55", "2020-03-31": "$0.96", "2019-12-31": "$0.78", "2019-09-30": "$1.34", "2019-06-30": "$0.75", "2019-03-31": "$0.80", "2018-12-31": "$0.58", "2018-09-30": "$1.25", "2018-06-30": "$0.79", "2018-03-31": "$1.14", "2017-12-31": "$-0.76", "2017-09-30": "$0.98", "2017-06-30": "$0.54", "2017-03-31": "$0.52", "2016-12-31": "$0.30", "2016-09-30": "$1.00", "2016-06-30": "$0.36", "2016-03-31": "$0.41", "2015-12-31": "$0.39", "2015-09-30": "$1.45", "2015-06-30": "$1.58", "2015-03-31": "$0.46", "2014-12-31": "$0.37", "2014-09-30": "$0.86", "2014-06-30": "$0.41", "2014-03-31": "$0.35", "2013-12-31": "$0.10", "2013-09-30": "$4.69", "2013-06-30": "$0.28", "2013-03-31": "$0.22", "2012-12-31": "$0.34", "2012-09-30": "$0.78", "2012-06-30": "$0.18", "2012-03-31": "$0.03", "2011-12-31": "$-5.70", "2011-09-30": "$1.17", "2011-06-30": "$1.82", "2011-03-31": "$1.31", "2010-12-31": "$2.88", "2010-09-30": "$1.56", "2010-06-30": "$2.56", "2010-03-31": "$1.58", "2009-12-31": "$2.16", "2009-09-30": "$0.64", "2009-06-30": "$2.20", "2009-03-31": "$2.02", "2008-12-31": "$2.06", "2008-09-30": "$2.34", "2008-06-30": "$2.38", "2008-03-31": "$1.86", "2007-12-31": "$1.70", "2007-09-30": "$2.50", "2007-06-30": "$2.32", "2007-03-31": "$1.52", "2006-12-31": "$1.50", "2006-09-30": "$1.54", "2006-06-30": "$1.50", "2006-03-31": "$1.66", "2005-12-31": "$-0.88", "2005-09-30": "$2.00", "2005-06-30": "$1.46", "2005-03-31": "$1.24"}}, "shares-outstanding": {"ITT Annual Shares Outstanding (Millions of Shares)": {"2019": "89", "2018": "89", "2017": "89", "2016": "90", "2015": "91", "2014": "93", "2013": "92", "2012": "94", "2011": "93", "2010": "92", "2009": "91", "2008": "92", "2007": "92", "2006": "94", "2005": "94"}, "ITT Quarterly Shares Outstanding (Millions of Shares)": {"2020-09-30": "86", "2020-06-30": "87", "2020-03-31": "88", "2019-12-31": "89", "2019-09-30": "89", "2019-06-30": "89", "2019-03-31": "89", "2018-12-31": "89", "2018-09-30": "89", "2018-06-30": "88", "2018-03-31": "89", "2017-12-31": "89", "2017-09-30": "89", "2017-06-30": "89", "2017-03-31": "89", "2016-12-31": "90", "2016-09-30": "90", "2016-06-30": "90", "2016-03-31": "91", "2015-12-31": "91", "2015-09-30": "90", "2015-06-30": "90", "2015-03-31": "92", "2014-12-31": "93", "2014-09-30": "93", "2014-06-30": "93", "2014-03-31": "93", "2013-12-31": "92", "2013-09-30": "92", "2013-06-30": "92", "2013-03-31": "93", "2012-12-31": "94", "2012-09-30": "94", "2012-06-30": "94", "2012-03-31": "96", "2011-12-31": "93", "2011-09-30": "93", "2011-06-30": "93", "2011-03-31": "93", "2010-12-31": "93", "2010-09-30": "93", "2010-06-30": "93", "2010-03-31": "92", "2009-12-31": "92", "2009-09-30": "92", "2009-06-30": "92", "2009-03-31": "92", "2008-12-31": "92", "2008-09-30": "92", "2008-06-30": "92", "2008-03-31": "92", "2007-12-31": "92", "2007-09-30": "92", "2007-06-30": "92", "2007-03-31": "92", "2006-12-31": "94", "2006-09-30": "93", "2006-06-30": "94", "2006-03-31": "94", "2005-12-31": "94", "2005-09-30": "94", "2005-06-30": "94", "2005-03-31": "94"}}, "total-assets": {"ITT Annual Total Assets (Millions of US $)": {"2019": "$4,108", "2018": "$3,847", "2017": "$3,700", "2016": "$3,602", "2015": "$3,724", "2014": "$3,632", "2013": "$3,740", "2012": "$3,386", "2011": "$3,672", "2010": "$12,615", "2009": "$11,129", "2008": "$10,480", "2007": "$11,553", "2006": "$7,401", "2005": "$7,072"}, "ITT Quarterly Total Assets (Millions of US $)": {"2020-09-30": "$4,176", "2020-06-30": "$4,151", "2020-03-31": "$4,277", "2019-12-31": "$4,108", "2019-09-30": "$4,064", "2019-06-30": "$4,041", "2019-03-31": "$3,937", "2018-12-31": "$3,847", "2018-09-30": "$3,845", "2018-06-30": "$3,800", "2018-03-31": "$3,872", "2017-12-31": "$3,700", "2017-09-30": "$3,800", "2017-06-30": "$3,731", "2017-03-31": "$3,670", "2016-12-31": "$3,602", "2016-09-30": "$3,718", "2016-06-30": "$3,750", "2016-03-31": "$3,809", "2015-12-31": "$3,724", "2015-09-30": "$3,478", "2015-06-30": "$3,576", "2015-03-31": "$3,573", "2014-12-31": "$3,632", "2014-09-30": "$3,707", "2014-06-30": "$3,813", "2014-03-31": "$3,784", "2013-12-31": "$3,740", "2013-09-30": "$3,795", "2013-06-30": "$3,366", "2013-03-31": "$3,374", "2012-12-31": "$3,386", "2012-09-30": "$3,315", "2012-06-30": "$3,704", "2012-03-31": "$3,749", "2011-12-31": "$3,672", "2011-09-30": "$15,088", "2011-06-30": "$13,100", "2011-03-31": "$12,726", "2010-12-31": "$12,615", "2010-09-30": "$12,460", "2010-06-30": "$11,015", "2010-03-31": "$11,200", "2009-12-31": "$11,129", "2009-09-30": "$11,544", "2009-06-30": "$10,552", "2009-03-31": "$10,298", "2008-12-31": "$10,480", "2008-09-30": "$10,637", "2008-06-30": "$10,803", "2008-03-31": "$10,795", "2007-12-31": "$11,553", "2007-09-30": "$8,597", "2007-06-30": "$7,907", "2007-03-31": "$7,729", "2006-12-31": "$7,401", "2006-09-30": "$7,536", "2006-06-30": "$7,526", "2006-03-31": "$7,224", "2005-12-31": "$7,072", "2005-09-30": "$7,536", "2005-06-30": "$7,497", "2005-03-31": "$7,463"}}, "cash-on-hand": {"ITT Annual Cash on Hand (Millions of US $)": {"2019": "$612", "2018": "$561", "2017": "$390", "2016": "$461", "2015": "$416", "2014": "$584", "2013": "$507", "2012": "$545", "2011": "$690", "2010": "$206", "2009": "$1,216", "2008": "$965", "2007": "$1,840", "2006": "$937", "2005": "$451"}, "ITT Quarterly Cash on Hand (Millions of US $)": {"2020-09-30": "$782", "2020-06-30": "$819", "2020-03-31": "$840", "2019-12-31": "$612", "2019-09-30": "$556", "2019-06-30": "$532", "2019-03-31": "$554", "2018-12-31": "$561", "2018-09-30": "$526", "2018-06-30": "$450", "2018-03-31": "$439", "2017-12-31": "$390", "2017-09-30": "$396", "2017-06-30": "$355", "2017-03-31": "$349", "2016-12-31": "$461", "2016-09-30": "$476", "2016-06-30": "$433", "2016-03-31": "$431", "2015-12-31": "$416", "2015-09-30": "$505", "2015-06-30": "$497", "2015-03-31": "$570", "2014-12-31": "$584", "2014-09-30": "$523", "2014-06-30": "$528", "2014-03-31": "$515", "2013-12-31": "$507", "2013-09-30": "$481", "2013-06-30": "$518", "2013-03-31": "$483", "2012-12-31": "$545", "2012-09-30": "$762", "2012-06-30": "$739", "2012-03-31": "$728", "2011-12-31": "$690", "2011-09-30": "$2,686", "2011-06-30": "$1,160", "2011-03-31": "$1,074", "2010-12-31": "$206", "2010-09-30": "$912", "2010-06-30": "$844", "2010-03-31": "$880", "2009-12-31": "$1,216", "2009-09-30": "$1,348", "2009-06-30": "$1,019", "2009-03-31": "$911", "2008-12-31": "$965", "2008-09-30": "$957", "2008-06-30": "$878", "2008-03-31": "$900", "2007-12-31": "$1,840", "2007-09-30": "$1,440", "2007-06-30": "$1,113", "2007-03-31": "$1,050", "2006-12-31": "$937", "2006-09-30": "$793", "2006-06-30": "$755", "2006-03-31": "$624", "2005-12-31": "$451", "2005-09-30": "$470", "2005-06-30": "$384", "2005-03-31": "$336"}}, "long-term-debt": {"ITT Annual Long Term Debt (Millions of US $)": {"2019": "$", "2018": "$", "2017": "$", "2016": "$", "2015": "$", "2014": "$", "2013": "$", "2012": "$", "2011": "$", "2010": "$1,350", "2009": "$1,431", "2008": "$468", "2007": "$483", "2006": "$500", "2005": "$516"}, "ITT Quarterly Long Term Debt (Millions of US $)": {"2020-09-30": "", "2020-06-30": "", "2020-03-31": "", "2019-12-31": "", "2019-09-30": "", "2019-06-30": "", "2019-03-31": "", "2018-12-31": "", "2018-09-30": "", "2018-06-30": "", "2018-03-31": "", "2017-12-31": "", "2017-09-30": "", "2017-06-30": "", "2017-03-31": "", "2016-12-31": "", "2016-09-30": "", "2016-06-30": "", "2016-03-31": "", "2015-12-31": "", "2015-09-30": "", "2015-06-30": "", "2015-03-31": "", "2014-12-31": "", "2014-09-30": "", "2014-06-30": "", "2014-03-31": "", "2013-12-31": "", "2013-09-30": "", "2013-06-30": "", "2013-03-31": "", "2012-12-31": "", "2012-09-30": "", "2012-06-30": "", "2012-03-31": "", "2011-12-31": "", "2011-09-30": "$1,868", "2011-06-30": "$1,297", "2011-03-31": "$1,354", "2010-12-31": "$1,350", "2010-09-30": "$1,364", "2010-06-30": "$1,363", "2010-03-31": "$1,365", "2009-12-31": "$1,431", "2009-09-30": "$1,440", "2009-06-30": "$1,456", "2009-03-31": "$467", "2008-12-31": "$468", "2008-09-30": "$479", "2008-06-30": "$481", "2008-03-31": "$483", "2007-12-31": "$483", "2007-09-30": "$491", "2007-06-30": "$486", "2007-03-31": "$487", "2006-12-31": "$500", "2006-09-30": "$512", "2006-06-30": "$516", "2006-03-31": "$514", "2005-12-31": "$516", "2005-09-30": "$543", "2005-06-30": "$561", "2005-03-31": "$536"}}, "total-liabilities": {"ITT Annual Total Liabilities (Millions of US $)": {"2019": "$2,030", "2018": "$2,022", "2017": "$2,102", "2016": "$2,173", "2015": "$2,358", "2014": "$2,411", "2013": "$2,533", "2012": "$2,683", "2011": "$2,977", "2010": "$8,154", "2009": "$7,251", "2008": "$7,420", "2007": "$7,608", "2006": "$4,531", "2005": "$4,349"}, "ITT Quarterly Total Liabilities (Millions of US $)": {"2020-09-30": "$2,152", "2020-06-30": "$2,096", "2020-03-31": "$2,261", "2019-12-31": "$2,030", "2019-09-30": "$2,064", "2019-06-30": "$2,104", "2019-03-31": "$2,066", "2018-12-31": "$2,022", "2018-09-30": "$2,057", "2018-06-30": "$2,117", "2018-03-31": "$2,211", "2017-12-31": "$2,102", "2017-09-30": "$2,147", "2017-06-30": "$2,185", "2017-03-31": "$2,178", "2016-12-31": "$2,173", "2016-09-30": "$2,260", "2016-06-30": "$2,334", "2016-03-31": "$2,386", "2015-12-31": "$2,358", "2015-09-30": "$2,111", "2015-06-30": "$2,308", "2015-03-31": "$2,458", "2014-12-31": "$2,411", "2014-09-30": "$2,405", "2014-06-30": "$2,545", "2014-03-31": "$2,544", "2013-12-31": "$2,533", "2013-09-30": "$2,669", "2013-06-30": "$2,705", "2013-03-31": "$2,707", "2012-12-31": "$2,683", "2012-09-30": "$2,545", "2012-06-30": "$3,013", "2012-03-31": "$3,026", "2011-12-31": "$2,977", "2011-09-30": "$10,843", "2011-06-30": "$8,124", "2011-03-31": "$7,958", "2010-12-31": "$8,154", "2010-09-30": "$8,131", "2010-06-30": "$6,993", "2010-03-31": "$7,281", "2009-12-31": "$7,251", "2009-09-30": "$7,956", "2009-06-30": "$7,093", "2009-03-31": "$7,144", "2008-12-31": "$7,420", "2008-09-30": "$6,225", "2008-06-30": "$6,431", "2008-03-31": "$6,594", "2007-12-31": "$7,608", "2007-09-30": "$5,146", "2007-06-30": "$4,858", "2007-03-31": "$4,823", "2006-12-31": "$4,531", "2006-09-30": "$4,385", "2006-06-30": "$4,499", "2006-03-31": "$4,363", "2005-12-31": "$4,349", "2005-09-30": "$5,060", "2005-06-30": "$5,140", "2005-03-31": "$5,119"}}, "total-share-holder-equity": {"ITT Annual Share Holder Equity (Millions of US $)": {"2019": "$2,078", "2018": "$1,825", "2017": "$1,598", "2016": "$1,428", "2015": "$1,365", "2014": "$1,220", "2013": "$1,207", "2012": "$703", "2011": "$695", "2010": "$4,461", "2009": "$3,878", "2008": "$3,060", "2007": "$3,945", "2006": "$2,869", "2005": "$2,723"}, "ITT Quarterly Share Holder Equity (Millions of US $)": {"2020-09-30": "$2,025", "2020-06-30": "$2,055", "2020-03-31": "$2,016", "2019-12-31": "$2,078", "2019-09-30": "$2,000", "2019-06-30": "$1,937", "2019-03-31": "$1,871", "2018-12-31": "$1,825", "2018-09-30": "$1,788", "2018-06-30": "$1,682", "2018-03-31": "$1,661", "2017-12-31": "$1,598", "2017-09-30": "$1,653", "2017-06-30": "$1,546", "2017-03-31": "$1,492", "2016-12-31": "$1,428", "2016-09-30": "$1,458", "2016-06-30": "$1,417", "2016-03-31": "$1,423", "2015-12-31": "$1,365", "2015-09-30": "$1,367", "2015-06-30": "$1,268", "2015-03-31": "$1,115", "2014-12-31": "$1,220", "2014-09-30": "$1,302", "2014-06-30": "$1,267", "2014-03-31": "$1,240", "2013-12-31": "$1,207", "2013-09-30": "$1,126", "2013-06-30": "$661", "2013-03-31": "$667", "2012-12-31": "$703", "2012-09-30": "$770", "2012-06-30": "$691", "2012-03-31": "$723", "2011-12-31": "$695", "2011-09-30": "$4,245", "2011-06-30": "$4,976", "2011-03-31": "$4,768", "2010-12-31": "$4,461", "2010-09-30": "$4,329", "2010-06-30": "$4,022", "2010-03-31": "$3,919", "2009-12-31": "$3,878", "2009-09-30": "$3,588", "2009-06-30": "$3,459", "2009-03-31": "$3,154", "2008-12-31": "$3,060", "2008-09-30": "$4,412", "2008-06-30": "$4,372", "2008-03-31": "$4,201", "2007-12-31": "$3,945", "2007-09-30": "$3,451", "2007-06-30": "$3,049", "2007-03-31": "$2,906", "2006-12-31": "$2,869", "2006-09-30": "$3,151", "2006-06-30": "$3,027", "2006-03-31": "$2,861", "2005-12-31": "$2,723", "2005-09-30": "$2,477", "2005-06-30": "$2,357", "2005-03-31": "$2,344"}}, "profit-margins": {"current": "6.2%"}, "gross margin": {"2020-09-30": "31.83%", "2020-06-30": "31.89%", "2020-03-31": "31.98%", "2019-12-31": "31.96%", "2019-09-30": "31.79%", "2019-06-30": "32.00%", "2019-03-31": "32.05%", "2018-12-31": "32.31%", "2018-09-30": "32.17%", "2018-06-30": "31.75%", "2018-03-31": "31.75%", "2017-12-31": "31.71%", "2017-09-30": "31.65%", "2017-06-30": "31.64%", "2017-03-31": "31.75%", "2016-12-31": "31.64%", "2016-09-30": "31.64%", "2016-06-30": "31.83%", "2016-03-31": "32.12%", "2015-12-31": "32.54%", "2015-09-30": "33.28%", "2015-06-30": "33.54%", "2015-03-31": "33.13%", "2014-12-31": "32.66%", "2014-09-30": "32.54%", "2014-06-30": "32.17%", "2014-03-31": "32.19%", "2013-12-31": "32.09%", "2013-09-30": "31.81%", "2013-06-30": "31.39%", "2013-03-31": "30.86%", "2012-12-31": "30.48%", "2012-09-30": "32.11%", "2012-06-30": "32.08%", "2012-03-31": "32.45%", "2011-12-31": "30.94%", "2011-09-30": "29.47%", "2011-06-30": "29.26%", "2011-03-31": "28.87%", "2010-12-31": "28.88%", "2010-09-30": "28.80%", "2010-06-30": "28.74%", "2010-03-31": "28.68%", "2009-12-31": "28.28%", "2009-09-30": "27.94%", "2009-06-30": "27.79%", "2009-03-31": "27.81%", "2008-12-31": "28.01%", "2008-09-30": "27.84%", "2008-06-30": "28.07%", "2008-03-31": "28.19%", "2007-12-31": "28.52%", "2007-09-30": "28.84%", "2007-06-30": "28.53%", "2007-03-31": "28.32%", "2006-12-31": "28.04%", "2006-09-30": "28.52%", "2006-06-30": "28.21%", "2006-03-31": "28.05%", "2005-12-31": "27.96%"}, "operating margin": {"2020-09-30": "5.99%", "2020-06-30": "13.99%", "2020-03-31": "15.28%", "2019-12-31": "14.47%", "2019-09-30": "14.22%", "2019-06-30": "13.84%", "2019-03-31": "13.74%", "2018-12-31": "14.50%", "2018-09-30": "14.50%", "2018-06-30": "14.51%", "2018-03-31": "14.08%", "2017-12-31": "12.34%", "2017-09-30": "11.65%", "2017-06-30": "12.03%", "2017-03-31": "11.68%", "2016-12-31": "11.52%", "2016-09-30": "11.67%", "2016-06-30": "10.34%", "2016-03-31": "14.92%", "2015-12-31": "15.33%", "2015-09-30": "14.97%", "2015-06-30": "15.27%", "2015-03-31": "10.74%", "2014-12-31": "10.02%", "2014-09-30": "9.47%", "2014-06-30": "7.91%", "2014-03-31": "7.57%", "2013-12-31": "7.33%", "2013-09-30": "7.32%", "2013-06-30": "5.86%", "2013-03-31": "6.70%", "2012-12-31": "6.82%", "2012-09-30": "-6.44%", "2012-06-30": "-8.80%", "2012-03-31": "-9.29%", "2011-12-31": "-11.70%", "2011-09-30": "8.39%", "2011-06-30": "5.44%", "2011-03-31": "7.21%", "2010-12-31": "8.19%", "2010-09-30": "7.62%", "2010-06-30": "8.75%", "2010-03-31": "8.57%", "2009-12-31": "8.37%", "2009-09-30": "7.94%", "2009-06-30": "9.96%", "2009-03-31": "10.12%", "2008-12-31": "10.44%", "2008-09-30": "10.78%", "2008-06-30": "10.85%", "2008-03-31": "10.72%", "2007-12-31": "10.86%", "2007-09-30": "10.90%", "2007-06-30": "10.59%", "2007-03-31": "10.51%", "2006-12-31": "10.26%", "2006-09-30": "10.82%", "2006-06-30": "10.73%", "2006-03-31": "10.61%", "2005-12-31": "10.30%"}, "ebitda margin": {"2020-09-30": "10.65%", "2020-06-30": "18.44%", "2020-03-31": "19.40%", "2019-12-31": "18.48%", "2019-09-30": "18.07%", "2019-06-30": "17.69%", "2019-03-31": "17.66%", "2018-12-31": "18.47%", "2018-09-30": "18.50%", "2018-06-30": "18.56%", "2018-03-31": "18.16%", "2017-12-31": "16.43%", "2017-09-30": "15.82%", "2017-06-30": "16.23%", "2017-03-31": "15.85%", "2016-12-31": "15.72%", "2016-09-30": "15.78%", "2016-06-30": "14.26%", "2016-03-31": "18.68%", "2015-12-31": "18.95%", "2015-09-30": "18.48%", "2015-06-30": "18.75%", "2015-03-31": "14.21%", "2014-12-31": "13.37%", "2014-09-30": "12.69%", "2014-06-30": "11.16%", "2014-03-31": "10.85%", "2013-12-31": "10.86%", "2013-09-30": "11.02%", "2013-06-30": "9.49%", "2013-03-31": "10.23%", "2012-12-31": "10.01%", "2012-09-30": "-3.29%", "2012-06-30": "-5.60%", "2012-03-31": "-6.04%", "2011-12-31": "-8.30%", "2011-09-30": "6.30%", "2011-06-30": "4.85%", "2011-03-31": "7.36%", "2010-12-31": "8.77%", "2010-09-30": "8.23%", "2010-06-30": "9.35%", "2010-03-31": "9.19%", "2009-12-31": "8.98%", "2009-09-30": "10.50%", "2009-06-30": "12.40%", "2009-03-31": "12.51%", "2008-12-31": "12.82%", "2008-09-30": "12.90%", "2008-06-30": "13.16%", "2008-03-31": "12.90%", "2007-12-31": "12.92%", "2007-09-30": "13.30%", "2007-06-30": "12.70%", "2007-03-31": "12.65%", "2006-12-31": "12.46%", "2006-09-30": "13.16%", "2006-06-30": "13.00%", "2006-03-31": "13.00%", "2005-12-31": "12.78%"}, "pre tax profit margin": {"2020-09-30": "5.91%", "2020-06-30": "13.95%", "2020-03-31": "15.35%", "2019-12-31": "14.54%", "2019-09-30": "14.11%", "2019-06-30": "13.69%", "2019-03-31": "13.55%", "2018-12-31": "14.24%", "2018-09-30": "14.29%", "2018-06-30": "14.14%", "2018-03-31": "13.74%", "2017-12-31": "11.99%", "2017-09-30": "10.72%", "2017-06-30": "11.29%", "2017-03-31": "10.94%", "2016-12-31": "10.77%", "2016-09-30": "11.59%", "2016-06-30": "10.42%", "2016-03-31": "14.96%", "2015-12-31": "15.41%", "2015-09-30": "14.97%", "2015-06-30": "15.07%", "2015-03-31": "10.59%", "2014-12-31": "9.87%", "2014-09-30": "9.39%", "2014-06-30": "7.95%", "2014-03-31": "7.53%", "2013-12-31": "7.25%", "2013-09-30": "7.15%", "2013-06-30": "5.82%", "2013-03-31": "6.61%", "2012-12-31": "6.73%", "2012-09-30": "-6.72%", "2012-06-30": "-10.40%", "2012-03-31": "-11.65%", "2011-12-31": "-15.20%", "2011-09-30": "6.49%", "2011-06-30": "4.24%", "2011-03-31": "6.30%", "2010-12-31": "7.44%", "2010-09-30": "6.84%", "2010-06-30": "7.99%", "2010-03-31": "7.78%", "2009-12-31": "7.59%", "2009-09-30": "7.04%", "2009-06-30": "8.98%", "2009-03-31": "9.12%", "2008-12-31": "9.38%", "2008-09-30": "9.74%", "2008-06-30": "9.81%", "2008-03-31": "9.75%", "2007-12-31": "9.99%", "2007-09-30": "10.16%", "2007-06-30": "9.85%", "2007-03-31": "9.62%", "2006-12-31": "9.32%", "2006-09-30": "9.71%", "2006-06-30": "9.77%", "2006-03-31": "9.74%", "2005-12-31": "9.56%"}, "net profit margin": {"2020-09-30": "6.19%", "2020-06-30": "12.27%", "2020-03-31": "12.05%", "2019-12-31": "11.42%", "2019-09-30": "11.01%", "2019-06-30": "10.85%", "2019-03-31": "11.05%", "2018-12-31": "12.17%", "2018-09-30": "7.82%", "2018-06-30": "7.03%", "2018-03-31": "6.38%", "2017-12-31": "4.41%", "2017-09-30": "8.31%", "2017-06-30": "8.65%", "2017-03-31": "8.05%", "2016-12-31": "7.73%", "2016-09-30": "7.93%", "2016-06-30": "9.50%", "2016-03-31": "13.85%", "2015-12-31": "14.16%", "2015-09-30": "14.08%", "2015-06-30": "11.76%", "2015-03-31": "7.55%", "2014-12-31": "6.93%", "2014-09-30": "6.10%", "2014-06-30": "19.56%", "2014-03-31": "19.51%", "2013-12-31": "19.59%", "2013-09-30": "21.21%", "2013-06-30": "6.55%", "2013-03-31": "6.31%", "2012-12-31": "5.61%", "2012-09-30": "-20.20%", "2012-06-30": "-18.81%", "2012-03-31": "-11.65%", "2011-12-31": "-6.19%", "2011-09-30": "14.43%", "2011-06-30": "10.42%", "2011-03-31": "8.64%", "2010-12-31": "7.26%", "2010-09-30": "6.76%", "2010-06-30": "5.96%", "2010-03-31": "5.63%", "2009-12-31": "6.00%", "2009-09-30": "5.92%", "2009-06-30": "7.23%", "2009-03-31": "7.19%", "2008-12-31": "6.93%", "2008-09-30": "6.80%", "2008-06-30": "7.38%", "2008-03-31": "7.95%", "2007-12-31": "8.24%", "2007-09-30": "8.50%", "2007-06-30": "7.66%", "2007-03-31": "7.00%", "2006-12-31": "7.45%", "2006-09-30": "4.80%", "2006-06-30": "5.61%", "2006-03-31": "5.65%", "2005-12-31": "5.11%"}, "pe ratio": {"current": "24.77", "2021-02-05": "45.27", "2020-09-30": "33.86", "2020-06-30": "16.15", "2020-03-31": "11.78", "2019-12-31": "19.96", "2019-09-30": "17.34", "2019-06-30": "19.01", "2019-03-31": "16.60", "2018-12-31": "12.54", "2018-09-30": "24.72", "2018-06-30": "23.69", "2018-03-31": "25.06", "2017-12-31": "40.43", "2017-09-30": "18.38", "2017-06-30": "16.48", "2017-03-31": "18.17", "2016-12-31": "17.93", "2016-09-30": "15.70", "2016-06-30": "11.57", "2016-03-31": "9.09", "2015-12-31": "8.83", "2015-09-30": "8.24", "2015-06-30": "12.17", "2015-03-31": "18.11", "2014-12-31": "19.38", "2014-09-30": "24.50", "2014-06-30": "8.19", "2014-03-31": "7.46", "2013-12-31": "7.76", "2013-09-30": "6.14", "2013-06-30": "17.02", "2013-03-31": "17.47", "2012-12-31": "16.40", "2012-09-30": "0.00", "2012-06-30": "0.00", "2012-03-31": "0.00", "2011-12-31": "0.00", "2011-09-30": "2.81", "2011-06-30": "3.56", "2011-03-31": "3.28", "2010-12-31": "2.75", "2010-09-30": "2.69", "2010-06-30": "2.90", "2010-03-31": "3.63", "2009-12-31": "3.15", "2009-09-30": "3.35", "2009-06-30": "2.28", "2009-03-31": "1.91", "2008-12-31": "2.31", "2008-09-30": "2.88", "2008-06-30": "3.22", "2008-03-31": "2.65", "2007-12-31": "3.52", "2007-09-30": "3.71", "2007-06-30": "4.24", "2007-03-31": "4.25", "2006-12-31": "3.90"}, "price sales": {"2021-02-05": "2.77", "2020-09-30": "2.07", "2020-06-30": "1.98", "2020-03-31": "1.42", "2019-12-31": "2.28", "2019-09-30": "1.91", "2019-06-30": "2.06", "2019-03-31": "1.83", "2018-12-31": "1.53", "2018-09-30": "1.93", "2018-06-30": "1.67", "2018-03-31": "1.60", "2017-12-31": "1.78", "2017-09-30": "1.53", "2017-06-30": "1.43", "2017-03-31": "1.46", "2016-12-31": "1.38", "2016-09-30": "1.24", "2016-06-30": "1.10", "2016-03-31": "1.26", "2015-12-31": "1.26", "2015-09-30": "1.17", "2015-06-30": "1.44", "2015-03-31": "1.36", "2014-12-31": "1.34", "2014-09-30": "1.50", "2014-06-30": "1.61", "2014-03-31": "1.46", "2013-12-31": "1.52", "2013-09-30": "1.31", "2013-06-30": "1.11", "2013-03-31": "1.10", "2012-12-31": "0.93", "2012-09-30": "0.82", "2012-06-30": "0.72", "2012-03-31": "0.94", "2011-12-31": "0.79", "2011-09-30": "0.39", "2011-06-30": "0.37", "2011-03-31": "0.28", "2010-12-31": "0.20", "2010-09-30": "0.18", "2010-06-30": "0.17", "2010-03-31": "0.21", "2009-12-31": "0.19", "2009-09-30": "0.20", "2009-06-30": "0.17", "2009-03-31": "0.14", "2008-12-31": "0.16", "2008-09-30": "0.20", "2008-06-30": "0.24", "2008-03-31": "0.21", "2007-12-31": "0.29", "2007-09-30": "0.32", "2007-06-30": "0.32", "2007-03-31": "0.30", "2006-12-31": "0.29"}, "price book": {"current": "3.36", "2021-02-05": "3.36", "2020-09-30": "2.51", "2020-06-30": "2.45", "2020-03-31": "1.93", "2019-12-31": "3.09", "2019-09-30": "2.64", "2019-06-30": "2.92", "2019-03-31": "2.67", "2018-12-31": "2.27", "2018-09-30": "2.93", "2018-06-30": "2.65", "2018-03-31": "2.51", "2017-12-31": "2.86", "2017-09-30": "2.28", "2017-06-30": "2.21", "2017-03-31": "2.34", "2016-12-31": "2.29", "2016-09-30": "2.07", "2016-06-30": "1.92", "2016-03-31": "2.21", "2015-12-31": "2.26", "2015-09-30": "2.08", "2015-06-30": "2.80", "2015-03-31": "3.03", "2014-12-31": "2.86", "2014-09-30": "3.00", "2014-06-30": "3.30", "2014-03-31": "3.00", "2013-12-31": "3.11", "2013-09-30": "2.74", "2013-06-30": "3.79", "2013-03-31": "3.66", "2012-12-31": "2.88", "2012-09-30": "2.26", "2012-06-30": "2.19", "2012-03-31": "2.76", "2011-12-31": "2.40", "2011-09-30": "0.42", "2011-06-30": "0.50", "2011-03-31": "0.53", "2010-12-31": "0.49", "2010-09-30": "0.45", "2010-06-30": "0.46", "2010-03-31": "0.56", "2009-12-31": "0.52", "2009-09-30": "0.59", "2009-06-30": "0.52", "2009-03-31": "0.49", "2008-12-31": "0.59", "2008-09-30": "0.50", "2008-06-30": "0.57", "2008-03-31": "0.48", "2007-12-31": "0.65", "2007-09-30": "0.76", "2007-06-30": "0.87", "2007-03-31": "0.81", "2006-12-31": "0.77", "2006-09-30": "0.64", "2006-06-30": "0.64", "2006-03-31": "0.77"}, "price fcf": {"2021-02-05": "", "2020-09-30": "$4.42", "2020-06-30": "$4.33", "2020-03-31": "$3.21", "2019-12-31": "$3.01", "2019-09-30": "$2.77", "2019-06-30": "$2.91", "2019-03-31": "$3.11", "2018-12-31": "$3.12", "2018-09-30": "$2.45", "2018-06-30": "$1.89", "2018-03-31": "$1.77", "2017-12-31": "$1.50", "2017-09-30": "$1.68", "2017-06-30": "$1.60", "2017-03-31": "$1.50", "2016-12-31": "$1.44", "2016-09-30": "$1.53", "2016-06-30": "$1.38", "2016-03-31": "$1.65", "2015-12-31": "$1.58", "2015-09-30": "$1.66", "2015-06-30": "$1.42", "2015-03-31": "$1.46", "2014-12-31": "$1.36", "2014-09-30": "$1.30", "2014-06-30": "$1.19", "2014-03-31": "$1.09", "2013-12-31": "$1.12", "2013-09-30": "$0.77", "2013-06-30": "$1.31", "2013-03-31": "$1.37", "2012-12-31": "$1.74", "2012-09-30": "$-1.39", "2012-06-30": "$-1.60", "2012-03-31": "$-3.87", "2011-12-31": "$-4.58", "2011-09-30": "$-9.12", "2011-06-30": "$-7.06", "2011-03-31": "$-2.97", "2010-12-31": "$-2.16", "2010-09-30": "$-2.84", "2010-06-30": "$-0.47", "2010-03-31": "$0.19", "2009-12-31": "$1.83", "2009-09-30": "$10.95", "2009-06-30": "$9.89", "2009-03-31": "$9.12", "2008-12-31": "$9.34", "2008-09-30": "$10.14", "2008-06-30": "$9.71", "2008-03-31": "$8.39", "2007-12-31": "$6.06", "2007-09-30": "$6.40", "2007-06-30": "$6.84", "2007-03-31": "$6.97", "2006-12-31": "$6.44"}, "net worth": {"value": "$6.81B"}, "current ratio": {"current": "2.11", "2020-09-30": "2.11", "2020-06-30": "1.93", "2020-03-31": "1.76", "2019-12-31": "2.04", "2019-09-30": "1.92", "2019-06-30": "1.91", "2019-03-31": "1.95", "2018-12-31": "1.89", "2018-09-30": "1.82", "2018-06-30": "1.68", "2018-03-31": "1.58", "2017-12-31": "1.64", "2017-09-30": "1.58", "2017-06-30": "1.57", "2017-03-31": "1.56", "2016-12-31": "1.62", "2016-09-30": "1.61", "2016-06-30": "1.67", "2016-03-31": "1.64", "2015-12-31": "1.57", "2015-09-30": "2.19", "2015-06-30": "2.00", "2015-03-31": "1.96", "2014-12-31": "2.11", "2014-09-30": "2.10", "2014-06-30": "2.09", "2014-03-31": "2.06", "2013-12-31": "2.00", "2013-09-30": "1.96", "2013-06-30": "1.87", "2013-03-31": "1.86", "2012-12-31": "1.91", "2012-09-30": "2.31", "2012-06-30": "1.99", "2012-03-31": "2.01", "2011-12-31": "2.11", "2011-09-30": "1.57", "2011-06-30": "1.70", "2011-03-31": "1.70", "2010-12-31": "1.61", "2010-09-30": "1.53", "2010-06-30": "1.65", "2010-03-31": "1.51", "2009-12-31": "1.66", "2009-09-30": "1.57", "2009-06-30": "1.49", "2009-03-31": "1.03", "2008-12-31": "1.01", "2008-09-30": "0.99", "2008-06-30": "0.97", "2008-03-31": "0.94", "2007-12-31": "0.90", "2007-09-30": "1.24", "2007-06-30": "1.23", "2007-03-31": "1.18", "2006-12-31": "1.26", "2006-09-30": "1.22", "2006-06-30": "1.13", "2006-03-31": "1.09", "2005-12-31": "1.11", "2005-09-30": "1.01", "2005-06-30": "0.97", "2005-03-31": "0.94"}, "quick ratio": {"2020-09-30": "1.67", "2020-06-30": "1.52", "2020-03-31": "1.41", "2019-12-31": "1.58", "2019-09-30": "1.45", "2019-06-30": "1.44", "2019-03-31": "1.49", "2018-12-31": "1.45", "2018-09-30": "1.38", "2018-06-30": "1.26", "2018-03-31": "1.18", "2017-12-31": "1.30", "2017-09-30": "1.23", "2017-06-30": "1.22", "2017-03-31": "1.21", "2016-12-31": "1.28", "2016-09-30": "1.29", "2016-06-30": "1.34", "2016-03-31": "1.33", "2015-12-31": "1.26", "2015-09-30": "1.77", "2015-06-30": "1.64", "2015-03-31": "1.62", "2014-12-31": "1.72", "2014-09-30": "1.71", "2014-06-30": "1.73", "2014-03-31": "1.71", "2013-12-31": "1.62", "2013-09-30": "1.62", "2013-06-30": "1.50", "2013-03-31": "1.49", "2012-12-31": "1.54", "2012-09-30": "1.95", "2012-06-30": "1.70", "2012-03-31": "1.72", "2011-12-31": "1.82", "2011-09-30": "1.33", "2011-06-30": "1.36", "2011-03-31": "1.36", "2010-12-31": "1.53", "2010-09-30": "1.19", "2010-06-30": "1.33", "2010-03-31": "1.20", "2009-12-31": "1.35", "2009-09-30": "1.28", "2009-06-30": "1.18", "2009-03-31": "0.82", "2008-12-31": "0.81", "2008-09-30": "0.77", "2008-06-30": "0.75", "2008-03-31": "0.72", "2007-12-31": "0.74", "2007-09-30": "1.00", "2007-06-30": "0.98", "2007-03-31": "0.93", "2006-12-31": "0.98", "2006-09-30": "0.94", "2006-06-30": "0.86", "2006-03-31": "0.82", "2005-12-31": "0.87", "2005-09-30": "0.74", "2005-06-30": "0.71", "2005-03-31": "0.67"}, "debt equity ratio": {"current": "0.00", "2020-09-30": "1.06", "2020-06-30": "1.02", "2020-03-31": "1.12", "2019-12-31": "0.98", "2019-09-30": "1.03", "2019-06-30": "1.09", "2019-03-31": "1.10", "2018-12-31": "1.11", "2018-09-30": "1.15", "2018-06-30": "1.26", "2018-03-31": "1.33", "2017-12-31": "1.32", "2017-09-30": "1.30", "2017-06-30": "1.41", "2017-03-31": "1.46", "2016-12-31": "1.52", "2016-09-30": "1.55", "2016-06-30": "1.65", "2016-03-31": "1.68", "2015-12-31": "1.73", "2015-09-30": "1.55", "2015-06-30": "1.82", "2015-03-31": "2.21", "2014-12-31": "1.98", "2014-09-30": "1.85", "2014-06-30": "2.01", "2014-03-31": "2.05", "2013-12-31": "2.10", "2013-09-30": "2.37", "2013-06-30": "4.10", "2013-03-31": "4.06", "2012-12-31": "3.82", "2012-09-30": "3.31", "2012-06-30": "4.36", "2012-03-31": "4.19", "2011-12-31": "4.28", "2011-09-30": "2.55", "2011-06-30": "1.63", "2011-03-31": "1.67", "2010-12-31": "1.83", "2010-09-30": "1.88", "2010-06-30": "1.74", "2010-03-31": "1.86", "2009-12-31": "1.87", "2009-09-30": "2.22", "2009-06-30": "2.05", "2009-03-31": "2.27", "2008-12-31": "2.43", "2008-09-30": "1.41", "2008-06-30": "1.47", "2008-03-31": "1.57", "2007-12-31": "1.93", "2007-09-30": "1.49", "2007-06-30": "1.59", "2007-03-31": "1.66", "2006-12-31": "1.58", "2006-09-30": "1.39", "2006-06-30": "1.49", "2006-03-31": "1.53", "2005-12-31": "1.60", "2005-09-30": "2.04", "2005-06-30": "2.18", "2005-03-31": "2.18"}, "return on equity": {"2020-09-30": "7.54%", "2020-06-30": "15.71%", "2020-03-31": "16.88%", "2019-12-31": "16.48%", "2019-09-30": "16.19%", "2019-06-30": "16.22%", "2019-03-31": "16.97%", "2018-12-31": "19.21%", "2018-09-30": "12.78%", "2018-06-30": "11.59%", "2018-03-31": "10.47%", "2017-12-31": "7.25%", "2017-09-30": "13.53%", "2017-06-30": "14.18%", "2017-03-31": "13.46%", "2016-12-31": "12.99%", "2016-09-30": "13.91%", "2016-06-30": "17.09%", "2016-03-31": "25.59%", "2015-12-31": "27.53%", "2015-09-30": "28.09%", "2015-06-30": "24.30%", "2015-03-31": "15.82%", "2014-12-31": "14.64%", "2014-09-30": "12.84%", "2014-06-30": "42.31%", "2014-03-31": "47.24%", "2013-12-31": "53.43%", "2013-09-30": "64.62%", "2013-06-30": "21.71%", "2013-03-31": "20.20%", "2012-12-31": "17.32%", "2012-09-30": "-60.58%", "2012-06-30": "-25.18%", "2012-03-31": "-9.29%", "2011-12-31": "-3.51%", "2011-09-30": "14.50%", "2011-06-30": "15.22%", "2011-03-31": "17.59%", "2010-12-31": "19.08%", "2010-09-30": "18.03%", "2010-06-30": "16.67%", "2010-03-31": "16.30%", "2009-12-31": "18.27%", "2009-09-30": "19.00%", "2009-06-30": "22.35%", "2009-03-31": "21.52%", "2008-12-31": "19.82%", "2008-09-30": "18.12%", "2008-06-30": "19.56%", "2008-03-31": "21.14%", "2007-12-31": "22.23%", "2007-09-30": "23.63%", "2007-06-30": "21.34%", "2007-03-31": "18.94%", "2006-12-31": "19.55%", "2006-09-30": "12.14%", "2006-06-30": "14.50%", "2006-03-31": "15.32%", "2005-12-31": "14.54%"}, "return on assets": {"2020-09-30": "3.69%", "2020-06-30": "7.71%", "2020-03-31": "8.22%", "2019-12-31": "8.05%", "2019-09-30": "7.78%", "2019-06-30": "7.68%", "2019-03-31": "7.88%", "2018-12-31": "8.70%", "2018-09-30": "5.65%", "2018-06-30": "5.04%", "2018-03-31": "4.48%", "2017-12-31": "3.06%", "2017-09-30": "5.59%", "2017-06-30": "5.71%", "2017-03-31": "5.29%", "2016-12-31": "5.00%", "2016-09-30": "5.25%", "2016-06-30": "6.45%", "2016-03-31": "9.52%", "2015-12-31": "9.81%", "2015-09-30": "9.79%", "2015-06-30": "8.23%", "2015-03-31": "5.27%", "2014-12-31": "4.93%", "2014-09-30": "4.28%", "2014-06-30": "13.53%", "2014-03-31": "13.62%", "2013-12-31": "13.70%", "2013-09-30": "14.65%", "2013-06-30": "4.52%", "2013-03-31": "4.15%", "2012-12-31": "3.53%", "2012-09-30": "-12.08%", "2012-06-30": "-6.10%", "2012-03-31": "-2.77%", "2011-12-31": "-1.16%", "2011-09-30": "5.00%", "2011-06-30": "5.54%", "2011-03-31": "6.33%", "2010-12-31": "6.75%", "2010-09-30": "6.36%", "2010-06-30": "5.72%", "2010-03-31": "5.45%", "2009-12-31": "5.91%", "2009-09-30": "5.88%", "2009-06-30": "7.50%", "2009-03-31": "7.65%", "2008-12-31": "7.44%", "2008-09-30": "7.01%", "2008-06-30": "7.48%", "2008-03-31": "7.97%", "2007-12-31": "8.29%", "2007-09-30": "9.17%", "2007-06-30": "8.36%", "2007-03-31": "7.50%", "2006-12-31": "7.84%", "2006-09-30": "4.86%", "2006-06-30": "5.48%", "2006-03-31": "5.44%", "2005-12-31": "4.87%"}, "return on investments": {"2020-09-30": "inf%", "2020-06-30": "inf%", "2020-03-31": "inf%", "2019-12-31": "inf%", "2019-09-30": "inf%", "2019-06-30": "inf%", "2019-03-31": "inf%", "2018-12-31": "inf%", "2018-09-30": "inf%", "2018-06-30": "inf%", "2018-03-31": "inf%", "2017-12-31": "inf%", "2017-09-30": "inf%", "2017-06-30": "inf%", "2017-03-31": "inf%", "2016-12-31": "inf%", "2016-09-30": "inf%", "2016-06-30": "inf%", "2016-03-31": "inf%", "2015-12-31": "inf%", "2015-09-30": "inf%", "2015-06-30": "inf%", "2015-03-31": "inf%", "2014-12-31": "inf%", "2014-09-30": "inf%", "2014-06-30": "inf%", "2014-03-31": "inf%", "2013-12-31": "inf%", "2013-09-30": "inf%", "2013-06-30": "inf%", "2013-03-31": "inf%", "2012-12-31": "inf%", "2012-09-30": "inf%", "2012-06-30": "-12.24%", "2012-03-31": "-6.36%", "2011-12-31": "-5.27%", "2011-09-30": "6.40%", "2011-06-30": "6.16%", "2011-03-31": "11.21%", "2010-12-31": "16.24%", "2010-09-30": "15.15%", "2010-06-30": "17.94%", "2010-03-31": "17.94%", "2009-12-31": "19.03%", "2009-09-30": "19.78%", "2009-06-30": "25.57%", "2009-03-31": "26.90%", "2008-12-31": "26.69%", "2008-09-30": "25.80%", "2008-06-30": "25.65%", "2008-03-31": "25.17%", "2007-12-31": "25.57%", "2007-09-30": "26.10%", "2007-06-30": "25.33%", "2007-03-31": "24.34%", "2006-12-31": "22.96%", "2006-09-30": "23.27%", "2006-06-30": "23.34%", "2006-03-31": "23.90%", "2005-12-31": "24.05%"}, "return on tangible equity": {"2020-09-30": "15.41%", "2020-06-30": "32.36%", "2020-03-31": "35.54%", "2019-12-31": "35.14%", "2019-09-30": "35.31%", "2019-06-30": "36.21%", "2019-03-31": "39.18%", "2018-12-31": "46.88%", "2018-09-30": "33.18%", "2018-06-30": "31.36%", "2018-03-31": "29.55%", "2017-12-31": "21.26%", "2017-09-30": "39.75%", "2017-06-30": "42.45%", "2017-03-31": "40.48%", "2016-12-31": "38.93%", "2016-09-30": "43.34%", "2016-06-30": "48.85%", "2016-03-31": "68.58%", "2015-12-31": "70.79%", "2015-09-30": "66.92%", "2015-06-30": "59.27%", "2015-03-31": "39.07%", "2014-12-31": "36.06%", "2014-09-30": "32.46%", "2014-06-30": "114.86%", "2014-03-31": "169.64%", "2013-12-31": "318.57%", "2013-09-30": "1980.58%", "2013-06-30": "-750.62%", "2013-03-31": "497.39%", "2012-12-31": "151.06%", "2012-09-30": "-333.46%", "2012-06-30": "225.35%", "2012-03-31": "108.10%", "2011-12-31": "38.36%", "2011-09-30": "111.55%", "2011-06-30": "103.33%", "2011-03-31": "135.20%", "2010-12-31": "179.63%", "2010-09-30": "-116.53%", "2010-06-30": "-98.85%", "2010-03-31": "-80.27%", "2009-12-31": "-75.03%", "2009-09-30": "-57.21%", "2009-06-30": "-85.33%", "2009-03-31": "-110.10%", "2008-12-31": "-153.03%", "2008-09-30": "-234.56%", "2008-06-30": "-482.84%", "2008-03-31": "5075.41%", "2007-12-31": "371.93%", "2007-09-30": "167.15%", "2007-06-30": "143.11%", "2007-03-31": "129.08%", "2006-12-31": "132.42%", "2006-09-30": "82.83%", "2006-06-30": "177.88%", "2006-03-31": "1412.39%", "2005-12-31": "-226.77%"}, "dividend yield history": {"last payout": "$0.68", "last yield": "0.86%"}}